{"host":"56ghxnzsglgdq727","time":1609368295,"event":{"mods":["AchievementEnabler","BaseMod","Minty Spire (QoL Compilation)"],"gold_per_floor":[118,134,152,228,303,303,331,360,385,79,95,95,95,110,110,110,110],"floor_reached":16,"playtime":363,"items_purged":["Strike_R"],"score":105,"play_id":"769171f1-6378-41ca-a5b2-be68c4f030b7","local_time":"20201230174455","is_ascension_mode":true,"campfire_choices":[{"data":"Hemokinesis","floor":6,"key":"SMITH"},{"data":"Infernal Blade","floor":12,"key":"SMITH"},{"floor":15,"key":"REST"}],"circlet_count":0,"master_deck":["Strike_R","Strike_R","Strike_R","Strike_R","Defend_R+1","Defend_R","Defend_R+1","Defend_R","Bash","Hemokinesis+1","Bludgeon","Infernal Blade+1"],"relics":["Burning Blood","NeowsBlessing","Odd Mushroom","MealTicket","PreservedInsect","Strawberry"],"acts_visited":["Exordium"],"potions_floor_usage":[7,14],"damage_taken":[{"damage":0,"enemies":"Cultist","floor":1,"turns":1},{"damage":0,"enemies":"Jaw Worm","floor":2,"turns":1},{"damage":0,"enemies":"2 Louse","floor":3,"turns":1},{"damage":25,"enemies":"The Mushroom Lair","floor":7,"turns":4},{"damage":41,"enemies":"3 Sentries","floor":8,"turns":9},{"damage":16,"enemies":"Large Slime","floor":11,"turns":4},{"damage":4,"enemies":"Blue Slaver","floor":14,"turns":2},{"damage":38,"enemies":"Hexaghost","floor":16,"turns":8}],"seed_played":"-7957854598174832659","potions_obtained":[{"floor":2,"key":"Ancient Potion"},{"floor":8,"key":"BlessingOfTheForge"}],"is_trial":false,"path_per_floor":["M","M","M","?","?","R","?","E","T","$","M","R","?","M","R","B"],"character_chosen":"IRONCLAD","items_purchased":["Strawberry","Infernal Blade"],"campfire_rested":1,"item_purchase_floors":[10,10],"current_hp_per_floor":[80,80,80,80,69,69,50,15,15,37,27,27,10,12,38,0,0],"gold":110,"neow_bonus":"THREE_ENEMY_KILL","is_daily":false,"chose_seed":false,"campfire_upgraded":2,"win_rate":0.0,"timestamp":1609368295,"path_taken":["M","M","?","?","?","R","?","E","T","?","?","R","?","M","R","BOSS"],"items_purchased_type":["Relic","Card"],"build_version":"2020-12-22","purchased_purges":1,"victory":false,"max_hp_per_floor":[80,80,80,80,80,80,80,80,80,87,87,87,87,87,87,87,87],"card_choices":[{"not_picked":["Havoc","Pommel Strike","Ghostly Armor"],"picked":"SKIP","floor":1},{"not_picked":["Armaments","Havoc"],"picked":"Hemokinesis","floor":2},{"not_picked":["True Grit","Shrug It Off","Perfected Strike"],"picked":"SKIP","floor":3},{"not_picked":["True Grit","Shrug It Off","Perfected Strike"],"picked":"SKIP","floor":3},{"not_picked":["True Grit","Corruption"],"picked":"Bludgeon","floor":8},{"not_picked":["Iron Wave","Anger","Reckless Charge"],"picked":"SKIP","floor":11},{"not_picked":["Shockwave","Feel No Pain","Clothesline"],"picked":"SKIP","floor":14}],"player_experience":61491,"relics_obtained":[{"floor":7,"key":"Odd Mushroom"},{"floor":8,"key":"MealTicket"},{"floor":9,"key":"PreservedInsect"}],"event_choices":[{"damage_healed":0,"gold_gain":76,"player_choice":"Gained Gold","damage_taken":0,"max_hp_gain":0,"max_hp_loss":0,"event_name":"Golden Wing","floor":4,"gold_loss":0},{"damage_healed":0,"gold_gain":75,"player_choice":"Gather Gold","damage_taken":11,"max_hp_gain":0,"max_hp_loss":0,"event_name":"World of Goop","floor":5,"gold_loss":0},{"damage_healed":0,"gold_gain":0,"player_choice":"Fought Mushrooms","damage_taken":0,"max_hp_gain":0,"max_hp_loss":0,"event_name":"Mushrooms","floor":7,"gold_loss":0},{"damage_healed":0,"gold_gain":0,"player_choice":"Entered Light","damage_taken":17,"max_hp_gain":0,"max_hp_loss":0,"event_name":"Shining Light","floor":13,"gold_loss":0,"cards_upgraded":["Defend_R","Defend_R"]}],"is_beta":false,"boss_relics":[],"items_purged_floors":[10],"is_endless":false,"potions_floor_spawned":[2,8],"killed_by":"Hexaghost","ascension_level":1}}