{"host":"cyiefo55v5hz1ih5","time":1609363117,"event":{"mods":["2.2 Compatiblity","AchievementEnabler","BaseMod","GifTheSpireLib","Hubris","Minty Spire (QoL Compilation)","Replay The Spire","Spicy Shops","StSLib","The Marked"],"gold_per_floor":[109,126,126,126,143,174,174,38,38,38,0,16,44,58,58,160,160,178,178,178,195,205,235,88,106,106,106,136,158,180,215,215,315,315,338,338,393,411,433,472,14,14,14,14,52,52,74,104,104,104,104,104,38,76,76],"floor_reached":56,"playtime":5824,"items_purged":["theMarked:Strike","theMarked:Strike","theMarked:Strike","theMarked:Strike"],"score":1305,"play_id":"8d9f3d22-4916-4419-9fa0-c44d1c383be8","local_time":"20201230161837","is_ascension_mode":false,"campfire_choices":[{"data":"theMarked:ComboAttacks","floor":10.0,"key":"SMITH"},{"floor":15.0,"key":"REST"},{"data":"theMarked:SoldierOfQuellstein","floor":27.0,"key":"SMITH"},{"data":"theMarked:StartUp","floor":32.0,"key":"SMITH"},{"floor":42.0,"key":"REST"},{"floor":44.0,"key":"RECALL"},{"data":"1","floor":49.0,"key":"LIFT"},{"data":"theMarked:SoldierForm","floor":52.0,"key":"SMITH"},{"data":"Madness","floor":52.0,"key":"SMITH"}],"circlet_count":0,"master_deck":["theMarked:Defend+1","theMarked:Defend","theMarked:Defend","theMarked:Defend","theMarked:SoldierOfQuellstein+1","theMarked:ElementalBlade","Clumsy","theMarked:Electrocute","theMarked:Overthink","theMarked:ReduceFriction","theMarked:ComboAttacks+1","theMarked:BindingBlade","theMarked:WardOff","theMarked:MuscleMemory","theMarked:StartUp+1","theMarked:RepellingDischarge","theMarked:ParalyzingBlade+1","hubris:Greed","theMarked:DeterminationOfTheMarked","theMarked:SuspiciousRaven","theMarked:RepellingDischarge+1","theMarked:SoldierForm+1","theMarked:Static+1","Madness+1","Madness+1","theMarked:RogueSparks","Spreading Infection"],"relics":["theMarked:ArtifactOfAir","NeowsBlessing","ReplayTheSpireMod:Shallot","Du-Vu Doll","hubris:Towel","Orrery","Blue Candle","Painkiller Herb","hubris:Icosahedron","Eternal Feather","ReplayTheSpireMod:CursedCoin","Girya","CaptainsWheel","Question Card","Cursed Key","Replay:Arrowhead","Bronze Scales","War Paint","Happy Flower","Replay:WaspNest","Oddly Smooth Stone","Replay:Rubber Ducky","hubris:BundleOfHerbs","Garlic"],"acts_visited":["Exordium","TheCity","TheBeyond","TheEnding"],"potions_floor_usage":[55,55],"damage_taken":[{"damage":0.0,"enemies":"2 Louse","floor":1.0,"turns":1.0},{"damage":0.0,"enemies":"Jaw Worm","floor":2.0,"turns":1.0},{"damage":0.0,"enemies":"Cultist","floor":5.0,"turns":1.0},{"damage":18.0,"enemies":"3 Sentries","floor":6.0,"turns":10.0},{"damage":0.0,"enemies":"Large Slime","floor":12.0,"turns":5.0},{"damage":10.0,"enemies":"Lagavulin","floor":13.0,"turns":5.0},{"damage":3.0,"enemies":"2 Fungi Beasts","floor":14.0,"turns":3.0},{"damage":18.0,"enemies":"Hexaghost","floor":16.0,"turns":9.0},{"damage":1.0,"enemies":"Spheric Guardian","floor":18.0,"turns":3.0},{"damage":0.0,"enemies":"3 Byrds","floor":21.0,"turns":6.0},{"damage":12.0,"enemies":"Snake Plant","floor":22.0,"turns":3.0},{"damage":3.0,"enemies":"Book of Stabbing","floor":23.0,"turns":5.0},{"damage":11.0,"enemies":"Centurion and Healer","floor":25.0,"turns":5.0},{"damage":21.0,"enemies":"Slavers","floor":28.0,"turns":4.0},{"damage":0.0,"enemies":"3 Cultists","floor":29.0,"turns":4.0},{"damage":1.0,"enemies":"Snake Plant","floor":30.0,"turns":4.0},{"damage":19.0,"enemies":"Gremlin Leader","floor":31.0,"turns":4.0},{"damage":16.0,"enemies":"Champ","floor":33.0,"turns":10.0},{"damage":0.0,"enemies":"Orb Walker","floor":35.0,"turns":3.0},{"damage":0.0,"enemies":"Mind Bloom Boss Battle","floor":37.0,"turns":5.0},{"damage":3.0,"enemies":"3 Shapes","floor":38.0,"turns":4.0},{"damage":5.0,"enemies":"Spire Growth","floor":39.0,"turns":3.0},{"damage":29.0,"enemies":"R_Hoarder","floor":40.0,"turns":5.0},{"damage":0.0,"enemies":"Giant Head","floor":45.0,"turns":6.0},{"damage":16.0,"enemies":"4 Shapes","floor":47.0,"turns":6.0},{"damage":11.0,"enemies":"Reptomancer","floor":48.0,"turns":7.0},{"damage":0.0,"enemies":"hubris:GrandSnecko","floor":50.0,"turns":6.0},{"damage":10.0,"enemies":"Shield and Spear","floor":54.0,"turns":6.0},{"damage":80,"enemies":"The Heart","floor":55,"turns":8}],"seed_played":"-7405430066520863780","potions_obtained":[{"floor":2.0,"key":"Ancient Potion"},{"floor":12.0,"key":"Languid Potion"},{"floor":13.0,"key":"AttackPotion"},{"floor":21.0,"key":"Reflective Coating"},{"floor":22.0,"key":"LifebloodPotion"},{"floor":25.0,"key":"SkillPotion"},{"floor":29.0,"key":"Strength Potion"},{"floor":33.0,"key":"Languid Potion"},{"floor":35.0,"key":"Milkshake"},{"floor":38.0,"key":"ColorlessPotion"},{"floor":45.0,"key":"Strength Potion"},{"floor":54.0,"key":"Adrenaline Potion"}],"is_trial":false,"path_per_floor":["M","M","?","?","M","E","?","$","T","R","?","M","E","M","R","B",null,"?","?","?","?","?","E","T","?","T","T","E","?","?","E","T","B",null,"?","?","?","?","?","E","T","T","T","T","E","T","?","E","T","B",null,"T","T","E","B",null],"character_chosen":"THE_DEFAULT","items_purchased":["Orrery","ReplayTheSpireMod:CursedCoin","theMarked:DeterminationOfTheMarked","theMarked:RogueSparks","War Paint","Happy Flower","hubris:BundleOfHerbs"],"campfire_rested":2,"item_purchase_floors":[8,24,24,41,41,41,53],"current_hp_per_floor":[70,70,67,67,67,49,49,49,49,49,49,49,39,36,57,39,70,69,69,69,69,57,54,54,43,43,55,34,34,69,50,62,46,70,70,61,61,58,53,24,24,60,60,70,70,70,54,59,70,70,70,70,70,60,1],"gold":76,"neow_bonus":"THREE_ENEMY_KILL","is_daily":false,"chose_seed":false,"campfire_upgraded":5,"win_rate":0.0,"timestamp":1609363117,"path_taken":["M","M","?","?","?","E","?","$","T","R","?","M","E","M","R","BOSS","?","?","?","?","?","E","T","?","T","T","E","?","?","E","T","BOSS","?","?","?","?","?","E","T","T","T","T","E","T","?","E","T","BOSS","T","T","E","BOSS"],"items_purchased_type":["Relic","Relic","Card","Card","Relic","Relic","Relic"],"build_version":"2020-12-22","purchased_purges":4,"victory":true,"max_hp_per_floor":[70,70,70,70,70,70,70,70,70,70,70,70,70,70,70,70,70,70,70,70,70,70,70,70,70,70,70,70,70,70,70,70,70,70,70,70,70,70,70,70,70,70,70,70,70,70,70,70,70,70,70,70,70,70,70],"card_choices":[{"not_picked":["theMarked:RepellingDischarge","theMarked:Static","theMarked:ResourceFulStrike"],"picked":"SKIP","floor":1.0},{"not_picked":["theMarked:ElectricStrings","theMarked:Electrify","theMarked:MysticalArsenal"],"picked":"SKIP","floor":2.0},{"not_picked":["theMarked:ElectricStrings","theMarked:Improvise","theMarked:PowerFlow"],"picked":"SKIP","floor":5.0},{"not_picked":["theMarked:Panic","theMarked:Parry","theMarked:BindingBlade"],"picked":"SKIP","floor":6.0},{"not_picked":["theMarked:EmpowerWeapon","theMarked:Overcharge"],"picked":"theMarked:Electrocute","floor":8.0},{"not_picked":["theMarked:ComboAttacks","theMarked:LightningStrikesTwice"],"picked":"theMarked:Overthink","floor":8.0},{"not_picked":["theMarked:Static","theMarked:PowerFlow"],"picked":"theMarked:ReduceFriction","floor":8.0},{"not_picked":["theMarked:Improvise","theMarked:Seal"],"picked":"theMarked:ComboAttacks","floor":8.0},{"not_picked":["theMarked:BanishingStrike","theMarked:ContemptForTheProud"],"picked":"theMarked:BindingBlade","floor":8.0},{"not_picked":["theMarked:ReduceFriction","theMarked:Frustration"],"picked":"theMarked:WardOff","floor":12.0},{"not_picked":["theMarked:SwordAndMagic","theMarked:Static","theMarked:MuscleMemory"],"picked":"SKIP","floor":13.0},{"not_picked":["theMarked:Parry","theMarked:Improvise","theMarked:ChainLightning"],"picked":"SKIP","floor":14.0},{"not_picked":["theMarked:ThrowWeapon","theMarked:ChannelForce"],"picked":"theMarked:MuscleMemory","floor":16.0},{"not_picked":["theMarked:Parkour","theMarked:Polarize","theMarked:EmpowerWeapon"],"picked":"SKIP","floor":18.0},{"not_picked":["theMarked:LightningStrikesTwice","theMarked:Static"],"picked":"theMarked:StartUp","floor":21.0},{"not_picked":["theMarked:ContemptForTheProud","theMarked:HeightenedSenses"],"picked":"theMarked:RepellingDischarge","floor":22.0},{"not_picked":["theMarked:EnhancedHearing","theMarked:WardOff"],"picked":"theMarked:ParalyzingBlade+1","floor":23.0},{"not_picked":["theMarked:SoldierForm","theMarked:ElementalBlade","theMarked:Improvise"],"picked":"SKIP","floor":25.0},{"not_picked":["theMarked:Generate","theMarked:Improvise","theMarked:EmpowerWeapon+1"],"picked":"SKIP","floor":28.0},{"not_picked":["theMarked:Electrocute","theMarked:Aftermath+1"],"picked":"theMarked:SuspiciousRaven","floor":29.0},{"not_picked":["theMarked:KeepCalmAndFightOn","theMarked:ChainLightning","theMarked:MysticalArsenal"],"picked":"SKIP","floor":30.0},{"not_picked":["theMarked:Vacuum","theMarked:ElectricStrings"],"picked":"theMarked:RepellingDischarge+1","floor":31.0},{"not_picked":["theMarked:UnarmedFury","theMarked:Snap","theMarked:Levitate"],"picked":"theMarked:SoldierForm","floor":33.0},{"not_picked":["theMarked:ContemptForTheProud","theMarked:ElementalBlade+1","theMarked:EmpowerWeapon"],"picked":"theMarked:Static+1","floor":35.0},{"not_picked":["theMarked:TurnInvisible","theMarked:WardOff+1","theMarked:ResourceFulStrike+1","theMarked:Static+1"],"picked":"SKIP","floor":38.0},{"not_picked":["theMarked:Overthink","theMarked:TwofoldDefense","theMarked:WastefulAttack","theMarked:Parkour+1"],"picked":"SKIP","floor":39.0},{"not_picked":["theMarked:ShockingTouch+1","theMarked:Indomitable","theMarked:UnarmedFury","theMarked:Parkour+1"],"picked":"SKIP","floor":40.0},{"not_picked":["theMarked:ContemptForTheProud","theMarked:BanishingWave+1","theMarked:WastefulDefense","theMarked:PowerFlow+1"],"picked":"SKIP","floor":45.0},{"not_picked":["theMarked:ElectricStrings","theMarked:Aftermath+1","theMarked:TakeCover","theMarked:Electrocute"],"picked":"SKIP","floor":47.0},{"not_picked":["theMarked:BanishingStrike+1","theMarked:ShockingTouch","theMarked:SwordAndMagic+1","theMarked:ResourceFulStrike+1"],"picked":"SKIP","floor":48.0},{"not_picked":["theMarked:ResourceFulStrike+1","theMarked:BanishingWave","theMarked:Panic","theMarked:TakeCover+1"],"picked":"SKIP","floor":54.0}],"player_experience":592049,"relics_obtained":[{"floor":6.0,"key":"Du-Vu Doll"},{"floor":13.0,"key":"Blue Candle"},{"floor":23.0,"key":"Eternal Feather"},{"floor":26.0,"key":"Girya"},{"floor":28.0,"key":"CaptainsWheel"},{"floor":31.0,"key":"Question Card"},{"floor":37.0,"key":"Replay:Arrowhead"},{"floor":40.0,"key":"Bronze Scales"},{"floor":43.0,"key":"Replay:WaspNest"},{"floor":45.0,"key":"Oddly Smooth Stone"},{"floor":48.0,"key":"Replay:Rubber Ducky"},{"floor":54.0,"key":"Garlic"}],"event_choices":[{"damage_healed":0.0,"max_hp_gain":0.0,"max_hp_loss":0.0,"gold_gain":0.0,"event_name":"Scrap Ooze","player_choice":"Success","floor":3.0,"gold_loss":0.0,"damage_taken":3.0,"relics_obtained":["ReplayTheSpireMod:Shallot"]},{"damage_healed":0.0,"max_hp_gain":0.0,"max_hp_loss":0.0,"gold_gain":0.0,"cards_transformed":["theMarked:Strike"],"event_name":"Transmorgrifier","player_choice":"Transformed","floor":4.0,"gold_loss":0.0,"damage_taken":0.0,"cards_obtained":["theMarked:ElementalBlade"]},{"damage_healed":0.0,"max_hp_gain":0.0,"max_hp_loss":0.0,"gold_gain":0.0,"event_name":"World of Goop","player_choice":"Left Gold","floor":11.0,"gold_loss":38.0,"damage_taken":0.0},{"damage_healed":0.0,"max_hp_gain":0.0,"max_hp_loss":0.0,"gold_gain":0.0,"event_name":"Winding Halls","player_choice":"Embrace Madness","floor":36.0,"gold_loss":0.0,"damage_taken":9.0,"cards_obtained":["Madness","Madness"]},{"damage_healed":0.0,"max_hp_gain":0.0,"max_hp_loss":0.0,"gold_gain":0.0,"event_name":"MindBloom","player_choice":"Fight","floor":37.0,"gold_loss":0.0,"damage_taken":0.0}],"is_beta":false,"boss_relics":[{"not_picked":["Philosopher\u0027s Stone","Ectoplasm"],"picked":"Painkiller Herb"},{"not_picked":["Pandora\u0027s Box","Ring of Chaos"],"picked":"Cursed Key"}],"items_purged_floors":[8,24,24,41],"is_endless":false,"potions_floor_spawned":[2,12,13,21,22,25,29,33,35,38,45,54],"ascension_level":0}}