{"host":"m1168lp3vv5pgdep","time":1609329101,"event":{"mods":["Act Like it!","Aspiration","BaseMod","Better Altar","Better Match","Better Sensory Stone","Better Skull","Better Third Choice","Block Reminder","CCEM","Curses Come First","Elementarium","Gensokyo","GungeonMod","Hallownest","Hermit","Hubris","Menagerie","Minty Spire (QoL Compilation)","Pale of the Ancients","Permanent Neow","Quick Restart","Small Relic Pack","Spicy Shops","StSLib","The Bug Knight","The Forsaken","Wandering Minibosses","WarShipGirlsR/????R mod"],"gold_per_floor":[112,132,132,146,164,199,253,287,287,287,302,302,317,333,333,429,429,442,442,80,80,46,46,46],"floor_reached":23,"playtime":2098,"items_purged":["rmod:timeschanged"],"score":203,"play_id":"5970d1cd-c82e-49c6-a74d-725ff5365270","local_time":"20201230115141","is_ascension_mode":false,"campfire_choices":[{"floor":10,"key":"REST"},{"floor":12,"key":"REST"},{"data":"rmod:aviationdawn","floor":15,"key":"SMITH"}],"circlet_count":0,"master_deck":["rmod:defend","rmod:defend","rmod:defend","rmod:defend","rmod:basicallowance","rmod:maingunfire","rmod:supportescort","rmod:fletcherpendant","rmod:windflower","rmod:aviationdawn+1","theForsaken:PlagueCurse","rmod:fletcherpendant","relicPack:TruthCard","rmod:expeditionaryescort","DemoMod:FightSabre","hubris:DoWhile"],"relics":["rmod:firstchargereward","aspiration:Nostalgia","Ring of the Snake","DemoMod:ResourcefulSack","DemoMod:ClearGuonStone","Letter Opener","Sozu","theForsaken:PlagueMask","CCEMRelics:GrapeVine","relicPack:EdsArm"],"acts_visited":["Menagerie:Menagerie","TheCity"],"potions_floor_usage":[6,16,16,22],"damage_taken":[{"damage":0,"enemies":"Menagerie:WhisperingWraith","floor":1,"turns":6},{"damage":4,"enemies":"Menagerie:2_RABBITS","floor":2,"turns":4},{"damage":15,"enemies":"Menagerie:MonstrousExperiment","floor":4,"turns":3},{"damage":1,"enemies":"Menagerie:STYGIAN_BOAR_AND_RABBIT","floor":5,"turns":4},{"damage":26,"enemies":"Menagerie:MaskedSummoner","floor":6,"turns":10},{"damage":31,"enemies":"Menagerie:Hydra","floor":8,"turns":7},{"damage":0,"enemies":"Menagerie:3_RABBITS","floor":11,"turns":4},{"damage":2,"enemies":"Menagerie:MENAGERIE_WILDLIFE","floor":13,"turns":3},{"damage":0,"enemies":"Menagerie:KEEPER_AND_YOUNG_SUNEATER","floor":14,"turns":5},{"damage":29,"enemies":"Menagerie:Suneater","floor":16,"turns":6},{"damage":2,"enemies":"Chosen","floor":18,"turns":4},{"damage":25,"enemies":"2 Thieves","floor":22,"turns":5},{"damage":51,"enemies":"Book of Stabbing","floor":23,"turns":4}],"seed_played":"-5754996401065273882","potions_obtained":[{"floor":2,"key":"Ancient Potion"},{"floor":4,"key":"Strength Potion"},{"floor":11,"key":"AttackPotion"},{"floor":16,"key":"GamblersBrew"}],"is_trial":false,"path_per_floor":["M","M","?","M","M","E","T","E","T","R","M","R","M","M","R","B",null,"M","?","$","?","M","E"],"character_chosen":"PRAEFECT","items_purchased":["CCEMRelics:GrapeVine","rmod:fletcherpendant"],"campfire_rested":2,"item_purchase_floors":[20,20],"current_hp_per_floor":[75,71,74,59,58,32,32,1,1,24,24,47,45,45,45,16,78,76,76,76,73,48,0,0],"gold":46,"neow_bonus":"NOSTALGIA","is_daily":false,"chose_seed":false,"campfire_upgraded":1,"win_rate":0.0,"timestamp":1609329101,"path_taken":["M","M","?","M","M","E","?","E","T","R","M","R","?","M","R","BOSS","M","?","$","?","M","E"],"items_purchased_type":["Relic","Card"],"build_version":"2020-12-22","purchased_purges":1,"victory":false,"max_hp_per_floor":[75,75,78,78,78,78,78,78,78,78,78,78,78,78,78,78,78,78,78,78,73,73,73,73],"card_choices":[{"not_picked":["rmod:unsinkable","rmod:rockthrower"],"picked":"rmod:supportescort","floor":1},{"not_picked":["rmod:selfconfidence","rmod:expeditionaryescort"],"picked":"rmod:intelligenceanalysis","floor":2},{"not_picked":["rmod:diamondstrike","rmod:victimresponsibility"],"picked":"rmod:fletcherpendant","floor":4},{"not_picked":["rmod:heivgo","rmod:supportescort","rmod:expedition"],"picked":"SKIP","floor":5},{"not_picked":["rmod:abidefaith","rmod:maintain","rmod:bulid"],"picked":"SKIP","floor":6},{"not_picked":["rmod:rockthrower","rmod:intelligenceanalysis","rmod:steelsupply"],"picked":"SKIP","floor":8},{"not_picked":["rmod:unsinkable","rmod:ammunitionsupply"],"picked":"rmod:intelligenceanalysis","floor":11},{"not_picked":["rmod:steelsupply","rmod:diaomin"],"picked":"rmod:aviationdawn","floor":13},{"not_picked":["rmod:diamondstrike","rmod:ridicule","rmod:aluminumsupply"],"picked":"SKIP","floor":14},{"not_picked":["rmod:abidefaith","rmod:desperatesituation"],"picked":"rmod:windflower","floor":16},{"not_picked":["rmod:steelsupply","rmod:unsinkable"],"picked":"rmod:aviationdawn+1","floor":18},{"not_picked":["rmod:wife","rmod:timeschanged","rmod:fuelsupply"],"picked":"SKIP","floor":22}],"player_experience":239586,"relics_obtained":[{"floor":6,"key":"DemoMod:ResourcefulSack"},{"floor":7,"key":"DemoMod:ClearGuonStone"},{"floor":8,"key":"Letter Opener"}],"event_choices":[{"damage_healed":0,"gold_gain":0,"cards_transformed":["rmod:strick"],"player_choice":"Vigor","damage_taken":0,"max_hp_gain":3,"max_hp_loss":0,"event_name":"Menagerie:CloudVision","floor":3,"gold_loss":0,"cards_obtained":["rmod:timeschanged"]},{"damage_healed":0,"gold_gain":0,"player_choice":"Obtain Plague Curse","damage_taken":0,"max_hp_gain":0,"max_hp_loss":0,"event_name":"Plague Doctor","floor":19,"gold_loss":0,"cards_obtained":["theForsaken:PlagueCurse"]}],"is_beta":false,"boss_relics":[{"not_picked":["Pandora\u0027s Box","aspiration:DefectSkillbook"],"picked":"Sozu"}],"items_purged_floors":[20],"is_endless":false,"potions_floor_spawned":[2,4,11,16,22],"killed_by":"Book of Stabbing","ascension_level":0}}