{"host":"fbnuysr7liutbh5n","time":1609309421,"event":{"mods":["2.2 Compatiblity","Arknights The Spire","Astrologer","Bard","BaseMod","Beaked The Cultist","Better Match","Block Reminder","Booster Modes","CCEM","CapriCore","ChefMod","Colored Map","Conspire","Custom Start","Dio Mod","Dota2Spire","Downfall","Fireblade Mod","GifTheSpireLib","GungeonMod","Hermit","Hero for Fun","Highlight Path","Hyrulean Relics","Infinite Spire","Key Reminder","KomeijiMod","Kratos Character Expansion","Luminous","Magitek Elite","Mathematician","Melee Mod","Mimic Mod","Minty Spire (QoL Compilation)","Potion Indicator Mod","QueenMod","Random Character Button","RatMod","Relic Stats","Replay The Spire","Robot Space Explorer","Small Relic Pack","StSLib","Swap Starting Deck Mod","The Administrix","The Animator","The Blackbeard","The Bladedancer","The Blue Laboratory","The Bug Knight","The Disciple","The Dragon Tamer","The Elementalist","The Exalted","The Florist","The Forsaken","The Hayseed","The Hierophant","The Judge","The Kombatant","The Mystic","The Necromancer","The Poker Player","The Problem Sleuth","The Runesmith","The Saiyan","The Trickster","The Wild Card","TheBandit","TheHero","TheLocksmith","Trackpad","thorton","vexMod","??????REMEMod"],"gold_per_floor":[119,119,119,129,0,0,17,17,44,63,73,73,92,107,107,202,202,217,217,217,29,29,29,44,44,44,57,237,237,25,38,38,136,186,208,208,241,275,275,275,309,309,309],"floor_reached":42,"playtime":6805,"items_purged":[],"score":442,"play_id":"b282d1c7-9701-4fb5-993f-86a919f57d26","local_time":"20201230002341","is_ascension_mode":false,"campfire_choices":[{"data":"dioMod:SlashThroughTime","floor":6,"key":"SMITH"},{"floor":8,"key":"RECALL"},{"floor":15,"key":"DIG"},{"floor":23,"key":"REST"},{"floor":29,"key":"REST"},{"floor":40,"key":"REST"}],"circlet_count":0,"master_deck":["dioMod:Strike","Bite","dioMod:Defend","Luminous:Freud_Wisdom1_Luminous","dioMod:HeavyLifting","relicPack:TruthCard","DTMod:ShadowImage+1","hexamod:VolcanoVisage","dioMod:TripleThreat","dioMod:SlashThroughTime+1","dioMod:SlashThroughTime","dioMod:DisarmingVoice","dioMod:Regeneration+1","dioMod:DoubleTime","dioMod:MudaMudaMuda","dioMod:Roundabout","dioMod:BloodSplash","dioMod:PathToHeaven","dioMod:Hiss+1","dioMod:BloodTransfusion","dioMod:DaggerSpree","dioMod:Diversion","Delirium","dioMod:FlyAway+1","ReplayTheSpireMod:Chaos Vortex","dioMod:StreetSign+1","dioMod:CutDeep","dioMod:DaggerSpree+1","dioMod:SecretPlan","dioMod:DisarmingVoice","dioMod:TheWalk","dioMod:GoodbyeJojo","dioMod:Minions+1","dioMod:DarkRebirth+1","dioMod:SadisticLaugh","dioMod:GoodbyeJojo+1"],"relics":["dioMod:VampireBlood","REME_ComplimentaryCards","relicPack:OneForAll","relicPack:EdsArm","keyreminder:keyreminder","DemoMod:WhiteGuonStone","Bromod:ArcaneGrace","relicPack:DSword","Ring of Panic","ReplayTheSpireMod:Ring of Addiction","SacredBark","Potion Belt","HollowMod:PaleOreRelic","infinitespire:EvilPickle","Tiny House","Dota2Spire:OrchidMalevolence"],"acts_visited":["Exordium","TheCity","TheBeyond"],"potions_floor_usage":[14,16,16,27,27,31,33,35,37,38,39,39,42],"damage_taken":[{"damage":1,"enemies":"Cultist","floor":1,"turns":3},{"damage":8,"enemies":"conspire:RoseBush","floor":4,"turns":5},{"damage":10,"enemies":"2 Louse","floor":7,"turns":4},{"damage":5,"enemies":"Exordium Wildlife","floor":10,"turns":4},{"damage":11,"enemies":"conspire:2 RoseBushes","floor":11,"turns":6},{"damage":15,"enemies":"Blue Slaver","floor":13,"turns":5},{"damage":15,"enemies":"3 Louse","floor":14,"turns":4},{"damage":41,"enemies":"The Guardian","floor":16,"turns":13},{"damage":57,"enemies":"Chosen","floor":18,"turns":10},{"damage":25,"enemies":"Spheric Guardian","floor":24,"turns":4},{"damage":4,"enemies":"Centurion and Healer","floor":27,"turns":5},{"damage":75,"enemies":"3 Cultists","floor":31,"turns":8},{"damage":39,"enemies":"Pondfish","floor":33,"turns":14},{"damage":7,"enemies":"3 Shapes","floor":35,"turns":5},{"damage":49,"enemies":"3 Darklings","floor":37,"turns":5},{"damage":26,"enemies":"Transient","floor":38,"turns":3},{"damage":17,"enemies":"3 Darklings","floor":39,"turns":2},{"damage":25,"enemies":"4 Shapes","floor":41,"turns":3},{"damage":140,"enemies":"Nightmare","floor":42,"turns":12}],"seed_played":"-5031513807069667164","potions_obtained":[{"floor":1,"key":"Explosive Potion"},{"floor":10,"key":"CalmPotion"},{"floor":11,"key":"Dota2Spire:Clarity"},{"floor":14,"key":"blueLaboratory:PolymorphPotion"},{"floor":22,"key":"SmokeBomb"},{"floor":22,"key":"Elixir"},{"floor":22,"key":"Reflective Coating"},{"floor":31,"key":"Block Potion"},{"floor":33,"key":"Swift Potion"},{"floor":34,"key":"blueLaboratory:ImpenetrablePotion"},{"floor":35,"key":"blueLaboratory:FruitPunch"},{"floor":37,"key":"blueLaboratory:RecallPotion"}],"is_trial":false,"path_per_floor":["M","?","?","M","$","R","M","R","T","M","M","?","M","M","R_BF","B",null,"M","?","?","$","?","R","M","?","T","M","?","R","$","M","R_BF","B",null,"M","T","M","M","M","R","M","NM"],"character_chosen":"THE_DEFAULT","items_purchased":["dioMod:SlashThroughTime","dioMod:DisarmingVoice","dioMod:BloodTransfusion","dioMod:DaggerSpree","dioMod:Diversion","Explosive Potion","dioMod:CutDeep","dioMod:DaggerSpree","dioMod:SecretPlan"],"campfire_rested":3,"item_purchase_floors":[5,5,21,21,21,30,30,30,30],"current_hp_per_floor":[82,82,77,77,77,77,77,77,77,77,77,62,57,53,53,27,77,65,30,30,30,30,53,49,30,30,45,26,48,48,38,59,73,78,78,78,71,49,33,57,49,0,0],"gold":309,"neow_bonus":"TEN_PERCENT_HP_BONUS","is_daily":false,"chose_seed":false,"campfire_upgraded":1,"win_rate":0.0,"timestamp":1609309421,"path_taken":["M","?","?","M","$","R","M","R","T","M","M","?","M","M","R_BF","BOSS","M","?","?","?","?","R","M","?","T","M","?","R","$","M","R_BF","BOSS","M","?","?","M","M","R","M","NM"],"items_purchased_type":["Card","Card","Card","Card","Card","Potion","Card","Card","Card"],"build_version":"2020-12-22","purchased_purges":0,"victory":false,"max_hp_per_floor":[82,82,77,77,77,77,77,77,77,77,77,77,77,77,77,77,77,77,77,77,77,77,77,77,77,75,75,75,75,75,73,73,73,78,78,78,82,82,82,82,82,82,82],"relic_stats":{"counters":[19,115],"obtain_stats":[{"Potion Belt":22,"Bromod:ArcaneGrace":17,"relicPack:DSword":19,"Tiny House":34,"ReplayTheSpireMod:Ring of Addiction":22,"SacredBark":22,"Dota2Spire:OrchidMalevolence":36,"DemoMod:GlassGuonStoneRelic":1,"DemoMod:WhiteGuonStone":15,"relicPack:OneForAll":2,"relicPack:EdsArm":3,"keyreminder:keyreminder":8,"infinitespire:EvilPickle":34,"dioMod:VampireBlood":0,"HollowMod:PaleOreRelic":26,"Ring of Panic":22,"REME_ComplimentaryCards":0},{"Potion Belt":9,"Bromod:ArcaneGrace":8,"relicPack:DSword":9,"Tiny House":13,"ReplayTheSpireMod:Ring of Addiction":9,"SacredBark":9,"Dota2Spire:OrchidMalevolence":14,"DemoMod:GlassGuonStoneRelic":1,"DemoMod:WhiteGuonStone":7,"relicPack:OneForAll":1,"relicPack:EdsArm":1,"keyreminder:keyreminder":3,"infinitespire:EvilPickle":13,"dioMod:VampireBlood":0,"HollowMod:PaleOreRelic":10,"Ring of Panic":9,"REME_ComplimentaryCards":0},{"Potion Belt":54,"Bromod:ArcaneGrace":44,"relicPack:DSword":54,"Tiny House":85,"ReplayTheSpireMod:Ring of Addiction":54,"SacredBark":54,"Dota2Spire:OrchidMalevolence":90,"DemoMod:GlassGuonStoneRelic":3,"DemoMod:WhiteGuonStone":31,"relicPack:OneForAll":3,"relicPack:EdsArm":3,"keyreminder:keyreminder":12,"infinitespire:EvilPickle":85,"dioMod:VampireBlood":0,"HollowMod:PaleOreRelic":58,"Ring of Panic":54,"REME_ComplimentaryCards":0}]},"card_choices":[{"not_picked":["dioMod:ComboFever","dioMod:SecretPlan"],"picked":"dioMod:HeavyLifting","floor":1},{"not_picked":["dioMod:ComposedMuda","dioMod:WRYYY"],"picked":"dioMod:TripleThreat","floor":4},{"not_picked":["dioMod:TripleThreat","dioMod:Minions"],"picked":"dioMod:Regeneration","floor":7},{"not_picked":["dioMod:BloodShield","dioMod:Freeze"],"picked":"dioMod:DoubleTime","floor":10},{"not_picked":["dioMod:DaggerToss","dioMod:ComposedMuda"],"picked":"dioMod:MudaMudaMuda","floor":11},{"not_picked":["dioMod:Minions","dioMod:DaggerToss"],"picked":"dioMod:Roundabout","floor":13},{"not_picked":["dioMod:MudaMudaMuda","dioMod:WRYYY"],"picked":"dioMod:BloodSplash","floor":14},{"not_picked":["dioMod:TheWalk","dioMod:Despair"],"picked":"dioMod:PathToHeaven","floor":16},{"not_picked":["dioMod:BlendIn+1","dioMod:SlashThroughTime"],"picked":"dioMod:Hiss+1","floor":18},{"not_picked":["dioMod:SlashThroughTime","dioMod:Muda"],"picked":"dioMod:FlyAway+1","floor":24},{"not_picked":["infinitespire:UltimateForm","ReplayTheSpireMod:Haul"],"picked":"ReplayTheSpireMod:Chaos Vortex","floor":25},{"not_picked":["dioMod:DisarmingVoice","dioMod:Muda"],"picked":"dioMod:StreetSign+1","floor":27},{"not_picked":["dioMod:TripleThreat","dioMod:CutDeep"],"picked":"dioMod:DisarmingVoice","floor":31},{"not_picked":["dioMod:PathToHeaven","dioMod:Regeneration"],"picked":"dioMod:TheWalk","floor":33},{"not_picked":["dioMod:DaggerToss","dioMod:SecretPlan"],"picked":"dioMod:GoodbyeJojo","floor":34},{"not_picked":["dioMod:BloodShield+1","dioMod:DaggerSpree+1"],"picked":"dioMod:Minions+1","floor":35},{"not_picked":["dioMod:Donut","dioMod:BlendIn+1"],"picked":"dioMod:DarkRebirth+1","floor":37},{"not_picked":["dioMod:TripleThreat","dioMod:DarkRebirth+1"],"picked":"dioMod:SadisticLaugh","floor":38},{"not_picked":["dioMod:Despair","dioMod:DaggerToss"],"picked":"dioMod:GoodbyeJojo+1","floor":41}],"player_experience":2854,"relics_obtained":[{"floor":15,"key":"DemoMod:WhiteGuonStone"},{"floor":22,"key":"Ring of Panic"},{"floor":22,"key":"ReplayTheSpireMod:Ring of Addiction"},{"floor":22,"key":"SacredBark"},{"floor":22,"key":"Potion Belt"},{"floor":26,"key":"HollowMod:PaleOreRelic"},{"floor":36,"key":"Dota2Spire:OrchidMalevolence"}],"event_choices":[{"damage_healed":0,"gold_gain":0,"player_choice":"Entered Light","damage_taken":15,"max_hp_gain":0,"max_hp_loss":0,"event_name":"Shining Light","floor":12,"gold_loss":0,"cards_upgraded":["dioMod:Regeneration","blackbeard:Murder"]},{"damage_healed":0,"gold_gain":180,"player_choice":"GOLD GOLD ","damage_taken":19,"max_hp_gain":0,"max_hp_loss":0,"event_name":"Knowing Skull","floor":28,"potions_obtained":[],"gold_loss":0,"cards_obtained":[]}],"is_beta":false,"boss_relics":[{"not_picked":["ChewingGum","vexMod:RockOfEvil"],"picked":"Bromod:ArcaneGrace"},{"not_picked":["SlaversCollar","Empty Cage"],"picked":"Tiny House"}],"items_purged_floors":[],"is_endless":false,"potions_floor_spawned":[1,10,11,14,31,33,35,37,39],"killed_by":"Nightmare","ascension_level":0}}