{"host":"a7n5dzefz0hsmd08","time":1609289774,"event":{"mods":["2.2 Compatiblity","AchievementEnabler","BaseMod","Colored Powertips","Minty Spire (QoL Compilation)","StSLib"],"gold_per_floor":[114,174,174,186,186,186,196,52,52,87,17,17,31,58,58,159,159,175,175,99,112,126,157,157,157,157],"floor_reached":25,"playtime":948,"items_purged":[],"score":219,"play_id":"eb762b01-318f-45a8-986b-1b8a05eeca7d","local_time":"20201230015614","is_ascension_mode":false,"campfire_choices":[{"data":"Capacitor","floor":6,"key":"SMITH"},{"data":"Static Discharge","floor":12,"key":"SMITH"},{"data":"Coolheaded","floor":15,"key":"SMITH"},{"data":"Defragment","floor":24,"key":"SMITH"}],"circlet_count":0,"master_deck":["Strike_B","Strike_B","Strike_B","Strike_B","Defend_B","Defend_B","Defend_B","Defend_B","Zap","Dualcast","Capacitor+1","Sunder+1","Melter","Coolheaded+1","Doom and Gloom","Streamline","Leap","Sweeping Beam","Static Discharge+1","Compile Driver","Seek","Beam Cell","Defragment+1","Echo Form","Consume","FTL"],"relics":["Cracked Core","NlothsMask","Pantograph","Omamori","Nuclear Battery","Regal Pillow","Juzu Bracelet"],"acts_visited":["Exordium","TheCity"],"potions_floor_usage":[16,16,23],"damage_taken":[{"damage":1,"enemies":"Cultist","floor":1,"turns":3},{"damage":0,"enemies":"Small Slimes","floor":4,"turns":2},{"damage":1,"enemies":"Jaw Worm","floor":7,"turns":2},{"damage":21,"enemies":"Gremlin Nob","floor":10,"turns":4},{"damage":8,"enemies":"Red Slaver","floor":13,"turns":3},{"damage":55,"enemies":"Hexaghost","floor":16,"turns":8},{"damage":7,"enemies":"3 Byrds","floor":18,"turns":3},{"damage":11,"enemies":"Chosen","floor":21,"turns":4},{"damage":25,"enemies":"Snecko","floor":22,"turns":4},{"damage":7,"enemies":"Gremlin Leader","floor":23,"turns":5},{"damage":26,"enemies":"3 Cultists","floor":25,"turns":3}],"seed_played":"3175330668746863698","potions_obtained":[{"floor":1,"key":"LiquidMemories"},{"floor":7,"key":"Explosive Potion"},{"floor":13,"key":"ColorlessPotion"},{"floor":16,"key":"FearPotion"},{"floor":22,"key":"Strength Potion"},{"floor":23,"key":"SpeedPotion"}],"is_trial":false,"path_per_floor":["M","?","?","M","?","R","M","$","T","E","$","R","M","T","R","B",null,"M","T","$","M","M","E","R","M"],"character_chosen":"DEFECT","items_purchased":["Doom and Gloom","Streamline","Leap","Static Discharge","Defragment"],"campfire_rested":0,"item_purchase_floors":[8,8,8,11,20],"current_hp_per_floor":[74,74,74,74,74,74,73,73,73,52,52,52,44,44,44,14,75,68,68,68,57,32,25,25,0,0],"gold":157,"neow_bonus":"THREE_CARDS","is_daily":false,"chose_seed":false,"campfire_upgraded":4,"win_rate":0.0,"timestamp":1609289774,"path_taken":["M","?","?","?","?","R","?","$","T","E","?","R","M","?","R","BOSS","M","?","$","M","M","E","R","M"],"items_purchased_type":["Card","Card","Card","Card","Card"],"build_version":"2020-12-22","purchased_purges":0,"victory":false,"max_hp_per_floor":[75,75,75,75,75,75,75,75,75,75,75,75,75,75,75,75,75,75,75,75,75,75,75,75,75,75],"card_choices":[{"not_picked":["Doom and Gloom","Go for the Eyes"],"picked":"Capacitor","floor":0},{"not_picked":["Leap","Ball Lightning"],"picked":"Sunder","floor":1},{"not_picked":["Go for the Eyes","Glacier"],"picked":"Melter","floor":4},{"not_picked":["Turbo","Hologram"],"picked":"Coolheaded","floor":7},{"not_picked":["Hologram","Cold Snap"],"picked":"Sweeping Beam","floor":10},{"not_picked":["Cold Snap","Recycle"],"picked":"Compile Driver","floor":13},{"not_picked":["Biased Cognition","All For One"],"picked":"Seek","floor":16},{"not_picked":["Sweeping Beam","Cold Snap+1"],"picked":"Beam Cell","floor":18},{"not_picked":["Storm","Cold Snap"],"picked":"Echo Form","floor":21},{"not_picked":["Beam Cell","Auto Shields"],"picked":"Consume","floor":22},{"not_picked":["Capacitor","BootSequence"],"picked":"FTL","floor":23}],"player_experience":155390,"relics_obtained":[{"floor":10,"key":"Pantograph"},{"floor":14,"key":"Omamori"},{"floor":19,"key":"Regal Pillow"},{"floor":23,"key":"Juzu Bracelet"}],"event_choices":[{"damage_healed":0,"gold_gain":60,"player_choice":"Gained Gold","damage_taken":0,"max_hp_gain":0,"max_hp_loss":0,"event_name":"Golden Wing","floor":2,"gold_loss":0},{"damage_healed":0,"gold_gain":0,"player_choice":"Forge","damage_taken":0,"max_hp_gain":0,"max_hp_loss":0,"event_name":"Accursed Blacksmith","floor":3,"gold_loss":0,"cards_upgraded":["Sunder"]},{"damage_healed":0,"gold_gain":0,"player_choice":"Trade","damage_taken":0,"relics_obtained":["NlothsMask"],"max_hp_gain":0,"max_hp_loss":0,"event_name":"FaceTrader","floor":5,"gold_loss":0}],"is_beta":false,"boss_relics":[{"not_picked":["Runic Dome","Cursed Key"],"picked":"Nuclear Battery"}],"items_purged_floors":[],"is_endless":false,"potions_floor_spawned":[1,7,13,16,22,23],"killed_by":"3 Cultists","ascension_level":0}}