{"host":"2no1vwhhkhf0ohz3","time":1609316586,"event":{"mods":["AchievementEnabler","BaseMod","Colored Map","DeckTracker","Keyboard Shortcuts","Minty Spire (QoL Compilation)","Relic Stats","SuperFastMode"],"gold_per_floor":[215,235,251,211,63,63,81,2,2,33,43,218,72,99,99,99,99],"floor_reached":16,"playtime":294,"items_purged":["Strike_P","Doubt"],"score":142,"play_id":"21b1b8ba-a9ea-4f2a-ba83-c469c38a2dbe","local_time":"20201230172306","is_ascension_mode":true,"campfire_choices":[{"data":"Eruption","floor":6.0,"key":"SMITH"},{"floor":15,"key":"REST"}],"circlet_count":0,"master_deck":["Strike_P","Strike_P","Strike_P","Defend_P","Defend_P","Defend_P","Defend_P","Eruption+1","Vigilance","FollowUp","MentalFortress","Adaptation","FlurryOfBlows+1","FlurryOfBlows+1"],"relics":["PureWater","Du-Vu Doll","Molten Egg 2","Toy Ornithopter","HornCleat"],"acts_visited":["Exordium"],"potions_floor_usage":[],"damage_taken":[{"damage":0.0,"enemies":"2 Louse","floor":1.0,"turns":1.0},{"damage":12.0,"enemies":"Cultist","floor":2.0,"turns":4.0},{"damage":6.0,"enemies":"Jaw Worm","floor":3.0,"turns":3.0},{"damage":0.0,"enemies":"3 Louse","floor":7.0,"turns":3.0},{"damage":0.0,"enemies":"Gremlin Nob","floor":10.0,"turns":2.0},{"damage":21.0,"enemies":"Exordium Wildlife","floor":11.0,"turns":5.0},{"damage":27,"enemies":"Lagavulin","floor":14,"turns":6},{"damage":40,"enemies":"The Guardian","floor":16,"turns":10}],"seed_played":"-8771895864460296301","potions_obtained":[{"floor":2.0,"key":"Strength Potion"},{"floor":3.0,"key":"DuplicationPotion"},{"floor":4.0,"key":"Ambrosia"}],"is_trial":false,"path_per_floor":["M","M","M","?","$","R","M","?","T","E","M","?","$","E","R","B"],"character_chosen":"WATCHER","items_purchased":["MentalFortress","FlurryOfBlows+1"],"campfire_rested":1,"item_purchase_floors":[5,13],"current_hp_per_floor":[72,60,54,54,54,54,54,54,54,54,33,33,33,6,27,0,0],"gold":99,"neow_bonus":"HUNDRED_GOLD","is_daily":false,"chose_seed":false,"campfire_upgraded":1,"win_rate":0.0,"timestamp":1609316586,"path_taken":["M","M","M","?","?","R","M","?","T","E","?","?","$","E","R","BOSS"],"items_purchased_type":["Card","Card"],"build_version":"2020-12-22","purchased_purges":2,"victory":false,"max_hp_per_floor":[72,72,72,72,72,72,72,72,72,72,72,72,72,72,72,72,72],"relic_stats":{"counters":[8,34],"obtain_stats":[{"Du-Vu Doll":8,"HornCleat":14,"Molten Egg 2":9,"PureWater":0,"Toy Ornithopter":10},{"Du-Vu Doll":4,"HornCleat":7,"Molten Egg 2":4,"PureWater":0,"Toy Ornithopter":5},{"Du-Vu Doll":11,"HornCleat":24,"Molten Egg 2":11,"PureWater":0,"Toy Ornithopter":13}],"Toy Ornithopter":0},"card_choices":[{"not_picked":["SashWhip","Sanctity","Wallop"],"picked":"SKIP","floor":1.0},{"not_picked":["Vengeance","FlyingSleeves","CarveReality"],"picked":"SKIP","floor":2.0},{"not_picked":["Crescendo","SashWhip"],"picked":"FollowUp","floor":3.0},{"not_picked":["FlyingSleeves","Nirvana"],"picked":"Adaptation","floor":7.0},{"not_picked":["FollowUp+1","ThirdEye","Swivel"],"picked":"SKIP","floor":10.0},{"not_picked":["EmptyMind","SignatureMove+1","EmptyBody"],"picked":"SKIP","floor":11.0},{"not_picked":["PathToVictory","FollowUp+1"],"picked":"FlurryOfBlows+1","floor":14}],"player_experience":272116,"relics_obtained":[{"floor":9.0,"key":"Molten Egg 2"},{"floor":10.0,"key":"Toy Ornithopter"},{"floor":14,"key":"HornCleat"}],"event_choices":[{"damage_healed":0.0,"max_hp_gain":0.0,"max_hp_loss":0.0,"gold_gain":0.0,"event_name":"The Woman in Blue","player_choice":"Bought 3 Potions","floor":4.0,"gold_loss":0.0,"damage_taken":0.0},{"damage_healed":0.0,"max_hp_gain":0.0,"max_hp_loss":0.0,"gold_gain":0.0,"event_name":"WeMeetAgain","player_choice":"Paid Gold","floor":8.0,"gold_loss":79.0,"damage_taken":0.0,"relics_obtained":["Du-Vu Doll"]},{"damage_healed":0,"gold_gain":175,"player_choice":"AGREE","damage_taken":0,"max_hp_gain":0,"max_hp_loss":0,"event_name":"Liars Game","floor":12,"gold_loss":0,"cards_obtained":["Doubt"]}],"is_beta":false,"boss_relics":[],"items_purged_floors":[5,13],"is_endless":false,"potions_floor_spawned":[2,3,7],"killed_by":"The Guardian","ascension_level":1}}