{"host":"8qkhzo0jjkmvsb7l","time":1609344018,"event":{"mods":["BaseMod","Conspire","Downfall","Minty Spire (QoL Compilation)","StSLib"],"gold_per_floor":[99,115,128,13,30,45,45,30,48,66,66,66,81,97,107,212,212,212,230,230,59,159,92,92,105,105,105,105,120,133,379,390,486,486,486,497,497,9,9,21,74,74,94,94,49,59,59,59,74,74],"floor_reached":51,"playtime":2790,"items_purged":["Guardian:Strike_Guardian","Pain"],"score":693,"play_id":"aaf6565d-a255-43d8-bf85-5a6bc1db9b1a","local_time":"20201230190018","is_ascension_mode":false,"campfire_choices":[{"data":"Guardian:CurlUp","floor":1.0,"key":"SMITH"},{"floor":12.0,"key":"REST"},{"data":"Guardian:Emergency","floor":18,"key":"SMITH"},{"data":"Guardian:SpikerProtocol","floor":26,"key":"SMITH"},{"floor":28,"key":"REST"},{"data":"Guardian:SpikerProtocol","floor":35,"key":"SMITH"},{"data":"Guardian:ShieldSpikes","floor":42,"key":"SMITH"},{"data":"Guardian:SentryBeam","floor":44,"key":"SMITH"},{"floor":47,"key":"REST"}],"circlet_count":0,"master_deck":["Guardian:Strike_Guardian","Guardian:Defend_Guardian","Guardian:Defend_Guardian","Guardian:Defend_Guardian","Guardian:Defend_Guardian","Guardian:CurlUp+1","Guardian:TwinSlam","Guardian:PolyBeam","Guardian:ShieldSpikes+1","Guardian:SentryBeam+1","Guardian:Emergency+1","Guardian:SpikerProtocol+1","Guardian:BronzeOrb","Guardian:SpikerProtocol+1","Guardian:RevengeProtocol","Guardian:Suspension+1","Guardian:FloatingOrbs","Guardian:ArmoredProtocol","Guardian:SpikerProtocol+1","Guardian:SpikerProtocol+1"],"relics":["Guardian:ModeShifterPlus","PreservedInsect","Bronze Scales","MutagenicStrength","Blue Candle","Enchiridion","conspire:DeflatedDodgeball","DollysMirror","Potion Belt"],"acts_visited":["Exordium","TheCity","TheBeyond"],"potions_floor_usage":[33,50,50,50],"damage_taken":[{"damage":1.0,"enemies":"Cultist","floor":2.0,"turns":5.0},{"damage":10.0,"enemies":"Jaw Worm","floor":3.0,"turns":4.0},{"damage":4.0,"enemies":"downfall:FleeingMerchant","floor":4.0,"turns":4.0},{"damage":0.0,"enemies":"Small Slimes","floor":5.0,"turns":3.0},{"damage":0.0,"enemies":"Exordium Wildlife","floor":6.0,"turns":5.0},{"damage":0.0,"enemies":"downfall:FleeingMerchant","floor":8.0,"turns":4.0},{"damage":7.0,"enemies":"Exordium Thugs","floor":9.0,"turns":5.0},{"damage":2.0,"enemies":"Red Slaver","floor":10.0,"turns":5.0},{"damage":6.0,"enemies":"Exordium Wildlife","floor":13.0,"turns":4.0},{"damage":12.0,"enemies":"Gremlin Gang","floor":14.0,"turns":3.0},{"damage":0.0,"enemies":"Blue Slaver","floor":15.0,"turns":4.0},{"damage":31.0,"enemies":"downfall:Ironclad","floor":16.0,"turns":10.0},{"damage":0,"enemies":"3 Byrds","floor":19,"turns":3},{"damage":0,"enemies":"downfall:FleeingMerchant","floor":21,"turns":4},{"damage":0,"enemies":"downfall:Augmenter","floor":22,"turns":5},{"damage":3,"enemies":"downfall:FleeingMerchant","floor":23,"turns":4},{"damage":12,"enemies":"Chosen","floor":25,"turns":4},{"damage":0,"enemies":"Snake Plant","floor":29,"turns":2},{"damage":0,"enemies":"conspire:HollyBat","floor":30,"turns":7},{"damage":0,"enemies":"downfall:FleeingMerchant","floor":31,"turns":4},{"damage":0,"enemies":"Shelled Parasite and Fungi","floor":32,"turns":4},{"damage":1,"enemies":"downfall:Defect","floor":33,"turns":10},{"damage":8,"enemies":"3 Darklings","floor":36,"turns":4},{"damage":0,"enemies":"3 Shapes","floor":40,"turns":7},{"damage":1,"enemies":"Spire Growth","floor":43,"turns":6},{"damage":18,"enemies":"Writhing Mass","floor":46,"turns":4},{"damage":7,"enemies":"4 Shapes","floor":49,"turns":6},{"damage":20,"enemies":"downfall:Watcher","floor":50,"turns":8}],"seed_played":"-1373117396542552681","potions_obtained":[{"floor":2.0,"key":"EssenceOfSteel"},{"floor":13.0,"key":"SkillPotion"},{"floor":15.0,"key":"DuplicationPotion"},{"floor":16.0,"key":"FairyPotion"},{"floor":25,"key":"conspire:TimeTravelPotion"},{"floor":33,"key":"AttackPotion"},{"floor":46,"key":"BlessingOfTheForge"}],"is_trial":false,"path_per_floor":["R","M","M","$","M","M","T","$","M","M","?","R","M","M","M","B",null,"R","M","?","$","?","$","T","M","R","?","R","M","M","$","M","B",null,"R","M","?","$","?","M","T","R","M","R","$","M","R","?","M","B",null],"character_chosen":"GUARDIAN","items_purchased":["Fruit Juice","Bronze Scales","PowerPotion","Guardian:ArmoredProtocol","conspire:DeflatedDodgeball","DollysMirror","Guardian:Gem_Lightblue"],"campfire_rested":3,"item_purchase_floors":[4,21,23,31,38,38,45],"current_hp_per_floor":[88,87,77,78,78,78,78,78,71,69,69,93,87,75,75,44,93,93,93,93,93,93,90,90,78,78,62,89,89,89,89,89,88,93,93,85,98,98,98,98,98,98,97,97,97,79,106,106,99,99],"gold":74,"neow_bonus":"TEN_PERCENT_HP_BONUS","is_daily":false,"chose_seed":false,"campfire_upgraded":6,"win_rate":0.0,"timestamp":1609344018,"path_taken":["R","M","M","?","M","M","T","?","?","M","?","R","M","?","M","BOSS","R","M","?","$","?","?","T","?","R","?","R","M","M","$","M","BOSS","R","M","?","$","?","M","T","R","M","R","$","?","R","?","M","BOSS"],"items_purchased_type":["Potion","Relic","Potion","Card","Relic","Relic","Card"],"build_version":"2020-12-22","purchased_purges":2,"victory":true,"max_hp_per_floor":[88,88,88,93,93,93,93,93,93,93,93,93,93,93,93,93,93,93,93,93,93,93,93,93,93,93,93,93,93,93,93,93,93,93,93,93,106,106,106,106,106,106,106,106,106,106,106,106,106,106],"card_choices":[{"not_picked":["Guardian:Gem_Green","Guardian:CrystalBeam"],"picked":"Guardian:PolyBeam","floor":2.0},{"not_picked":["Guardian:Gem_Crimson","Guardian:WalkerClaw"],"picked":"Guardian:ShieldSpikes","floor":3.0},{"not_picked":["Guardian:TemporalShield","Guardian:Harden"],"picked":"Guardian:SentryBeam","floor":4.0},{"not_picked":["Guardian:Gem_Fragmented","Guardian:WalkerClaw","Guardian:Planning"],"picked":"SKIP","floor":5.0},{"not_picked":["Guardian:Gem_Red","Guardian:Recover"],"picked":"Guardian:Emergency","floor":6.0},{"not_picked":["Guardian:TimeBomb","Guardian:ArmoredProtocol"],"picked":"Guardian:SpikerProtocol","floor":8.0},{"not_picked":["Guardian:Gem_Lightblue","Guardian:RollAttack","Guardian:PolyBeam"],"picked":"SKIP","floor":9.0},{"not_picked":["Guardian:PrimingBeam","Guardian:TimeCapacitor"],"picked":"Guardian:BronzeOrb","floor":10.0},{"not_picked":["Guardian:BaubleBeam","Guardian:RollAttack","Guardian:ShieldCharger"],"picked":"SKIP","floor":13.0},{"not_picked":["Guardian:TemporalShield","Guardian:Gem_Cyan","Guardian:Gem_Green"],"picked":"SKIP","floor":14.0},{"not_picked":["Guardian:VentSteam","Guardian:ShieldCharger"],"picked":"Guardian:SpikerProtocol","floor":15.0},{"not_picked":["Guardian:AncientConstruct","Guardian:ExploitGems"],"picked":"Guardian:RevengeProtocol","floor":16.0},{"not_picked":["Guardian:BronzeArmor","Guardian:Incinerate+1"],"picked":"Guardian:Suspension+1","floor":19},{"not_picked":["Guardian:PrimingBeam+1","Guardian:TemporalStrike","Guardian:ShieldSpikes"],"picked":"SKIP","floor":21},{"not_picked":["Guardian:Emergency+1","Guardian:Preprogram","Guardian:TimeBomb"],"picked":"SKIP","floor":23},{"not_picked":["Guardian:Reroute","Guardian:Gem_Cyan","Guardian:TimeCapacitor"],"picked":"SKIP","floor":25},{"not_picked":["Guardian:Harden","Guardian:SpikerProtocol","Guardian:Gem_Green"],"picked":"SKIP","floor":29},{"not_picked":["Guardian:FastForward","Guardian:RollAttack","Guardian:PrimingBeam"],"picked":"SKIP","floor":30},{"not_picked":["Guardian:ChargeUp","Guardian:Planning","Guardian:Incinerate"],"picked":"SKIP","floor":31},{"not_picked":["Guardian:PrismaticBeam+1","Guardian:TimeCapacitor+1","Guardian:Gem_Blue"],"picked":"SKIP","floor":32},{"not_picked":["Guardian:Suspension","Guardian:TemporalShield+1"],"picked":"Guardian:Gem_White","floor":36},{"not_picked":["Guardian:WalkerClaw","Guardian:VentSteam","Guardian:GuardianWhirl+1"],"picked":"SKIP","floor":40},{"not_picked":["Guardian:VentSteam","Guardian:ChargeCore","Guardian:WalkerClaw+1"],"picked":"SKIP","floor":43},{"not_picked":["Guardian:RefractedBeam+1","Guardian:Gem_Green","Guardian:ShieldCharger"],"picked":"SKIP","floor":46},{"not_picked":["Guardian:MultiBeam+1","Guardian:TemporalStrike","Guardian:WalkerClaw+1"],"picked":"SKIP","floor":49}],"player_experience":210897,"relics_obtained":[{"floor":7.0,"key":"PreservedInsect"},{"floor":22,"key":"MutagenicStrength"},{"floor":24,"key":"Blue Candle"},{"floor":27,"key":"Enchiridion"},{"floor":41,"key":"Potion Belt"}],"event_choices":[{"damage_healed":0,"gold_gain":0,"player_choice":"Leave","damage_taken":0,"max_hp_gain":0,"max_hp_loss":0,"event_name":"conspire:Investor","floor":20,"gold_loss":0},{"damage_healed":0,"gold_gain":0,"player_choice":"Copied","damage_taken":0,"max_hp_gain":0,"max_hp_loss":0,"event_name":"Duplicator","floor":48,"gold_loss":0,"cards_obtained":["Guardian:SpikerProtocol"]}],"is_beta":false,"boss_relics":[{"not_picked":["Velvet Choker","Philosopher\u0027s Stone"],"picked":"Guardian:ModeShifterPlus"},{"not_picked":["Guardian:StasisSlotReductionRelic","conspire:SeveredTorchhead","conspire:SlowCooker"]}],"items_purged_floors":[31,38],"is_endless":false,"potions_floor_spawned":[2,13,15,16,25,29,30,32,33,46],"ascension_level":0}}