{"host":"uyrebrj0204enqpc","time":1609370738,"event":{"mods":["Act Like it!","Bard","BaseMod","Block Reminder","Challenge The Spire","Colored Map","Colored Powertips","DeckTracker","Downfall","GifTheSpireLib","HexUI Lib","Highlight Path","Hubris","Infinite Spire","Minty Spire (QoL Compilation)","Pale of the Ancients","Quick Restart","Random Character Button","Relic Sorter","Relic Stats","Replay The Spire","Shop Mod","StSLib","The Blue Laboratory","The Bug Knight","The Cursed","The Jungle","The Marked","Wandering Minibosses"],"gold_per_floor":[118,118,118,133,146,146,71,100,100,114,139,131,160,260,260,356,356,363,363,263,276,276,276,276,304,342,354,366,378,1141,1165,1177,1292,1304,1331,1354,1384,1396,1428,1440,1484,1515,1527,1552,1564,1606,1690,1720,1732,1744,1744],"floor_reached":50,"playtime":2606,"items_purged":["Bash","Strike_R","Strike_R","Strike_R+1"],"score":647,"play_id":"9fded33e-2d4b-461d-aa9b-0f6a60c58fec","local_time":"20201230182538","is_ascension_mode":true,"campfire_choices":[{"data":"Uppercut","floor":6.0,"key":"SMITH"},{"data":"Demonic Infusion","floor":15,"key":"SMITH"},{"data":"Shrug It Off","floor":23,"key":"SMITH"},{"data":"infinitespire:SevenWalls","floor":28,"key":"SMITH"},{"data":"hubris:ReadiedAction","floor":32,"key":"SMITH"},{"data":"Hemogenesis","floor":40,"key":"SMITH"},{"data":"Double Tap","floor":49,"key":"SMITH"}],"circlet_count":0,"master_deck":["Defend_R+1","Defend_R+1","Defend_R+1","Hemogenesis+1","Uppercut+1","hubris:ReadiedAction+1","Shrug It Off+1","Double Tap+1","infinitespire:SevenWalls+1","hubris:DuctTapeCard","Combust","Hemogenesis+1"],"relics":["Burning Blood","King of Hearts","Lizard Tail","Gremlin Horn","ReplayTheSpireMod:Lightbulb","Black Star","hubris:CrystalStatue","Replay:Blank Codex","hubris:Backtick","Meat on the Bone","hubris:DuctTape","MawBank","hubris:ChampionShield","infinitespire:Lucky Rock","wanderingMiniBosses:MasterThiefsPresence","Snecko Eye","Nunchaku","Empty Cage","CeramicFish","Thread and Needle","hubris:TenFootPole","hubris:Reverence","Toxic Egg 2"],"acts_visited":["Exordium","TheCity","TheBeyond"],"potions_floor_usage":[13],"damage_taken":[{"damage":12.0,"enemies":"Cultist","floor":1.0,"turns":5.0},{"damage":2.0,"enemies":"2 Louse","floor":4.0,"turns":3.0},{"damage":12.0,"enemies":"Small Slimes","floor":5.0,"turns":4.0},{"damage":25.0,"enemies":"Gremlin Nob","floor":8.0,"turns":6.0},{"damage":5.0,"enemies":"Exordium Thugs","floor":10.0,"turns":5.0},{"damage":18,"enemies":"Lagavulin","floor":11,"turns":7},{"damage":8,"enemies":"2 Fungi Beasts","floor":12,"turns":7},{"damage":0,"enemies":"3 Sentries","floor":13,"turns":12},{"damage":57,"enemies":"Fading Forest","floor":16,"turns":11},{"damage":20,"enemies":"Shell Parasite","floor":18,"turns":5},{"damage":22,"enemies":"Spheric Guardian","floor":21,"turns":6},{"damage":31,"enemies":"Book of Stabbing","floor":25,"turns":7},{"damage":6,"enemies":"Snecko","floor":30,"turns":6},{"damage":0,"enemies":"Snake Plant","floor":31,"turns":4},{"damage":25,"enemies":"hubris:MusketHawk","floor":33,"turns":10},{"damage":1,"enemies":"3 Shapes","floor":35,"turns":3},{"damage":4,"enemies":"3 Darklings","floor":36,"turns":3},{"damage":1,"enemies":"4 Shapes","floor":37,"turns":4},{"damage":0,"enemies":"Maw","floor":39,"turns":3},{"damage":11,"enemies":"Nemesis","floor":41,"turns":4},{"damage":0,"enemies":"Spire Growth","floor":42,"turns":3},{"damage":12,"enemies":"Sphere and 2 Shapes","floor":44,"turns":6},{"damage":45,"enemies":"Reptomancer","floor":46,"turns":7},{"damage":0,"enemies":"Transient","floor":48,"turns":3}],"seed_played":"4133160359502116702","potions_obtained":[{"floor":1.0,"key":"blueLaboratory:AbyssPotion"},{"floor":5.0,"key":"Dexterity Potion"},{"floor":12,"key":"blueLaboratory:FrostheartPotion"},{"floor":13,"key":"Weak Potion"},{"floor":21,"key":"Explosive Potion"}],"is_trial":false,"path_per_floor":["M","?","?","M","M","R","$","E","T","M","E","M","E","?","R","B",null,"M","?","$","M","?","R","AVR","E","T","?","R","?","M","M","R","B",null,"M","M","M","AVR","M","R","E","M","T","M","?","E","T","M","R","B"],"character_chosen":"IRONCLAD","items_purchased":[],"campfire_rested":0,"item_purchase_floors":[],"current_hp_per_floor":[74,74,74,80,80,80,80,69,69,70,69,75,80,80,80,43,80,66,66,66,58,42,42,42,37,37,37,37,37,48,62,62,54,80,80,80,80,80,80,80,75,80,80,80,80,53,53,67,67,67,67],"gold":1744,"neow_bonus":"ONE_RANDOM_RARE_CARD","is_daily":false,"chose_seed":false,"campfire_upgraded":7,"win_rate":0.0,"timestamp":1609370738,"path_taken":["M","?","?","M","M","R","$","E","T","M","E","?","E","?","R","BOSS","M","?","$","M","?","R","AVR","E","T","?","R","?","M","M","R","BOSS","M","M","M","AVR","M","R","E","M","T","M","?","E","?","M","R","BOSS"],"items_purchased_type":[],"build_version":"2020-12-22","purchased_purges":4,"victory":false,"max_hp_per_floor":[80,80,80,80,80,80,80,80,80,80,80,80,80,80,80,80,80,80,80,80,80,80,80,80,80,80,80,80,80,80,80,80,80,80,80,80,80,80,80,80,80,80,80,80,80,80,80,80,80,80,80],"relic_stats":{"Lizard Tail":0,"Nunchaku":[3],"Gremlin Horn":[23,23],"counters":[25,137],"CeramicFish":0,"Snecko Eye":[64,60,61,73],"Black Star":3,"MawBank":300,"obtain_stats":[{"hubris:CrystalStatue":19,"Gremlin Horn":11,"hubris:DuctTape":24,"CeramicFish":41,"wanderingMiniBosses:MasterThiefsPresence":30,"Thread and Needle":41,"King of Hearts":8,"infinitespire:Lucky Rock":26,"MawBank":25,"Empty Cage":38,"Burning Blood":0,"Lizard Tail":9,"Nunchaku":38,"hubris:Backtick":24,"Snecko Eye":34,"Black Star":17,"hubris:TenFootPole":46,"hubris:ChampionShield":25,"Toxic Egg 2":47,"ReplayTheSpireMod:Lightbulb":13,"Replay:Blank Codex":22,"Meat on the Bone":24,"hubris:Reverence":46},{"hubris:CrystalStatue":10,"Gremlin Horn":6,"hubris:DuctTape":11,"CeramicFish":20,"wanderingMiniBosses:MasterThiefsPresence":13,"Thread and Needle":20,"King of Hearts":4,"infinitespire:Lucky Rock":12,"MawBank":12,"Empty Cage":18,"Burning Blood":0,"Lizard Tail":4,"Nunchaku":18,"hubris:Backtick":11,"Snecko Eye":15,"Black Star":9,"hubris:TenFootPole":23,"hubris:ChampionShield":12,"Toxic Egg 2":23,"ReplayTheSpireMod:Lightbulb":8,"Replay:Blank Codex":11,"Meat on the Bone":11,"hubris:Reverence":23},{"hubris:CrystalStatue":65,"Gremlin Horn":30,"hubris:DuctTape":71,"CeramicFish":115,"wanderingMiniBosses:MasterThiefsPresence":84,"Thread and Needle":115,"King of Hearts":18,"infinitespire:Lucky Rock":78,"MawBank":78,"Empty Cage":108,"Burning Blood":0,"Lizard Tail":18,"Nunchaku":108,"hubris:Backtick":71,"Snecko Eye":98,"Black Star":60,"hubris:TenFootPole":131,"hubris:ChampionShield":78,"Toxic Egg 2":131,"ReplayTheSpireMod:Lightbulb":49,"Replay:Blank Codex":71,"Meat on the Bone":71,"hubris:Reverence":131}],"Burning Blood":99,"Meat on the Bone":24},"card_choices":[{"not_picked":["Clothesline","Run Through","Sever Soul"],"picked":"SKIP","floor":1.0},{"not_picked":["Armaments","Cleave"],"picked":"Seeing Red","floor":4.0},{"not_picked":["Flame Barrier","Dual Wield"],"picked":"Uppercut","floor":5.0},{"not_picked":["Replay:Undeath\u0027s Touch","Evolve","Metallicize"],"picked":"SKIP","floor":8.0},{"not_picked":["Perfected Strike","Barricade"],"picked":"hubris:ReadiedAction","floor":10.0},{"not_picked":["Shockwave","Iron Wave"],"picked":"Shrug It Off","floor":11},{"not_picked":["Flame Barrier","Pommel Strike","Headbutt"],"picked":"SKIP","floor":12},{"not_picked":["Shockwave","Sword Boomerang"],"picked":"Demonic Infusion","floor":13},{"not_picked":["Bludgeon","Barricade"],"picked":"Double Tap","floor":16},{"not_picked":["Anger+1","Perfected Strike+1","Havoc"],"picked":"SKIP","floor":18},{"not_picked":["ReplayReversal","ReplayTheSpireMod:Stacked","Clash"],"picked":"SKIP","floor":21},{"not_picked":["infinitespire:OneForAll+1","Cleave","Eclipse"],"picked":"SKIP","floor":25},{"not_picked":["ReplayTheSpireMod:Stacked","Pommel Strike","Shrug It Off"],"picked":"SKIP","floor":30},{"not_picked":["Havoc+1","Perfected Strike","Shrug It Off"],"picked":"SKIP","floor":31},{"not_picked":["Replay:Many Hands","Demonic Infusion"],"picked":"Hemogenesis","floor":33},{"not_picked":["Clash+1","Shrug It Off","infinitespire:OneForAll"],"picked":"SKIP","floor":35},{"not_picked":["Replay:Undeath\u0027s Touch+1","Sword Boomerang","Cleave"],"picked":"SKIP","floor":36},{"not_picked":["hubris:ReadiedAction","Massacre","Life Link"],"picked":"SKIP","floor":37},{"not_picked":["Abandon","Thunderclap","Replay:Undeath\u0027s Touch+1"],"picked":"SKIP","floor":39},{"not_picked":["Blood for Blood","Thunderclap","Berserk"],"picked":"SKIP","floor":41},{"not_picked":["Havoc+1","Pommel Strike+1","Headbutt"],"picked":"SKIP","floor":42},{"not_picked":["ReplayTheSpireMod:Limb From Limb+1","Second Wind+1","hubris:ReadiedAction+1"],"picked":"SKIP","floor":44},{"not_picked":["Flame Barrier+1","Run Through","Shockwave"],"picked":"SKIP","floor":46},{"not_picked":["Body Slam+1","Clash+1","Infernal Blade+1"],"picked":"SKIP","floor":48}],"player_experience":1020563,"relics_obtained":[{"floor":8.0,"key":"King of Hearts"},{"floor":9.0,"key":"Lizard Tail"},{"floor":11,"key":"Gremlin Horn"},{"floor":13,"key":"ReplayTheSpireMod:Lightbulb"},{"floor":22,"key":"Replay:Blank Codex"},{"floor":25,"key":"MawBank"},{"floor":25,"key":"hubris:ChampionShield"},{"floor":26,"key":"infinitespire:Lucky Rock"},{"floor":30,"key":"wanderingMiniBosses:MasterThiefsPresence"},{"floor":41,"key":"CeramicFish"},{"floor":41,"key":"Thread and Needle"},{"floor":46,"key":"hubris:TenFootPole"},{"floor":46,"key":"hubris:Reverence"},{"floor":47,"key":"Toxic Egg 2"}],"event_choices":[{"cards_removed":["Defend_R"],"damage_healed":0.0,"max_hp_gain":0.0,"max_hp_loss":0.0,"gold_gain":0.0,"event_name":"Purifier","player_choice":"Purged","floor":3.0,"gold_loss":0.0,"damage_taken":0.0},{"damage_healed":0,"gold_gain":100,"player_choice":"Gold","damage_taken":0,"max_hp_gain":0,"max_hp_loss":0,"event_name":"Wheel of Change","floor":14,"gold_loss":0},{"damage_healed":0,"gold_gain":0,"player_choice":"Obtained Book","damage_taken":16,"max_hp_gain":0,"max_hp_loss":0,"event_name":"Cursed Tome","floor":22,"gold_loss":0},{"damage_healed":0,"gold_gain":0,"player_choice":"Simplicity","damage_taken":0,"max_hp_gain":0,"max_hp_loss":0,"event_name":"Back to Basics","floor":27,"gold_loss":0,"cards_upgraded":["Strike_R","Strike_R","Strike_R","Defend_R","Defend_R","Defend_R"]},{"damage_healed":0,"gold_gain":0,"player_choice":"Read","damage_taken":0,"max_hp_gain":0,"max_hp_loss":0,"event_name":"The Library","floor":29,"gold_loss":0,"cards_obtained":["Combust"]},{"damage_healed":0,"gold_gain":0,"player_choice":"Ignored","damage_taken":0,"max_hp_gain":0,"max_hp_loss":0,"event_name":"Tomb of Lord Red Mask","floor":45,"gold_loss":0}],"is_beta":false,"boss_relics":[{"not_picked":["hubris:VirtuousBlindfold","Painkiller Herb"],"picked":"Black Star"},{"not_picked":["hubris:BlackHole","hubris:ScarierMask"],"picked":"Snecko Eye"}],"items_purged_floors":[7,20,24,38],"is_endless":false,"potions_floor_spawned":[1,5,12,13,16,21,25,35,39,41,44],"killed_by":"Awakened One","ascension_level":1}}