{"host":"t574sm73kex1j5cr","time":1609339632,"event":{"mods":["BaseMod","Downfall","Duelist Mod","Hubris","Infinite Spire","Minty Spire (QoL Compilation)","Replay The Spire","StSLib","Td1madao Mod","The Animator","The Bug Knight","The Cursed"],"gold_per_floor":[127,143,143,143,143,143,176,187,257,182,207,207,232,251,251,311,311,330,6,6,105,20,32,79,91,103,115,138,166,235,116,116,225,225,235,290,304,304,319,344,344,344,356,371,396,396,396,429,440,453,453,453,453],"floor_reached":52,"playtime":6552,"items_purged":["animator:Strike","animator:Strike","theDuelist:CurseAging","animator:Defend"],"score":777,"play_id":"0fedfd3e-8e4f-4bdf-9c74-cce3dbf2a183","local_time":"20201230094712","is_ascension_mode":false,"campfire_choices":[{"data":"infinitespire:SevenWalls","floor":6,"key":"SMITH"},{"data":"animator:Darkness","floor":12,"key":"SMITH"},{"data":"animator:Elesis","floor":23,"key":"SMITH"},{"data":"animator:Wiz","floor":27,"key":"SMITH"},{"data":"animator:Nanami","floor":32,"key":"SMITH"},{"floor":51,"key":"RECALL"}],"circlet_count":0,"master_deck":["animator:Strike_Konosuba+1","animator:Defend_Konosuba","animator:Defend","animator:Defend","animator:Kazuma","animator:Aqua","animator:Vanir","animator:Entoma+4","infinitespire:SevenWalls+1","animator:Witch","animator:Darkness+1","animator:Emonzaemon","animator:TukaLunaMarceau","animator:Darkness","Pot Of Greed","Pot Of Greed","animator:Wiz+1","animator:Megumin+10","animator:Hitei","animator:Elesis+2","animator:NononJakuzure","animator:Nanami+1","animator:Priestess","animator:MumenRider","Pot Of Greed","animator:Togame","Defend_P","animator:RoryMercury+1","animator:TukaLunaMarceau+1","animator:Mitsurugi","hubris:NaturalOne","animator:ItamiYouji","animator:WinryRockbell","animator:Verdia","animator:Bozes+1","Pot Of Greed","animator:Chung+1","animator:Cocytus+1","animator:SakuraMatou+1","animator:Geryuganshoop","animator:HigakiRinne","infinitespire:FutureSight","infinitespire:Execution","animator:Sloth+1","animator:Alexander+1","Parasite","animator:Eve"],"relics":["animator:LivingPicture","animator:TheMissingPiece","animator:PurgingStone","NeowsBlessing","hubris:Icosahedron","Lantern","Grinning Jar","SlaversCollar","BargainBundle","Replay:Wax Seal","MawBank","Boot","Replay:Accelerometer","CaptainsWheel","ReplayTheSpireMod:CursedCoin","Bag of Marbles","Coffee Dripper","hubris:Towel","Replay:Mystery Machine","Oddly Smooth Stone","hubris:PeanutButter"],"acts_visited":["Exordium","TheCity","TheBeyond"],"potions_floor_usage":[16,16,24,24,28,28,29,30,37,40,44,44,48,48,48,52],"damage_taken":[{"damage":0,"enemies":"Small Slimes","floor":1,"turns":2},{"damage":0,"enemies":"2 Louse","floor":2,"turns":1},{"damage":0,"enemies":"HollowMod:MossKnight","floor":7,"turns":1},{"damage":0,"enemies":"Cultist","floor":8,"turns":4},{"damage":0,"enemies":"Red Slaver","floor":11,"turns":6},{"damage":0,"enemies":"Looter","floor":13,"turns":3},{"damage":0,"enemies":"Large Slime","floor":14,"turns":5},{"damage":0,"enemies":"Slime Boss","floor":16,"turns":16},{"damage":0,"enemies":"Spheric Guardian","floor":18,"turns":6},{"damage":0,"enemies":"animator:HornedBat","floor":24,"turns":9},{"damage":20,"enemies":"2 Thieves","floor":28,"turns":3},{"damage":0,"enemies":"Snecko","floor":29,"turns":4},{"damage":0,"enemies":"theDuelist:KaibaA2","floor":30,"turns":6},{"damage":18,"enemies":"Automaton","floor":33,"turns":14},{"damage":8,"enemies":"3 Darklings","floor":35,"turns":3},{"damage":0,"enemies":"Orb Walker","floor":37,"turns":1},{"damage":0,"enemies":"4 Shapes","floor":39,"turns":1},{"damage":16,"enemies":"R_Hoarder","floor":40,"turns":7},{"damage":10,"enemies":"Sphere and 2 Shapes","floor":43,"turns":3},{"damage":5,"enemies":"Maw","floor":44,"turns":9},{"damage":22,"enemies":"Nightmare","floor":48,"turns":9},{"damage":3,"enemies":"Transient","floor":49,"turns":5},{"damage":0,"enemies":"Writhing Mass","floor":50,"turns":5},{"damage":19,"enemies":"hubris:GrandSnecko","floor":52,"turns":5}],"seed_played":"-5054973605173242199","potions_obtained":[{"floor":8,"key":"EntropicBrew"},{"floor":11,"key":"Explosive Potion"},{"floor":14,"key":"ColorlessPotion"},{"floor":28,"key":"EssenceOfSteel"},{"floor":33,"key":"champ:CounterPotion"},{"floor":36,"key":"FearPotion"},{"floor":36,"key":"FearPotion"},{"floor":40,"key":"Flashbang"},{"floor":49,"key":"champ:CounterPotion"},{"floor":50,"key":"Venom Potion"}],"is_trial":false,"path_per_floor":["M","M","?","?","?","R","E","M","T","$","M","R","M","M","R","B",null,"M","$","$","?","?","R","E","?","T","R","M","M","E","$","R","B",null,"M","?","M","?","M","E","PTL","PTL","M","M","T","?","AVR","NM","M","M","R","B"],"character_chosen":"THE_ANIMATOR","items_purchased":["BargainBundle","Fire Potion","Fire Potion","animator:Hitei","Replay:Wax Seal","animator:Elesis","animator:NononJakuzure","animator:Nanami","animator:Priestess","animator:MumenRider","ReplayTheSpireMod:CursedCoin","Bag of Marbles"],"campfire_rested":0,"item_purchase_floors":[19,19,19,19,19,19,19,19,19,19,31,31],"current_hp_per_floor":[66,66,51,51,51,51,51,54,54,54,56,56,60,64,64,66,71,72,72,72,72,72,72,75,75,75,75,60,62,64,64,64,48,78,72,74,75,75,75,61,61,61,51,48,48,38,38,18,17,19,19,0,0],"gold":453,"neow_bonus":"THREE_ENEMY_KILL","is_daily":false,"chose_seed":false,"campfire_upgraded":5,"win_rate":0.0,"timestamp":1609339632,"path_taken":["M","M","?","?","?","R","E","M","T","$","M","R","M","M","R","BOSS","M","?","$","?","?","R","E","?","T","R","M","?","E","?","R","BOSS","M","?","?","?","M","E","PTL","PTL","M","M","T","?","AVR","NM","M","M","R","BOSS"],"items_purchased_type":["Relic","Potion","Potion","Card","Relic","Card","Card","Card","Card","Card","Relic","Relic"],"build_version":"2020-12-22","purchased_purges":4,"victory":false,"max_hp_per_floor":[66,66,66,66,66,66,66,67,67,67,67,67,69,71,71,71,71,72,72,72,72,72,72,75,75,75,75,78,78,78,78,78,78,78,80,82,83,83,83,83,83,83,83,83,83,83,83,83,83,83,83,83,83],"card_choices":[{"not_picked":["animator:LizardPriest","animator:Evileye"],"picked":"animator:Vanir","floor":1},{"not_picked":["animator:Sloth","animator:Alexander"],"picked":"animator:Entoma","floor":2},{"not_picked":["infinitespire:FinalStrike","ReplayTheSpireMod:Echoes of Time"],"picked":"infinitespire:SevenWalls","floor":3},{"not_picked":["animator:Chung","animator:Ciel"],"picked":"animator:Witch","floor":7},{"not_picked":["animator:Aqua","animator:Mitsurugi"],"picked":"animator:Darkness","floor":8},{"not_picked":["animator:ShinjiMatou","animator:TsurugaMeisai"],"picked":"animator:Emonzaemon","floor":11},{"not_picked":["animator:Witch","animator:NarberalGamma"],"picked":"animator:TukaLunaMarceau","floor":13},{"not_picked":["animator:Spearman","animator:Genos"],"picked":"animator:Darkness","floor":14},{"not_picked":["animator:ItamiYouji","animator:Boros"],"picked":"animator:Wiz","floor":16},{"not_picked":["animator:Kazuma","animator:Vanir"],"picked":"animator:Megumin","floor":18},{"not_picked":["animator:Alexander","animator:Sonic"],"picked":"animator:Togame","floor":24},{"not_picked":["animator:Evileye","animator:Assassin+1"],"picked":"animator:RoryMercury+1","floor":28},{"not_picked":["animator:Scar","animator:Cocytus"],"picked":"animator:TukaLunaMarceau+1","floor":29},{"not_picked":["animator:Megumin","animator:Kazuma"],"picked":"animator:Mitsurugi","floor":30},{"not_picked":["animator:Greed","animator:Wiz"],"picked":"animator:ItamiYouji","floor":33},{"not_picked":["animator:Caster+1","animator:HighElfArcher+1"],"picked":"animator:WinryRockbell","floor":35},{"not_picked":["animator:Alexander","animator:ShinjiMatou+1"],"picked":"animator:Verdia","floor":36},{"not_picked":["animator:Ain+1","animator:Tyuule+1"],"picked":"animator:Bozes+1","floor":37},{"not_picked":["animator:MumenRider+1","animator:Emonzaemon"],"picked":"animator:Chung+1","floor":39},{"not_picked":["animator:MumenRider","animator:Berserker+1"],"picked":"animator:Cocytus+1","floor":40},{"not_picked":["animator:Assassin+1","animator:Kazuma"],"picked":"animator:SakuraMatou+1","floor":43},{"not_picked":["animator:ShinjiMatou+1","animator:Chung+1"],"picked":"animator:Geryuganshoop","floor":44},{"not_picked":["hubris:Rewind","infinitespire:NeuralNetwork"],"picked":"infinitespire:Execution","floor":48},{"not_picked":["animator:Raven+1","animator:Evileye"],"picked":"animator:Sloth+1","floor":48},{"not_picked":["animator:Chung","animator:RoryMercury"],"picked":"animator:Alexander+1","floor":49},{"not_picked":["animator:Cocytus","animator:Alexander+1"],"picked":"animator:Eve","floor":50}],"player_experience":100083,"relics_obtained":[{"floor":7,"key":"Lantern"},{"floor":15,"key":"Grinning Jar"},{"floor":24,"key":"Boot"},{"floor":26,"key":"Replay:Accelerometer"},{"floor":30,"key":"CaptainsWheel"},{"floor":40,"key":"Replay:Mystery Machine"},{"floor":45,"key":"Oddly Smooth Stone"},{"floor":48,"key":"hubris:PeanutButter"}],"event_choices":[{"damage_healed":0,"gold_gain":99,"player_choice":"Stole From Cult","damage_taken":0,"max_hp_gain":0,"max_hp_loss":0,"event_name":"Nest","floor":21,"gold_loss":0},{"damage_healed":0,"gold_gain":0,"player_choice":"Obtained Relic","damage_taken":0,"relics_obtained":["MawBank"],"max_hp_gain":0,"max_hp_loss":0,"event_name":"Addict","floor":22,"gold_loss":85},{"cards_removed":["animator:Strike"],"damage_healed":0,"gold_gain":0,"player_choice":"Took Card","damage_taken":0,"max_hp_gain":0,"max_hp_loss":0,"event_name":"NoteForYourself","floor":25,"gold_loss":0,"cards_obtained":["Defend_P"]},{"damage_healed":0,"gold_gain":0,"player_choice":"Embrace Madness","damage_taken":10,"max_hp_gain":0,"max_hp_loss":0,"event_name":"Winding Halls","floor":46,"gold_loss":0,"cards_obtained":["animator:HigakiRinne"]}],"is_beta":false,"boss_relics":[{"not_picked":["Cursed Key","infinitespire:Cupcake"],"picked":"SlaversCollar"},{"not_picked":["Philosopher\u0027s Stone","Kintsugi"],"picked":"Coffee Dripper"}],"items_purged_floors":[10,19,31,47],"is_endless":false,"potions_floor_spawned":[8,11,14,28,33,40,43,49,50],"killed_by":"hubris:GrandSnecko","ascension_level":0}}