{"host":"byu8oejwd0fdcxn8","time":1609315958,"event":{"mods":["Act Like it!","Arknights The Spire","BaseMod","Custom Start","Minty Spire (QoL Compilation)","StSLib"],"gold_per_floor":[110,110,124,137,137,137,137,157,183,183,199,199,229,243,243,243,243],"floor_reached":16,"playtime":417,"items_purged":[],"score":102,"play_id":"ace17ec1-6522-4b6d-af55-f588a99d77e4","local_time":"20201230171238","is_ascension_mode":false,"campfire_choices":[{"data":"ats:Soul Absorption","floor":6,"key":"SMITH"},{"data":"ats:Rapid Magazine","floor":10,"key":"SMITH"},{"data":"ats:Demon Strength","floor":12,"key":"SMITH"},{"data":"ats:True Silver Slash","floor":15,"key":"SMITH"}],"circlet_count":0,"master_deck":["ats:Strike C","ats:Strike G","ats:Strike S","ats:Strike V","ats:Armor Crushing Shot","ats:Defend","ats:Defend","ats:Defend","ats:Defend","ats:Emotion Absorption+1","ats:Soul Absorption+1","ats:Poison Spread","ats:Ignite+1","ats:Rapid Magazine+1","ats:Demon Strength+1","ats:True Silver Slash+1","ats:Flame Of Heaven"],"relics":["ats:Sanity","Vajra","Bag of Marbles","ats:Originium","Akabeko"],"acts_visited":["Exordium"],"potions_floor_usage":[13,16],"damage_taken":[{"damage":11,"enemies":"Jaw Worm","floor":1,"turns":3},{"damage":0,"enemies":"Small Slimes","floor":3,"turns":3},{"damage":1,"enemies":"2 Louse","floor":4,"turns":2},{"damage":3,"enemies":"2 Fungi Beasts","floor":8,"turns":2},{"damage":0,"enemies":"Large Slime","floor":11,"turns":4},{"damage":15,"enemies":"3 Sentries","floor":13,"turns":5},{"damage":3,"enemies":"Lots of Slimes","floor":14,"turns":3},{"damage":33,"enemies":"The Guardian","floor":16,"turns":7}],"seed_played":"-2525245249059341748","potions_obtained":[{"floor":1,"key":"SpeedPotion"},{"floor":4,"key":"FearPotion"},{"floor":8,"key":"DuplicationPotion"},{"floor":13,"key":"CultistPotion"}],"is_trial":false,"path_per_floor":["M","?","M","M","$","R","?","M","T","R","M","R","E","M","R","B"],"character_chosen":"DOCTOR_CLASS","items_purchased":[],"campfire_rested":0,"item_purchase_floors":[],"current_hp_per_floor":[61,54,54,53,53,53,53,50,50,50,50,50,35,32,32,0,0],"gold":243,"neow_bonus":"UPGRADE_CARD","is_daily":false,"chose_seed":false,"campfire_upgraded":4,"win_rate":0.0,"timestamp":1609315958,"path_taken":["M","?","M","M","$","R","?","M","T","R","M","R","E","M","R","BOSS"],"items_purchased_type":[],"build_version":"2020-12-22","purchased_purges":0,"victory":false,"max_hp_per_floor":[72,72,72,72,72,72,72,72,72,72,72,72,72,72,72,72,72],"card_choices":[{"not_picked":["ats:Assault Order","ats:Magnetic Hammer"],"picked":"ats:Soul Absorption","floor":1},{"not_picked":["ats:Curse Doll","ats:Shadow Raid"],"picked":"ats:Poison Spread","floor":3},{"not_picked":["ats:Cat Scratch","ats:Charging Defense"],"picked":"ats:Ignite","floor":4},{"not_picked":["ats:Leaping Hammer","ats:Overload"],"picked":"ats:Rapid Magazine","floor":8},{"not_picked":["ats:Cat Scratch","ats:Apocalypse"],"picked":"ats:Demon Strength","floor":11},{"not_picked":["ats:Leaping Hammer","ats:Childhood Dance"],"picked":"ats:True Silver Slash","floor":13},{"not_picked":["ats:Consecutive Shot Auto","ats:Shell Defense"],"picked":"ats:Flame Of Heaven","floor":14}],"player_experience":1049573,"relics_obtained":[{"floor":9,"key":"Bag of Marbles"},{"floor":13,"key":"ats:Originium"},{"floor":13,"key":"Akabeko"}],"event_choices":[{"damage_healed":0,"gold_gain":0,"player_choice":"Success","damage_taken":7,"relics_obtained":["Vajra"],"max_hp_gain":0,"max_hp_loss":0,"event_name":"Scrap Ooze","floor":2,"gold_loss":0},{"damage_healed":0,"gold_gain":0,"player_choice":"Grow","damage_taken":0,"max_hp_gain":0,"max_hp_loss":0,"event_name":"Living Wall","floor":7,"gold_loss":0,"cards_upgraded":["ats:Ignite"]}],"is_beta":false,"boss_relics":[],"items_purged_floors":[],"is_endless":false,"potions_floor_spawned":[1,4,8,13],"killed_by":"The Guardian","ascension_level":0}}