{"host":"c7yluuzpqlymemjk","time":1609300023,"event":{"mods":["BaseMod","Colored Map","GifTheSpireLib","Minty Spire (QoL Compilation)","Relic Stats","StSLib","slay the spire mod where everything is the same but ironclad has a cowboy hat"],"gold_per_floor":[119,119,24,44,64,93,93,123,123,123,93,93,111,73,73,171,171,185,185,196,53,53,53,53,53],"floor_reached":24,"playtime":1672,"items_purged":[],"score":235,"play_id":"b9bf2fd2-2047-4e26-ac06-d4aea0fda2ab","local_time":"20201229194703","is_ascension_mode":true,"campfire_choices":[{"floor":7,"key":"REST"},{"floor":10,"key":"RECALL"},{"data":"Evolve","floor":12,"key":"SMITH"},{"data":"Bash","floor":15,"key":"SMITH"},{"data":"Armaments","floor":23,"key":"SMITH"}],"circlet_count":0,"master_deck":["Strike_R+1","Strike_R","Strike_R","Strike_R","Strike_R","Defend_R","Defend_R","Defend_R","Defend_R+1","Bash+1","Heavy Blade","Power Through","Evolve+1","Twin Strike","Rage","Seeing Red","Wild Strike","Rampage","Berserk","Cleave","RitualDagger","Armaments+1"],"relics":["Burning Blood","Regal Pillow","Magic Flower","Eternal Feather","Snecko Eye","Anchor"],"acts_visited":["Exordium","TheCity"],"potions_floor_usage":[20,20],"damage_taken":[{"damage":10,"enemies":"Small Slimes","floor":1,"turns":5},{"damage":0,"enemies":"2 Louse","floor":4,"turns":3},{"damage":1,"enemies":"Cultist","floor":5,"turns":4},{"damage":41,"enemies":"Gremlin Nob","floor":6,"turns":6},{"damage":53,"enemies":"Lagavulin","floor":8,"turns":10},{"damage":18,"enemies":"Exordium Thugs","floor":11,"turns":5},{"damage":3,"enemies":"Looter","floor":13,"turns":3},{"damage":54,"enemies":"Slime Boss","floor":16,"turns":14},{"damage":18,"enemies":"Shell Parasite","floor":18,"turns":5},{"damage":30,"enemies":"Spheric Guardian","floor":20,"turns":4},{"damage":76,"enemies":"Gremlin Leader","floor":24,"turns":4}],"seed_played":"7257262587822420714","potions_obtained":[{"floor":5,"key":"SneckoOil"},{"floor":11,"key":"SteroidPotion"},{"floor":18,"key":"Energy Potion"}],"is_trial":false,"path_per_floor":["M","?","?","M","M","E","R","E","T","R","M","R","M","$","R","B",null,"M","?","M","$","?","R","E"],"character_chosen":"IRONCLAD","items_purchased":["Rampage","Anchor"],"campfire_rested":1,"item_purchase_floors":[14,21],"current_hp_per_floor":[84,66,66,72,77,42,83,39,39,48,39,48,54,54,63,18,88,79,73,52,52,52,64,0,0],"gold":53,"neow_bonus":"TEN_PERCENT_HP_BONUS","is_daily":false,"chose_seed":false,"campfire_upgraded":3,"win_rate":0.0,"timestamp":1609300023,"path_taken":["M","?","?","M","M","E","R","E","T","R","?","R","M","$","R","BOSS","M","?","M","$","?","R","E"],"items_purchased_type":["Card","Relic"],"build_version":"2020-12-22","purchased_purges":0,"victory":false,"max_hp_per_floor":[88,88,88,88,88,88,88,88,88,88,88,88,88,88,88,88,88,88,88,88,88,88,88,88,88],"relic_stats":{"Regal Pillow":15,"counters":[11,63],"Magic Flower":[18],"Snecko Eye":[23,30,25,18],"Eternal Feather":39,"obtain_stats":[{"Regal Pillow":3,"Anchor":21,"Magic Flower":6,"Snecko Eye":17,"Eternal Feather":8,"Burning Blood":0},{"Regal Pillow":1,"Anchor":10,"Magic Flower":4,"Snecko Eye":8,"Eternal Feather":5,"Burning Blood":0},{"Regal Pillow":5,"Anchor":59,"Magic Flower":18,"Snecko Eye":50,"Eternal Feather":28,"Burning Blood":0}],"Burning Blood":78},"card_choices":[{"not_picked":["Uppercut","Blood for Blood"],"picked":"Heavy Blade","floor":1},{"not_picked":["Thunderclap","Evolve"],"picked":"Power Through","floor":4},{"not_picked":["True Grit","Dropkick"],"picked":"Evolve","floor":5},{"not_picked":["Clothesline","Ghostly Armor"],"picked":"Twin Strike","floor":6},{"not_picked":["Uppercut","Thunderclap"],"picked":"Rage","floor":8},{"not_picked":["Anger","Pommel Strike"],"picked":"Seeing Red","floor":11},{"not_picked":["Offering","Sentinel"],"picked":"Wild Strike","floor":13},{"not_picked":["Limit Break","Exhume"],"picked":"Berserk","floor":16},{"not_picked":["Searing Blow+1","Entrench"],"picked":"Cleave","floor":18},{"not_picked":["Combust+1","Metallicize"],"picked":"Armaments","floor":20}],"player_experience":331304,"relics_obtained":[{"floor":6,"key":"Magic Flower"},{"floor":8,"key":"Eternal Feather"}],"event_choices":[{"damage_healed":0,"gold_gain":0,"player_choice":"Entered Light","damage_taken":18,"max_hp_gain":0,"max_hp_loss":0,"event_name":"Shining Light","floor":2,"gold_loss":0,"cards_upgraded":["Defend_R","Strike_R"]},{"damage_healed":0,"gold_gain":0,"player_choice":"Paid Gold","damage_taken":0,"relics_obtained":["Regal Pillow"],"max_hp_gain":0,"max_hp_loss":0,"event_name":"WeMeetAgain","floor":3,"gold_loss":95},{"damage_healed":0,"gold_gain":0,"player_choice":"Joined the Cult","damage_taken":6,"max_hp_gain":0,"max_hp_loss":0,"event_name":"Nest","floor":19,"gold_loss":0,"cards_obtained":["RitualDagger"]},{"damage_healed":0,"gold_gain":0,"player_choice":"Ignored","damage_taken":0,"max_hp_gain":0,"max_hp_loss":0,"event_name":"Ghosts","floor":22,"gold_loss":0}],"is_beta":false,"boss_relics":[{"not_picked":["Runic Dome","Fusion Hammer"],"picked":"Snecko Eye"}],"items_purged_floors":[],"is_endless":false,"potions_floor_spawned":[5,11,18],"killed_by":"Gremlin Leader","ascension_level":3}}