{"host":"64h6jdpsiwrne03s","time":1609336854,"event":{"mods":["Act Like it!","BaseMod","Bestiary","Colored Powertips","Gensokyo","KomeijiMod","Marisa£®ÏF”Í°°ƒß¿Ì…≥£©","Minty Spire (QoL Compilation)","Reimu£®≤©¿ˆ¡È√Œ£©","Remilia£®¿Ÿ√◊¿Ú—«£©","StSLib","The Servant 0.9.4","Youmu£®ªÍ∆«—˝√Œ£©"],"gold_per_floor":[360,290,103,116,216,216,250,250,276,54,54,54,64,339,339,438,438,455,355,371,371,471,500,500,187,187,515,531,531,531,551,551,804,804,820,820,820,422,441,441,441],"floor_reached":40,"playtime":2874,"items_purged":["Strike_Lin:ReiMu","Strike_Lin:ReiMu"],"score":693,"play_id":"f77855f3-5061-4042-bb35-0fdaec163a36","local_time":"20201230220054","is_ascension_mode":true,"campfire_choices":[{"data":"TightArray:ReiMu","floor":6.0,"key":"SMITH"},{"data":"NB:ReiMu","floor":11.0,"key":"SMITH"},{"floor":15.0,"key":"RECALL"},{"data":"DependentForm:ReiMu","floor":24.0,"key":"SMITH"},{"floor":30.0,"key":"REST"},{"floor":32.0,"key":"REST"}],"circlet_count":0,"master_deck":["Strike_Lin:ReiMu+1","Defend_Lin:ReiMu+1","NB:ReiMu+1","Stagnation:ReiMu","OctopathBindingBorder2:ReiMu","TightArray:ReiMu+1","OctopathBindingBorder2:ReiMu","Shading:ReiMu","Revelation:ReiMu","DependentForm:ReiMu+1","DoubleButterfly:ReiMu+1","Gensokyo:Kunekune","Authority:ReiMu","SpringWay:ReiMu+1","YinYang:ReiMu","Gensokyo:RisingWorld","Gensokyo:Shovel","Gensokyo:BlemishedSteel","Gensokyo:DepletedGenerator","Gensokyo:TarnishedGold"],"relics":["FlyPower:ReiMu","Juzu Bracelet","Pen Nib","Gensokyo:PortableGap","TentaclePot:ReiMu","Salt:ReiMu","Ancient Tea Set","CrownOfHeavens:ReiMu","Ginger","Pocketwatch","Bottled Flame","NitorisBag","Old Coin","Ice Cream","Shuriken","Velvet Choker","Medical Kit","HoshigumaDish"],"acts_visited":["Gensokyo:Gensokyo","Gensokyo:Gensokyoer","Gensokyo:Gensokyoest"],"potions_floor_usage":[],"damage_taken":[{"damage":2.0,"enemies":"Gensokyo:2_Kodama","floor":1.0,"turns":5.0},{"damage":1.0,"enemies":"Gensokyo:Gryphon","floor":4.0,"turns":5.0},{"damage":29.0,"enemies":"Gensokyo:Cirno","floor":7.0,"turns":7.0},{"damage":9.0,"enemies":"Gensokyo:3_Fairies","floor":13.0,"turns":4.0},{"damage":0.0,"enemies":"Gensokyo:Mamizou","floor":14.0,"turns":7.0},{"damage":0.0,"enemies":"Gensokyo:Reimu","floor":16.0,"turns":6.0},{"damage":16.0,"enemies":"Gensokyo:3_Dogs","floor":18.0,"turns":4.0},{"damage":9.0,"enemies":"Gensokyo:2_Gloops","floor":20.0,"turns":4.0},{"damage":3.0,"enemies":"Gensokyo:2_Gloops","floor":22.0,"turns":8.0},{"damage":0.0,"enemies":"Gensokyo:Tenshi","floor":23.0,"turns":5.0},{"damage":9.0,"enemies":"Gensokyo:Reisen","floor":27.0,"turns":7.0},{"damage":0.0,"enemies":"Gensokyo:Slime_Group","floor":28.0,"turns":6.0},{"damage":0.0,"enemies":"Gensokyo:Wraith","floor":31.0,"turns":5.0},{"damage":19.0,"enemies":"Gensokyo:Eiki","floor":33.0,"turns":7.0},{"damage":0.0,"enemies":"Gensokyo:AncientGuardian","floor":35.0,"turns":4.0},{"damage":25,"enemies":"Gensokyo:3_Bats","floor":39,"turns":5},{"damage":22,"enemies":"Gensokyo:Marisa","floor":40,"turns":6}],"seed_played":"-3145131339154224546","potions_obtained":[{"floor":1.0,"key":"Regen Potion"},{"floor":4.0,"key":"FearPotion"},{"floor":13.0,"key":"ExcitationPotion"},{"floor":18.0,"key":"ColorlessPotion"},{"floor":23.0,"key":"EssenceOfSteel"},{"floor":31.0,"key":"Strength Potion"}],"is_trial":false,"path_per_floor":["M","?","COS","M","?","R","E","?","T","$","R","?","M","E","R","B",null,"M","$","M","?","?","E","R","COS","T","E","M","?","R","M","R","B",null,"M","?","?","COS","M","E"],"character_chosen":"REIMU","items_purchased":["TentaclePot:ReiMu"],"campfire_rested":2,"item_purchase_floors":[10],"current_hp_per_floor":[57,57,57,56,56,56,42,42,42,42,42,54,45,45,45,45,52,36,36,27,27,24,24,24,24,24,15,15,15,29,29,43,24,43,43,43,43,43,18,0,0],"gold":441,"neow_bonus":"TWO_FIFTY_GOLD","is_daily":false,"chose_seed":false,"campfire_upgraded":3,"win_rate":0.0,"timestamp":1609336854,"path_taken":["M","?","COS","M","?","R","E","?","T","$","R","?","M","E","R","BOSS","M","$","M","?","?","E","R","COS","T","E","M","?","R","M","R","BOSS","M","?","?","COS","M","E"],"items_purchased_type":["Relic"],"build_version":"2020-12-22","purchased_purges":2,"victory":false,"max_hp_per_floor":[59,59,59,59,59,59,59,54,54,54,54,54,54,54,54,54,54,54,54,54,49,49,49,49,49,49,49,49,49,49,49,49,49,49,49,49,49,49,49,49,49],"card_choices":[{"not_picked":["AirStrike:ReiMu","TakeOff:ReiMu"],"picked":"OctopathBindingBorder2:ReiMu","floor":1.0},{"not_picked":["Intuition:ReiMu","SubcavityFantasy:ReiMu"],"picked":"TightArray:ReiMu","floor":4.0},{"not_picked":["TakeOff:ReiMu","InherentArray:ReiMu"],"picked":"OctopathBindingBorder2:ReiMu","floor":7.0},{"not_picked":["HakureiPhantom:ReiMu","RunawayExorcism:ReiMu"],"picked":"Shading:ReiMu","floor":13.0},{"not_picked":["UniversalSpiritual:ReiMu","OrbThrow:ReiMu"],"picked":"Revelation:ReiMu","floor":13.0},{"not_picked":["CareerPray:ReiMu","Intuition:ReiMu","Enchanting:ReiMu"],"picked":"SKIP","floor":14.0},{"not_picked":["KyokaiOfKami:ReiMu","YinYang:ReiMu"],"picked":"DependentForm:ReiMu","floor":16.0},{"not_picked":["FantasyBorder:ReiMu","LearningPray:ReiMu","Intuition:ReiMu"],"picked":"SKIP","floor":18.0},{"not_picked":["Meditation:ReiMu","FantasyBorder:ReiMu"],"picked":"DoubleButterfly:ReiMu+1","floor":20.0},{"not_picked":["Gensokyo:MissMary","Gensokyo:Doppelganger"],"picked":"Gensokyo:Kunekune","floor":21.0},{"not_picked":["SpringWay:ReiMu","Intuition:ReiMu+1"],"picked":"Authority:ReiMu","floor":23.0},{"not_picked":["TakeOff:ReiMu","RunawayExorcism:ReiMu","FineLineFantasy:ReiMu"],"picked":"SKIP","floor":27.0},{"not_picked":["MikOfLucky:ReiMu","Enchanting:ReiMu","WonderfulDomain:ReiMu"],"picked":"SKIP","floor":28.0},{"not_picked":["LovePray:ReiMu","CareerPray:ReiMu"],"picked":"SpringWay:ReiMu+1","floor":31.0},{"not_picked":["Dreaming:ReiMu","Shading:ReiMu"],"picked":"YinYang:ReiMu","floor":33.0},{"not_picked":["Mountainwind:ReiMu","Conquer:ReiMu+1","WonderfulDomain:ReiMu"],"picked":"SKIP","floor":35.0},{"not_picked":["Gensokyo:MorningMist","Gensokyo:BrilliantDragonBullet"],"picked":"Gensokyo:RisingWorld","floor":37},{"not_picked":["Conquer:ReiMu+1","YinYangSign:ReiMu","FineLineFantasy:ReiMu"],"picked":"SKIP","floor":39}],"player_experience":318646,"relics_obtained":[{"floor":7.0,"key":"Pen Nib"},{"floor":9.0,"key":"Bronze Scales"},{"floor":14.0,"key":"Ancient Tea Set"},{"floor":22.0,"key":"Ginger"},{"floor":22.0,"key":"Pocketwatch"},{"floor":23.0,"key":"Bottled Flame"},{"floor":27.0,"key":"Old Coin"}],"event_choices":[],"is_beta":false,"boss_relics":[{"not_picked":["Astrolabe","Ectoplasm"],"picked":"CrownOfHeavens:ReiMu"},{"not_picked":["Philosopher\u0027s Stone","Tiny House"],"picked":"Velvet Choker"}],"items_purged_floors":[10,19],"is_endless":false,"potions_floor_spawned":[1,4,13,18,23,31],"killed_by":"Gensokyo:Marisa","ascension_level":6}}