{"host":"fve2mjc52c1d2twu","time":1609356330,"event":{"mods":["AchievementEnabler","BaseMod","Colored Map","Colored Powertips","DeckTracker","Highlight Path","Minty Spire (QoL Compilation)","Quick Restart","Relic Stats","Slay-I"],"gold_per_floor":[114,129,144,159,174,174,204,204,504,534,534,549,579,594,594,694,694,709,112,112,35,50,50,65,80,80,80,110,110,125,140,140,240,240,255,270,285,82,97,97,112,112,112,112,127,157,172,202,202,202],"floor_reached":51,"playtime":6172,"items_purged":["Strike_B"],"score":930,"play_id":"14b79244-a09c-4ce3-a41a-8768ba2ca252","local_time":"20201230202530","daily_mods":["Cursed Run","Diverse","DeadlyEvents"],"is_ascension_mode":false,"campfire_choices":[{"data":"Fire Breathing","floor":6.0,"key":"SMITH"},{"data":"Zap","floor":8.0,"key":"SMITH"},{"data":"Malaise","floor":15.0,"key":"SMITH"},{"data":"1","floor":23.0,"key":"LIFT"},{"data":"2","floor":27.0,"key":"LIFT"},{"data":"3","floor":32.0,"key":"LIFT"},{"data":"Phantasmal Killer","floor":40.0,"key":"SMITH"},{"data":"Heavy Blade","floor":42.0,"key":"SMITH"},{"data":"Doom and Gloom","floor":44.0,"key":"SMITH"},{"data":"Sucker Punch","floor":49.0,"key":"SMITH"}],"circlet_count":0,"master_deck":["Strike_B","Strike_B","Strike_B","Defend_B","Defend_B","Defend_B","Defend_B","Zap+1","Dualcast","Compile Driver","Doom and Gloom+1","Fire Breathing+1","Redo","CrushJoints","Headbutt","Normality","Malaise+1","Heavy Blade+1","Immolate","Normality","Phantasmal Killer+1","CurseOfTheBell","Coolheaded","Shrug It Off+1","BootSequence+1","Compile Driver","Chill+1","Prepared+1","Doubt","Beam Cell","Pain","Redo+1","Terror+1","Clumsy","Ragnarok","Warcry+1","Riddle With Holes+1","Riddle With Holes+1","Cold Snap","Compile Driver+1","Backstab","Writhe","Battle Trance+1","Sucker Punch+1","Normality"],"relics":["Cursed Key","Darkstone Periapt","Du-Vu Doll","Meat on the Bone","Old Coin","Bottled Flame","Bottled Tornado","Calling Bell","Lantern","Pear","Girya","Question Card","Toxic Egg 2","Eternal Feather","Letter Opener","StrikeDummy","Inserter","DollysMirror","HornCleat","Singing Bowl","Anchor"],"acts_visited":["Exordium","TheCity","TheBeyond"],"potions_floor_usage":[],"damage_taken":[{"damage":1.0,"enemies":"Cultist","floor":1.0,"turns":3.0},{"damage":5.0,"enemies":"Small Slimes","floor":2.0,"turns":2.0},{"damage":1.0,"enemies":"Jaw Worm","floor":3.0,"turns":2.0},{"damage":11.0,"enemies":"Exordium Thugs","floor":4.0,"turns":4.0},{"damage":0.0,"enemies":"2 Fungi Beasts","floor":5.0,"turns":2.0},{"damage":8.0,"enemies":"3 Sentries","floor":7.0,"turns":5.0},{"damage":32.0,"enemies":"Gremlin Nob","floor":10.0,"turns":4.0},{"damage":5.0,"enemies":"Looter","floor":12.0,"turns":2.0},{"damage":19.0,"enemies":"Lagavulin","floor":13.0,"turns":5.0},{"damage":2.0,"enemies":"Blue Slaver","floor":14.0,"turns":2.0},{"damage":23.0,"enemies":"Hexaghost","floor":16.0,"turns":7.0},{"damage":12.0,"enemies":"Shell Parasite","floor":18.0,"turns":3.0},{"damage":5.0,"enemies":"3 Byrds","floor":22.0,"turns":4.0},{"damage":5.0,"enemies":"Snecko","floor":24.0,"turns":3.0},{"damage":0.0,"enemies":"Sentry and Sphere","floor":25.0,"turns":3.0},{"damage":5.0,"enemies":"Book of Stabbing","floor":28.0,"turns":5.0},{"damage":5.0,"enemies":"Snake Plant","floor":30.0,"turns":3.0},{"damage":13.0,"enemies":"Snecko","floor":31.0,"turns":3.0},{"damage":14.0,"enemies":"Collector","floor":33.0,"turns":5.0},{"damage":0.0,"enemies":"3 Shapes","floor":35.0,"turns":2.0},{"damage":2.0,"enemies":"Orb Walker","floor":36.0,"turns":3.0},{"damage":17.0,"enemies":"Writhing Mass","floor":37.0,"turns":5.0},{"damage":2.0,"enemies":"4 Shapes","floor":39.0,"turns":4.0},{"damage":18.0,"enemies":"Maw","floor":41.0,"turns":5.0},{"damage":0.0,"enemies":"Transient","floor":45.0,"turns":5.0},{"damage":3.0,"enemies":"Nemesis","floor":46.0,"turns":5.0},{"damage":0.0,"enemies":"4 Shapes","floor":47.0,"turns":2.0},{"damage":0.0,"enemies":"Reptomancer","floor":48.0,"turns":2.0},{"damage":30,"enemies":"Donu and Deca","floor":50,"turns":5}],"seed_played":"9091901603564859836","potions_obtained":[{"floor":4.0,"key":"EssenceOfSteel"},{"floor":7.0,"key":"Dexterity Potion"},{"floor":10.0,"key":"FearPotion"},{"floor":12.0,"key":"LiquidMemories"},{"floor":28.0,"key":"Explosive Potion"},{"floor":33.0,"key":"PowerPotion"},{"floor":35.0,"key":"Ancient Potion"},{"floor":39.0,"key":"AttackPotion"},{"floor":41.0,"key":"ColorlessPotion"},{"floor":48.0,"key":"Block Potion"}],"is_trial":false,"path_per_floor":["M","M","M","M","M","R","E","R","T","E","?","M","E","M","R","B",null,"M","$","?","$","M","R","M","M","T","R","E","T","M","M","R","B",null,"M","M","M","$","M","R","M","R","T","R","M","E","M","E","R","B",null],"character_chosen":"DEFECT","items_purchased":["Question Card","Toxic Egg 2","Shrug It Off+1","BootSequence+1","DollysMirror","Cold Snap"],"campfire_rested":0,"item_purchase_floors":[19,19,19,21,38,38],"current_hp_per_floor":[74,69,68,57,57,57,49,49,55,35,81,76,57,55,55,50,103,91,91,91,91,86,86,81,81,87,102,97,103,98,85,103,95,121,121,119,102,102,100,121,103,121,127,127,127,126,128,128,131,107],"gold":202,"neow_bonus":"","is_daily":true,"chose_seed":false,"campfire_upgraded":7,"win_rate":0.0,"timestamp":1609356330,"path_taken":["M","M","?","?","M","R","?","R","T","E","?","M","?","M","R","BOSS","M","$","?","$","M","R","M","M","T","R","E","?","M","M","R","BOSS","M","M","M","$","M","R","M","R","T","R","M","E","M","E","R","BOSS"],"items_purchased_type":["Relic","Relic","Card","Card","Relic","Card"],"build_version":"2020-12-22","purchased_purges":1,"victory":true,"max_hp_per_floor":[75,75,75,75,75,75,75,75,81,81,81,81,81,81,81,87,103,103,103,103,103,103,103,103,103,109,109,109,115,115,115,115,121,121,121,121,121,121,121,121,121,121,127,127,127,129,131,131,131,137],"relic_stats":{"Darkstone Periapt":48,"Inserter":[19],"Singing Bowl":4,"counters":[29,105],"Eternal Feather":75,"Letter Opener":[75],"Cursed Key":4,"Question Card":16,"obtain_stats":[{"Darkstone Periapt":0,"Girya":17,"Lantern":17,"Pear":17,"Inserter":34,"Singing Bowl":46,"Eternal Feather":26,"Letter Opener":28,"Bottled Tornado":13,"Cursed Key":0,"Question Card":19,"Old Coin":9,"Du-Vu Doll":0,"Calling Bell":17,"Bottled Flame":10,"Anchor":48,"HornCleat":43,"DollysMirror":38,"Toxic Egg 2":19,"StrikeDummy":29,"Meat on the Bone":7},{"Darkstone Periapt":0,"Girya":11,"Lantern":11,"Pear":11,"Inserter":19,"Singing Bowl":26,"Eternal Feather":15,"Letter Opener":16,"Bottled Tornado":9,"Cursed Key":0,"Question Card":12,"Old Coin":6,"Du-Vu Doll":0,"Calling Bell":11,"Bottled Flame":7,"Anchor":28,"HornCleat":24,"DollysMirror":22,"Toxic Egg 2":12,"StrikeDummy":16,"Meat on the Bone":6},{"Darkstone Periapt":0,"Girya":38,"Lantern":38,"Pear":38,"Inserter":67,"Singing Bowl":96,"Eternal Feather":51,"Letter Opener":56,"Bottled Tornado":29,"Cursed Key":0,"Question Card":41,"Old Coin":18,"Du-Vu Doll":0,"Calling Bell":38,"Bottled Flame":22,"Anchor":100,"HornCleat":86,"DollysMirror":77,"Toxic Egg 2":41,"StrikeDummy":56,"Meat on the Bone":18}],"Meat on the Bone":24},"card_choices":[{"not_picked":["PiercingWail","Poisoned Stab"],"picked":"Compile Driver","floor":1.0},{"not_picked":["EmptyFist","Havoc"],"picked":"Doom and Gloom","floor":2.0},{"not_picked":["Outmaneuver","Melter"],"picked":"Fire Breathing","floor":3.0},{"not_picked":["PathToVictory","FlyingSleeves"],"picked":"Redo","floor":4.0},{"not_picked":["Genetic Algorithm","Second Wind"],"picked":"CrushJoints","floor":5.0},{"not_picked":["Poisoned Stab","Barrage"],"picked":"Headbutt","floor":7.0},{"not_picked":["LikeWater","Quick Slash"],"picked":"Malaise","floor":10.0},{"not_picked":["Acrobatics","Slice"],"picked":"Heavy Blade","floor":12.0},{"not_picked":["Undo","Tactician"],"picked":"Immolate","floor":13.0},{"not_picked":["SashWhip","Halt","Stack"],"picked":"SKIP","floor":14.0},{"not_picked":["Amplify","Hyperbeam"],"picked":"Phantasmal Killer","floor":16.0},{"not_picked":["Prostrate","Carnage+1"],"picked":"Coolheaded","floor":18.0},{"not_picked":["Melter","Deflect+1","Underhanded Strike"],"picked":"Compile Driver","floor":22.0},{"not_picked":["Corpse Explosion+1","Doom and Gloom+1","Cold Snap"],"picked":"Chill+1","floor":24.0},{"not_picked":["Sentinel+1","PiercingWail+1","True Grit+1"],"picked":"Prepared+1","floor":25.0},{"not_picked":["Conclude","Flechettes","Sever Soul"],"picked":"Beam Cell","floor":28.0},{"not_picked":["PathToVictory+1","Amplify+1","SashWhip+1"],"picked":"Redo+1","floor":30.0},{"not_picked":["Bloodletting+1","Underhanded Strike","Shrug It Off+1"],"picked":"Terror+1","floor":31.0},{"not_picked":["Juggernaut","MasterReality","After Image"],"picked":"Ragnarok","floor":33.0},{"not_picked":["Clothesline","JustLucky","Body Slam"],"picked":"Warcry+1","floor":35.0},{"not_picked":["Burning Pact+1","Poisoned Stab+1","Force Field+1","Evaluate+1"],"picked":"SKIP","floor":36.0},{"not_picked":["Rage+1","Choke+1","PiercingWail+1"],"picked":"Riddle With Holes+1","floor":37.0},{"not_picked":["Force Field+1","Uppercut","FearNoEvil"],"picked":"Compile Driver+1","floor":39.0},{"not_picked":["Cold Snap","Coolheaded+1","Fasting2"],"picked":"Backstab","floor":41.0},{"not_picked":["Sentinel+1","Blur+1","Darkness+1"],"picked":"Battle Trance+1","floor":45.0},{"not_picked":["Capacitor+1","Redo+1","Perfected Strike+1","Rampage+1"],"picked":"Singing Bowl","floor":46.0},{"not_picked":["Endless Agony+1","Masterful Stab+1","Acrobatics+1","Rip and Tear"],"picked":"Singing Bowl","floor":47.0},{"not_picked":["Terror+1","Wild Strike","EmptyFist"],"picked":"Sucker Punch","floor":48.0}],"player_experience":112798,"relics_obtained":[{"floor":7.0,"key":"Meat on the Bone"},{"floor":9.0,"key":"Old Coin"},{"floor":10.0,"key":"Bottled Flame"},{"floor":13.0,"key":"Bottled Tornado"},{"floor":17.0,"key":"Lantern"},{"floor":17.0,"key":"Pear"},{"floor":17.0,"key":"Girya"},{"floor":26.0,"key":"Eternal Feather"},{"floor":28.0,"key":"Letter Opener"},{"floor":29.0,"key":"StrikeDummy"},{"floor":43.0,"key":"HornCleat"},{"floor":46.0,"key":"Singing Bowl"},{"floor":48.0,"key":"Anchor"}],"event_choices":[{"damage_healed":46.0,"max_hp_gain":0.0,"max_hp_loss":0.0,"gold_gain":0.0,"event_name":"Wheel of Change","player_choice":"Full Heal","floor":11.0,"gold_loss":0.0,"damage_taken":0.0},{"damage_healed":0.0,"max_hp_gain":0.0,"max_hp_loss":0.0,"gold_gain":0.0,"event_name":"Ghosts","player_choice":"Ignored","floor":20.0,"gold_loss":0.0,"damage_taken":0.0}],"is_beta":false,"boss_relics":[{"not_picked":["Philosopher\u0027s Stone","Empty Cage"],"picked":"Calling Bell"},{"not_picked":["Astrolabe","Runic Dome"],"picked":"Inserter"}],"items_purged_floors":[19],"is_endless":false,"potions_floor_spawned":[4,7,10,12,28,33,35,39,41,48],"ascension_level":0}}