{"host":"981nlwu0905dw1bz","time":1609356684,"event":{"mods":["BaseMod","DeckTracker","Minty Spire (QoL Compilation)","Rare Cards Sparkle","SuperFastMode"],"gold_per_floor":[112,187,187,287,31,66,66,82,106,137,167,179,208,236,248,355,367,391,403,415,444,456,501,525,537,576,588,611,955,500,500,500,600,600,617,617,135,135,146,146,159,159,159,159,159],"floor_reached":44,"playtime":1344,"items_purged":["Strike_G+1"],"score":755,"play_id":"648450b4-8f75-4ee1-be94-1d62fab7cbd6","local_time":"20201231043124","is_ascension_mode":true,"campfire_choices":[{"data":"Blade Dance","floor":7.0,"key":"SMITH"},{"floor":15,"key":"REST"},{"floor":25,"key":"REST"},{"floor":27,"key":"REST"},{"floor":32,"key":"REST"},{"data":"Apotheosis","floor":40,"key":"SMITH"},{"data":"Catalyst","floor":42,"key":"SMITH"}],"circlet_count":0,"master_deck":["AscendersBane","Strike_G+1","Strike_G+1","Strike_G+1","Strike_G+1","Defend_G+1","Defend_G+1","Defend_G+1","Defend_G+1","Defend_G+1","Survivor+1","Neutralize","Acrobatics","Blade Dance+1","Dodge and Roll","Accuracy","Deadly Poison","All Out Attack","Leg Sweep","After Image","CurseOfTheBell","Cloak And Dagger+1","Dagger Throw","Apotheosis+1","Dash","Envenom+1","The Bomb","Terror","Noxious Fumes+1","Mayhem+1","Catalyst+1"],"relics":["Ring of the Snake","NeowsBlessing","Shuriken","Oddly Smooth Stone","MawBank","Calling Bell","Nunchaku","Ninja Scroll","Torii","Matryoshka","Frozen Egg 2","Pen Nib","Bag of Marbles","Old Coin","Vajra","Black Star","Lee\u0027s Waffle","Blood Vial","Ice Cream"],"acts_visited":["Exordium","TheCity","TheBeyond"],"potions_floor_usage":[11,14,16,23,33,33,44],"damage_taken":[{"damage":0.0,"enemies":"Jaw Worm","floor":1.0,"turns":1.0},{"damage":0.0,"enemies":"3 Sentries","floor":6.0,"turns":1.0},{"damage":0.0,"enemies":"2 Louse","floor":8.0,"turns":1.0},{"damage":0.0,"enemies":"Cultist","floor":10.0,"turns":3.0},{"damage":0,"enemies":"Lots of Slimes","floor":11,"turns":2},{"damage":29,"enemies":"Exordium Thugs","floor":13,"turns":5},{"damage":0,"enemies":"Exordium Wildlife","floor":14,"turns":1},{"damage":19,"enemies":"The Guardian","floor":16,"turns":13},{"damage":0,"enemies":"3 Byrds","floor":18,"turns":6},{"damage":0,"enemies":"Spheric Guardian","floor":21,"turns":3},{"damage":49,"enemies":"Gremlin Leader","floor":23,"turns":8},{"damage":7,"enemies":"Centurion and Healer","floor":24,"turns":7},{"damage":1,"enemies":"Snake Plant","floor":28,"turns":4},{"damage":24,"enemies":"Book of Stabbing","floor":29,"turns":6},{"damage":43,"enemies":"Champ","floor":33,"turns":10},{"damage":0,"enemies":"3 Darklings","floor":35,"turns":2},{"damage":0,"enemies":"3 Shapes","floor":39,"turns":3},{"damage":8,"enemies":"Maw","floor":41,"turns":7},{"damage":94,"enemies":"Giant Head","floor":44,"turns":8}],"seed_played":"2206781777256037873","potions_obtained":[{"floor":1.0,"key":"DuplicationPotion"},{"floor":6.0,"key":"Strength Potion"},{"floor":13,"key":"AttackPotion"},{"floor":21,"key":"Regen Potion"},{"floor":28,"key":"Ancient Potion"},{"floor":29,"key":"SteroidPotion"},{"floor":41,"key":"SpeedPotion"}],"is_trial":false,"path_per_floor":["M","?","?","?","$","E","R","M","T","M","M","$","M","M","R","B",null,"M","?","$","M","T","E","M","R","T","R","M","E","$","?","R","B",null,"M","?","$","?","M","R","M","R","T","E"],"character_chosen":"THE_SILENT","items_purchased":["Shuriken","Apotheosis","Vajra","Dash","Terror","Lee\u0027s Waffle","Noxious Fumes+1","Mayhem+1"],"campfire_rested":4,"item_purchase_floors":[5,30,30,30,37,37,37,37],"current_hp_per_floor":[63,52,52,52,52,52,52,52,52,52,52,52,23,23,44,25,59,59,59,59,59,59,22,15,36,36,57,56,32,32,32,53,10,55,55,55,77,77,77,77,69,69,69,0,0],"gold":159,"neow_bonus":"THREE_ENEMY_KILL","is_daily":false,"chose_seed":false,"campfire_upgraded":3,"win_rate":0.0,"timestamp":1609356684,"path_taken":["M","?","?","?","$","E","R","?","T","?","M","?","M","M","R","BOSS","M","?","$","M","?","E","M","R","T","R","?","E","$","?","R","BOSS","M","?","$","?","M","R","M","R","T","E"],"items_purchased_type":["Relic","Card","Relic","Card","Card","Relic","Card","Card"],"build_version":"2020-12-22","purchased_purges":1,"victory":false,"max_hp_per_floor":[70,70,70,70,70,70,70,70,70,70,70,70,70,70,70,70,70,70,70,70,70,70,70,70,70,70,70,70,70,70,70,70,70,70,70,70,77,77,77,77,77,77,77,77,77],"card_choices":[{"not_picked":["Predator","Accuracy"],"picked":"Acrobatics","floor":1.0},{"not_picked":["Setup","Distraction"],"picked":"Blade Dance","floor":6.0},{"not_picked":["Acrobatics","Outmaneuver"],"picked":"Dodge and Roll","floor":8.0},{"not_picked":["Blur","Deflect"],"picked":"Accuracy","floor":10.0},{"not_picked":["Backstab","Quick Slash"],"picked":"Deadly Poison","floor":11},{"not_picked":["Slice","Dodge and Roll"],"picked":"All Out Attack","floor":13},{"not_picked":["Distraction","Riddle With Holes"],"picked":"Leg Sweep","floor":14},{"not_picked":["Night Terror","Malaise"],"picked":"After Image","floor":16},{"not_picked":["Deadly Poison","Masterful Stab"],"picked":"Cloak And Dagger+1","floor":18},{"not_picked":["Flying Knee","Catalyst"],"picked":"Dagger Throw","floor":21},{"not_picked":["Outmaneuver","Caltrops+1","Dagger Spray"],"picked":"SKIP","floor":23},{"not_picked":["Quick Slash","Doppelganger","Poisoned Stab"],"picked":"SKIP","floor":24},{"not_picked":["Heel Hook","Sucker Punch+1","Predator"],"picked":"SKIP","floor":28},{"not_picked":["Prepared","Outmaneuver+1","Deflect"],"picked":"SKIP","floor":29},{"not_picked":["Tools of the Trade+1","Die Die Die"],"picked":"Envenom+1","floor":33},{"not_picked":["Masterful Stab","Dash","Predator"],"picked":"SKIP","floor":35},{"not_picked":["Forethought","PanicButton"],"picked":"The Bomb","floor":36},{"not_picked":["Outmaneuver","Dagger Spray+1","Flying Knee+1"],"picked":"SKIP","floor":39},{"not_picked":["Backstab+1","Slice+1"],"picked":"Catalyst","floor":41}],"player_experience":514744,"relics_obtained":[{"floor":6.0,"key":"Oddly Smooth Stone"},{"floor":9.0,"key":"MawBank"},{"floor":17,"key":"Nunchaku"},{"floor":17,"key":"Ninja Scroll"},{"floor":17,"key":"Torii"},{"floor":22,"key":"Matryoshka"},{"floor":23,"key":"Frozen Egg 2"},{"floor":26,"key":"Pen Nib"},{"floor":26,"key":"Bag of Marbles"},{"floor":29,"key":"Old Coin"},{"floor":43,"key":"Blood Vial"},{"floor":43,"key":"Ice Cream"}],"event_choices":[{"damage_healed":0.0,"max_hp_gain":0.0,"max_hp_loss":0.0,"gold_gain":75.0,"event_name":"World of Goop","player_choice":"Gather Gold","floor":2.0,"gold_loss":0.0,"damage_taken":11.0},{"damage_healed":0.0,"max_hp_gain":0.0,"max_hp_loss":0.0,"gold_gain":0.0,"event_name":"Living Wall","player_choice":"Grow","floor":3.0,"gold_loss":0.0,"damage_taken":0.0,"cards_upgraded":["Survivor"]},{"damage_healed":0.0,"max_hp_gain":0.0,"max_hp_loss":0.0,"gold_gain":100.0,"event_name":"Golden Shrine","player_choice":"Pray","floor":4.0,"gold_loss":0.0,"damage_taken":0.0},{"damage_healed":0,"gold_gain":0,"player_choice":"Simplicity","damage_taken":0,"max_hp_gain":0,"max_hp_loss":0,"event_name":"Back to Basics","floor":19,"gold_loss":0,"cards_upgraded":["Strike_G","Strike_G","Strike_G","Strike_G","Strike_G","Defend_G","Defend_G","Defend_G","Defend_G","Defend_G"]},{"damage_healed":0,"gold_gain":0,"player_choice":"Ignored","damage_taken":0,"max_hp_gain":0,"max_hp_loss":0,"event_name":"Beggar","floor":31,"gold_loss":0},{"damage_healed":0,"gold_gain":0,"player_choice":"Memory 1","damage_taken":0,"max_hp_gain":0,"max_hp_loss":0,"event_name":"SensoryStone","floor":36,"gold_loss":0},{"damage_healed":0,"gold_gain":0,"player_choice":"Ignored","damage_taken":0,"max_hp_gain":0,"max_hp_loss":0,"event_name":"Tomb of Lord Red Mask","floor":38,"gold_loss":0}],"is_beta":false,"boss_relics":[{"not_picked":["Ectoplasm","Runic Pyramid"],"picked":"Calling Bell"},{"not_picked":["Tiny House","Coffee Dripper"],"picked":"Black Star"}],"items_purged_floors":[30],"is_endless":false,"potions_floor_spawned":[1,6,10,13,21,28,29,41],"killed_by":"Giant Head","ascension_level":11}}