{"host":"s0ikvqhe10eopvjn","time":1609288549,"event":{"mods":["Act Like it!","Bard","BaseMod","Block Reminder","Colored Map","Colored Powertips","DeckTracker","Downfall","Halation","Hallownest","Hermit","Highlight Path","Hubris","Infinite Spire","Mad Scientist","Minty Spire (QoL Compilation)","Permanent Neow","Random Character Button","Replay The Spire","StSLib","The Blackbeard","The Blue Laboratory","The Bug Knight","The Cursed","The Disciple","The Mystic","The Necromancer","The Servant 0.9.4"],"gold_per_floor":[114,132,144,29,39,68,68,80,80,80,47,47,58,72,72,174,174,187,206,226,226,241,241,241,241,241,255,4,16,16,16,16,111,111,131,131,149,159,159,159,174,19,19,32,32,43,43,62,62,62,62,62,26,58,58,58],"floor_reached":55,"playtime":2781,"items_purged":["Strike_R","Strike_R","SwitchConfidence","Strike_R"],"score":725,"play_id":"1279d1af-ad4c-49fc-9a97-689fa147725d","local_time":"20201230003549","is_ascension_mode":false,"campfire_choices":[{"floor":7,"key":"RECALL"},{"data":"infinitespire:Fortify","floor":12,"key":"SMITH"},{"data":"ReplayReversal","floor":15,"key":"SMITH"},{"floor":23,"key":"REST"},{"data":"hubris:InfiniteBlow+8","floor":25,"key":"SMITH"},{"data":"hubris:InfiniteBlow+9","floor":30,"key":"SMITH"},{"data":"hubris:InfiniteBlow+10","floor":32,"key":"SMITH"},{"data":"hubris:InfiniteBlow+11","floor":40,"key":"SMITH"},{"floor":45,"key":"REST"},{"floor":47,"key":"REST"},{"floor":49,"key":"REST"},{"data":"hubris:InfiniteBlow+12","floor":52,"key":"SMITH"}],"circlet_count":0,"master_deck":["Strike_R+1","Strike_R+1","Defend_R","Defend_R","Defend_R","Defend_R","Bash","Run Through","Inflame","Metallicize","ReplayReversal+1","Shrug It Off","infinitespire:Fortify+1","Anger+1","Armaments","ReplayReversal","Demon Form","Run Through","Headbutt+1","hubris:InfiniteBlow+13","infinitespire:OneForAll","Whirlwind","Heavy Blade","Headbutt+1","Limit Break"],"relics":["Burning Blood","NeowsBlessing","Omamori","Ooze Armor","Bottled Tornado","Replay:Accelerometer","Replay:Bottled Flurry","Simple Rune","SlaversCollar","hubris:ToyBattleship","Membership Card","InkBottle","Replay:Rubber Ducky"],"acts_visited":["Exordium","TheCity","TheBeyond","TheEnding"],"potions_floor_usage":[14,19,55,55,55],"damage_taken":[{"damage":0,"enemies":"Cultist","floor":1,"turns":1},{"damage":0,"enemies":"2 Louse","floor":2,"turns":1},{"damage":0,"enemies":"Jaw Worm","floor":3,"turns":1},{"damage":21,"enemies":"Exordium Wildlife","floor":5,"turns":5},{"damage":32,"enemies":"Gremlin Nob","floor":6,"turns":5},{"damage":0,"enemies":"Large Slime","floor":8,"turns":8},{"damage":0,"enemies":"3 Louse","floor":13,"turns":2},{"damage":5,"enemies":"2 Fungi Beasts","floor":14,"turns":4},{"damage":0,"enemies":"Slime Boss","floor":16,"turns":11},{"damage":13,"enemies":"Chosen","floor":18,"turns":5},{"damage":7,"enemies":"Shell Parasite","floor":19,"turns":6},{"damage":33,"enemies":"Shelled Parasite and Fungi","floor":20,"turns":6},{"damage":3,"enemies":"Snecko","floor":22,"turns":3},{"damage":8,"enemies":"Centurion and Healer","floor":27,"turns":6},{"damage":0,"enemies":"Snake Plant","floor":29,"turns":1},{"damage":34,"enemies":"hubris:MusketHawk","floor":33,"turns":6},{"damage":32,"enemies":"3 Shapes","floor":35,"turns":4},{"damage":0,"enemies":"Orb Walker","floor":37,"turns":1},{"damage":9,"enemies":"Spire Growth","floor":38,"turns":3},{"damage":32,"enemies":"Transient","floor":41,"turns":5},{"damage":32,"enemies":"Writhing Mass","floor":44,"turns":4},{"damage":18,"enemies":"Jaw Worm Horde","floor":46,"turns":5},{"damage":6,"enemies":"Spire Growth","floor":48,"turns":3},{"damage":65,"enemies":"Awakened One","floor":50,"turns":9},{"damage":0,"enemies":"Shield and Spear","floor":54,"turns":3},{"damage":103,"enemies":"The Heart","floor":55,"turns":6}],"seed_played":"-268091192707203113","potions_obtained":[{"floor":3,"key":"blueLaboratory:BottledHope"},{"floor":8,"key":"Adrenaline Potion"},{"floor":16,"key":"blueLaboratory:HorrorPotion"},{"floor":19,"key":"FairyPotion"},{"floor":22,"key":"HeartOfIron"}],"is_trial":false,"path_per_floor":["M","M","M","$","M","E","R","M","T","?","$","R","M","M","R","B",null,"M","M","M","AVR","M","R","?","R","T","M","$","M","R","?","R","B",null,"M","AVR","M","M","?","R","M","$","T","M","R","M","R","M","R","B",null,"R","$","E","B"],"character_chosen":"IRONCLAD","items_purchased":["Metallicize","Anger+1","Simple Rune","Membership Card","GamblersBrew"],"campfire_rested":4,"item_purchase_floors":[4,11,28,42,53],"current_hp_per_floor":[80,80,80,80,65,39,39,45,45,45,45,45,51,52,52,58,80,73,72,45,45,48,72,72,72,72,70,70,76,76,76,76,48,80,54,54,60,57,57,57,31,31,31,30,54,42,66,66,80,21,80,80,80,80,0,0],"gold":58,"neow_bonus":"THREE_ENEMY_KILL","is_daily":false,"chose_seed":false,"campfire_upgraded":7,"win_rate":0.0,"timestamp":1609288549,"path_taken":["M","?","M","$","M","E","R","M","T","?","$","R","M","M","R","BOSS","M","M","M","AVR","M","R","?","R","T","M","$","M","R","?","R","BOSS","M","AVR","M","M","?","R","M","?","T","M","R","?","R","M","R","BOSS","R","$","E","BOSS"],"items_purchased_type":["Card","Card","Relic","Relic","Potion"],"build_version":"2020-12-22","purchased_purges":4,"victory":false,"max_hp_per_floor":[80,80,80,80,80,80,80,80,80,80,80,80,80,80,80,80,80,80,80,80,80,80,80,80,80,80,80,80,80,80,80,80,80,80,80,80,80,80,80,80,80,80,80,80,80,80,80,80,80,80,80,80,80,80,80,80],"card_choices":[{"not_picked":["Fire Breathing","Anger"],"picked":"Run Through","floor":1},{"not_picked":["Headbutt","Warcry","Dual Wield"],"picked":"SKIP","floor":2},{"not_picked":["Perfected Strike","Rage"],"picked":"Inflame","floor":3},{"not_picked":["Replay:Undeath\u0027s Touch","Massacre","Dual Wield"],"picked":"SKIP","floor":5},{"not_picked":["Perfected Strike","Flex"],"picked":"ReplayReversal","floor":6},{"not_picked":["Uppercut","Heavy Blade"],"picked":"Shrug It Off","floor":8},{"not_picked":["ReplayTheSpireMod:??????????????????????","ReplayTheSpireMod:Chaos Vortex"],"picked":"infinitespire:Fortify","floor":10},{"not_picked":["ReplayTheSpireMod:LeadingStrike","Fiend Fire"],"picked":"Armaments","floor":13},{"not_picked":["Rupture","Disarm"],"picked":"ReplayReversal","floor":14},{"not_picked":["Feed","Demonic Infusion"],"picked":"Demon Form","floor":16},{"not_picked":["Replay:Undeath\u0027s Touch+1","Twin Strike","Iron Wave"],"picked":"SKIP","floor":18},{"not_picked":["Intimidate","Anger+1"],"picked":"Run Through","floor":19},{"not_picked":["Perfected Strike","Run Through"],"picked":"Headbutt+1","floor":20},{"not_picked":["Uppercut","Headbutt+1"],"picked":"infinitespire:OneForAll","floor":22},{"not_picked":["Clothesline","True Grit+1"],"picked":"Whirlwind","floor":27},{"not_picked":["Sever Soul","Clash+1","Clothesline"],"picked":"SKIP","floor":29},{"not_picked":["Armaments","Thunderclap","Sword Boomerang+1"],"picked":"SKIP","floor":35},{"not_picked":["Pommel Strike","Warcry+1","Disarm+1"],"picked":"SKIP","floor":37},{"not_picked":["Body Slam+1","Warcry"],"picked":"Heavy Blade","floor":38},{"not_picked":["Body Slam","Warcry"],"picked":"Headbutt+1","floor":41},{"not_picked":["Sever Soul+1","Flex","Defy Death"],"picked":"SKIP","floor":44},{"not_picked":["Armaments","Metallicize"],"picked":"Limit Break","floor":46},{"not_picked":["Shrug It Off","Armaments+1","Reckless Charge"],"picked":"SKIP","floor":48},{"not_picked":["Entrench+1","Clothesline","Heavy Blade+1"],"picked":"SKIP","floor":54}],"player_experience":81139,"relics_obtained":[{"floor":6,"key":"Omamori"},{"floor":26,"key":"Replay:Bottled Flurry"},{"floor":43,"key":"InkBottle"},{"floor":54,"key":"Replay:Rubber Ducky"}],"event_choices":[{"damage_healed":0,"gold_gain":0,"player_choice":"Bought 0 Potions","damage_taken":0,"max_hp_gain":0,"max_hp_loss":0,"event_name":"The Woman in Blue","floor":39,"gold_loss":0}],"is_beta":false,"boss_relics":[{"not_picked":["halation:SmartPhone","Replay:Ancient Bell"],"picked":"Ooze Armor"},{"not_picked":["Coffee Dripper","halation:Yufonium"],"picked":"SlaversCollar"}],"items_purged_floors":[4,21,28,36],"is_endless":false,"potions_floor_spawned":[3,8,16,19,22,29,37,41,46],"killed_by":"The Heart","ascension_level":0}}