{"host":"BK","time":1609300661,"event":{"mods":["BaseMod","Highlight Path","Minty Spire (QoL Compilation)","StSLib"],"gold_per_floor":[118,131,148,46,64,64,89,89,89,102,102,127,127,160,160,234,284,304,304,26,35,49,49,49,49],"floor_reached":24,"playtime":1403,"items_purged":["Strike_R"],"score":432,"play_id":"11634cfb-00de-4a09-a99f-3f3ca4354d9b","local_time":"20201229205741","is_ascension_mode":true,"campfire_choices":[{"data":"Whirlwind","floor":6,"key":"SMITH"},{"data":"Thunderclap","floor":8,"key":"SMITH"},{"data":"Flame Barrier","floor":15,"key":"SMITH"},{"data":"True Grit","floor":23,"key":"SMITH"}],"circlet_count":0,"master_deck":["AscendersBane","Strike_R","Strike_R","Strike_R","Strike_R","Defend_R+1","Defend_R","Defend_R","Defend_R","Bash","Thunderclap+1","Pummel","Whirlwind+1","Shrug It Off","Impervious","Flame Barrier+1","Clothesline","True Grit+1","Reaper","Battle Trance","Power Through","Barricade","Disarm"],"relics":["Coffee Dripper","WingedGreaves","Lizard Tail","Letter Opener","Prayer Wheel","Matryoshka","Tiny House"],"acts_visited":["Exordium","TheCity"],"potions_floor_usage":[7,16,24],"damage_taken":[{"damage":6,"enemies":"Cultist","floor":1,"turns":4},{"damage":14,"enemies":"Jaw Worm","floor":2,"turns":4},{"damage":2,"enemies":"2 Louse","floor":3,"turns":2},{"damage":8,"enemies":"Blue Slaver","floor":5,"turns":4},{"damage":2,"enemies":"3 Sentries","floor":7,"turns":4},{"damage":12,"enemies":"3 Louse","floor":10,"turns":2},{"damage":24,"enemies":"Gremlin Nob","floor":12,"turns":4},{"damage":5,"enemies":"3 Sentries","floor":14,"turns":5},{"damage":12,"enemies":"The Guardian","floor":16,"turns":14},{"damage":0,"enemies":"3 Byrds","floor":18,"turns":4},{"damage":23,"enemies":"2 Thieves","floor":21,"turns":4},{"damage":45,"enemies":"Shelled Parasite and Fungi","floor":22,"turns":10},{"damage":13,"enemies":"Sentry and Sphere","floor":24,"turns":5}],"seed_played":"2340643576485187643","potions_obtained":[{"floor":1,"key":"Fire Potion"},{"floor":7,"key":"Dexterity Potion"},{"floor":12,"key":"HeartOfIron"},{"floor":17,"key":"HeartOfIron"}],"is_trial":false,"path_per_floor":["M","M","M","$","M","R","E","R","T","M","T","E","?","E","R","B",null,"M","?","$","M","M","R","M"],"character_chosen":"IRONCLAD","items_purchased":["Whirlwind","Shrug It Off","Reaper","Battle Trance"],"campfire_rested":0,"item_purchase_floors":[4,4,20,20],"current_hp_per_floor":[62,48,46,46,38,38,36,36,36,24,24,37,62,57,57,45,73,73,73,73,50,5,5,0,0],"gold":49,"neow_bonus":"BOSS_RELIC","is_daily":false,"chose_seed":false,"campfire_upgraded":4,"win_rate":0.0,"timestamp":1609300661,"path_taken":["M","?","M","$","M","R","E","R","T","M","?","E","?","E","R","BOSS","M","?","$","M","M","R","M"],"items_purchased_type":["Card","Card","Card","Card"],"build_version":"2020-12-18","purchased_purges":1,"victory":false,"max_hp_per_floor":[75,75,75,75,75,75,75,75,75,75,75,75,75,75,75,75,80,80,80,80,80,80,80,80,80],"card_choices":[{"not_picked":["Sentinel","Body Slam","Perfected Strike"],"picked":"SKIP","floor":1},{"not_picked":["Twin Strike","Burning Pact"],"picked":"Thunderclap","floor":2},{"not_picked":["Armaments","Heavy Blade"],"picked":"Pummel","floor":3},{"not_picked":["Headbutt","Thunderclap","Sever Soul"],"picked":"SKIP","floor":5},{"not_picked":["Clash","Thunderclap"],"picked":"Impervious","floor":7},{"not_picked":["True Grit","Thunderclap"],"picked":"Flame Barrier","floor":10},{"not_picked":["Headbutt","Iron Wave","Clash"],"picked":"SKIP","floor":12},{"not_picked":["Entrench","Inflame"],"picked":"Clothesline","floor":14},{"not_picked":["Warcry","Clash"],"picked":"True Grit","floor":17},{"not_picked":["Warcry+1","Second Wind","Clothesline"],"picked":"SKIP","floor":18},{"not_picked":["Perfected Strike","Fire Breathing","Pommel Strike"],"picked":"SKIP","floor":18},{"not_picked":["Body Slam","Armaments"],"picked":"Power Through","floor":21},{"not_picked":["Shrug It Off","Body Slam"],"picked":"Barricade","floor":21},{"not_picked":["Cleave","Seeing Red"],"picked":"Disarm","floor":22},{"not_picked":["Thunderclap","Body Slam","Perfected Strike"],"picked":"SKIP","floor":22}],"player_experience":2478009,"relics_obtained":[{"floor":7,"key":"WingedGreaves"},{"floor":9,"key":"Lizard Tail"},{"floor":11,"key":"Letter Opener"},{"floor":12,"key":"Prayer Wheel"},{"floor":14,"key":"Matryoshka"}],"event_choices":[{"damage_healed":25,"gold_gain":0,"player_choice":"Banana","damage_taken":0,"max_hp_gain":0,"max_hp_loss":0,"event_name":"Big Fish","floor":13,"gold_loss":0},{"damage_healed":0,"gold_gain":0,"player_choice":"Ignored","damage_taken":0,"max_hp_gain":0,"max_hp_loss":0,"event_name":"Ghosts","floor":19,"gold_loss":0}],"is_beta":true,"boss_relics":[{"not_picked":["Busted Crown","Runic Cube"],"picked":"Tiny House"}],"items_purged_floors":[20],"is_endless":false,"potions_floor_spawned":[1,7,12,14,21],"killed_by":"Sentry and Sphere","ascension_level":20}}