{"host":"a5zr8hf2yymwt50u","time":1609319092,"event":{"mods":["BaseMod","Colored Map","GungeonMod","Minty Spire (QoL Compilation)","StSLib"],"gold_per_floor":[218,218,218,236,236,236,254,289,313,313,325,356,374,163,163,312,312,326,339,136,136,169,198,211,70,70,70,116,116,179,55,55,152,152,165,177,277,297,297,332,54,66,66,66,85,85,85,102,102,102,102,102,14,43,43],"floor_reached":56,"playtime":4193,"items_purged":["DemoMod:Defend_Huntress","DemoMod:Strike_Huntress","DemoMod:Defend_Huntress","DemoMod:Defend_Huntress","DemoMod:RustySidearm"],"score":1232,"play_id":"23387b7b-eb67-4d82-8047-f2cf3c4f1f3d","local_time":"20201230180452","is_ascension_mode":false,"campfire_choices":[{"data":"DemoMod:ManualReload","floor":6,"key":"SMITH"},{"data":"DemoMod:PotionOfGunFriendShip","floor":10,"key":"SMITH"},{"data":"DemoMod:ZorGun","floor":15,"key":"SMITH"},{"data":"DemoMod:ProbeStrike","floor":27,"key":"SMITH"},{"data":"DemoMod:ProbeStrike","floor":32,"key":"SMITH"},{"floor":47,"key":"RECALL"},{"data":"DemoMod:Behold!","floor":49,"key":"SMITH"},{"data":"DemoMod:Unity","floor":52,"key":"SMITH"}],"circlet_count":0,"master_deck":["DemoMod:Roll","DemoMod:ManualReload+1","DemoMod:CrossBow","DemoMod:ProbeStrike+1","DemoMod:Unity+1","DemoMod:Unmoved","DemoMod:PotionOfGunFriendShip+1","DemoMod:ProbeStrike+1","DemoMod:DoubleSwitch","DemoMod:ThirdPartyController","DemoMod:HardPowerCard","DemoMod:ZorGun+1","DemoMod:GunslingerForm","DemoMod:TripleGun","DemoMod:TeaPot","DemoMod:StickyCrossBow","DemoMod:BulletBore","DemoMod:ShadowBullets+1","DemoMod:ConditionalReflex+1","DemoMod:Unmoved","DemoMod:Behold!+1","DemoMod:HardPowerCard","DemoMod:Unity","DemoMod:DirectionalPad+1","DemoMod:BalloonGun","DemoMod:HuntsMan","DemoMod:Polaris+1","DemoMod:TeaPot+1","DemoMod:PotionOfGunFriendShip+1","DemoMod:GunslingerForm"],"relics":["DemoMod:Dog","White Beast Statue","DemoMod:SerJunkan","Bag of Marbles","DemoMod:Junk","Membership Card","DemoMod:Test1","DemoMod:GreenGuonStone","DemoMod:Ammonomicon","Ornamental Fan","Medical Kit","DemoMod:MemoryAlloy","DemoMod:OrangeGuonStone","Coffee Dripper","Gremlin Horn","DemoMod:MonsterBlood","DemoMod:PinkGuonStone"],"acts_visited":["Exordium","TheCity","TheBeyond","TheEnding"],"potions_floor_usage":[8,12,12,12,16,16,22,23,28,30,35,40,40,50,55,55,55],"damage_taken":[{"damage":0,"enemies":"2 Louse","floor":1,"turns":2},{"damage":0,"enemies":"Jaw Worm","floor":4,"turns":4},{"damage":0,"enemies":"Cultist","floor":7,"turns":3},{"damage":22,"enemies":"Lagavulin","floor":8,"turns":5},{"damage":0,"enemies":"Large Slime","floor":11,"turns":4},{"damage":7,"enemies":"3 Sentries","floor":12,"turns":8},{"damage":0,"enemies":"Looter","floor":13,"turns":3},{"damage":33,"enemies":"Hexaghost","floor":16,"turns":13},{"damage":18,"enemies":"3 Byrds","floor":18,"turns":5},{"damage":0,"enemies":"Spheric Guardian","floor":19,"turns":3},{"damage":0,"enemies":"Centurion and Healer","floor":22,"turns":5},{"damage":0,"enemies":"Gremlin Leader","floor":23,"turns":5},{"damage":1,"enemies":"Centurion and Healer","floor":24,"turns":4},{"damage":0,"enemies":"Snecko","floor":28,"turns":4},{"damage":0,"enemies":"Shelled Parasite and Fungi","floor":30,"turns":3},{"damage":34,"enemies":"Automaton","floor":33,"turns":8},{"damage":0,"enemies":"3 Darklings","floor":35,"turns":2},{"damage":0,"enemies":"3 Shapes","floor":36,"turns":2},{"damage":0,"enemies":"Maw","floor":38,"turns":5},{"damage":0,"enemies":"Giant Head","floor":40,"turns":5},{"damage":0,"enemies":"Spire Growth","floor":42,"turns":3},{"damage":0,"enemies":"Transient","floor":45,"turns":5},{"damage":0,"enemies":"3 Darklings","floor":48,"turns":2},{"damage":10,"enemies":"Awakened One","floor":50,"turns":5},{"damage":0,"enemies":"Shield and Spear","floor":54,"turns":3},{"damage":57,"enemies":"The Heart","floor":55,"turns":6}],"seed_played":"3035720058177967103","potions_obtained":[{"floor":4,"key":"FearPotion"},{"floor":7,"key":"Explosive Potion"},{"floor":8,"key":"SkillPotion"},{"floor":11,"key":"Explosive Potion"},{"floor":12,"key":"SpeedPotion"},{"floor":13,"key":"ColorlessPotion"},{"floor":16,"key":"Block Potion"},{"floor":18,"key":"AttackPotion"},{"floor":19,"key":"SpeedPotion"},{"floor":22,"key":"LiquidBronze"},{"floor":23,"key":"SkillPotion"},{"floor":24,"key":"SkillPotion"},{"floor":28,"key":"GamblersBrew"},{"floor":30,"key":"SkillPotion"},{"floor":33,"key":"SkillPotion"},{"floor":35,"key":"DuplicationPotion"},{"floor":36,"key":"PowerPotion"},{"floor":40,"key":"Strength Potion"},{"floor":42,"key":"SteroidPotion"},{"floor":48,"key":"AttackPotion"},{"floor":54,"key":"ColorlessPotion"}],"is_trial":false,"path_per_floor":["M","?","T","M","?","R","M","E","T","R","M","E","M","$","R","B",null,"M","M","$","?","?","E","M","$","T","R","M","?","M","$","R","B",null,"M","M","?","M","?","E","$","M","T","T","M","?","R","M","R","B",null,"R","$","E","B",null],"character_chosen":"HUNTRESS","items_purchased":["Membership Card","DemoMod:ZorGun","DemoMod:GreenGuonStone","Medical Kit","DemoMod:OrangeGuonStone","Gremlin Horn","DemoMod:MonsterBlood"],"campfire_rested":0,"item_purchase_floors":[14,14,20,25,31,41,41],"current_hp_per_floor":[70,70,70,70,70,70,70,48,48,48,48,41,41,41,41,8,70,52,52,52,52,52,52,51,51,51,51,51,51,51,51,51,17,70,70,70,70,70,70,70,77,77,77,77,77,77,77,77,77,67,77,77,77,84,72],"gold":43,"neow_bonus":"HUNDRED_GOLD","is_daily":false,"chose_seed":false,"campfire_upgraded":7,"win_rate":0.0,"timestamp":1609319092,"path_taken":["M","?","?","M","?","R","?","E","T","R","M","E","M","$","R","BOSS","M","M","$","?","?","E","M","$","T","R","?","?","M","$","R","BOSS","M","M","?","?","?","E","$","M","T","?","M","?","R","M","R","BOSS","R","$","E","BOSS"],"items_purchased_type":["Relic","Card","Relic","Relic","Relic","Relic","Relic"],"build_version":"2020-12-22","purchased_purges":5,"victory":true,"max_hp_per_floor":[70,70,70,70,70,70,70,70,70,70,70,70,70,70,70,70,70,70,70,70,70,70,70,70,70,70,70,70,70,70,70,70,70,70,70,70,70,70,70,70,77,77,77,77,77,77,77,77,77,77,77,77,77,84,84],"card_choices":[{"not_picked":["DemoMod:DirectionalPad","DemoMod:SAA"],"picked":"DemoMod:ProbeStrike","floor":1},{"not_picked":["DemoMod:Unmoved","DemoMod:PracticeMakesPerfect"],"picked":"DemoMod:Unity","floor":4},{"not_picked":["DemoMod:GunShield","DemoMod:BoxingGlove"],"picked":"DemoMod:Unmoved","floor":4},{"not_picked":["DemoMod:Camera","DemoMod:DarkMarker"],"picked":"DemoMod:PotionOfGunFriendShip","floor":7},{"not_picked":["DemoMod:Polaris","DemoMod:BoxingGlove"],"picked":"DemoMod:ProbeStrike","floor":8},{"not_picked":["DemoMod:AC15","DemoMod:GunstockTap"],"picked":"DemoMod:DoubleSwitch","floor":11},{"not_picked":["DemoMod:MachoBrace","DemoMod:DoubleSwitch"],"picked":"DemoMod:ThirdPartyController","floor":12},{"not_picked":["DemoMod:MachoBrace","DemoMod:ConditionalReflex"],"picked":"DemoMod:HardPowerCard","floor":13},{"not_picked":["DemoMod:DarkMarker","DemoMod:BulletBore"],"picked":"DemoMod:GunslingerForm","floor":16},{"not_picked":["DemoMod:ZorGun","DemoMod:TeaPot"],"picked":"DemoMod:TripleGun","floor":18},{"not_picked":["DemoMod:GunstockTap","DemoMod:Ejector"],"picked":"DemoMod:TeaPot","floor":19},{"not_picked":["DemoMod:Unmoved","DemoMod:JK47"],"picked":"DemoMod:StickyCrossBow","floor":22},{"not_picked":["DemoMod:MachoBrace","DemoMod:DirectionalPad+1"],"picked":"DemoMod:BulletBore","floor":23},{"not_picked":["DemoMod:AbyssalTentacle","DemoMod:Purify"],"picked":"DemoMod:ShadowBullets+1","floor":24},{"not_picked":["DemoMod:DirectionalPad","DemoMod:FastSwitch"],"picked":"DemoMod:ConditionalReflex+1","floor":28},{"not_picked":["DemoMod:JK47+1","DemoMod:FastSwitch+1"],"picked":"DemoMod:Unmoved","floor":30},{"not_picked":["DemoMod:BulletBore","DemoMod:ThirdPartyController"],"picked":"DemoMod:Behold!","floor":33},{"not_picked":["DemoMod:DoubleSwitch","DemoMod:StickyCrossBow"],"picked":"DemoMod:HardPowerCard","floor":35},{"not_picked":["DemoMod:DoubleSwitch","DemoMod:Ejector"],"picked":"DemoMod:Unity","floor":36},{"not_picked":["DemoMod:Ejector+1","DemoMod:MachoBrace"],"picked":"DemoMod:DirectionalPad+1","floor":36},{"not_picked":["DemoMod:Ejector","DemoMod:AC15"],"picked":"DemoMod:BalloonGun","floor":38},{"not_picked":["DemoMod:SAA","DemoMod:PotionOfGunFriendShip+1"],"picked":"DemoMod:HuntsMan","floor":40},{"not_picked":["DemoMod:Unmoved","DemoMod:BSG"],"picked":"DemoMod:Polaris+1","floor":42},{"not_picked":["DemoMod:BalloonGun","DemoMod:DirectionalPad+1"],"picked":"DemoMod:TeaPot+1","floor":45},{"not_picked":["DemoMod:Purify","DemoMod:BoxingGlove","DemoMod:BattleInHaste+1"],"picked":"SKIP","floor":45},{"not_picked":["DemoMod:AWP+1","DemoMod:PracticeMakesPerfect+1"],"picked":"DemoMod:PotionOfGunFriendShip+1","floor":48},{"not_picked":["DemoMod:Ejector+1","DemoMod:Unity"],"picked":"DemoMod:GunslingerForm","floor":54}],"player_experience":215873,"relics_obtained":[{"floor":3,"key":"White Beast Statue"},{"floor":8,"key":"DemoMod:SerJunkan"},{"floor":9,"key":"Bag of Marbles"},{"floor":12,"key":"DemoMod:Junk"},{"floor":22,"key":"Ornamental Fan"},{"floor":23,"key":"DemoMod:Junk"},{"floor":26,"key":"DemoMod:MemoryAlloy"},{"floor":40,"key":"DemoMod:Junk"},{"floor":44,"key":"DemoMod:Junk"},{"floor":54,"key":"DemoMod:PinkGuonStone"}],"event_choices":[{"cards_removed":["DemoMod:Strike_Huntress"],"damage_healed":0,"gold_gain":0,"player_choice":"Forget","damage_taken":0,"max_hp_gain":0,"max_hp_loss":0,"event_name":"Living Wall","floor":2,"gold_loss":0},{"cards_removed":["DemoMod:Strike_Huntress"],"damage_healed":0,"gold_gain":0,"player_choice":"Offered Basic","damage_taken":0,"max_hp_gain":0,"max_hp_loss":0,"event_name":"Bonfire Elementals","floor":5,"gold_loss":0},{"cards_removed":["DemoMod:Defend_Huntress"],"damage_healed":0,"gold_gain":0,"player_choice":"Elegance","damage_taken":0,"max_hp_gain":0,"max_hp_loss":0,"event_name":"Back to Basics","floor":29,"gold_loss":0},{"damage_healed":0,"gold_gain":100,"player_choice":"Pray","damage_taken":0,"max_hp_gain":0,"max_hp_loss":0,"event_name":"Golden Shrine","floor":37,"gold_loss":0},{"damage_healed":0,"gold_gain":0,"player_choice":"Ignored","damage_taken":0,"max_hp_gain":0,"max_hp_loss":0,"event_name":"Falling","floor":39,"gold_loss":0}],"is_beta":false,"boss_relics":[{"not_picked":["Velvet Choker","Calling Bell"],"picked":"DemoMod:Test1"},{"not_picked":["Sozu","Cursed Key"],"picked":"Coffee Dripper"}],"items_purged_floors":[14,20,25,41,53],"is_endless":false,"potions_floor_spawned":[4,7,8,11,12,13,16,18,19,22,23,24,28,30,33,35,36,38,40,42,45,48,54],"ascension_level":0}}