{"host":"2nzy6rv16qd8ry46","time":1609347774,"event":{"mods":["AchievementEnabler","BaseMod","Colored Map","Colored Powertips","Googly Eyes","Minty Spire (QoL Compilation)","StSLib","The IronCluck"],"gold_per_floor":[114,126,142,142,119,119,132,162,186,196,196,196,211,226,226,327,327,341,148,148,159,159,159,159],"floor_reached":23,"playtime":1551,"items_purged":[],"score":218,"play_id":"e511011b-a4a8-41ff-b742-57f7e0a1028c","local_time":"20201230170254","is_ascension_mode":false,"campfire_choices":[{"data":"Eruption","floor":6,"key":"SMITH"},{"floor":12,"key":"REST"},{"floor":15,"key":"RECALL"}],"circlet_count":0,"master_deck":["Defend_P","Defend_P","Defend_P","Defend_P","Eruption+1","Vigilance","EmptyFist","TalkToTheHand","FlurryOfBlows","ClearTheMind","Tantrum","ThirdEye","EmptyBody","FollowUp","Halt","DevaForm","CurseOfTheBell","Adaptation","Writhe","Study","Bite","Bite","Bite","Bite","Bite"],"relics":["PureWater","NeowsBlessing","Strawberry","FaceOfCleric","Calling Bell","MealTicket","Darkstone Periapt","Bird Faced Urn","ClockworkSouvenir","Bag of Marbles"],"acts_visited":["Exordium","TheCity"],"potions_floor_usage":[8,8,16,16,18],"damage_taken":[{"damage":0,"enemies":"Cultist","floor":1,"turns":1},{"damage":0,"enemies":"Jaw Worm","floor":2,"turns":1},{"damage":0,"enemies":"Small Slimes","floor":3,"turns":1},{"damage":8,"enemies":"Red Slaver","floor":7,"turns":2},{"damage":12,"enemies":"3 Sentries","floor":8,"turns":8},{"damage":6,"enemies":"Blue Slaver","floor":10,"turns":3},{"damage":0,"enemies":"2 Fungi Beasts","floor":13,"turns":3},{"damage":1,"enemies":"Looter","floor":14,"turns":3},{"damage":15,"enemies":"Slime Boss","floor":16,"turns":10},{"damage":17,"enemies":"3 Byrds","floor":18,"turns":5},{"damage":6,"enemies":"Shell Parasite","floor":21,"turns":8},{"damage":89,"enemies":"Book of Stabbing","floor":23,"turns":6}],"seed_played":"1103264652079727238","potions_obtained":[{"floor":2,"key":"Block Potion"},{"floor":3,"key":"Fire Potion"},{"floor":8,"key":"Block Potion"},{"floor":13,"key":"CultistPotion"},{"floor":16,"key":"Regen Potion"}],"is_trial":false,"path_per_floor":["M","M","M","?","$","R","M","E","T","M","?","R","M","M","R","B",null,"M","$","?","M","?","E"],"character_chosen":"WATCHER","items_purchased":["ClearTheMind","ClockworkSouvenir","Adaptation"],"campfire_rested":1,"item_purchase_floors":[5,19,19],"current_hp_per_floor":[72,72,72,72,72,72,64,59,59,53,53,76,77,77,77,63,82,71,83,89,84,62,0,0],"gold":159,"neow_bonus":"THREE_ENEMY_KILL","is_daily":false,"chose_seed":false,"campfire_upgraded":1,"win_rate":0.0,"timestamp":1609347774,"path_taken":["M","?","M","?","$","R","M","E","T","?","?","R","M","M","R","BOSS","M","$","?","M","?","E"],"items_purchased_type":["Card","Relic","Card"],"build_version":"2020-12-22","purchased_purges":0,"victory":false,"max_hp_per_floor":[72,72,72,72,72,72,72,79,79,79,79,79,80,81,81,82,82,83,83,89,90,62,62,62],"card_choices":[{"not_picked":["ClearTheMind","Swivel"],"picked":"EmptyFist","floor":1},{"not_picked":["Crescendo","Evaluate"],"picked":"TalkToTheHand","floor":2},{"not_picked":["TalkToTheHand","ThirdEye"],"picked":"FlurryOfBlows","floor":3},{"not_picked":["Consecrate","Indignation"],"picked":"Tantrum","floor":7},{"not_picked":["Tantrum","CarveReality"],"picked":"ThirdEye","floor":8},{"not_picked":["EmptyFist","Vengeance"],"picked":"EmptyBody","floor":10},{"not_picked":["Consecrate","CrushJoints"],"picked":"FollowUp","floor":13},{"not_picked":["ReachHeaven","Worship"],"picked":"Halt","floor":14},{"not_picked":["DeusExMachina","MasterReality"],"picked":"DevaForm","floor":16},{"not_picked":["PathToVictory+1","Prostrate+1","Meditate+1"],"picked":"SKIP","floor":18},{"not_picked":["JustLucky","WaveOfTheHand"],"picked":"Study","floor":21}],"player_experience":55070,"relics_obtained":[{"floor":8,"key":"Strawberry"},{"floor":17,"key":"MealTicket"},{"floor":17,"key":"Darkstone Periapt"},{"floor":17,"key":"Bird Faced Urn"}],"event_choices":[{"cards_removed":["Strike_P"],"damage_healed":0,"gold_gain":0,"player_choice":"Purged","damage_taken":0,"max_hp_gain":0,"max_hp_loss":0,"event_name":"Purifier","floor":4,"gold_loss":0},{"damage_healed":0,"gold_gain":0,"player_choice":"Trade","damage_taken":0,"relics_obtained":["FaceOfCleric"],"max_hp_gain":0,"max_hp_loss":0,"event_name":"FaceTrader","floor":11,"gold_loss":0},{"damage_healed":0,"gold_gain":0,"player_choice":"Opened","damage_taken":0,"relics_obtained":["Bag of Marbles"],"max_hp_gain":0,"max_hp_loss":0,"event_name":"The Mausoleum","floor":20,"gold_loss":0,"cards_obtained":["Writhe"]},{"damage_healed":0,"gold_gain":0,"player_choice":"Became a vampire","damage_taken":0,"max_hp_gain":0,"max_hp_loss":28,"event_name":"Vampires","floor":22,"gold_loss":0,"cards_obtained":["Bite","Bite","Bite","Bite","Bite"]}],"is_beta":false,"boss_relics":[{"not_picked":["Empty Cage","Black Star"],"picked":"Calling Bell"}],"items_purged_floors":[],"is_endless":false,"potions_floor_spawned":[2,3,8,13,16],"killed_by":"Book of Stabbing","ascension_level":0}}