{"host":"cvi30shpqg1ukvbr","time":1609342228,"event":{"mods":["Act Like it!","BaseMod","Better Altar","Better Match","Better Note","Better Sensory Stone","Better Skull","Better Third Choice","Conspire","GifTheSpireLib","Hubris","Infinite Spire","Minty Spire (QoL Compilation)","Relic Stats","Replay The Spire","Shop Mod","Spicy Shops","StSLib","Stuff the Spire"],"gold_per_floor":[116,135,151,161,178,205,205,237,237,9,24,54,54,74,74,171,171,191,201,218,228,247,274,274,274,274,286,286,321,321,332,332,434,434,450,450,463,7,7,7,38,38,38,38,38,38,38,73,73,73,73,73,73,73,0,26,26],"floor_reached":58,"playtime":2660,"items_purged":["Strike_R","Writhe","Pain"],"score":1453,"play_id":"f48d3aa7-1882-42c8-b5bf-beeaa8c48e04","local_time":"20201231003028","is_ascension_mode":true,"campfire_choices":[{"data":"Perfected Strike","floor":7,"key":"SMITH"},{"data":"Armaments","floor":13,"key":"SMITH"},{"data":"Bash","floor":15,"key":"SMITH"},{"data":"infinitespire:UltimateForm","floor":25,"key":"SMITH"},{"floor":32,"key":"RECALL"},{"data":"infinitespire:NeuralNetwork","floor":40,"key":"SMITH"},{"data":"Entrench","floor":42,"key":"SMITH"},{"data":"Evolve","floor":44,"key":"SMITH"},{"floor":51,"key":"DIG"},{"data":"Fasting2","floor":54,"key":"SMITH"}],"circlet_count":0,"master_deck":["Strike_R+1","Strike_R","Strike_R","Strike_R+1","Defend_R","Defend_R","Defend_R","Defend_R","Bash+1","Perfected Strike+1","Evolve+1","True Grit","ReplayReversal+1","Burning Pact+1","Double Tap+1","Reaper+1","Armaments+1","Clothesline","Fire Breathing","Demon Form+1","Replay:Undeath\u0027s Touch+1","Replay:Undeath\u0027s Touch+1","Headbutt","Fasting2+1","Heavy Blade","infinitespire:UltimateForm+1","infinitespire:FinalStrike","Entrench+1","Barricade+1","Abandon+1","Demon Form+1","Shrug It Off+1","infinitespire:NeuralNetwork+1","Rupture","ReplayTheSpireMod:Muscle Training+1","Dark Embrace+1","Flex+1","infinitespire:Fortify+1","ReplayTheSpireMod:Limb From Limb","AscendersBane","Limit Break+1","StuffTheSpire:Resist+1"],"relics":["Honey Jar","Golden Egg","infinitespire:Eraser","hubris:DisguiseKit","StuffTheSpire:Experiment12","Bottled Tornado","Black Star","StuffTheSpire:OldFever","Ice Cream","Pen Nib","Nunchaku","ReplayTheSpireMod:Lightbulb","WarpedTongs","infinitespire:Burning Sword","Membership Card","Whetstone","Happy Flower","Bird Faced Urn","hubris:PeanutButter","StuffTheSpire:Barrel","Question Card","Ornamental Fan","Pantograph","Oddly Smooth Stone","Bag of Marbles","Guide Book","StuffTheSpire:Gunfinga","Centennial Puzzle"],"acts_visited":["Exordium","TheCity","TheBeyond","TheEnding"],"potions_floor_usage":[33,52,57],"damage_taken":[{"damage":0,"enemies":"Small Slimes","floor":1,"turns":2},{"damage":1,"enemies":"Jaw Worm","floor":2,"turns":2},{"damage":0,"enemies":"conspire:RoseBush","floor":3,"turns":2},{"damage":0,"enemies":"3 Louse","floor":4,"turns":3},{"damage":2,"enemies":"2 Fungi Beasts","floor":5,"turns":3},{"damage":6,"enemies":"Gremlin Nob","floor":6,"turns":3},{"damage":14,"enemies":"Lagavulin","floor":8,"turns":4},{"damage":4,"enemies":"Lots of Slimes","floor":11,"turns":4},{"damage":0,"enemies":"Gremlin Nob","floor":12,"turns":2},{"damage":7,"enemies":"conspire:2 RoseBushes","floor":14,"turns":4},{"damage":2,"enemies":"Slime Boss","floor":16,"turns":9},{"damage":33,"enemies":"conspire:FuzzyDice","floor":18,"turns":5},{"damage":0,"enemies":"Spheric Guardian","floor":19,"turns":3},{"damage":0,"enemies":"conspire:HollyBat","floor":20,"turns":9},{"damage":6,"enemies":"Snake Plant","floor":21,"turns":4},{"damage":10,"enemies":"Centurion and Healer","floor":22,"turns":6},{"damage":14,"enemies":"Nightmare","floor":23,"turns":9},{"damage":2,"enemies":"Sentry and Sphere","floor":27,"turns":3},{"damage":11,"enemies":"Replay:Snechameleon","floor":29,"turns":3},{"damage":0,"enemies":"conspire:HollyBat","floor":31,"turns":5},{"damage":13,"enemies":"Champ","floor":33,"turns":7},{"damage":0,"enemies":"3 Shapes","floor":35,"turns":3},{"damage":26,"enemies":"3 Darklings","floor":37,"turns":6},{"damage":26,"enemies":"Giant Head","floor":41,"turns":6},{"damage":0,"enemies":"Nemesis","floor":48,"turns":3},{"damage":23,"enemies":"Time Eater","floor":52,"turns":5},{"damage":46,"enemies":"Shield and Spear","floor":56,"turns":4},{"damage":71,"enemies":"The Heart","floor":57,"turns":6}],"seed_played":"-4795409797383593867","potions_obtained":[{"floor":3,"key":"PowerPotion"},{"floor":5,"key":"BlessingOfTheForge"},{"floor":6,"key":"Weak Potion"},{"floor":8,"key":"SpeedPotion"},{"floor":11,"key":"Explosive Potion"},{"floor":12,"key":"Explosive Potion"},{"floor":19,"key":"LifebloodPotion"},{"floor":21,"key":"SteroidPotion"},{"floor":27,"key":"FearPotion"},{"floor":31,"key":"PowerPotion"},{"floor":33,"key":"Elixir"},{"floor":35,"key":"EssenceOfSteel"},{"floor":41,"key":"ElixirPotion"}],"is_trial":false,"path_per_floor":["M","M","M","M","M","E","R","E","T","$","M","E","R","M","R","B",null,"M","M","M","M","M","NM","AVR","R","T","M","?","E","?","M","R","B",null,"M","?","M","$","?","R","E","R","T","R","PTL","PTL","AVR","E","?","?","R","B",null,"R","$","E","B",null],"character_chosen":"IRONCLAD","items_purchased":["StuffTheSpire:Experiment12","Membership Card","Whetstone","ReplayTheSpireMod:Muscle Training","Dark Embrace","Happy Flower","Bird Faced Urn","Guide Book"],"campfire_rested":0,"item_purchase_floors":[10,38,38,38,38,38,38,55],"current_hp_per_floor":[80,79,79,79,77,71,71,57,57,57,76,76,76,75,75,78,80,67,74,74,72,70,80,80,80,80,80,80,69,69,80,80,68,80,80,60,66,66,66,66,80,80,80,80,80,80,80,80,80,80,80,80,80,80,80,80,19],"gold":26,"neow_bonus":"BOSS_RELIC","is_daily":false,"chose_seed":false,"campfire_upgraded":8,"win_rate":0.0,"timestamp":1609342228,"path_taken":["M","M","M","M","M","E","R","E","T","$","M","E","R","M","R","BOSS","M","M","M","M","M","NM","AVR","R","T","M","?","E","?","M","R","BOSS","M","?","M","$","?","R","E","R","T","R","PTL","PTL","AVR","E","?","?","R","BOSS","R","$","E","BOSS"],"items_purchased_type":["Relic","Relic","Relic","Card","Card","Relic","Relic","Relic"],"build_version":"2020-12-22","purchased_purges":3,"victory":true,"max_hp_per_floor":[80,80,80,80,80,80,80,80,80,80,80,80,80,80,80,80,80,80,80,80,80,80,80,80,80,80,80,80,80,80,80,80,80,80,80,80,80,80,80,80,80,80,80,80,80,80,80,80,80,80,80,80,80,80,80,80,80],"relic_stats":{"Happy Flower":[8],"counters":[34,168],"Pen Nib":[8],"Whetstone":["Strike_R","Strike_R"],"Question Card":5,"WarpedTongs":[45],"Nunchaku":[6],"Centennial Puzzle":[3],"Ornamental Fan":[20],"Bird Faced Urn":[18],"Pantograph":50,"Black Star":5,"obtain_stats":[{"SacredBark":17,"Vajra":29,"hubris:EmptyBottle":29,"Sling":19,"Cursed Key":34,"Burning Blood":0,"StuffTheSpire:Gunfinga":54,"Centennial Puzzle":56,"Pantograph":25,"StuffTheSpire:Tea":6,"Replay:Bottled Steam":31,"Guide Book":55,"hubris:SphereOfDissonance":36,"infinitespire:Lucky Rock":47,"hubris:Towel":4,"conspire:GiftBox":26,"ReplayTheSpireMod:Spearhead":40,"Bronze Scales":53,"infinitespire:Satchel":23,"Turnip":0,"conspire:BottledYoYo":14,"Bag of Marbles":51,"Membership Card":39,"Toy Ornithopter":9,"hubris:BottledRain":27},{"SacredBark":11,"Vajra":19,"hubris:EmptyBottle":19,"Sling":12,"Cursed Key":21,"Burning Blood":0,"StuffTheSpire:Gunfinga":30,"Centennial Puzzle":33,"Pantograph":17,"StuffTheSpire:Tea":5,"Replay:Bottled Steam":20,"Guide Book":32,"hubris:SphereOfDissonance":22,"infinitespire:Lucky Rock":28,"hubris:Towel":3,"conspire:GiftBox":17,"ReplayTheSpireMod:Spearhead":24,"Bronze Scales":29,"infinitespire:Satchel":16,"Turnip":0,"conspire:BottledYoYo":10,"Bag of Marbles":31,"Membership Card":23,"Toy Ornithopter":6,"hubris:BottledRain":18},{"SacredBark":51,"Vajra":85,"hubris:EmptyBottle":85,"Sling":54,"Cursed Key":94,"Burning Blood":0,"StuffTheSpire:Gunfinga":145,"Centennial Puzzle":162,"Pantograph":75,"StuffTheSpire:Tea":25,"Replay:Bottled Steam":89,"Guide Book":158,"hubris:SphereOfDissonance":100,"infinitespire:Lucky Rock":134,"hubris:Towel":13,"conspire:GiftBox":75,"ReplayTheSpireMod:Spearhead":109,"Bronze Scales":140,"infinitespire:Satchel":70,"Turnip":0,"conspire:BottledYoYo":45,"Bag of Marbles":153,"Membership Card":104,"Toy Ornithopter":29,"hubris:BottledRain":81}]},"card_choices":[{"not_picked":["Searing Blow","Anger","Replay:Undeath\u0027s Touch"],"picked":"Perfected Strike","floor":1},{"not_picked":["Havoc","Wild Strike","Sword Boomerang"],"picked":"Evolve","floor":2},{"not_picked":["Clothesline","Run Through","hubris:StunningStrike"],"picked":"True Grit","floor":3},{"not_picked":["Seeing Red","StuffTheSpire:BloodClot","Sever Soul"],"picked":"ReplayReversal","floor":4},{"not_picked":["Sword Boomerang","Warcry","Havoc"],"picked":"Burning Pact","floor":5},{"not_picked":["Clothesline","Hemogenesis","Pommel Strike"],"picked":"Double Tap","floor":6},{"not_picked":["Iron Wave","Perfected Strike","Defy Death"],"picked":"Reaper","floor":8},{"not_picked":["Flex","True Grit","Anger","Consecrate"],"picked":"Armaments","floor":11},{"not_picked":["ReplayReversal","Clash","Iron Wave","CutThroughFate"],"picked":"Clothesline","floor":12},{"not_picked":["True Grit","Flame Barrier","Pommel Strike","JustLucky"],"picked":"Fire Breathing","floor":14},{"not_picked":["conspire:HitWhereItHurts","conspire:Purge","Feed","Blasphemy"],"picked":"Demon Form","floor":16},{"not_picked":["Armaments","Rampage","Run Through","Crescendo"],"picked":"Replay:Undeath\u0027s Touch+1","floor":18},{"not_picked":["Infernal Blade","Armaments+1","Clash","InnerPeace"],"picked":"Replay:Undeath\u0027s Touch+1","floor":19},{"not_picked":["Cleave+1","hubris:ReadiedAction","Thunderclap","Replay:BluntJabs"],"picked":"Fire Breathing+1","floor":20},{"not_picked":["Reckless Charge","Infernal Blade","Reaper","JustLucky"],"picked":"Headbutt","floor":21},{"not_picked":["StuffTheSpire:RockThrow","ReplayTheSpireMod:Stacked","Sentinel","Headbutt"],"picked":"Fasting2","floor":22},{"not_picked":["Infernal Blade","hubris:ReadiedAction+1","ReplayTheSpireMod:LeadingStrike","SandsOfTime"],"picked":"Heavy Blade","floor":23},{"not_picked":["Carnage","Wild Strike","Pummel","CutThroughFate"],"picked":"Entrench","floor":27},{"not_picked":["Rampage","Uppercut","StuffTheSpire:Incineration","CutThroughFate"],"picked":"Barricade","floor":29},{"not_picked":["Run Through+1","Havoc+1","StuffTheSpire:RockThrow+1","SashWhip"],"picked":"Abandon+1","floor":31},{"not_picked":["Barricade","StuffTheSpire:TitanForm","Demonic Infusion","Replay:LoomingThreat"],"picked":"Demon Form","floor":33},{"not_picked":["Fire Breathing","ReplayTheSpireMod:Strike From Hell","conspire:ExplosiveBarrier+1","Replay:Vibes"],"picked":"Shrug It Off+1","floor":35},{"not_picked":["infinitespire:UltimateForm","ReplayTheSpireMod:??????????????????????"],"picked":"infinitespire:NeuralNetwork","floor":36},{"not_picked":["Spot Weakness+1","StuffTheSpire:RockThrow","StuffTheSpire:Incineration+1","Evaluate"],"picked":"Rupture","floor":37},{"not_picked":["Fire Breathing","Warcry","Barricade","PathToVictory"],"picked":"Flex+1","floor":41},{"not_picked":["Anger+1","ReplayTheSpireMod:LeadingStrike","Infernal Blade","Fire Breathing+1","WheelKick"],"picked":"ReplayTheSpireMod:Limb From Limb","floor":48},{"not_picked":["Sword Boomerang","StuffTheSpire:RockThrow","True Grit+1","hubris:ReadiedAction+1","Crescendo"],"picked":"StuffTheSpire:Resist+1","floor":56}],"player_experience":1791441,"relics_obtained":[{"floor":6,"key":"Golden Egg"},{"floor":8,"key":"infinitespire:Eraser"},{"floor":9,"key":"hubris:DisguiseKit"},{"floor":12,"key":"Bottled Tornado"},{"floor":23,"key":"StuffTheSpire:OldFever"},{"floor":23,"key":"Ice Cream"},{"floor":29,"key":"Nunchaku"},{"floor":29,"key":"ReplayTheSpireMod:Lightbulb"},{"floor":41,"key":"hubris:PeanutButter"},{"floor":41,"key":"StuffTheSpire:Barrel"},{"floor":43,"key":"Question Card"},{"floor":48,"key":"Pantograph"},{"floor":48,"key":"Oddly Smooth Stone"},{"floor":51,"key":"Bag of Marbles"},{"floor":56,"key":"StuffTheSpire:Gunfinga"},{"floor":56,"key":"Centennial Puzzle"}],"event_choices":[{"cards_removed":["Fire Breathing"],"damage_healed":0,"gold_gain":0,"player_choice":"Offered Uncommon","damage_taken":0,"max_hp_gain":0,"max_hp_loss":0,"event_name":"Bonfire Elementals","floor":28,"gold_loss":0},{"damage_healed":0,"gold_gain":0,"player_choice":"Rummage","damage_taken":0,"relics_obtained":["WarpedTongs"],"max_hp_gain":0,"max_hp_loss":0,"event_name":"Accursed Blacksmith","floor":30,"gold_loss":0,"cards_obtained":["Pain"]},{"damage_healed":0,"gold_gain":3,"player_choice":"3","damage_taken":0,"max_hp_gain":0,"max_hp_loss":0,"event_name":"betterStone:BetterStone","floor":49,"gold_loss":0,"cards_obtained":["Limit Break"]}],"is_beta":false,"boss_relics":[{"not_picked":["hubris:ScarierMask","Sozu"],"picked":"Black Star"},{"not_picked":["Velvet Choker","Runic Dome"],"picked":"infinitespire:Burning Sword"}],"items_purged_floors":[10,38,38],"is_endless":false,"potions_floor_spawned":[3,5,6,8,11,12,19,21,27,31,33,35,41],"ascension_level":1}}