{"host":"bwf6jt0gyax88i3l","time":1609300767,"event":{"mods":["AchievementEnabler","BaseMod","Colored Map","Colored Powertips","Downfall","Hermit","Highlight Path","Infinite Spire","Marisa????????","Minty Spire (QoL Compilation)","Quick Restart","Remilia??????","Replay The Spire","Shop Mod","StSLib","The Bug Knight","The Cursed","The Servant 0.9.4"],"gold_per_floor":[99,99,24,24,24,24,24,24,24,24,24,24,24,24,24,24,24,24,24,24,24,24,24,24,24,24,24,24,24,24,24,24,24,24],"floor_reached":33,"playtime":1801,"items_purged":["Strike_P"],"score":273,"play_id":"6a276c35-33a1-484d-92cf-076a49ab2753","local_time":"20201229195927","is_ascension_mode":false,"campfire_choices":[{"data":"Consecrate","floor":7.0,"key":"SMITH"},{"floor":12.0,"key":"REST"},{"floor":15.0,"key":"REST"},{"floor":25,"key":"REST"},{"floor":32,"key":"REST"}],"circlet_count":0,"master_deck":["Strike_P","Strike_P","Strike_P","Defend_P","Defend_P+1","Defend_P","Defend_P","Eruption+1","Vigilance","ReachHeaven","Protect","Consecrate+1","Perseverance","EmptyBody","Conclude","Judgement","SignatureMove","PathToVictory+1","Replay:Fractal Strike","Fasting2","LessonLearned"],"relics":["Ectoplasm","Peace Pipe","Odd Mushroom","Sozu","Nloth\u0027s Gift","Bird Faced Urn","Mercury Hourglass"],"acts_visited":["TheCity"],"potions_floor_usage":[],"damage_taken":[{"damage":1.0,"enemies":"Cultist","floor":1.0,"turns":4.0},{"damage":4.0,"enemies":"Jaw Worm","floor":2.0,"turns":4.0},{"damage":3.0,"enemies":"2 Louse","floor":4.0,"turns":2.0},{"damage":14.0,"enemies":"Exordium Thugs","floor":5.0,"turns":6.0},{"damage":10.0,"enemies":"Gremlin Nob","floor":6.0,"turns":4.0},{"damage":4.0,"enemies":"Red Slaver","floor":8.0,"turns":5.0},{"damage":17.0,"enemies":"The Mushroom Lair","floor":11.0,"turns":4.0},{"damage":12.0,"enemies":"Exordium Wildlife","floor":13.0,"turns":3.0},{"damage":13.0,"enemies":"Exordium Thugs","floor":14.0,"turns":4.0},{"damage":18.0,"enemies":"Hexaghost","floor":16.0,"turns":12.0},{"damage":0.0,"enemies":"Chosen","floor":18.0,"turns":3.0},{"damage":6.0,"enemies":"Shell Parasite","floor":20.0,"turns":4.0},{"damage":5.0,"enemies":"Cultist and Chosen","floor":22.0,"turns":4.0},{"damage":77.0,"enemies":"Nightmare","floor":23.0,"turns":9.0},{"damage":5,"enemies":"Chosen and Byrds","floor":24,"turns":6},{"damage":2,"enemies":"Snake Plant","floor":27,"turns":4},{"damage":15,"enemies":"Snecko","floor":28,"turns":5},{"damage":3,"enemies":"Centurion and Healer","floor":29,"turns":5},{"damage":50,"enemies":"Pondfish","floor":33,"turns":9}],"seed_played":"3959003866546878155","potions_obtained":[{"floor":1.0,"key":"LiquidMemories"},{"floor":8.0,"key":"FairyPotion"},{"floor":13.0,"key":"GamblersBrew"},{"floor":14.0,"key":"FearPotion"}],"is_trial":false,"path_per_floor":["M","M","$","M","M","E","R","M","T","?","?","R","M","M","R","B",null,"M","?","M","AVR","M","NM","M","R","T","M","M","M","?","$","R","B"],"character_chosen":"WATCHER","items_purchased":[],"campfire_rested":4,"item_purchase_floors":[],"current_hp_per_floor":[71,67,67,64,50,40,40,36,36,36,19,40,28,15,36,18,72,72,72,66,66,61,21,18,39,39,39,26,25,25,25,46,0,0],"gold":24,"neow_bonus":"BOSS_RELIC","is_daily":false,"chose_seed":false,"campfire_upgraded":1,"win_rate":0.0,"timestamp":1609300767,"path_taken":["M","M","?","M","M","E","R","M","T","?","?","R","M","M","R","BOSS","M","?","M","AVR","?","NM","M","R","T","M","M","M","?","?","R","BOSS"],"items_purchased_type":[],"build_version":"2020-12-22","purchased_purges":1,"victory":false,"max_hp_per_floor":[72,72,72,72,72,72,72,72,72,72,72,72,72,72,72,72,72,72,72,72,72,72,72,72,72,72,72,72,72,72,72,72,72,72],"card_choices":[{"not_picked":["Meditate","Sanctity"],"picked":"ReachHeaven","floor":1.0},{"not_picked":["EmptyFist","Crescendo"],"picked":"Protect","floor":2.0},{"not_picked":["FlurryOfBlows","SashWhip","Evaluate"],"picked":"SKIP","floor":4.0},{"not_picked":["ClearTheMind","WindmillStrike"],"picked":"Consecrate","floor":5.0},{"not_picked":["ConjureBlade","Vengeance","FlurryOfBlows"],"picked":"SKIP","floor":6.0},{"not_picked":["EmptyBody","Nirvana"],"picked":"Perseverance","floor":8.0},{"not_picked":["Consecrate","WindmillStrike"],"picked":"EmptyBody","floor":11.0},{"not_picked":["CrushJoints","Replay:AtTheReady"],"picked":"Conclude","floor":13.0},{"not_picked":["Replay:AtTheReady","Replay:Vibes","InnerPeace"],"picked":"SKIP","floor":14.0},{"not_picked":["LessonLearned","Brilliance"],"picked":"Judgement","floor":16.0},{"not_picked":["FollowUp","Adaptation"],"picked":"SignatureMove","floor":18.0},{"not_picked":["Evaluate","InnerPeace"],"picked":"PathToVictory+1","floor":20.0},{"not_picked":["ThirdEye","WaveOfTheHand+1","EmptyFist"],"picked":"SKIP","floor":22.0},{"not_picked":["ThirdEye","Adaptation+1"],"picked":"Fasting2","floor":23.0},{"not_picked":["Adaptation","Crescendo","ClearTheMind+1"],"picked":"SKIP","floor":24},{"not_picked":["Evaluate","Replay:BluntJabs"],"picked":"LessonLearned","floor":27},{"not_picked":["ClearTheMind","Prostrate","ThirdEye"],"picked":"SKIP","floor":28},{"not_picked":["Adaptation+1","Consecrate","WindmillStrike"],"picked":"SKIP","floor":29}],"player_experience":28545,"relics_obtained":[{"floor":6.0,"key":"Peace Pipe"},{"floor":9.0,"key":"Sundial"},{"floor":11.0,"key":"Odd Mushroom"},{"floor":23.0,"key":"Bird Faced Urn"},{"floor":26,"key":"Mercury Hourglass"}],"event_choices":[{"damage_healed":0.0,"max_hp_gain":0.0,"max_hp_loss":0.0,"gold_gain":0.0,"event_name":"Living Wall","player_choice":"Grow","floor":10.0,"gold_loss":0.0,"damage_taken":0.0,"cards_upgraded":["Eruption"]},{"damage_healed":0.0,"max_hp_gain":0.0,"max_hp_loss":0.0,"gold_gain":0.0,"event_name":"Mushrooms","player_choice":"Fought Mushrooms","floor":11.0,"gold_loss":0.0,"damage_taken":0.0},{"damage_healed":0.0,"max_hp_gain":0.0,"max_hp_loss":0.0,"gold_gain":0.0,"event_name":"N\u0027loth","player_choice":"Traded Relic","floor":19.0,"relics_lost":["Sundial"],"gold_loss":0.0,"damage_taken":0.0,"relics_obtained":["Nloth\u0027s Gift"]},{"damage_healed":0,"gold_gain":0,"player_choice":"Got Potions","damage_taken":0,"max_hp_gain":0,"max_hp_loss":0,"event_name":"Lab","floor":30,"gold_loss":0}],"is_beta":false,"boss_relics":[{"not_picked":["Cursed Key","Philosopher\u0027s Stone"],"picked":"Sozu"}],"items_purged_floors":[3],"is_endless":true,"potions_floor_spawned":[1,8,13,14,20,23,24,28,29],"killed_by":"Pondfish","ascension_level":0}}