{"host":"82vjcvwyw2j7afb1","time":1609353424,"event":{"mods":["BaseMod","Colored Map","DeckTracker","Keyboard Shortcuts","Minty Spire (QoL Compilation)","Permanent Neow","Quick Restart","StSLib","SuperFastMode","everything is the same but u backflip on backflip"],"gold_per_floor":[109,129,146,160,170,170,204,204,273,600,63,82,95,106,106,201,201,211,225,242,252,270,270,305,305,359,386,139,153,167,180,180,276,276,293,308,324,324,55,55,82,82,109,119,134,134,147,147,147,147],"floor_reached":51,"playtime":3197,"items_purged":["Defend_R","Strike_R","Strike_R"],"score":789,"play_id":"585c6a41-9497-47ca-ad2c-7c6dba07df1a","local_time":"20201231033704","is_ascension_mode":false,"campfire_choices":[{"data":"Seeing Red","floor":6.0,"key":"SMITH"},{"data":"Body Slam","floor":8.0,"key":"SMITH"},{"data":"Seeing Red","floor":15.0,"key":"SMITH"},{"data":"Juggernaut","floor":23.0,"key":"SMITH"},{"data":"True Grit","floor":25.0,"key":"SMITH"},{"data":"Double Tap","floor":32.0,"key":"SMITH"},{"data":"Barricade","floor":40.0,"key":"SMITH"},{"data":"Body Slam","floor":46,"key":"SMITH"},{"data":"Ghostly Armor","floor":49,"key":"SMITH"}],"circlet_count":0,"master_deck":["Strike_R","Strike_R","Strike_R","Defend_R","Defend_R","Defend_R","Bash+1","Body Slam+1","Seeing Red+1","Cleave","Shrug It Off","Rage","Juggernaut+1","Seeing Red+1","True Grit+1","Ghostly Armor+1","Iron Wave","Double Tap+1","Feel No Pain+1","Body Slam+1","Shrug It Off","Shockwave","Ghostly Armor+1","Power Through","Body Slam+1","Barricade+1","Iron Wave+1","Intimidate+1","Dual Wield+1","Body Slam+1"],"relics":["Burning Blood","Gambling Chip","Meat on the Bone","Old Coin","Incense Burner","Runic Pyramid","Vajra","Nunchaku","CaptainsWheel","HandDrill","Philosopher\u0027s Stone","Orrery","Bag of Preparation","Omamori"],"acts_visited":["Exordium","TheCity","TheBeyond"],"potions_floor_usage":[45,50,50,50],"damage_taken":[{"damage":6.0,"enemies":"Cultist","floor":1.0,"turns":3.0},{"damage":8.0,"enemies":"Small Slimes","floor":2.0,"turns":3.0},{"damage":1.0,"enemies":"2 Louse","floor":3.0,"turns":3.0},{"damage":10.0,"enemies":"Looter","floor":4.0,"turns":2.0},{"damage":8.0,"enemies":"Red Slaver","floor":5.0,"turns":4.0},{"damage":21.0,"enemies":"Lagavulin","floor":7.0,"turns":8.0},{"damage":0.0,"enemies":"3 Sentries","floor":10.0,"turns":7.0},{"damage":9.0,"enemies":"Exordium Wildlife","floor":12.0,"turns":5.0},{"damage":0.0,"enemies":"2 Fungi Beasts","floor":13.0,"turns":3.0},{"damage":10.0,"enemies":"Lots of Slimes","floor":14.0,"turns":5.0},{"damage":56.0,"enemies":"Hexaghost","floor":16.0,"turns":11.0},{"damage":0.0,"enemies":"Chosen","floor":18.0,"turns":4.0},{"damage":12.0,"enemies":"Shell Parasite","floor":19.0,"turns":7.0},{"damage":14.0,"enemies":"Centurion and Healer","floor":20.0,"turns":6.0},{"damage":9.0,"enemies":"Snake Plant","floor":21.0,"turns":4.0},{"damage":0.0,"enemies":"Cultist and Chosen","floor":22.0,"turns":4.0},{"damage":4.0,"enemies":"Book of Stabbing","floor":24.0,"turns":5.0},{"damage":19.0,"enemies":"Slavers","floor":27.0,"turns":3.0},{"damage":0.0,"enemies":"Centurion and Healer","floor":29.0,"turns":6.0},{"damage":0.0,"enemies":"Sentry and Sphere","floor":30.0,"turns":4.0},{"damage":0.0,"enemies":"Snecko","floor":31.0,"turns":4.0},{"damage":26.0,"enemies":"Champ","floor":33.0,"turns":13.0},{"damage":8.0,"enemies":"3 Darklings","floor":35.0,"turns":7.0},{"damage":5.0,"enemies":"Orb Walker","floor":36.0,"turns":3.0},{"damage":0.0,"enemies":"Spire Growth","floor":37.0,"turns":3.0},{"damage":17.0,"enemies":"Reptomancer","floor":41.0,"turns":3.0},{"damage":0.0,"enemies":"Jaw Worm Horde","floor":44.0,"turns":3.0},{"damage":0,"enemies":"3 Darklings","floor":45,"turns":3},{"damage":5,"enemies":"Transient","floor":47,"turns":5},{"damage":28,"enemies":"Time Eater","floor":50,"turns":9}],"seed_played":"6442170047673408789","potions_obtained":[{"floor":1.0,"key":"FearPotion"},{"floor":4.0,"key":"SneckoOil"},{"floor":5.0,"key":"BlessingOfTheForge"},{"floor":7.0,"key":"HeartOfIron"},{"floor":12.0,"key":"FearPotion"},{"floor":16.0,"key":"Explosive Potion"},{"floor":18.0,"key":"SteroidPotion"},{"floor":20.0,"key":"Swift Potion"},{"floor":21.0,"key":"DistilledChaos"},{"floor":29.0,"key":"SteroidPotion"},{"floor":30.0,"key":"Fire Potion"},{"floor":31.0,"key":"Strength Potion"},{"floor":33.0,"key":"Explosive Potion"},{"floor":36.0,"key":"ElixirPotion"},{"floor":41.0,"key":"DuplicationPotion"},{"floor":44.0,"key":"BlessingOfTheForge"},{"floor":47,"key":"DuplicationPotion"}],"is_trial":false,"path_per_floor":["M","M","M","M","M","R","E","R","T","E","$","M","M","M","R","B",null,"M","M","M","M","M","R","E","R","T","E","$","M","M","M","R","B",null,"M","M","M","?","$","R","E","$","T","M","M","R","M","?","R","B",null],"character_chosen":"IRONCLAD","items_purchased":["Juggernaut","Incense Burner","Seeing Red","HandDrill","Orrery"],"campfire_rested":0,"item_purchase_floors":[11,11,11,28,39],"current_hp_per_floor":[80,78,80,76,74,74,59,59,59,65,65,62,68,64,64,26,80,80,74,66,63,69,69,71,71,71,58,58,64,70,76,76,56,80,78,79,80,80,80,80,69,69,69,75,80,80,80,80,80,58],"gold":147,"neow_bonus":"UPGRADE_CARD","is_daily":false,"chose_seed":false,"campfire_upgraded":9,"win_rate":0.0,"timestamp":1609353424,"path_taken":["M","M","M","M","M","R","E","R","T","E","$","M","M","M","R","BOSS","M","M","M","M","M","R","E","R","T","E","$","M","M","M","R","BOSS","M","M","M","?","$","R","E","$","T","M","?","R","M","?","R","BOSS"],"items_purchased_type":["Card","Relic","Card","Relic","Relic"],"build_version":"2020-12-22","purchased_purges":3,"victory":true,"max_hp_per_floor":[80,80,80,80,80,80,80,80,80,80,80,80,80,80,80,80,80,80,80,80,80,80,80,80,80,80,80,80,80,80,80,80,80,80,80,80,80,80,80,80,80,80,80,80,80,80,80,80,80,80],"card_choices":[{"not_picked":["Infernal Blade","Shrug It Off"],"picked":"Body Slam","floor":1.0},{"not_picked":["Perfected Strike","Pommel Strike"],"picked":"Seeing Red","floor":2.0},{"not_picked":["Spot Weakness","Flame Barrier"],"picked":"Cleave","floor":3.0},{"not_picked":["Wild Strike","Seeing Red"],"picked":"Shrug It Off","floor":4.0},{"not_picked":["Blood for Blood","Uppercut"],"picked":"Rage","floor":5.0},{"not_picked":["Twin Strike","Combust","Dark Embrace"],"picked":"SKIP","floor":7.0},{"not_picked":["Twin Strike","Combust","Dark Embrace"],"picked":"SKIP","floor":7.0},{"not_picked":["Anger","Perfected Strike","Clothesline"],"picked":"SKIP","floor":10.0},{"not_picked":["Uppercut","Evolve"],"picked":"True Grit","floor":12.0},{"not_picked":["Heavy Blade","Anger"],"picked":"Ghostly Armor","floor":13.0},{"not_picked":["Clash","Perfected Strike"],"picked":"Iron Wave","floor":14.0},{"not_picked":["Limit Break","Bludgeon"],"picked":"Double Tap","floor":16.0},{"not_picked":["Pommel Strike","Flex","Second Wind"],"picked":"SKIP","floor":18.0},{"not_picked":["Headbutt","Shockwave"],"picked":"Feel No Pain+1","floor":19.0},{"not_picked":["Sever Soul+1","Seeing Red+1"],"picked":"Body Slam+1","floor":20.0},{"not_picked":["Anger","Clash+1"],"picked":"Shrug It Off","floor":21.0},{"not_picked":["Pommel Strike","Clothesline"],"picked":"Shockwave","floor":22.0},{"not_picked":["Dark Embrace","Battle Trance"],"picked":"Ghostly Armor+1","floor":24.0},{"not_picked":["Twin Strike","Whirlwind"],"picked":"Power Through","floor":27.0},{"not_picked":["Combust","Power Through+1"],"picked":"Body Slam","floor":29.0},{"not_picked":["Fire Breathing","True Grit","Wild Strike"],"picked":"SKIP","floor":30.0},{"not_picked":["Brutality","Thunderclap","Wild Strike+1"],"picked":"SKIP","floor":31.0},{"not_picked":["Bludgeon","Reaper"],"picked":"Barricade","floor":33.0},{"not_picked":["Shockwave","Wild Strike"],"picked":"Iron Wave+1","floor":35.0},{"not_picked":["Anger","True Grit"],"picked":"Intimidate+1","floor":36.0},{"not_picked":["Bludgeon","Heavy Blade","Anger+1"],"picked":"SKIP","floor":37.0},{"not_picked":["Sword Boomerang","Power Through"],"picked":"Dual Wield+1","floor":39.0},{"not_picked":["Twin Strike+1","Iron Wave","Flex+1"],"picked":"SKIP","floor":41.0},{"not_picked":["Corruption","Warcry","Disarm"],"picked":"SKIP","floor":44.0},{"not_picked":["Feel No Pain+1","Sword Boomerang","Heavy Blade"],"picked":"SKIP","floor":45},{"not_picked":["Rampage+1","Immolate"],"picked":"Body Slam+1","floor":47}],"player_experience":26029,"relics_obtained":[{"floor":7.0,"key":"Gambling Chip"},{"floor":9.0,"key":"Meat on the Bone"},{"floor":10.0,"key":"Old Coin"},{"floor":24.0,"key":"Vajra"},{"floor":26.0,"key":"Nunchaku"},{"floor":27.0,"key":"CaptainsWheel"},{"floor":41.0,"key":"Bag of Preparation"},{"floor":43.0,"key":"Omamori"}],"event_choices":[{"damage_healed":0.0,"max_hp_gain":0.0,"max_hp_loss":0.0,"gold_gain":0.0,"event_name":"The Woman in Blue","player_choice":"Bought 0 Potions","floor":38.0,"gold_loss":0.0,"damage_taken":0.0},{"damage_healed":0,"gold_gain":0,"player_choice":"Ignored","damage_taken":0,"max_hp_gain":0,"max_hp_loss":0,"event_name":"Mysterious Sphere","floor":48,"gold_loss":0}],"is_beta":false,"boss_relics":[{"not_picked":["Fusion Hammer","Empty Cage"],"picked":"Runic Pyramid"},{"not_picked":["Busted Crown","Tiny House"],"picked":"Philosopher\u0027s Stone"}],"items_purged_floors":[11,28,39],"is_endless":false,"potions_floor_spawned":[1,4,5,7,12,16,18,20,21,29,30,31,33,36,41,44,47],"ascension_level":0}}