{"host":"x4d6lk1isuf99bn5","time":1609338345,"event":{"mods":["Act Like it!","BaseMod","Gensokyo","Marisa£®ÏF”Í°°ƒß¿Ì…≥£©","Minty Spire (QoL Compilation)","Quick Restart","Reimu£®≤©¿ˆ¡È√Œ£©","Remilia£®¿Ÿ√◊¿Ú—«£©","Replay The Spire","Shop Mod","StSLib","The Poker Player","The Servant 0.9.4","Waifu the Spire","Yakumo Yukari mod","Youmu£®ªÍ∆«—˝√Œ£©"],"gold_per_floor":[153,153,205,205,238,336,336,189,242,202,228,228,228,290,290,609,609,668,680,741,753,285,373,373,373,398,251,352,352,302,387,387,702,702,741,780,780,500,500,607,257,358,358,64,175,217,217,217,217,558,558,617,567,633,572,672,760,760,687,687,726,726,505,554,593,593,912,912,961,767,767,478,533,533,533,621,706,706,206,206,134,134,134,449,449,508,508,93,21,21,21,21,687,838,748,869,437,437,437,437,851,851,910,560,560,318,318,318,318,178,271,271,271,372,372,302,302,719,719,721,721],"floor_reached":120,"playtime":5521,"items_purged":["Gensokyo:AllTheWorldsEvil","Gensokyo:CustomPotion"],"score":2924,"play_id":"c52016e3-22b9-4dd0-8b8a-eaefccba2442","local_time":"20201230222545","daily_mods":["Vintage","Heirloom","Flight","Midas"],"is_ascension_mode":false,"campfire_choices":[{"floor":13,"key":"REST"},{"floor":15,"key":"DIG"},{"floor":24,"key":"REST"},{"floor":32,"key":"DIG"},{"floor":49,"key":"REST"},{"floor":58,"key":"REST"},{"floor":66,"key":"REST"},{"floor":74,"key":"REST"},{"floor":75,"key":"REST"},{"floor":78,"key":"REST"},{"floor":80,"key":"REST"},{"floor":83,"key":"REST"},{"floor":91,"key":"REST"},{"floor":92,"key":"REST"},{"floor":98,"key":"REST"},{"floor":100,"key":"REST"},{"floor":108,"key":"REST"},{"data":"1","floor":113,"key":"LIFT"},{"floor":115,"key":"REST"},{"floor":117,"key":"DIG"}],"circlet_count":0,"master_deck":["Strike_RM","Strike_RM","Defend_RM","Defend_RM","Defend_RM","BatForm+1","HeartBreak+1","FitfulNightmare+1","ChaoticDestiny+1","TransientEternity+1","Gensokyo:UnhurriedMind+1","EternalNight+1","FastingOfTheYoungPreta+1","BombardNight+1","Gensokyo:ManorOfTheDishes+1","Gensokyo:ShootingStar","Pot Of Greed","Pot Of Greed","CeilingFear+1"],"relics":["ScarletHat","Peace Pipe","Bag of Marbles","Golden Idol","Gremlin Food","Orichalcum","Regal Pillow","War Paint","Blood Vial","PaintedHorse:ReiMu","Happy Flower","Centennial Puzzle","RedBat","Philosopher\u0027s Stone","MawBank","Bag of Preparation","Ice Cream","Replay:Baseball","ScarletDevilRocket","Simple Rune","Omamori","Strawberry","ChewingGum","Bronze Scales","Boot","ReplayTheSpireMod:TigerMarble","Membership Card","CrazyTorch:ReiMu","FossilizedHelix","Replay:Bottled Flurry","Chemical X","Pocketwatch","Replay:WaspNest","Replay:Kaleidoscope","Medical Kit","Frozen Eye","Replay:PocketPolymizer","ReplayFunnel","Sozu","Nunchaku","ReplayTheSpireMod:ShopPack","Dream Catcher","Sundial","Whetstone","Blue Doll","PrismaticShard","Replay:Rubber Ducky","Molten Egg 2","Tiny Chest","Replay:Bronze Core","RuthlessExorcism:ReiMu","Mercury Hourglass","Juzu Bracelet","Shuriken","TheAbacus","Replay:Mystery Machine","ReplayTheSpireMod:Lightbulb","Guide Book","HandDrill","Anchor","Gensokyo:RedStar","Empty Cage","Replay:Bandana","Sling","Blue Candle","Mastiff:ReiMu","Prayer Wheel","Grinning Jar","Toxic Egg 2","Quantum Egg","Fusion Hammer","Question Card","TungstenRod","MealTicket","Darkstone Periapt","Bottled Tornado","Gensokyo:LunaticRedEyes","Unceasing Top","Girya","Thread and Needle","APieceOfRedMist"],"acts_visited":["Exordium","Gensokyo:Gensokyoer","Gensokyo:Gensokyoest","Exordium","Gensokyo:Gensokyoer","Gensokyo:Gensokyoest","Gensokyo:Gensokyo","TheCity"],"potions_floor_usage":[18,23,23,31,50,101,101,101],"damage_taken":[{"damage":0,"enemies":"2 Louse","floor":1,"turns":3},{"damage":0,"enemies":"Jaw Worm","floor":3,"turns":6},{"damage":0,"enemies":"Small Slimes","floor":5,"turns":6},{"damage":19,"enemies":"Gremlin Nob","floor":6,"turns":8},{"damage":0,"enemies":"Looter","floor":14,"turns":3},{"damage":73,"enemies":"Fading Forest","floor":16,"turns":11},{"damage":0,"enemies":"Gensokyo:CosmicMonolith","floor":18,"turns":8},{"damage":0,"enemies":"Gensokyo:AngelMirror","floor":20,"turns":6},{"damage":46,"enemies":"Gensokyo:Koishi","floor":23,"turns":6},{"damage":27,"enemies":"Gensokyo:Tenshi","floor":28,"turns":5},{"damage":27,"enemies":"Gensokyo:Reisen","floor":31,"turns":7},{"damage":35,"enemies":"Gensokyo:Kaguya","floor":33,"turns":14},{"damage":0,"enemies":"Gensokyo:3_Bats","floor":35,"turns":4},{"damage":0,"enemies":"Gensokyo:AncientGuardian","floor":36,"turns":8},{"damage":21,"enemies":"Gensokyo:AncientGuardian","floor":39,"turns":7},{"damage":7,"enemies":"Gensokyo:Marisa","floor":40,"turns":2},{"damage":24,"enemies":"Gensokyo:Doremy","floor":42,"turns":7},{"damage":0,"enemies":"Gensokyo:Kasen","floor":45,"turns":5},{"damage":0,"enemies":"Gensokyo:SeedOfUnknown","floor":46,"turns":5},{"damage":0,"enemies":"Gensokyo:Scarlet_Devils","floor":50,"turns":7},{"damage":0,"enemies":"Cultist","floor":52,"turns":1},{"damage":0,"enemies":"Gremlin Nob","floor":57,"turns":2},{"damage":0,"enemies":"Jaw Worm","floor":61,"turns":2},{"damage":0,"enemies":"Small Slimes","floor":64,"turns":1},{"damage":0,"enemies":"Exordium Thugs","floor":65,"turns":1},{"damage":0,"enemies":"Slime Boss","floor":67,"turns":6},{"damage":0,"enemies":"Gensokyo:Chomper","floor":69,"turns":2},{"damage":0,"enemies":"Gensokyo:3_Dogs","floor":73,"turns":1},{"damage":0,"enemies":"Gensokyo:Koishi","floor":76,"turns":3},{"damage":0,"enemies":"Gensokyo:Tenshi","floor":77,"turns":1},{"damage":0,"enemies":"Gensokyo:Eternal_Rivals","floor":84,"turns":4},{"damage":0,"enemies":"Gensokyo:3_Bats","floor":86,"turns":1},{"damage":0,"enemies":"Gensokyo:Kasen","floor":94,"turns":3},{"damage":0,"enemies":"Gensokyo:Marisa","floor":96,"turns":3},{"damage":0,"enemies":"Gensokyo:Yuyuko","floor":101,"turns":4},{"damage":0,"enemies":"Gensokyo:2_Kodama","floor":103,"turns":2},{"damage":0,"enemies":"Gensokyo:Aya","floor":111,"turns":1},{"damage":0,"enemies":"Gensokyo:Mamizou","floor":114,"turns":2},{"damage":0,"enemies":"Gensokyo:Yukari","floor":118,"turns":3},{"damage":0,"enemies":"Spheric Guardian","floor":120,"turns":1}],"seed_played":"-5465856379544260489","potions_obtained":[{"floor":3,"key":"EssenceOfSteel"},{"floor":5,"key":"Adrenaline Potion"},{"floor":16,"key":"SpeedPotion"},{"floor":20,"key":"GamblersBrew"},{"floor":28,"key":"GamblersBrew"},{"floor":40,"key":"Regen Potion"},{"floor":42,"key":"Venom Potion"},{"floor":45,"key":"PowerPotion"},{"floor":50,"key":"Elixir"}],"is_trial":true,"path_per_floor":["M","?","M","$","M","E","?","$","T","?","T","?","R","M","R","B",null,"M","?","M","?","$","E","R","?","T","$","E","$","COS","E","R","B",null,"M","M","?","$","?","E","$","E","T","COS","E","M","?","?","R","B",null,"M","?","?","$","?","E","R","$","T","M","?","$","M","M","R","B",null,"M","$","?","$","M","R","R","E","E","R","COS","R","$","?","R","B",null,"M","?","COS","$","?","R","R","?","E","?","E","$","R","?","R","B",null,"M","$","?","COS","?","R","?","?","E","?","R","E","R","?","R","B",null,"M"],"character_chosen":"REMILIA","items_purchased":["War Paint","Ice Cream","Trip","FitfulNightmare","Ultimatum","Membership Card","CrazyTorch:ReiMu","Replay:Bottled Flurry","Chemical X","Pocketwatch","ReplayTheSpireMod:ShopPack","Dream Catcher","Blue Doll","PrismaticShard","Replay:Rubber Ducky","Mercury Hourglass","Juzu Bracelet","Shuriken","TheAbacus","Replay:Mystery Machine","BombardNight+1","Anchor","Mastiff:ReiMu","Grinning Jar","Toxic Egg 2","Quantum Egg","CeilingFear+1","TungstenRod","MealTicket","Darkstone Periapt"],"campfire_rested":16,"item_purchase_floors":[8,22,22,27,27,38,38,41,41,41,55,59,63,63,63,70,70,72,72,72,72,81,89,97,97,97,97,104,104,104],"current_hp_per_floor":[75,57,57,57,61,45,45,45,45,45,45,38,75,75,75,29,75,75,75,75,75,75,45,75,75,75,75,74,74,74,57,64,43,82,82,82,82,82,82,82,82,68,68,68,82,82,82,82,82,82,82,82,82,82,82,82,82,82,82,82,82,66,66,68,70,82,82,82,82,82,87,87,87,87,87,87,87,87,87,87,87,87,87,87,87,87,87,87,87,53,87,87,66,87,87,87,87,87,87,87,87,87,87,87,87,87,87,87,87,87,87,71,71,79,87,87,87,87,87,87,87],"gold":721,"neow_bonus":"","is_daily":false,"chose_seed":false,"campfire_upgraded":0,"win_rate":0.0,"timestamp":1609338345,"path_taken":["M","?","M","$","M","E","?","$","T","?","?","?","R","?","R","BOSS","M","?","M","?","?","E","R","?","T","$","E","$","COS","E","R","BOSS","M","?","?","$","?","E","$","E","T","COS","E","?","?","?","R","BOSS","M","?","?","$","?","E","R","$","T","?","?","$","M","M","R","BOSS","M","$","?","?","M","R","R","E","E","R","COS","R","$","?","R","BOSS","M","?","COS","?","?","R","R","?","E","?","E","$","R","?","R","BOSS","M","$","?","COS","?","R","?","?","E","?","R","E","R","?","R","BOSS","M"],"items_purchased_type":["Relic","Relic","Card","Card","Card","Relic","Relic","Relic","Relic","Relic","Relic","Relic","Relic","Relic","Relic","Relic","Relic","Relic","Relic","Relic","Card","Relic","Relic","Relic","Relic","Relic","Card","Relic","Relic","Relic"],"build_version":"2020-12-22","purchased_purges":2,"victory":false,"max_hp_per_floor":[75,75,75,75,75,75,75,75,75,75,75,75,75,75,75,75,75,75,75,75,75,75,75,75,75,75,75,75,75,75,75,82,82,82,82,82,82,82,82,82,82,82,82,82,82,82,82,82,82,82,82,82,82,82,82,82,82,82,82,82,82,82,82,82,82,82,82,82,82,82,87,87,87,87,87,87,87,87,87,87,87,87,87,87,87,87,87,87,87,87,87,87,87,87,87,87,87,87,87,87,87,87,87,87,87,87,87,87,87,87,87,87,87,87,87,87,87,87,87,87,87],"card_choices":[{"not_picked":["AfternoonTea","EmergencyRegeneration","UnderTheZenith"],"picked":"SKIP","floor":6},{"not_picked":["BloodySeventeenLaser","BloodyHallows"],"picked":"BatForm","floor":16},{"not_picked":["SuperhumanBloodyKnife","AfternoonTea"],"picked":"HeartBreak","floor":23},{"not_picked":["BloodyMagicSquare","VampireClaw"],"picked":"ChaoticDestiny","floor":28},{"not_picked":["Ultimatum+1","BlasphemousPunishment","BombardNight"],"picked":"SKIP","floor":28},{"not_picked":["Stigmanizer","Ultimatum","SuperhumanBloodyKnife"],"picked":"SKIP","floor":31},{"not_picked":["ScarletCoffin","HeartBreak"],"picked":"TransientEternity","floor":33},{"not_picked":["Gensokyo:RisingWorld","Gensokyo:DreamlikeParadise"],"picked":"Gensokyo:UnhurriedMind","floor":39},{"not_picked":["BlasphemousPunishment","ScarletImprint","MastersStateliness"],"picked":"SKIP","floor":40},{"not_picked":["ReincarnationDial+1","StarOfDavid","RedRainbow"],"picked":"SKIP","floor":42},{"not_picked":["TricksterDevil","VampirishNight+1","StarOfDavid+1"],"picked":"SKIP","floor":42},{"not_picked":["UltimateOffering+1","Stigmanizer"],"picked":"EternalNight+1","floor":45},{"not_picked":["BloodyTrap+1","VampireSweep+1","Stigmanizer"],"picked":"SKIP","floor":46},{"not_picked":["GlobalNightmare","VampireFantasy","Stigmanizer"],"picked":"SKIP","floor":57},{"not_picked":["Price_of_realm_purpleEX","Fiend Fire+1"],"picked":"FastingOfTheYoungPreta","floor":67},{"not_picked":["EmptyBody","VampirishNight+1","SprinkleStarSeal+1"],"picked":"SKIP","floor":76},{"not_picked":["Jack Of All Trades","Price_of_realm_purpleEX","PanicButton"],"picked":"SKIP","floor":77},{"not_picked":[],"picked":"Gensokyo:ShootingStar","floor":84},{"not_picked":["Shockwave","FairyDestructionRay+1","PokerPlayerMod:SecretDealer"],"picked":"SKIP","floor":94},{"not_picked":["PokerPlayerMod:CardPrinter","Go for the Eyes+1","Pummel+1"],"picked":"SKIP","floor":96},{"not_picked":["Lockon+1","After Image","DimensionStaggered_purple+1","AdvanceAttack_purple+1"],"picked":"SKIP","floor":111},{"not_picked":["Intimidate+1","Blood for Blood+1","Genetic Algorithm+1","Crescendo+1"],"picked":"SKIP","floor":114}],"player_experience":79304,"relics_obtained":[{"floor":1,"key":"Bag of Marbles"},{"floor":3,"key":"Gremlin Food"},{"floor":5,"key":"Orichalcum"},{"floor":6,"key":"Regal Pillow"},{"floor":9,"key":"Blood Vial"},{"floor":11,"key":"Happy Flower"},{"floor":14,"key":"Centennial Puzzle"},{"floor":15,"key":"RedBat"},{"floor":18,"key":"MawBank"},{"floor":20,"key":"Bag of Preparation"},{"floor":23,"key":"Replay:Baseball"},{"floor":26,"key":"ScarletDevilRocket"},{"floor":28,"key":"Simple Rune"},{"floor":31,"key":"Omamori"},{"floor":32,"key":"Strawberry"},{"floor":35,"key":"Boot"},{"floor":36,"key":"ReplayTheSpireMod:TigerMarble"},{"floor":40,"key":"FossilizedHelix"},{"floor":42,"key":"Replay:WaspNest"},{"floor":43,"key":"Replay:Kaleidoscope"},{"floor":45,"key":"Replay:PocketPolymizer"},{"floor":46,"key":"ReplayFunnel"},{"floor":52,"key":"Nunchaku"},{"floor":60,"key":"Sundial"},{"floor":61,"key":"Whetstone"},{"floor":64,"key":"Molten Egg 2"},{"floor":65,"key":"Tiny Chest"},{"floor":69,"key":"RuthlessExorcism:ReiMu"},{"floor":73,"key":"ReplayTheSpireMod:Lightbulb"},{"floor":86,"key":"Replay:Bandana"},{"floor":103,"key":"Question Card"},{"floor":117,"key":"Thread and Needle"}],"event_choices":[{"damage_healed":0,"gold_gain":0,"player_choice":"Take Damage","damage_taken":18,"relics_obtained":["Golden Idol"],"max_hp_gain":0,"max_hp_loss":0,"event_name":"Golden Idol","floor":2,"gold_loss":0},{"cards_removed":["Strike_RM"],"damage_healed":0,"gold_gain":0,"player_choice":"Forget","damage_taken":0,"max_hp_gain":0,"max_hp_loss":0,"event_name":"Living Wall","floor":7,"gold_loss":0},{"damage_healed":0,"gold_gain":0,"player_choice":"»˚«Æ","damage_taken":0,"relics_obtained":["PaintedHorse:ReiMu"],"max_hp_gain":0,"max_hp_loss":0,"event_name":"yidonshenshe","floor":10,"gold_loss":40},{"cards_removed":["Defend_RM"],"damage_healed":0,"gold_gain":0,"player_choice":"Card Removal","damage_taken":7,"max_hp_gain":0,"max_hp_loss":0,"event_name":"Golden Wing","floor":12,"gold_loss":0},{"cards_removed":["Trip"],"damage_healed":0,"gold_gain":0,"player_choice":"Card Removal","damage_taken":0,"max_hp_gain":0,"max_hp_loss":0,"event_name":"The Cleric","floor":53,"gold_loss":50},{"damage_healed":0,"gold_gain":66,"player_choice":"Gained Gold","damage_taken":0,"max_hp_gain":0,"max_hp_loss":0,"event_name":"Golden Wing","floor":54,"gold_loss":0},{"damage_healed":0,"gold_gain":100,"player_choice":"Pray","damage_taken":0,"max_hp_gain":0,"max_hp_loss":0,"event_name":"Golden Shrine","floor":56,"gold_loss":0},{"damage_healed":0,"gold_gain":0,"player_choice":"Entered Light","damage_taken":16,"max_hp_gain":0,"max_hp_loss":0,"event_name":"Shining Light","floor":62,"gold_loss":0,"cards_upgraded":["TransientEternity","Defend_RM"]}],"is_beta":false,"boss_relics":[{"not_picked":["Cursed Key","Painkiller Herb"],"picked":"Philosopher\u0027s Stone"},{"not_picked":["RedLine:ReiMu","Snecko Eye"],"picked":"ChewingGum"},{"not_picked":["SlaversCollar","Replay:Bronze Core"],"picked":"Sozu"},{"not_picked":["Honey Jar","Abe\u0027s Treasure"],"picked":"Replay:Bronze Core"},{"not_picked":["Coffee Dripper","Ring of Chaos"],"picked":"Empty Cage"},{"not_picked":["Tiny House","Snecko Eye"],"picked":"Fusion Hammer"},{"not_picked":["SacredBark","Astrolabe"],"picked":"APieceOfRedMist"}],"items_purged_floors":[22,97],"is_endless":true,"potions_floor_spawned":[3,5,16,20,28,40,45,50,52,64,67,73,84,86,103,111,118],"killed_by":"Spheric Guardian","ascension_level":0}}