{"host":"akjsb4vg7478j4ls","time":1609364857,"event":{"mods":["BaseMod","Colored Powertips","Minty Spire (QoL Compilation)","Rare Cards Sparkle"],"gold_per_floor":[118,130,25,3,14,14,14,14,314,324,9,44,44,60,60,158,158,173,173,173,18,36,36,49,49,76,93,93,128,147,422,422,422,422],"floor_reached":33,"playtime":1569,"items_purged":[],"score":265,"play_id":"a0591e1b-3172-44e8-aea2-6a365f75d7ed","local_time":"20201230194736","is_ascension_mode":false,"campfire_choices":[{"data":"Pommel Strike","floor":6,"key":"SMITH"},{"floor":13,"key":"REST"},{"floor":15,"key":"REST"},{"floor":23,"key":"DIG"},{"floor":25,"key":"DIG"},{"floor":28,"key":"REST"},{"floor":32,"key":"REST"}],"circlet_count":0,"master_deck":["Strike_R","Strike_R","Strike_R","Strike_R+1","Strike_R","Defend_R","Defend_R","Defend_R","Defend_R","Bash+1","Pommel Strike+1","True Grit+1","Flex","Havoc","Spot Weakness","Transmutation","Heavy Blade","Headbutt","Immolate","Cleave","Perfected Strike","Rampage+1","Pummel+1","Headbutt","Flex","Body Slam","Regret"],"relics":["Philosopher\u0027s Stone","Old Coin","MealTicket","Shovel","Busted Crown","Sling","Whetstone","Nunchaku","PreservedInsect","Boot"],"acts_visited":["Exordium","TheCity"],"potions_floor_usage":[16,33,33,33],"damage_taken":[{"damage":0,"enemies":"Cultist","floor":1,"turns":3},{"damage":0,"enemies":"2 Louse","floor":2,"turns":2},{"damage":2,"enemies":"Jaw Worm","floor":5,"turns":3},{"damage":9,"enemies":"Large Slime","floor":10,"turns":3},{"damage":45,"enemies":"Gremlin Nob","floor":12,"turns":5},{"damage":19,"enemies":"Lots of Slimes","floor":14,"turns":4},{"damage":37,"enemies":"The Guardian","floor":16,"turns":7},{"damage":11,"enemies":"Spheric Guardian","floor":18,"turns":3},{"damage":17,"enemies":"Shell Parasite","floor":22,"turns":4},{"damage":0,"enemies":"Snecko","floor":24,"turns":3},{"damage":18,"enemies":"Chosen and Byrds","floor":27,"turns":4},{"damage":18,"enemies":"Gremlin Leader","floor":29,"turns":4},{"damage":3,"enemies":"Centurion and Healer","floor":30,"turns":4},{"damage":87,"enemies":"Collector","floor":33,"turns":5}],"seed_played":"-2151279116457566935","potions_obtained":[{"floor":1,"key":"SneckoOil"},{"floor":10,"key":"BlessingOfTheForge"},{"floor":22,"key":"LiquidBronze"},{"floor":29,"key":"FearPotion"}],"is_trial":false,"path_per_floor":["M","M","$","$","M","R","?","?","T","M","$","E","R","M","R","B",null,"M","?","?","$","M","R","M","R","T","M","R","E","M","?","R","B"],"character_chosen":"IRONCLAD","items_purchased":["FairyPotion","True Grit","Transmutation","MealTicket","Sling"],"campfire_rested":4,"item_purchase_floors":[3,4,11,11,21],"current_hp_per_floor":[80,80,80,80,78,78,62,62,62,53,53,8,32,13,37,24,80,69,69,69,80,63,63,63,63,63,45,69,51,48,48,72,0,0],"gold":422,"neow_bonus":"BOSS_RELIC","is_daily":false,"chose_seed":false,"campfire_upgraded":1,"win_rate":0.0,"timestamp":1609364856,"path_taken":["M","M","?","$","M","R","?","?","T","?","$","E","R","M","R","BOSS","M","?","?","$","M","R","M","R","T","M","R","E","M","?","R","BOSS"],"items_purchased_type":["Potion","Card","Card","Relic","Relic"],"build_version":"2020-12-22","purchased_purges":0,"victory":false,"max_hp_per_floor":[80,80,80,80,80,80,80,80,80,80,80,80,80,80,80,80,80,80,80,80,80,80,80,80,80,80,80,80,80,80,80,80,80,80],"card_choices":[{"not_picked":["Second Wind","Cleave"],"picked":"Pommel Strike","floor":1},{"not_picked":["Hemokinesis","Bloodletting"],"picked":"Clash","floor":2},{"not_picked":["Entrench","Power Through"],"picked":"Flex","floor":5},{"not_picked":["Whirlwind","Sword Boomerang"],"picked":"Spot Weakness","floor":10},{"not_picked":["Warcry","Sentinel"],"picked":"Heavy Blade","floor":12},{"not_picked":["Brutality","Havoc"],"picked":"Headbutt","floor":14},{"not_picked":["Brutality","Corruption"],"picked":"Immolate","floor":16},{"not_picked":[],"picked":"Cleave","floor":18},{"not_picked":[],"picked":"Rampage","floor":22},{"not_picked":[],"picked":"Pummel+1","floor":24},{"not_picked":[],"picked":"Headbutt","floor":27},{"not_picked":[],"picked":"Flex","floor":29},{"not_picked":[],"picked":"Body Slam","floor":30}],"player_experience":57759,"relics_obtained":[{"floor":9,"key":"Old Coin"},{"floor":12,"key":"Shovel"},{"floor":23,"key":"Whetstone"},{"floor":25,"key":"Nunchaku"},{"floor":26,"key":"PreservedInsect"},{"floor":29,"key":"Boot"}],"event_choices":[{"damage_healed":0,"gold_gain":0,"player_choice":"Entered Light","damage_taken":16,"max_hp_gain":0,"max_hp_loss":0,"event_name":"Shining Light","floor":7,"gold_loss":0,"cards_upgraded":["Strike_R","True Grit"]},{"cards_removed":["Clash"],"damage_healed":0,"gold_gain":0,"player_choice":"Took Card","damage_taken":0,"max_hp_gain":0,"max_hp_loss":0,"event_name":"NoteForYourself","floor":8,"gold_loss":0,"cards_obtained":["Havoc"]},{"damage_healed":0,"gold_gain":0,"player_choice":"Read","damage_taken":0,"max_hp_gain":0,"max_hp_loss":0,"event_name":"The Library","floor":19,"gold_loss":0,"cards_obtained":["Perfected Strike"]},{"damage_healed":0,"gold_gain":0,"player_choice":"Ignored","damage_taken":0,"max_hp_gain":0,"max_hp_loss":0,"event_name":"Ghosts","floor":20,"gold_loss":0},{"damage_healed":0,"gold_gain":275,"player_choice":"Desecrate","damage_taken":0,"max_hp_gain":0,"max_hp_loss":0,"event_name":"Golden Shrine","floor":31,"gold_loss":0,"cards_obtained":["Regret"]}],"is_beta":false,"boss_relics":[{"not_picked":["Cursed Key","Tiny House"],"picked":"Busted Crown"}],"items_purged_floors":[],"is_endless":false,"potions_floor_spawned":[1,10,12,14,22,29,30],"killed_by":"Collector","ascension_level":0}}