{"host":"lpcxcvdszk9zyesf","time":1609301513,"event":{"mods":["BaseMod","Better Third Choice","BetterRewards","Minty Spire (QoL Compilation)","Rare Cards Sparkle","Relic Stats","Say the Spire","Spicy Shops","StSLib"],"gold_per_floor":[109,122,122,72,72,72,101,114,165,10,10,10,73,84,84,184,184,202,218,268,318,43,43,93,112,192,242,3,14,75,93,93,93,93],"floor_reached":33,"playtime":1347,"items_purged":["Strike_R","Strike_R","Strike_R"],"score":521,"play_id":"9f1954de-827e-4a5a-bd79-5132a8a47156","local_time":"20201230121153","is_ascension_mode":true,"campfire_choices":[{"data":"Twin Strike","floor":6,"key":"SMITH"},{"data":"Pommel Strike","floor":12,"key":"SMITH"},{"data":"Impervious","floor":15,"key":"SMITH"},{"data":"Whirlwind","floor":23,"key":"SMITH"},{"floor":32,"key":"REST"}],"circlet_count":0,"master_deck":["AscendersBane","Strike_R","Defend_R","Defend_R","Defend_R","Defend_R","Bash","Twin Strike+1","Enlightenment+1","Pummel","Dual Wield","Pommel Strike+1","Heavy Blade","Ghostly Armor","Impervious+1","Exhume","Whirlwind+1","Spot Weakness","Flex+1","Bloodletting+1","Bludgeon"],"relics":["Black Blood","Bag of Marbles","Singing Bowl","Mercury Hourglass","Boot","Art of War","Anchor","Potion Belt","SsserpentHead","Regal Pillow","The Courier","Toolbox","Prayer Wheel"],"acts_visited":["Exordium","TheCity"],"potions_floor_usage":[33,33,33,33,33],"damage_taken":[{"damage":2,"enemies":"Jaw Worm","floor":1,"turns":2},{"damage":0,"enemies":"Cultist","floor":2,"turns":2},{"damage":5,"enemies":"Gremlin Nob","floor":7,"turns":3},{"damage":7,"enemies":"Small Slimes","floor":8,"turns":2},{"damage":0,"enemies":"2 Fungi Beasts","floor":13,"turns":2},{"damage":0,"enemies":"Looter","floor":14,"turns":2},{"damage":25,"enemies":"Slime Boss","floor":16,"turns":10},{"damage":1,"enemies":"3 Byrds","floor":18,"turns":3},{"damage":4,"enemies":"Shell Parasite","floor":19,"turns":3},{"damage":2,"enemies":"Cultist and Chosen","floor":25,"turns":4},{"damage":34,"enemies":"Shelled Parasite and Fungi","floor":29,"turns":4},{"damage":9,"enemies":"Snake Plant","floor":30,"turns":2},{"damage":18,"enemies":"Centurion and Healer","floor":31,"turns":7},{"damage":111,"enemies":"Collector","floor":33,"turns":10}],"seed_played":"-7374184331669426238","potions_obtained":[{"floor":8,"key":"SpeedPotion"},{"floor":13,"key":"Energy Potion"},{"floor":16,"key":"Dexterity Potion"},{"floor":18,"key":"Swift Potion"},{"floor":29,"key":"ColorlessPotion"}],"is_trial":false,"path_per_floor":["M","M","?","$","$","R","E","M","T","$","?","R","M","M","R","B",null,"M","M","?","?","$","R","?","M","T","?","$","M","M","M","R","B"],"character_chosen":"IRONCLAD","items_purchased":["Bag of Marbles","Singing Bowl","Mercury Hourglass","Twin Strike","Enlightenment","AttackPotion","Pommel Strike","Potion Belt","Regal Pillow","Toolbox","Prayer Wheel"],"campfire_rested":1,"item_purchase_floors":[0,0,0,0,0,0,4,10,22,28,28],"current_hp_per_floor":[76,80,80,80,80,80,80,79,79,79,79,79,82,82,82,63,77,84,86,86,86,86,86,86,86,86,86,86,64,71,67,92,0,0],"gold":93,"neow_bonus":"","is_daily":false,"chose_seed":false,"campfire_upgraded":4,"win_rate":0.0,"timestamp":1609301513,"path_taken":["M","M","?","?","$","R","E","?","T","$","?","R","?","M","R","BOSS","M","M","?","?","$","R","?","M","T","?","?","M","?","M","R","BOSS"],"items_purchased_type":["Relic","Relic","Relic","Card","Card","Potion","Card","Relic","Relic","Relic","Relic"],"build_version":"2020-12-22","purchased_purges":3,"victory":false,"max_hp_per_floor":[80,80,80,80,80,80,80,80,80,80,80,80,82,82,82,82,82,84,86,86,86,86,86,86,86,86,86,86,86,90,92,92,92,92],"relic_stats":{"SsserpentHead":850,"Regal Pillow":0,"Singing Bowl":12,"counters":[59,255],"Black Blood":321,"Prayer Wheel":3,"Art of War":[2],"Boot":[116],"obtain_stats":[{"Regal Pillow":11,"Gremlin Horn":40,"Singing Bowl":0,"Black Blood":17,"Bag of Preparation":10,"Smiling Mask":7,"Boot":0,"Burning Blood":0,"SsserpentHead":19,"Centennial Puzzle":29,"HornCleat":26,"Pantograph":10,"Strawberry":38,"Toolbox":28,"Philosopher\u0027s Stone":17,"Prayer Wheel":28,"Fusion Hammer":17,"Red Mask":21,"HandDrill":0,"Necronomicon":24,"Kunai":6,"Runic Cube":17,"Potion Belt":21,"NeowsBlessing":0,"Golden Idol":3,"Thread and Needle":3,"PreservedInsect":0,"The Courier":26,"War Paint":19,"Question Card":9,"Akabeko":9,"Mercury Hourglass":0,"Anchor":8,"CaptainsWheel":21,"Bottled Flame":41,"Mark of Pain":34,"Bag of Marbles":0,"Art of War":7,"TungstenRod":0},{"Regal Pillow":3,"Gremlin Horn":40,"Singing Bowl":45,"Black Blood":52,"Bag of Preparation":26,"Smiling Mask":3,"Boot":45,"Burning Blood":0,"SsserpentHead":31,"Centennial Puzzle":20,"HornCleat":33,"Pantograph":3,"Strawberry":39,"Toolbox":55,"Philosopher\u0027s Stone":30,"Prayer Wheel":55,"Fusion Hammer":5,"Red Mask":16,"HandDrill":21,"Necronomicon":32,"Kunai":24,"Runic Cube":14,"Potion Belt":32,"NeowsBlessing":0,"Golden Idol":1,"Thread and Needle":8,"PreservedInsect":7,"The Courier":55,"War Paint":15,"Question Card":3,"Akabeko":11,"Mercury Hourglass":45,"Anchor":25,"CaptainsWheel":32,"Bottled Flame":40,"Mark of Pain":37,"Bag of Marbles":45,"Art of War":48,"TungstenRod":21},{"Regal Pillow":3,"Gremlin Horn":173,"Singing Bowl":200,"Black Blood":222,"Bag of Preparation":115,"Smiling Mask":3,"Boot":200,"Burning Blood":0,"SsserpentHead":138,"Centennial Puzzle":91,"HornCleat":147,"Pantograph":3,"Strawberry":167,"Toolbox":232,"Philosopher\u0027s Stone":134,"Prayer Wheel":232,"Fusion Hammer":24,"Red Mask":72,"HandDrill":94,"Necronomicon":142,"Kunai":106,"Runic Cube":66,"Potion Belt":142,"NeowsBlessing":0,"Golden Idol":1,"Thread and Needle":37,"PreservedInsect":33,"The Courier":232,"War Paint":68,"Question Card":3,"Akabeko":50,"Mercury Hourglass":200,"Anchor":112,"CaptainsWheel":142,"Bottled Flame":173,"Mark of Pain":162,"Bag of Marbles":200,"Art of War":207,"TungstenRod":94}],"Mercury Hourglass":[216]},"card_choices":[{"not_picked":["Cleave","Headbutt"],"picked":"Pummel","floor":1},{"not_picked":["Twin Strike","Clash"],"picked":"Dual Wield","floor":2},{"not_picked":["Clothesline","True Grit"],"picked":"Heavy Blade","floor":7},{"not_picked":["Feel No Pain","Flex"],"picked":"Ghostly Armor","floor":8},{"not_picked":["Body Slam","Feel No Pain","Thunderclap"],"picked":"Singing Bowl","floor":13},{"not_picked":["Flex","Rupture"],"picked":"Impervious","floor":14},{"not_picked":["Brutality","Juggernaut"],"picked":"Exhume","floor":16},{"not_picked":["Second Wind","Evolve","Headbutt"],"picked":"Singing Bowl","floor":18},{"not_picked":["Clothesline","Fire Breathing","Ghostly Armor+1"],"picked":"Singing Bowl","floor":19},{"not_picked":["Heavy Blade","Second Wind"],"picked":"Spot Weakness","floor":25},{"not_picked":["Clothesline+1","Wild Strike"],"picked":"Flex+1","floor":29},{"not_picked":["Wild Strike+1","Flex"],"picked":"Bloodletting+1","floor":29},{"not_picked":["Pommel Strike","Flex+1","Sword Boomerang+1"],"picked":"Singing Bowl","floor":30},{"not_picked":["Thunderclap","Perfected Strike+1","Iron Wave"],"picked":"Singing Bowl","floor":30},{"not_picked":["Dual Wield","Armaments","Anger"],"picked":"Singing Bowl","floor":31},{"not_picked":["Bloodletting","Whirlwind"],"picked":"Bludgeon","floor":31}],"player_experience":281086,"relics_obtained":[{"floor":7,"key":"Art of War"},{"floor":9,"key":"Anchor"},{"floor":26,"key":"The Courier"}],"event_choices":[{"damage_healed":0,"gold_gain":0,"player_choice":"Upgraded","damage_taken":0,"max_hp_gain":0,"max_hp_loss":0,"event_name":"Upgrade Shrine","floor":3,"gold_loss":0,"cards_upgraded":["Enlightenment"]},{"damage_healed":0,"gold_gain":0,"player_choice":"Trade","damage_taken":0,"relics_obtained":["SsserpentHead"],"max_hp_gain":0,"max_hp_loss":0,"event_name":"FaceTrader","floor":11,"gold_loss":0},{"damage_healed":0,"gold_gain":0,"player_choice":"Read","damage_taken":0,"max_hp_gain":0,"max_hp_loss":0,"event_name":"The Library","floor":20,"gold_loss":0,"cards_obtained":["Whirlwind"]},{"cards_removed":["Strike_R"],"damage_healed":0,"gold_gain":0,"player_choice":"Elegance","damage_taken":0,"max_hp_gain":0,"max_hp_loss":0,"event_name":"betterThird:BetterWriting","floor":21,"gold_loss":0},{"damage_healed":0,"gold_gain":0,"player_choice":"Ignored","damage_taken":0,"max_hp_gain":0,"max_hp_loss":0,"event_name":"Vampires","floor":24,"gold_loss":0},{"damage_healed":0,"gold_gain":0,"player_choice":"Ignored","damage_taken":0,"max_hp_gain":0,"max_hp_loss":0,"event_name":"Ghosts","floor":27,"gold_loss":0}],"is_beta":false,"boss_relics":[{"not_picked":["SacredBark","Tiny House"],"picked":"Black Blood"}],"items_purged_floors":[0,0,22],"is_endless":false,"potions_floor_spawned":[8,13,16,18,29,30],"killed_by":"Collector","ascension_level":10}}