{"host":"uyrebrj0204enqpc","time":1609359918,"event":{"mods":["Act Like it!","Bard","BaseMod","Block Reminder","Challenge The Spire","Colored Map","Colored Powertips","DeckTracker","Downfall","GifTheSpireLib","HexUI Lib","Highlight Path","Hubris","Infinite Spire","Minty Spire (QoL Compilation)","Pale of the Ancients","Quick Restart","Random Character Button","Relic Sorter","Relic Stats","Replay The Spire","Shop Mod","StSLib","The Blue Laboratory","The Bug Knight","The Cursed","The Jungle","The Marked","Wandering Minibosses"],"gold_per_floor":[114,127,144,144,208,236,236,236,236],"floor_reached":8,"playtime":273,"items_purged":[],"score":116,"play_id":"af6d48ee-f7ad-4d29-947b-bd3c5ad8004c","local_time":"20201230152518","is_ascension_mode":true,"campfire_choices":[{"floor":7,"key":"RECALL"}],"circlet_count":0,"master_deck":["AscendersBane","Strike_R","Strike_R","Strike_R","Strike_R","Strike_R","Defend_R","Defend_R","Defend_R","Defend_R","Bash","expansioncontent:SuperHexaguard","Feel No Pain","Evolve","ReplayTheSpireMod:Strike From Hell","Fire Breathing"],"relics":["Burning Blood","hubris:MobiusCoin","Lantern"],"acts_visited":["Exordium"],"potions_floor_usage":[],"damage_taken":[{"damage":2,"enemies":"Cultist","floor":1,"turns":4},{"damage":0,"enemies":"Jaw Worm","floor":2,"turns":2},{"damage":5,"enemies":"Small Slimes","floor":3,"turns":3},{"damage":22,"enemies":"Blue Slaver","floor":5,"turns":6},{"damage":25,"enemies":"3 Sentries","floor":6,"turns":5},{"damage":48,"enemies":"Gremlin Nob","floor":8,"turns":4}],"seed_played":"1225310638112453039","potions_obtained":[{"floor":1,"key":"sneckomod:MuddlingPotion"},{"floor":2,"key":"blueLaboratory:RememoryPotion"}],"is_trial":false,"path_per_floor":["M","M","M","T","M","E","R","E"],"character_chosen":"IRONCLAD","items_purchased":[],"campfire_rested":0,"item_purchase_floors":[],"current_hp_per_floor":[72,75,75,75,59,40,40,0,0],"gold":236,"neow_bonus":"RANDOM_COLORLESS","is_daily":false,"chose_seed":false,"campfire_upgraded":0,"win_rate":0.0,"timestamp":1609359918,"path_taken":["M","M","M","?","M","E","R","E"],"items_purchased_type":[],"build_version":"2020-12-22","purchased_purges":0,"victory":false,"max_hp_per_floor":[75,75,75,75,75,75,75,75,75],"relic_stats":{"counters":[6,24],"obtain_stats":[{"hubris:MobiusCoin":4,"Lantern":6,"Burning Blood":0},{"hubris:MobiusCoin":3,"Lantern":5,"Burning Blood":0},{"hubris:MobiusCoin":9,"Lantern":20,"Burning Blood":0}],"Burning Blood":26},"card_choices":[{"not_picked":["Replay:SS_forest_2","Replay:Bootleg Shield Generator"],"picked":"expansioncontent:SuperHexaguard","floor":0},{"not_picked":["Inflame","True Grit"],"picked":"Feel No Pain","floor":1},{"not_picked":["Run Through","Second Wind"],"picked":"Evolve","floor":2},{"not_picked":["Hemokinesis","infinitespire:OneForAll"],"picked":"ReplayTheSpireMod:Strike From Hell","floor":3},{"not_picked":["Barricade","Hemokinesis"],"picked":"Fire Breathing","floor":5},{"not_picked":["Anger","Battle Trance","ReplayTheSpireMod:Strike From Hell"],"picked":"SKIP","floor":6}],"player_experience":1018045,"relics_obtained":[{"floor":4,"key":"hubris:MobiusCoin"},{"floor":6,"key":"Lantern"}],"event_choices":[],"is_beta":false,"boss_relics":[],"items_purged_floors":[],"is_endless":false,"potions_floor_spawned":[1,2,6],"killed_by":"Gremlin Nob","ascension_level":20}}