{"host":"os9owiyb0rak6c8n","time":1609336946,"event":{"mods":["AchievementEnabler","BaseMod","Beaked The Cultist","Better Third Choice","Block Reminder","Colored Map","Colored Powertips","Dio Mod","Downfall","Minty Spire (QoL Compilation)","Robot Space Explorer","Spicy Shops","StSLib","The Death Knight"],"gold_per_floor":[99,7,25,25,10,25,50,64,79,79,97,109,109,121,135,235,235,235,255,255,10,10,10,60,72,89,102,202,127,37,51,65,165,165,165,185,185,185],"floor_reached":37,"playtime":3700,"items_purged":["beaked:Strike_Y"],"score":390,"play_id":"0ec65944-011a-4efd-81db-14ed602e126b","local_time":"20201230150226","is_ascension_mode":false,"campfire_choices":[{"data":"beaked:Ceremony","floor":1.0,"key":"SMITH"},{"data":"beaked:StickSmack","floor":10.0,"key":"SMITH"},{"data":"beaked:Brace","floor":13.0,"key":"SMITH"},{"floor":18.0,"key":"RECALL"},{"floor":23.0,"key":"REST"},{"floor":29,"key":"REST"},{"floor":35,"key":"REST"}],"circlet_count":0,"master_deck":["beaked:Strike_Y","beaked:Strike_Y","beaked:Strike_Y","beaked:Strike_Y","beaked:Strike_Y","beaked:Defend_Y","beaked:Defend_Y","beaked:Defend_Y","beaked:Defend_Y","beaked:Ceremony+1","beaked:Ceremony","beaked:Ceremony","beaked:Roost","beaked:Windmill","beaked:TuckingFeathers","beaked:StickSmack+1","beaked:MachineSpirit","beaked:MimicMachine","beaked:Brace+1","beaked:Sacrifice","beaked:VolatileMisfortune","beaked:WarriorSpirit","beaked:DigDeep","expansioncontent:StudyTheSpire","beaked:SacrificialAttack","beaked:SacrificialDive+1","beaked:CrazyRituals"],"relics":["beaked:MendingPlumage","Lantern","Fusion Hammer","Orichalcum","Turnip","beaked:ShinyBauble","downfall:HeartBlessingRed","Sozu"],"acts_visited":["Exordium","TheCity","TheBeyond"],"potions_floor_usage":[26,32,32,32],"damage_taken":[{"damage":10.0,"enemies":"downfall:FleeingMerchant","floor":2.0,"turns":4.0},{"damage":8.0,"enemies":"Small Slimes","floor":3.0,"turns":5.0},{"damage":0.0,"enemies":"downfall:FleeingMerchant","floor":5.0,"turns":4.0},{"damage":5.0,"enemies":"Cultist","floor":6.0,"turns":4.0},{"damage":14.0,"enemies":"2 Louse","floor":8.0,"turns":3.0},{"damage":14.0,"enemies":"Large Slime","floor":9.0,"turns":5.0},{"damage":23.0,"enemies":"Exordium Wildlife","floor":11.0,"turns":9.0},{"damage":0.0,"enemies":"Exordium Thugs","floor":12.0,"turns":3.0},{"damage":22.0,"enemies":"Large Slime","floor":14.0,"turns":6.0},{"damage":12.0,"enemies":"Blue Slaver","floor":15.0,"turns":3.0},{"damage":33.0,"enemies":"downfall:Watcher","floor":16.0,"turns":12.0},{"damage":30.0,"enemies":"Spheric Guardian","floor":19.0,"turns":5.0},{"damage":0.0,"enemies":"downfall:FleeingMerchant","floor":21.0,"turns":4.0},{"damage":3.0,"enemies":"Snecko","floor":25.0,"turns":6.0},{"damage":23,"enemies":"Snake Plant","floor":26,"turns":7},{"damage":6,"enemies":"Shelled Parasite and Fungi","floor":27,"turns":5},{"damage":29,"enemies":"downfall:Silent","floor":28,"turns":7},{"damage":13,"enemies":"downfall:FleeingMerchant","floor":30,"turns":4},{"damage":51,"enemies":"Chosen and Byrds","floor":31,"turns":10},{"damage":33,"enemies":"Cultist and Chosen","floor":32,"turns":8},{"damage":56,"enemies":"downfall:Defect","floor":33,"turns":9},{"damage":7,"enemies":"3 Shapes","floor":36,"turns":6},{"damage":75,"enemies":"2 Orb Walkers","floor":37,"turns":4}],"seed_played":"-4270614577818948385","potions_obtained":[{"floor":3.0,"key":"PowerPotion"},{"floor":8.0,"key":"champ:CounterPotion"},{"floor":11.0,"key":"BlessingOfTheForge"},{"floor":14.0,"key":"DeathKnight:RimePotion"},{"floor":16.0,"key":"Energy Potion"},{"floor":31,"key":"Guardian:BlockOnCardUsePotion"},{"floor":32,"key":"FearPotion"}],"is_trial":false,"path_per_floor":["R","$","M","?","$","M","T","M","M","R","M","M","R","M","M","B",null,"R","M","?","$","?","R","T","M","M","M","?","R","$","M","M","B",null,"R","M","?"],"character_chosen":"BEAKED_THE_CULTIST","items_purchased":["beaked:Roost","expansioncontent:StudyTheSpire"],"campfire_rested":3,"item_purchase_floors":[2,21],"current_hp_per_floor":[55,50,55,55,55,54,54,47,53,53,55,55,55,52,52,52,61,61,46,61,61,61,61,61,61,56,64,67,67,67,48,63,46,67,67,70,11,11],"gold":185,"neow_bonus":"TEN_PERCENT_HP_BONUS","is_daily":false,"chose_seed":false,"campfire_upgraded":3,"win_rate":0.0,"timestamp":1609336946,"path_taken":["R","$","M","?","?","M","T","M","?","R","M","M","R","M","M","BOSS","R","M","?","$","?","R","T","M","M","M","?","R","?","M","M","BOSS","R","M","?"],"items_purchased_type":["Card","Card"],"build_version":"2020-12-22","purchased_purges":1,"victory":false,"max_hp_per_floor":[55,55,55,55,55,55,55,55,55,55,55,55,55,55,58,61,61,61,61,61,61,61,61,61,61,64,64,67,67,67,67,67,67,67,67,70,70,70],"card_choices":[{"not_picked":["beaked:FeelMyPain","beaked:Molting"],"picked":"beaked:BraceForImpact","floor":2.0},{"not_picked":["beaked:Negation","beaked:Brace"],"picked":"beaked:Windmill","floor":3.0},{"not_picked":["beaked:Foresight","beaked:Roost"],"picked":"beaked:TuckingFeathers","floor":5.0},{"not_picked":["beaked:CursingBlood","beaked:Overexert"],"picked":"beaked:StickSmack","floor":6.0},{"not_picked":["beaked:Windmill","beaked:Brainwash"],"picked":"beaked:MachineSpirit","floor":8.0},{"not_picked":["beaked:Flinch","beaked:Brace","beaked:Tweet"],"picked":"SKIP","floor":9.0},{"not_picked":["beaked:MimicHuntress","beaked:Brace"],"picked":"beaked:MimicMachine","floor":11.0},{"not_picked":["beaked:StickSmack","beaked:Foresight"],"picked":"beaked:Brace","floor":12.0},{"not_picked":["beaked:Tradeoff","beaked:Insight"],"picked":"beaked:Sacrifice","floor":14.0},{"not_picked":["beaked:MimicHuntress","beaked:Windmill","beaked:Overpower"],"picked":"SKIP","floor":15.0},{"not_picked":["beaked:CheekyTricks","beaked:MachineEssence"],"picked":"beaked:VolatileMisfortune","floor":16.0},{"not_picked":["beaked:Daydream","beaked:DigDeep"],"picked":"beaked:WarriorSpirit","floor":19.0},{"not_picked":["beaked:Daydream","beaked:FakeOut"],"picked":"beaked:DigDeep","floor":21.0},{"not_picked":["beaked:Devastation","beaked:BraceForImpact+1","beaked:WarriorEssence"],"picked":"SKIP","floor":25},{"not_picked":["beaked:VigorBurst","beaked:WarriorEssence","beaked:Daydream"],"picked":"SKIP","floor":26},{"not_picked":["beaked:HuntressEssence","beaked:WarriorEssence","beaked:Negation+1"],"picked":"SKIP","floor":27},{"not_picked":["beaked:Redirect","beaked:Daydream"],"picked":"beaked:SacrificialAttack","floor":28},{"not_picked":["beaked:DigDeep","beaked:WindBringer"],"picked":"beaked:SacrificialDive+1","floor":30},{"not_picked":["beaked:MimicMachine","beaked:Roost+1"],"picked":"beaked:CrazyRituals","floor":31},{"not_picked":["beaked:Brace","beaked:DigDeeper","beaked:WarriorEssence"],"picked":"SKIP","floor":32},{"not_picked":["beaked:Tradeoff+1","beaked:Poke","beaked:Insight+1"],"picked":"SKIP","floor":36}],"player_experience":586834,"relics_obtained":[{"floor":7.0,"key":"Lantern"},{"floor":24.0,"key":"Orichalcum"},{"floor":28,"key":"Turnip"},{"floor":28,"key":"beaked:ShinyBauble"}],"event_choices":[{"cards_removed":["beaked:BraceForImpact"],"damage_healed":5.0,"max_hp_gain":0.0,"max_hp_loss":0.0,"gold_gain":0.0,"event_name":"Bonfire Elementals","player_choice":"Offered Common","floor":4.0,"gold_loss":0.0,"damage_taken":0.0},{"cards_removed":["beaked:BraceForImpact"],"damage_healed":5.0,"max_hp_gain":0.0,"max_hp_loss":0.0,"gold_gain":0.0,"event_name":"Bonfire Elementals","player_choice":"Offered Special","floor":4.0,"gold_loss":0.0,"damage_taken":0.0},{"damage_healed":20.0,"max_hp_gain":0.0,"max_hp_loss":0.0,"gold_gain":0.0,"event_name":"The Library","player_choice":"Heal","floor":20.0,"gold_loss":0.0,"damage_taken":0.0},{"damage_healed":0,"gold_gain":0,"player_choice":"Fight","damage_taken":0,"max_hp_gain":0,"max_hp_loss":0,"event_name":"Mysterious Sphere","floor":37,"gold_loss":0}],"is_beta":false,"boss_relics":[{"not_picked":["beaked:BlessedCoat","Cursed Key"],"picked":"Fusion Hammer"},{"not_picked":["Astrolabe","Pandora\u0027s Box"],"picked":"Sozu"}],"items_purged_floors":[30],"is_endless":false,"potions_floor_spawned":[3,8,11,14,16,19,25,31,32],"killed_by":"2 Orb Walkers","ascension_level":0}}