{"host":"huzih8coe6eib4hq","time":1609307566,"event":{"mods":["BaseMod","Bestiary","Highlight Path","Minty Spire (QoL Compilation)","Relic Stats"],"gold_per_floor":[109,126,196,213,115,115,148,161,161,336,670,144,144,177,177,275,275,287,287,287,106,124,157,157,182,209,18,33,62,62,80,80,177,177,193,204,223,273,288,315,339,339,339,339,349,363,93,109,109,109,109,109,14,49,49],"floor_reached":56,"playtime":17917,"items_purged":["Strike_B","Doubt","Defend_B","Defend_B"],"score":1792,"play_id":"64e332af-1f12-4c4f-9187-93d2b3f36d11","local_time":"20201230005246","is_ascension_mode":true,"campfire_choices":[{"data":"Doom and Gloom","floor":6.0,"key":"SMITH"},{"data":"Hologram","floor":13.0,"key":"SMITH"},{"data":"Defragment","floor":15.0,"key":"SMITH"},{"data":"Turbo","floor":24.0,"key":"SMITH"},{"floor":32.0,"key":"RECALL"},{"data":"Defragment","floor":44,"key":"SMITH"},{"data":"Loop","floor":49,"key":"SMITH"},{"data":"Heatsinks","floor":52,"key":"SMITH"}],"circlet_count":0,"master_deck":["Defend_B","Dualcast","Doom and Gloom+1","Undo","Loop+1","Chill","Hologram+1","Ball Lightning","Turbo+1","BootSequence","Redo+1","Genetic Algorithm+1","Defragment+1","Multi-Cast+1","Skim+1","Necronomicurse","Blind+1","Coolheaded+1","Hologram+1","Reinforced Body+1","Defragment+1","Double Energy+1","White Noise+1","Recycle+1","Turbo+1","Self Repair","Biased Cognition+1","Fusion+1","Rebound","Reinforced Body+1","Redo+1","Steam Power+1","Ball Lightning+1","Heatsinks+1","Glacier+1","Stack+1","Turbo+1"],"relics":["Cracked Core","Bag of Preparation","Toxic Egg 2","Old Coin","Strawberry","ClockworkSouvenir","Smiling Mask","Empty Cage","Necronomicon","Turnip","Toy Ornithopter","Medical Kit","FossilizedHelix","Nuclear Battery","Emotion Chip","Boot","Blood Vial","Darkstone Periapt","HornCleat"],"acts_visited":["Exordium","TheCity","TheBeyond","TheEnding"],"potions_floor_usage":[33,38,40,55],"damage_taken":[{"damage":0.0,"enemies":"Cultist","floor":1.0,"turns":3.0},{"damage":9.0,"enemies":"2 Louse","floor":2.0,"turns":2.0},{"damage":0.0,"enemies":"Small Slimes","floor":4.0,"turns":3.0},{"damage":8.0,"enemies":"3 Sentries","floor":7.0,"turns":7.0},{"damage":2.0,"enemies":"Red Slaver","floor":8.0,"turns":4.0},{"damage":0.0,"enemies":"Gremlin Nob","floor":11.0,"turns":2.0},{"damage":1.0,"enemies":"3 Sentries","floor":14.0,"turns":5.0},{"damage":0.0,"enemies":"The Guardian","floor":16.0,"turns":7.0},{"damage":0.0,"enemies":"Spheric Guardian","floor":18.0,"turns":3.0},{"damage":0.0,"enemies":"3 Byrds","floor":22.0,"turns":3.0},{"damage":2.0,"enemies":"Slavers","floor":23.0,"turns":3.0},{"damage":7.0,"enemies":"Book of Stabbing","floor":25.0,"turns":5.0},{"damage":0.0,"enemies":"Sentry and Sphere","floor":28.0,"turns":4.0},{"damage":0.0,"enemies":"Slavers","floor":29.0,"turns":4.0},{"damage":0.0,"enemies":"Cultist and Chosen","floor":31.0,"turns":4.0},{"damage":22,"enemies":"Automaton","floor":33,"turns":7},{"damage":0,"enemies":"Orb Walker","floor":35,"turns":3},{"damage":0,"enemies":"3 Shapes","floor":36,"turns":3},{"damage":0,"enemies":"Writhing Mass","floor":37,"turns":5},{"damage":35,"enemies":"Mind Bloom Boss Battle","floor":38,"turns":6},{"damage":0,"enemies":"3 Darklings","floor":39,"turns":5},{"damage":0,"enemies":"Nemesis","floor":40,"turns":5},{"damage":0,"enemies":"Sphere and 2 Shapes","floor":45,"turns":6},{"damage":0,"enemies":"Transient","floor":46,"turns":5},{"damage":0,"enemies":"3 Darklings","floor":48,"turns":3},{"damage":8,"enemies":"Time Eater","floor":50,"turns":10},{"damage":0,"enemies":"Shield and Spear","floor":54,"turns":4},{"damage":12,"enemies":"The Heart","floor":55,"turns":7}],"seed_played":"-246552078300280052","potions_obtained":[{"floor":1.0,"key":"BlessingOfTheForge"},{"floor":8.0,"key":"EntropicBrew"},{"floor":14.0,"key":"FocusPotion"},{"floor":16.0,"key":"Block Potion"},{"floor":29.0,"key":"DistilledChaos"},{"floor":31.0,"key":"FearPotion"},{"floor":37,"key":"Regen Potion"},{"floor":38,"key":"EssenceOfDarkness"},{"floor":40,"key":"AttackPotion"},{"floor":46,"key":"FairyPotion"}],"is_trial":false,"path_per_floor":["M","M","?","M","$","R","E","M","T","?","E","$","R","E","R","B",null,"M","?","?","$","M","E","R","E","T","$","M","E","?","M","R","B",null,"M","M","M","?","M","E","T","?","T","R","M","M","$","M","R","B",null,"R","$","E","B",null],"character_chosen":"DEFECT","items_purchased":["Ball Lightning","Genetic Algorithm+1","Strawberry","ClockworkSouvenir","LiquidMemories","Blind+1","Coolheaded+1","Hologram+1","Medical Kit","White Noise+1","PotionOfCapacity","Heatsinks","Glacier+1","Stack+1"],"campfire_rested":0,"item_purchase_floors":[5,12,12,12,12,21,21,21,27,27,47,47,47,53],"current_hp_per_floor":[50,41,41,41,41,41,33,31,31,31,31,38,38,37,37,37,71,71,55,82,82,82,80,80,73,73,73,73,78,78,82,82,67,78,82,82,82,54,61,73,73,73,73,73,82,82,82,82,82,74,80,80,80,82,77],"gold":49,"neow_bonus":"TRANSFORM_TWO_CARDS","is_daily":false,"chose_seed":false,"campfire_upgraded":7,"win_rate":0.0,"timestamp":1609307566,"path_taken":["M","M","?","M","$","R","E","M","T","?","E","$","R","E","R","BOSS","M","?","?","$","M","E","R","E","T","$","M","E","?","?","R","BOSS","M","M","M","?","M","E","?","?","T","R","M","?","$","M","R","BOSS","R","$","E","BOSS"],"items_purchased_type":["Card","Card","Relic","Relic","Potion","Card","Card","Card","Relic","Card","Potion","Card","Card","Card"],"build_version":"2020-12-22","purchased_purges":4,"victory":true,"max_hp_per_floor":[75,75,75,75,75,75,75,75,75,75,75,82,82,82,82,82,82,82,82,82,82,82,82,82,82,82,82,82,82,82,82,82,82,82,82,82,82,82,82,82,82,82,82,82,82,82,82,82,82,82,82,82,82,82,82],"relic_stats":{"Blood Vial":4,"Darkstone Periapt":0,"Emotion Chip":[16,1,6,6,3],"counters":[28,128],"Turnip":[12],"Bag of Preparation":[48],"Necronomicon":[21],"Smiling Mask":175,"Medical Kit":[5],"Boot":[6],"obtain_stats":[{"Darkstone Periapt":43,"Bag of Preparation":7,"Smiling Mask":14,"Empty Cage":17,"Medical Kit":27,"Boot":40,"Old Coin":11,"ClockworkSouvenir":12,"Nuclear Battery":34,"Blood Vial":41,"Emotion Chip":38,"HornCleat":54,"Strawberry":12,"Turnip":23,"Necronomicon":19,"Toxic Egg 2":9,"Cracked Core":0,"Toy Ornithopter":25,"FossilizedHelix":29},{"Darkstone Periapt":22,"Bag of Preparation":4,"Smiling Mask":7,"Empty Cage":8,"Medical Kit":12,"Boot":22,"Old Coin":6,"ClockworkSouvenir":6,"Nuclear Battery":16,"Blood Vial":22,"Emotion Chip":20,"HornCleat":27,"Strawberry":6,"Turnip":11,"Necronomicon":9,"Toxic Egg 2":5,"Cracked Core":0,"Toy Ornithopter":12,"FossilizedHelix":14},{"Darkstone Periapt":93,"Bag of Preparation":15,"Smiling Mask":26,"Empty Cage":33,"Medical Kit":47,"Boot":93,"Old Coin":21,"ClockworkSouvenir":21,"Nuclear Battery":66,"Blood Vial":93,"Emotion Chip":83,"HornCleat":121,"Strawberry":21,"Turnip":42,"Necronomicon":36,"Toxic Egg 2":19,"Cracked Core":0,"Toy Ornithopter":47,"FossilizedHelix":55}],"Toy Ornithopter":10},"card_choices":[{"not_picked":["Gash","Rebound"],"picked":"Loop","floor":1.0},{"not_picked":["Gash","Buffer"],"picked":"Chill","floor":2.0},{"not_picked":["Doom and Gloom","Steam"],"picked":"Hologram","floor":4.0},{"not_picked":["Sweeping Beam","Compile Driver"],"picked":"Turbo","floor":7.0},{"not_picked":["Compile Driver","Gash"],"picked":"BootSequence","floor":8.0},{"not_picked":["Skim+1","Force Field+1"],"picked":"Redo+1","floor":11.0},{"not_picked":["FTL","Rebound"],"picked":"Defragment","floor":14.0},{"not_picked":["Electrodynamics","Meteor Strike"],"picked":"Multi-Cast+1","floor":16.0},{"not_picked":["Beam Cell+1","BootSequence+1"],"picked":"Skim+1","floor":18.0},{"not_picked":["Leap+1","Coolheaded+1"],"picked":"Reinforced Body+1","floor":22.0},{"not_picked":["Beam Cell","Redo+1"],"picked":"Defragment","floor":23.0},{"not_picked":["Conserve Battery+1","Sunder"],"picked":"Double Energy+1","floor":25.0},{"not_picked":["Hologram+1","Tempest+1"],"picked":"Recycle+1","floor":28.0},{"not_picked":["Compile Driver","Reinforced Body+1"],"picked":"Turbo+1","floor":29.0},{"not_picked":["Barrage","Go for the Eyes","Rebound"],"picked":"SKIP","floor":31.0},{"not_picked":["Reboot+1","Creative AI"],"picked":"Biased Cognition","floor":33},{"not_picked":["Go for the Eyes","Double Energy+1"],"picked":"Fusion+1","floor":35},{"not_picked":["Auto Shields+1","Leap+1"],"picked":"Rebound","floor":36},{"not_picked":["Gash","Compile Driver+1"],"picked":"Reinforced Body+1","floor":37},{"not_picked":["Recycle+1","Consume+1"],"picked":"Redo+1","floor":38},{"not_picked":["Defragment","Streamline+1","Rebound+1"],"picked":"SKIP","floor":39},{"not_picked":["Steam+1","Ball Lightning+1","BootSequence+1"],"picked":"SKIP","floor":40},{"not_picked":["Gash","Barrage"],"picked":"Steam Power+1","floor":45},{"not_picked":["All For One","Beam Cell"],"picked":"Ball Lightning+1","floor":46},{"not_picked":["Steam+1","Redo+1","Cold Snap"],"picked":"SKIP","floor":48},{"not_picked":["Steam+1","Sunder+1"],"picked":"Turbo+1","floor":54}],"player_experience":780423,"relics_obtained":[{"floor":7.0,"key":"Bag of Preparation"},{"floor":9.0,"key":"Toxic Egg 2"},{"floor":11.0,"key":"Old Coin"},{"floor":14.0,"key":"Smiling Mask"},{"floor":19.0,"key":"Necronomicon"},{"floor":23.0,"key":"Turnip"},{"floor":25.0,"key":"Toy Ornithopter"},{"floor":29.0,"key":"FossilizedHelix"},{"floor":38,"key":"Emotion Chip"},{"floor":40,"key":"Boot"},{"floor":41,"key":"Blood Vial"},{"floor":43,"key":"Darkstone Periapt"},{"floor":54,"key":"HornCleat"}],"event_choices":[{"damage_healed":0.0,"max_hp_gain":0.0,"max_hp_loss":0.0,"gold_gain":70.0,"event_name":"Golden Wing","player_choice":"Gained Gold","floor":3.0,"gold_loss":0.0,"damage_taken":0.0},{"damage_healed":0.0,"max_hp_gain":0.0,"max_hp_loss":0.0,"gold_gain":175.0,"event_name":"Liars Game","player_choice":"AGREE","floor":10.0,"gold_loss":0.0,"damage_taken":0.0,"cards_obtained":["Doubt"]},{"damage_healed":0.0,"max_hp_gain":0.0,"max_hp_loss":0.0,"gold_gain":0.0,"event_name":"Cursed Tome","player_choice":"Obtained Book","floor":19.0,"gold_loss":0.0,"damage_taken":16.0},{"damage_healed":27.0,"max_hp_gain":0.0,"max_hp_loss":0.0,"gold_gain":0.0,"event_name":"The Library","player_choice":"Heal","floor":20.0,"gold_loss":0.0,"damage_taken":0.0},{"damage_healed":0.0,"max_hp_gain":0.0,"max_hp_loss":0.0,"gold_gain":0.0,"cards_transformed":["Zap"],"event_name":"Transmorgrifier","player_choice":"Transformed","floor":30.0,"gold_loss":0.0,"damage_taken":0.0,"cards_obtained":["Self Repair"]},{"damage_healed":0,"gold_gain":0,"player_choice":"Fight","damage_taken":0,"max_hp_gain":0,"max_hp_loss":0,"event_name":"MindBloom","floor":38,"gold_loss":0},{"damage_healed":0,"gold_gain":0,"player_choice":"Forge","damage_taken":0,"max_hp_gain":0,"max_hp_loss":0,"event_name":"Accursed Blacksmith","floor":42,"gold_loss":0,"cards_upgraded":["Biased Cognition"]}],"is_beta":false,"boss_relics":[{"not_picked":["Runic Dome","Calling Bell"],"picked":"Empty Cage"},{"not_picked":["Velvet Choker","SlaversCollar"],"picked":"Nuclear Battery"}],"items_purged_floors":[5,12,47,53],"is_endless":false,"potions_floor_spawned":[1,8,14,16,18,29,31,37,38,40,46],"ascension_level":7}}