{"host":"5ty8fyb0ngp9gspj","time":1609301790,"event":{"mods":["2.2 Compatiblity","AchievementEnabler","Act Like it!","BaseMod","Colored Map","Downfall","Minty Spire (QoL Compilation)","Rare Cards Sparkle","StSLib"],"gold_per_floor":[99,117,117,127,40,40,40,40,25,40,40,40,67,85,98,197,197,122,142,142,142,127,154,154,154,254,538,463,484,519,268,288,393,393,318,328,378,390,409,409,409,509,509,538,538,548,548,567,579,579,579,610,536,536,536],"floor_reached":56,"playtime":2344,"items_purged":[],"score":13511,"play_id":"a44836ab-efac-45e4-97a6-147c10bf7d66","local_time":"20201230151630","is_ascension_mode":true,"campfire_choices":[{"data":"hexamod:Float","floor":1,"key":"SMITH"},{"data":"hexamod:ExtraCrispy","floor":8,"key":"SMITH"},{"data":"hexamod:RainOfEmbers","floor":12,"key":"SMITH"},{"data":"Sadistic Nature","floor":18,"key":"SMITH"},{"floor":28,"key":"RECALL"},{"data":"hexamod:Incineration","floor":35,"key":"SMITH"},{"floor":43,"key":"REST"},{"data":"hexamod:RadiantFlame","floor":45,"key":"SMITH"},{"data":"hexamod:BurningTouch","floor":47,"key":"SMITH"},{"floor":54,"key":"REST"}],"circlet_count":0,"master_deck":["hexamod:Strike+1","hexamod:Strike+1","hexamod:Strike+1","hexamod:Defend+1","hexamod:Defend+1","hexamod:Defend+1","hexamod:Defend+1","hexamod:Sear","hexamod:Float+1","Sadistic Nature+1","hexamod:RainOfEmbers+1","hexamod:CatchUp","hexamod:ExtraCrispy+1","hexamod:RadiantFlame+1","hexamod:Hexaguard+1","hexamod:SpectralSpark+1","hexamod:RainOfEmbers+1","hexamod:CatchUp+1","hexamod:Incineration+1","hexamod:HeatShield+1","hexamod:BurningTouch+1","hexamod:WildfireWeapon+1","hexamod:ChargedBarrage+1","hexamod:NightmareGuise+1","hexamod:HauntingEcho+1","hexamod:RainOfEmbers+1","hexamod:ThermalTransfer+1","hexamod:UnlimitedPower","hexamod:PhantomFireball"],"relics":["hexamod:SpiritBrand","Ice Cream","Velvet Choker","downfall:HeartBlessingBlue","Omamori","Sundial","downfall:HeartBlessingGreen","hexamod:TheBrokenSeal","sneckomod:BlankCard","Frozen Egg 2","Runic Dome","downfall:HeartBlessingRed","champ:DuelingGlove","Mummified Hand","Thread and Needle","Gremlin Horn"],"acts_visited":["Exordium","TheCity","TheBeyond","TheEnding"],"potions_floor_usage":[13,15,16,16,22,23,23,27,29,30,39],"damage_taken":[{"damage":1,"enemies":"Small Slimes","floor":2,"turns":3},{"damage":0,"enemies":"Cultist","floor":4,"turns":3},{"damage":5,"enemies":"downfall:FleeingMerchant","floor":5,"turns":4},{"damage":4,"enemies":"downfall:FleeingMerchant","floor":9,"turns":4},{"damage":8,"enemies":"Jaw Worm","floor":10,"turns":3},{"damage":29,"enemies":"3 Sentries","floor":13,"turns":5},{"damage":2,"enemies":"Large Slime","floor":14,"turns":4},{"damage":4,"enemies":"2 Fungi Beasts","floor":15,"turns":3},{"damage":17,"enemies":"downfall:Watcher","floor":16,"turns":6},{"damage":18,"enemies":"3 Byrds","floor":19,"turns":4},{"damage":0,"enemies":"downfall:FleeingMerchant","floor":22,"turns":4},{"damage":24,"enemies":"Slavers","floor":23,"turns":5},{"damage":1,"enemies":"downfall:FleeingMerchant","floor":27,"turns":3},{"damage":10,"enemies":"Shell Parasite","floor":29,"turns":4},{"damage":37,"enemies":"Book of Stabbing","floor":30,"turns":4},{"damage":0,"enemies":"Chosen and Byrds","floor":32,"turns":3},{"damage":22,"enemies":"downfall:Silent","floor":33,"turns":4},{"damage":8,"enemies":"3 Shapes","floor":36,"turns":2},{"damage":12,"enemies":"Mind Bloom Boss Battle","floor":37,"turns":4},{"damage":0,"enemies":"Orb Walker","floor":38,"turns":3},{"damage":3,"enemies":"Sphere and 2 Shapes","floor":39,"turns":3},{"damage":0,"enemies":"Reptomancer","floor":44,"turns":3},{"damage":0,"enemies":"Spire Growth","floor":46,"turns":3},{"damage":8,"enemies":"Writhing Mass","floor":48,"turns":3},{"damage":0,"enemies":"Maw","floor":49,"turns":3},{"damage":0,"enemies":"downfall:Defect","floor":50,"turns":4},{"damage":27,"enemies":"downfall:CharBossMerchant","floor":52,"turns":6},{"damage":39,"enemies":"downfall:NeowBoss","floor":55,"turns":19}],"seed_played":"-5837349571261231319","potions_obtained":[{"floor":3,"key":"Weak Potion"},{"floor":3,"key":"FearPotion"},{"floor":3,"key":"Swift Potion"},{"floor":13,"key":"AttackPotion"},{"floor":15,"key":"Guardian:BlockOnCardUsePotion"},{"floor":16,"key":"Slimebound:ThreeZeroPotion"},{"floor":19,"key":"DistilledChaos"},{"floor":22,"key":"Fire Potion"},{"floor":23,"key":"Weak Potion"},{"floor":27,"key":"Fire Potion"},{"floor":29,"key":"FairyPotion"},{"floor":29,"key":"ColorlessPotion"},{"floor":32,"key":"SkillPotion"},{"floor":48,"key":"Fire Potion"},{"floor":49,"key":"DuplicationPotion"}],"is_trial":false,"path_per_floor":["R","M","?","M","$","?","T","R","$","M","?","R","E","M","M","B",null,"R","M","?","?","$","E","T","?","?","$","R","M","E","$","M","B",null,"R","M","?","M","M","?","T","?","R","E","R","M","R","M","M","B",null,"E","$","R","B",null],"character_chosen":"THE_SPIRIT","items_purchased":["hexamod:ExtraCrispy","hexamod:Incineration","Frozen Egg 2","hexamod:PhantomFireball"],"campfire_rested":2,"item_purchase_floors":[5,27,31,53],"current_hp_per_floor":[63,62,62,62,57,57,57,57,53,45,45,45,23,28,31,14,63,73,62,62,62,69,45,45,45,45,44,44,34,74,74,74,52,83,83,75,63,63,60,60,60,60,83,83,83,83,83,75,75,75,83,56,56,80,41],"gold":536,"neow_bonus":"RANDOM_COLORLESS_2","is_daily":false,"chose_seed":false,"campfire_upgraded":7,"win_rate":0.0,"timestamp":1609301790,"path_taken":["R","M","?","?","$","?","T","R","?","M","?","R","E","M","M","BOSS","R","M","?","?","$","E","T","?","?","$","R","M","E","$","M","BOSS","R","M","?","M","M","?","T","?","R","E","R","M","R","?","M","BOSS","E","$","R","BOSS"],"items_purchased_type":["Card","Card","Relic","Card"],"build_version":"2020-12-22","purchased_purges":0,"victory":true,"max_hp_per_floor":[63,63,63,63,63,63,63,63,63,63,63,63,63,63,63,63,63,73,73,73,73,73,73,73,73,73,73,73,73,83,83,83,83,83,83,83,83,83,83,83,83,83,83,83,83,83,83,83,83,83,83,83,83,83,83],"card_choices":[{"not_picked":["expansioncontent:Corrupt","Panache"],"picked":"Sadistic Nature","floor":0},{"not_picked":["hexamod:Hexaguard","hexamod:ThermalTransfer"],"picked":"hexamod:RainOfEmbers","floor":2},{"not_picked":["hexamod:ShieldOfDarkness","hexamod:PhantomFireball","hexamod:SwordOfDarkness"],"picked":"SKIP","floor":4},{"not_picked":["hexamod:ShieldOfDarkness","hexamod:FlamesFromBeyond"],"picked":"hexamod:CatchUp","floor":5},{"not_picked":["hexamod:GhostLash","hexamod:ThermalTransfer"],"picked":"hexamod:FourthSeal","floor":9},{"not_picked":["hexamod:GhostOfSpirePresent","hexamod:RainOfEmbers"],"picked":"hexamod:FirstSeal","floor":10},{"not_picked":["hexamod:GhostShield","hexamod:Again"],"picked":"hexamod:RadiantFlame","floor":13},{"not_picked":["hexamod:TimeWarp","hexamod:BacktrackSmack","hexamod:HeatShield"],"picked":"SKIP","floor":14},{"not_picked":["hexamod:Firestarter","hexamod:GhostShield","hexamod:SkipABeat"],"picked":"SKIP","floor":15},{"not_picked":["hexamod:SearingWound","hexamod:VolcanoVisage"],"picked":"hexamod:FifthSeal","floor":16},{"not_picked":["hexamod:FirstSeal","hexamod:SecondSeal"],"picked":"hexamod:SixthSeal","floor":19},{"not_picked":["hexamod:BacktrackSmack+1","hexamod:NecessarySacrifice"],"picked":"hexamod:Hexaguard+1","floor":19},{"not_picked":["hexamod:PowerFromBeyond","hexamod:GhostShield"],"picked":"hexamod:SpectralSpark","floor":22},{"not_picked":["hexamod:FirstSeal","hexamod:FourthSeal"],"picked":"hexamod:SecondSeal","floor":23},{"not_picked":["hexamod:Firestarter","hexamod:FastForward+1"],"picked":"hexamod:RainOfEmbers+1","floor":23},{"not_picked":["hexamod:ThermalTransfer","hexamod:FifthSeal"],"picked":"hexamod:CatchUp+1","floor":27},{"not_picked":["hexamod:FirstSeal","hexamod:FourthSeal"],"picked":"hexamod:ThirdSeal","floor":29},{"not_picked":["hexamod:ThermalTransfer","hexamod:EmpoweredFlame","hexamod:RetreatToShadows"],"picked":"SKIP","floor":29},{"not_picked":["hexamod:BacktrackSmack","hexamod:HauntingEcho"],"picked":"hexamod:HeatShield+1","floor":30},{"not_picked":["hexamod:AdvancingGuard","hexamod:ApocalypseNow"],"picked":"hexamod:BurningTouch","floor":30},{"not_picked":["hexamod:NightmareStrike+1","hexamod:BacktrackSmack","hexamod:EtherealExpedition"],"picked":"SKIP","floor":32},{"not_picked":["hexamod:SearingWound","hexamod:FifthSeal"],"picked":"hexamod:WildfireWeapon+1","floor":33},{"not_picked":["hexamod:NightmareGuise","hexamod:NightmareStrike+1"],"picked":"hexamod:ChargedBarrage+1","floor":36},{"not_picked":["hexamod:NightmareStrike+1","hexamod:SoulSteal"],"picked":"hexamod:NightmareGuise+1","floor":37},{"not_picked":["hexamod:GhostShield","hexamod:ShieldOfDarkness+1"],"picked":"hexamod:HauntingEcho+1","floor":38},{"not_picked":["hexamod:SpectersWail+1","hexamod:HauntingEcho","hexamod:PowerFromBeyond+1"],"picked":"SKIP","floor":39},{"not_picked":["hexamod:Hexaguard","hexamod:InspiringFlames+1","hexamod:FastForward"],"picked":"SKIP","floor":44},{"not_picked":["hexamod:Hexaguard","hexamod:InspiringFlames+1","hexamod:FastForward"],"picked":"SKIP","floor":44},{"not_picked":["hexamod:SpectersWail+1","hexamod:FirstSeal"],"picked":"hexamod:RainOfEmbers+1","floor":46},{"not_picked":["hexamod:SwordOfDarkness+1","hexamod:BacktrackSmack+1"],"picked":"hexamod:ThermalTransfer+1","floor":48},{"not_picked":["hexamod:BacktrackSmack+1","hexamod:SpectralSpark+1"],"picked":"hexamod:UnlimitedPower","floor":49},{"not_picked":["hexamod:BacktrackSmack+1","hexamod:HeatMetal","hexamod:NightmareGuise+1"],"picked":"SKIP","floor":52}],"player_experience":334328,"relics_obtained":[{"floor":13,"key":"Ice Cream"},{"floor":23,"key":"Omamori"},{"floor":24,"key":"Sundial"},{"floor":30,"key":"sneckomod:BlankCard"},{"floor":37,"key":"champ:DuelingGlove"},{"floor":41,"key":"Mummified Hand"},{"floor":44,"key":"Thread and Needle"},{"floor":52,"key":"Gremlin Horn"}],"event_choices":[{"damage_healed":0,"gold_gain":0,"player_choice":"Got Potions","damage_taken":0,"max_hp_gain":0,"max_hp_loss":0,"event_name":"Lab","floor":3,"gold_loss":0},{"damage_healed":0,"gold_gain":0,"player_choice":"Leave","damage_taken":0,"max_hp_gain":0,"max_hp_loss":0,"event_name":"FaceTrader","floor":6,"gold_loss":0},{"damage_healed":0,"gold_gain":0,"player_choice":"Simplicity","damage_taken":0,"max_hp_gain":0,"max_hp_loss":0,"event_name":"Back to Basics","floor":20,"gold_loss":0,"cards_upgraded":["hexamod:Strike","hexamod:Strike","hexamod:Strike","hexamod:Defend","hexamod:Defend","hexamod:Defend","hexamod:Defend"]}],"is_beta":false,"boss_relics":[{"not_picked":["SacredBark","Coffee Dripper"],"picked":"Velvet Choker"},{"not_picked":["SlaversCollar","Philosopher\u0027s Stone"],"picked":"Runic Dome"}],"items_purged_floors":[],"is_endless":false,"potions_floor_spawned":[4,10,13,15,29,32,36,48,49],"ascension_level":4}}