{"host":"jm9833yuloeli2yd","time":1609297658,"event":{"mods":["AchievementEnabler","BaseMod","Better Altar","Better Match","Better Note","Better Sensory Stone","Better Skull","Better Third Choice","Better Vampires","BetterRewards","Colored Map","Colored Powertips","DeckTracker","Marked Mod","Minty Spire (QoL Compilation)","Permanent Neow","Quick Restart","StSLib","SuperFastMode"],"gold_per_floor":[118,83,30,48,62,62,73,90,90,102,102,135,152,185,185,262,262,281,291,308,1,1,1,19,52,52,52,78,78,78,107,107,179,179,195,205,215,215,215],"floor_reached":38,"playtime":1490,"items_purged":["Strike_G"],"score":921,"play_id":"af797775-7413-40ec-a20e-e7d584c23b4a","local_time":"20201229220738","is_ascension_mode":true,"campfire_choices":[{"data":"A Thousand Cuts","floor":6.0,"key":"SMITH"},{"data":"Neutralize","floor":11.0,"key":"SMITH"},{"floor":15.0,"key":"REST"},{"floor":23.0,"key":"REST"},{"floor":27.0,"key":"REST"},{"floor":29.0,"key":"REST"},{"floor":32.0,"key":"REST"}],"circlet_count":0,"master_deck":["AscendersBane","Defend_G+1","Defend_G+1","Defend_G+1","Defend_G+1","Defend_G+1","Survivor","Neutralize+1","A Thousand Cuts+1","Cloak And Dagger","Dagger Spray","Crippling Poison","Backflip","Footwork","Heel Hook","Cloak And Dagger","Blade Dance","Wraith Form v2","Blade Dance","Deflect","Backstab","Well Laid Plans","Heel Hook","Deflect","Wraith Form v2","Bite","Bite","Bite","Bite","Cloak And Dagger","Acrobatics","Dagger Throw+1","Malaise"],"relics":["Ring of the Serpent","Bag of Marbles","Anchor","Shuriken","HoveringKite","Calipers","Sundial","Kunai","Ornamental Fan"],"acts_visited":["Exordium","TheCity","TheBeyond"],"potions_floor_usage":[38,38],"damage_taken":[{"damage":7.0,"enemies":"Small Slimes","floor":1.0,"turns":4.0},{"damage":9.0,"enemies":"Jaw Worm","floor":4.0,"turns":6.0},{"damage":0.0,"enemies":"Cultist","floor":5.0,"turns":4.0},{"damage":3.0,"enemies":"Looter","floor":7.0,"turns":5.0},{"damage":10.0,"enemies":"3 Louse","floor":8.0,"turns":4.0},{"damage":4.0,"enemies":"Exordium Wildlife","floor":10.0,"turns":2.0},{"damage":9.0,"enemies":"3 Sentries","floor":12.0,"turns":9.0},{"damage":2.0,"enemies":"Blue Slaver","floor":13.0,"turns":4.0},{"damage":8.0,"enemies":"Lagavulin","floor":14.0,"turns":8.0},{"damage":6.0,"enemies":"The Guardian","floor":16.0,"turns":12.0},{"damage":20.0,"enemies":"Spheric Guardian","floor":18.0,"turns":7.0},{"damage":15.0,"enemies":"2 Thieves","floor":19.0,"turns":5.0},{"damage":9.0,"enemies":"Shelled Parasite and Fungi","floor":20.0,"turns":7.0},{"damage":18.0,"enemies":"Snake Plant","floor":24.0,"turns":6.0},{"damage":10.0,"enemies":"Slavers","floor":25.0,"turns":9.0},{"damage":23.0,"enemies":"Gremlin Leader","floor":28.0,"turns":6.0},{"damage":20.0,"enemies":"Slavers","floor":31.0,"turns":7.0},{"damage":19.0,"enemies":"Collector","floor":33.0,"turns":13.0},{"damage":1.0,"enemies":"Orb Walker","floor":35.0,"turns":5.0},{"damage":4.0,"enemies":"3 Darklings","floor":36.0,"turns":6.0},{"damage":7.0,"enemies":"Transient","floor":37.0,"turns":6.0},{"damage":55,"enemies":"2 Orb Walkers","floor":38,"turns":6}],"seed_played":"-2265908589238820718","potions_obtained":[{"floor":4.0,"key":"SteroidPotion"},{"floor":12.0,"key":"Ancient Potion"},{"floor":14.0,"key":"CunningPotion"},{"floor":19.0,"key":"ColorlessPotion"},{"floor":20.0,"key":"EssenceOfSteel"},{"floor":25.0,"key":"FearPotion"},{"floor":28.0,"key":"AttackPotion"},{"floor":35.0,"key":"PowerPotion"},{"floor":37.0,"key":"PowerPotion"}],"is_trial":false,"path_per_floor":["M","?","$","M","M","R","M","M","T","M","R","E","M","E","R","B",null,"M","M","M","$","?","R","M","E","T","R","E","R","?","E","R","B",null,"M","M","M","?"],"character_chosen":"THE_SILENT","items_purchased":["Fire Potion","Backstab","Well Laid Plans","Swift Potion"],"campfire_rested":5,"item_purchase_floors":[3,21,21,21],"current_hp_per_floor":[52,66,66,57,57,57,54,44,44,40,40,31,29,21,40,34,58,38,23,14,14,14,33,15,5,5,24,1,20,20,8,23,12,41,44,46,45,0,0],"gold":215,"neow_bonus":"ONE_RANDOM_RARE_CARD","is_daily":false,"chose_seed":false,"campfire_upgraded":2,"win_rate":0.0,"timestamp":1609297658,"path_taken":["M","?","$","M","M","R","M","M","T","M","R","E","M","E","R","BOSS","M","M","M","$","?","R","M","E","T","R","E","R","?","E","R","BOSS","M","M","M","?"],"items_purchased_type":["Potion","Card","Card","Potion"],"build_version":"2020-12-22","purchased_purges":1,"victory":false,"max_hp_per_floor":[66,66,66,66,66,66,66,66,66,66,66,66,66,66,66,66,66,66,66,66,66,66,66,66,66,66,66,66,66,50,50,50,50,50,50,50,50,50,50],"card_choices":[{"not_picked":["PiercingWail","Choke"],"picked":"Cloak And Dagger","floor":1.0},{"not_picked":["Distraction","PiercingWail"],"picked":"Dagger Spray","floor":4.0},{"not_picked":["Deadly Poison","Quick Slash"],"picked":"Crippling Poison","floor":5.0},{"not_picked":["Sucker Punch","Dagger Throw"],"picked":"Backflip","floor":7.0},{"not_picked":["Predator","Burst"],"picked":"Footwork","floor":8.0},{"not_picked":["Blade Dance","Blur"],"picked":"Heel Hook","floor":10.0},{"not_picked":["Flying Knee","Poisoned Stab","Reflex"],"picked":"SKIP","floor":12.0},{"not_picked":["Poisoned Stab","Bane"],"picked":"Cloak And Dagger","floor":13.0},{"not_picked":["Sucker Punch","Deadly Poison"],"picked":"Blade Dance","floor":14.0},{"not_picked":["Unload","Grand Finale"],"picked":"Wraith Form v2","floor":16.0},{"not_picked":["Sucker Punch","Deadly Poison"],"picked":"Blade Dance","floor":18.0},{"not_picked":["Dagger Spray","Cloak And Dagger","Outmaneuver"],"picked":"SKIP","floor":19.0},{"not_picked":["Sucker Punch","Blade Dance"],"picked":"Deflect","floor":20.0},{"not_picked":["Quick Slash","Concentrate"],"picked":"Heel Hook","floor":24.0},{"not_picked":["Expertise","Deadly Poison"],"picked":"Deflect","floor":25.0},{"not_picked":["Escape Plan","Infinite Blades"],"picked":"Wraith Form v2","floor":28.0},{"not_picked":["Choke","Dagger Throw"],"picked":"Cloak And Dagger","floor":31.0},{"not_picked":["Deadly Poison+1","Bane"],"picked":"Acrobatics","floor":35.0},{"not_picked":["Flying Knee","Deflect","Dagger Throw+1"],"picked":"SKIP","floor":36.0},{"not_picked":["Flying Knee","Deflect"],"picked":"Dagger Throw+1","floor":36.0},{"not_picked":["Dagger Spray","Quick Slash"],"picked":"Malaise","floor":37.0}],"player_experience":1196656,"relics_obtained":[{"floor":9.0,"key":"Bag of Marbles"},{"floor":12.0,"key":"Anchor"},{"floor":14.0,"key":"Shuriken"},{"floor":25.0,"key":"Calipers"},{"floor":26.0,"key":"Sundial"},{"floor":28.0,"key":"Kunai"},{"floor":31.0,"key":"Ornamental Fan"}],"event_choices":[{"damage_healed":16.0,"max_hp_gain":0.0,"max_hp_loss":0.0,"gold_gain":0.0,"event_name":"The Cleric","player_choice":"Healed","floor":2.0,"gold_loss":35.0,"damage_taken":0.0},{"damage_healed":0.0,"max_hp_gain":0.0,"max_hp_loss":9.0,"gold_gain":0.0,"event_name":"betterThird:BetterWriting","player_choice":"Simplicity","floor":22.0,"gold_loss":0.0,"damage_taken":0.0},{"damage_healed":0.0,"max_hp_gain":0.0,"max_hp_loss":16.0,"gold_gain":0.0,"event_name":"Vampires","player_choice":"Became a vampire","floor":30.0,"gold_loss":0.0,"damage_taken":0.0,"cards_obtained":["Bite","Bite","Bite","Bite"]},{"damage_healed":0,"gold_gain":0,"player_choice":"Fight","damage_taken":0,"max_hp_gain":0,"max_hp_loss":0,"event_name":"Mysterious Sphere","floor":38,"gold_loss":0}],"is_beta":false,"boss_relics":[{"not_picked":["Coffee Dripper","Ectoplasm"],"picked":"HoveringKite"},{"not_picked":["SacredBark","Velvet Choker"],"picked":"Ring of the Serpent"}],"items_purged_floors":[21],"is_endless":false,"potions_floor_spawned":[4,8,10,12,14,19,20,25,28,35,37],"killed_by":"2 Orb Walkers","ascension_level":20}}