{"host":"2yqfi47fogfu1ic4","time":1609290846,"event":{"mods":["AchievementEnabler","BaseMod","Colored Map","Colored Powertips","Highlight Path","Minty Spire (QoL Compilation)","Permanent Neow","Relic Stats","StSLib"],"gold_per_floor":[109,89,101,115,125,154,172,172,172,203,218,218,234,251,251,329,329,339,339,339,350,350,350,375,300,300,300,300,328,341,369,369,443,443,457,457,475,293,305,335,235,269,338,355,381,393,393,393,393,393,393,393,393,43,71,71],"floor_reached":57,"playtime":10065,"items_purged":["Pain","Crippling Poison","All Out Attack"],"score":3474,"play_id":"a99b1c79-2e6c-4c83-9c8d-6b6470f40f1b","local_time":"20201230021406","is_ascension_mode":true,"campfire_choices":[{"data":"Adrenaline","floor":8,"key":"SMITH"},{"data":"Terror","floor":12,"key":"SMITH"},{"data":"Night Terror","floor":15,"key":"SMITH"},{"data":"Night Terror","floor":23,"key":"SMITH"},{"data":"Malaise","floor":28,"key":"SMITH"},{"data":"Accuracy","floor":32,"key":"SMITH"},{"floor":49,"key":"RECALL"},{"data":"Wraith Form v2","floor":53,"key":"SMITH"}],"circlet_count":0,"master_deck":["AscendersBane","Survivor","Neutralize","Blade Dance","Terror+1","Night Terror+1","Quick Slash","Adrenaline+1","Predator","Infinite Blades","Cloak And Dagger","Acrobatics","PiercingWail","Accuracy+1","PiercingWail","Backflip","PiercingWail","Malaise+1","Deflect","Adrenaline+1","PiercingWail+1","Night Terror+1","Blade Dance","Adrenaline","Escape Plan+1","Wraith Form v2+1","Well Laid Plans","Acrobatics","Flash of Steel+1"],"relics":["Pandora\u0027s Box","Ginger","Kunai","Thread and Needle","Coffee Dripper","Shuriken","Molten Egg 2","Singing Bowl","Nunchaku","SlaversCollar","WarpedTongs","Prayer Wheel","Gremlin Horn","Ornamental Fan","Bag of Preparation"],"acts_visited":["Exordium","TheCity","TheBeyond","TheEnding"],"potions_floor_usage":[6,7,24,24,40],"damage_taken":[{"damage":0,"enemies":"2 Louse","floor":1,"turns":2},{"damage":0,"enemies":"Cultist","floor":3,"turns":2},{"damage":0,"enemies":"Small Slimes","floor":4,"turns":2},{"damage":8,"enemies":"Looter","floor":5,"turns":2},{"damage":0,"enemies":"Lagavulin","floor":6,"turns":3},{"damage":6,"enemies":"Exordium Thugs","floor":7,"turns":3},{"damage":1,"enemies":"3 Sentries","floor":10,"turns":5},{"damage":0,"enemies":"3 Louse","floor":11,"turns":3},{"damage":0,"enemies":"Looter","floor":13,"turns":3},{"damage":0,"enemies":"Lots of Slimes","floor":14,"turns":3},{"damage":0,"enemies":"The Guardian","floor":16,"turns":10},{"damage":0,"enemies":"3 Byrds","floor":18,"turns":5},{"damage":0,"enemies":"Chosen","floor":21,"turns":4},{"damage":14,"enemies":"Slavers","floor":24,"turns":5},{"damage":0,"enemies":"Book of Stabbing","floor":29,"turns":3},{"damage":0,"enemies":"Sentry and Sphere","floor":30,"turns":3},{"damage":13,"enemies":"Slavers","floor":31,"turns":8},{"damage":0,"enemies":"Collector","floor":33,"turns":5},{"damage":0,"enemies":"3 Darklings","floor":35,"turns":3},{"damage":0,"enemies":"3 Shapes","floor":37,"turns":9},{"damage":4,"enemies":"Writhing Mass","floor":39,"turns":6},{"damage":0,"enemies":"Reptomancer","floor":40,"turns":4},{"damage":15,"enemies":"Nemesis","floor":42,"turns":5},{"damage":0,"enemies":"Jaw Worm Horde","floor":44,"turns":3},{"damage":0,"enemies":"Reptomancer","floor":45,"turns":3},{"damage":0,"enemies":"Sphere and 2 Shapes","floor":46,"turns":7},{"damage":0,"enemies":"Awakened One","floor":50,"turns":11},{"damage":40,"enemies":"Time Eater","floor":51,"turns":15},{"damage":0,"enemies":"Shield and Spear","floor":55,"turns":6},{"damage":47,"enemies":"The Heart","floor":56,"turns":9}],"seed_played":"3793949255926566716","potions_obtained":[{"floor":1,"key":"SpeedPotion"},{"floor":2,"key":"CultistPotion"},{"floor":6,"key":"Poison Potion"},{"floor":10,"key":"DistilledChaos"},{"floor":21,"key":"EssenceOfSteel"},{"floor":33,"key":"SteroidPotion"},{"floor":39,"key":"Regen Potion"},{"floor":40,"key":"FairyPotion"}],"is_trial":false,"path_per_floor":["M","?","M","M","M","E","M","R","T","E","M","R","M","M","R","B",null,"M","?","?","M","?","R","E","?","T","T","R","E","M","E","R","B",null,"M","?","M","$","M","E","$","E","T","M","E","M","?","?","R","B","B",null,"R","$","E","B",null],"character_chosen":"THE_SILENT","items_purchased":["FairyPotion","Well Laid Plans","Acrobatics","Flash of Steel+1"],"campfire_rested":0,"item_purchase_floors":[38,54,54,54],"current_hp_per_floor":[59,59,59,59,51,51,45,45,45,44,44,44,44,44,44,44,61,61,43,43,43,43,43,29,29,29,29,29,31,33,22,22,22,63,65,65,67,67,65,79,79,66,66,68,68,72,72,72,72,72,32,74,74,74,76,29],"gold":71,"neow_bonus":"BOSS_RELIC","is_daily":false,"chose_seed":false,"campfire_upgraded":7,"win_rate":0.0,"timestamp":1609290846,"path_taken":["M","?","M","M","M","E","M","R","T","E","M","R","M","?","R","BOSS","M","?","?","?","?","R","E","?","T","?","R","E","M","E","R","BOSS","M","?","?","$","M","E","$","E","T","M","E","M","?","?","R","BOSS","BOSS","R","$","E","BOSS"],"items_purchased_type":["Potion","Card","Card","Card"],"build_version":"2020-12-22","purchased_purges":3,"victory":true,"max_hp_per_floor":[66,66,66,66,66,66,66,66,66,66,66,66,66,66,66,66,66,66,71,71,71,71,71,71,71,71,71,71,73,75,77,77,77,77,79,79,81,81,83,85,85,87,87,89,89,93,88,88,88,88,88,88,88,88,90,90],"relic_stats":{"Singing Bowl":24,"Gremlin Horn":[12,12],"counters":[30,152],"Bag of Preparation":[2],"Ginger":[23],"WarpedTongs":[76],"Nunchaku":[34],"Shuriken":[97],"Ornamental Fan":[184],"Pandora\u0027s Box":["Blade Dance","Terror","Night Terror","Quick Slash","Adrenaline","Crippling Poison","All Out Attack","Predator","Eviscerate","Infinite Blades"],"Prayer Wheel":2,"Kunai":[116],"obtain_stats":[{"Singing Bowl":29,"Gremlin Horn":43,"Thread and Needle":10,"Bag of Preparation":55,"Ginger":6,"WarpedTongs":36,"SlaversCollar":34,"Nunchaku":31,"Shuriken":24,"Ornamental Fan":45,"Pandora\u0027s Box":0,"Molten Egg 2":26,"Prayer Wheel":42,"Coffee Dripper":17,"Kunai":9,"Ring of the Snake":0},{"Singing Bowl":15,"Gremlin Horn":23,"Thread and Needle":7,"Bag of Preparation":29,"Ginger":5,"WarpedTongs":19,"SlaversCollar":18,"Nunchaku":17,"Shuriken":14,"Ornamental Fan":25,"Pandora\u0027s Box":0,"Molten Egg 2":14,"Prayer Wheel":23,"Coffee Dripper":11,"Kunai":6,"Ring of the Snake":0},{"Singing Bowl":55,"Gremlin Horn":98,"Thread and Needle":19,"Bag of Preparation":143,"Ginger":11,"WarpedTongs":74,"SlaversCollar":71,"Nunchaku":66,"Shuriken":52,"Ornamental Fan":104,"Pandora\u0027s Box":0,"Molten Egg 2":52,"Prayer Wheel":98,"Coffee Dripper":38,"Kunai":14,"Ring of the Snake":0}]},"card_choices":[{"not_picked":["Bouncing Flask","Deadly Poison"],"picked":"Cloak And Dagger","floor":1},{"not_picked":["Bane","Dagger Spray","Skewer"],"picked":"SKIP","floor":3},{"not_picked":["Flying Knee","Concentrate","Prepared"],"picked":"SKIP","floor":4},{"not_picked":["Flying Knee","Concentrate","Prepared"],"picked":"SKIP","floor":4},{"not_picked":["Outmaneuver","Bouncing Flask"],"picked":"Acrobatics","floor":5},{"not_picked":["Outmaneuver","Underhanded Strike"],"picked":"PiercingWail","floor":6},{"not_picked":["A Thousand Cuts","Quick Slash","Prepared"],"picked":"SKIP","floor":7},{"not_picked":["A Thousand Cuts","Quick Slash","Prepared"],"picked":"SKIP","floor":7},{"not_picked":["Choke","Dagger Spray"],"picked":"Accuracy","floor":10},{"not_picked":["Underhanded Strike","Slice"],"picked":"PiercingWail","floor":11},{"not_picked":["Infinite Blades","Dash"],"picked":"Backflip","floor":13},{"not_picked":["Prepared","Reflex"],"picked":"PiercingWail","floor":14},{"not_picked":["Venomology","Storm of Steel"],"picked":"Malaise","floor":16},{"not_picked":["Deadly Poison","Noxious Fumes"],"picked":"Deflect","floor":18},{"not_picked":["Poisoned Stab","Eviscerate"],"picked":"PiercingWail+1","floor":21},{"not_picked":["Malaise","Backflip"],"picked":"Blade Dance","floor":24},{"not_picked":["Deflect","Bane+1","Noxious Fumes"],"picked":"Singing Bowl","floor":29},{"not_picked":["Poisoned Stab+1","Flying Knee+1","Deadly Poison"],"picked":"Singing Bowl","floor":30},{"not_picked":["Dagger Spray+1","Flechettes+1","Underhanded Strike+1"],"picked":"Singing Bowl","floor":31},{"not_picked":["Tools of the Trade","Die Die Die+1"],"picked":"Adrenaline","floor":33},{"not_picked":["Flying Knee+1","Outmaneuver+1","Underhanded Strike+1"],"picked":"Singing Bowl","floor":35},{"not_picked":["Setup","Outmaneuver","Distraction+1"],"picked":"Singing Bowl","floor":37},{"not_picked":["Masterful Stab+1","Underhanded Strike+1","Slice+1"],"picked":"Singing Bowl","floor":39},{"not_picked":["Concentrate","Sucker Punch+1","Dagger Spray+1"],"picked":"Singing Bowl","floor":40},{"not_picked":["Underhanded Strike+1","Dagger Spray+1","Storm of Steel"],"picked":"Singing Bowl","floor":42},{"not_picked":["Acrobatics","Dagger Spray+1"],"picked":"Escape Plan+1","floor":44},{"not_picked":["Flechettes+1","Cloak And Dagger","Poisoned Stab+1"],"picked":"Singing Bowl","floor":44},{"not_picked":["Infinite Blades+1","Catalyst"],"picked":"Wraith Form v2","floor":45},{"not_picked":["Riddle With Holes+1","PiercingWail","Dagger Throw+1"],"picked":"Singing Bowl","floor":46},{"not_picked":["Backstab+1","Bane+1","Skewer+1"],"picked":"Singing Bowl","floor":46},{"not_picked":["Expertise","Sucker Punch+1","Infinite Blades+1"],"picked":"Singing Bowl","floor":55}],"player_experience":1954074,"relics_obtained":[{"floor":6,"key":"Ginger"},{"floor":9,"key":"Kunai"},{"floor":10,"key":"Thread and Needle"},{"floor":24,"key":"Shuriken"},{"floor":26,"key":"Molten Egg 2"},{"floor":29,"key":"Singing Bowl"},{"floor":31,"key":"Nunchaku"},{"floor":42,"key":"Prayer Wheel"},{"floor":43,"key":"Gremlin Horn"},{"floor":45,"key":"Ornamental Fan"},{"floor":55,"key":"Bag of Preparation"}],"event_choices":[{"damage_healed":0,"gold_gain":0,"player_choice":"Bought 1 Potion","damage_taken":0,"max_hp_gain":0,"max_hp_loss":0,"event_name":"The Woman in Blue","floor":2,"gold_loss":0},{"damage_healed":0,"gold_gain":0,"player_choice":"Shed Blood","damage_taken":23,"max_hp_gain":5,"max_hp_loss":0,"event_name":"Forgotten Altar","floor":19,"gold_loss":0},{"damage_healed":0,"gold_gain":0,"player_choice":"Copied","damage_taken":0,"max_hp_gain":0,"max_hp_loss":0,"event_name":"Duplicator","floor":20,"gold_loss":0,"cards_obtained":["Adrenaline"]},{"damage_healed":0,"gold_gain":0,"player_choice":"Read","damage_taken":0,"max_hp_gain":0,"max_hp_loss":0,"event_name":"The Library","floor":22,"gold_loss":0,"cards_obtained":["Night Terror"]},{"cards_removed":["Eviscerate"],"damage_healed":0,"gold_gain":0,"player_choice":"Gave Gold","damage_taken":0,"max_hp_gain":0,"max_hp_loss":0,"event_name":"Beggar","floor":25,"gold_loss":75},{"damage_healed":0,"gold_gain":0,"player_choice":"Rummage","damage_taken":0,"relics_obtained":["WarpedTongs"],"max_hp_gain":0,"max_hp_loss":0,"event_name":"Accursed Blacksmith","floor":36,"gold_loss":0,"cards_obtained":["Pain"]},{"damage_healed":0,"gold_gain":0,"player_choice":"Max HP","damage_taken":0,"max_hp_gain":0,"max_hp_loss":5,"event_name":"Winding Halls","floor":47,"gold_loss":0},{"damage_healed":0,"gold_gain":0,"player_choice":"Ignored","damage_taken":0,"max_hp_gain":0,"max_hp_loss":0,"event_name":"Tomb of Lord Red Mask","floor":48,"gold_loss":0}],"is_beta":false,"boss_relics":[{"not_picked":["Runic Dome","Sozu"],"picked":"Coffee Dripper"},{"not_picked":["Tiny House","Cursed Key"],"picked":"SlaversCollar"}],"items_purged_floors":[38,41,54],"is_endless":false,"potions_floor_spawned":[1,6,10,16,21,33,39,40,45,46],"ascension_level":20}}