{"host":"on8kfoejf6vp3cg3","time":1609296033,"event":{"mods":["AchievementEnabler","BaseMod","Better Match","Better Third Choice","Block Reminder","Colored Map","Colored Powertips","Disable Question Mark Monsters","Googly Eyes","Hermit","Highlight Path","Minty Spire (QoL Compilation)","Permanent Neow","Rare Cards Sparkle","Replay The Spire","StSLib","The Blackbeard","The Bladedancer","The Cursed"],"gold_per_floor":[112,132,144,157,167,167,167,192,192,226,226,226,48,60,151,251,251,271,229,240,254,131,157,182,182,182,202,212,122,138,153,153,257,257,268,279,294,171,186,186,205,89,89,89,109,120,120,120],"floor_reached":47,"playtime":3391,"items_purged":["PathToVictory","PathToVictory"],"score":660,"play_id":"29f93a35-796c-46f8-be67-776998d01a2b","local_time":"20201229214033","daily_mods":["Insanity","Vintage","Heirloom","Time Dilation","Flight"],"is_ascension_mode":false,"campfire_choices":[{"floor":6,"key":"REST"},{"floor":7,"key":"REST"},{"floor":11,"key":"REST"},{"floor":12,"key":"REST"},{"data":"ForeignInfluence","floor":25,"key":"SMITH"},{"data":"DevaForm","floor":32,"key":"SMITH"},{"floor":40,"key":"REST"},{"data":"Replay:Hum","floor":44,"key":"SMITH"}],"circlet_count":0,"master_deck":["Wireheading","EmptyMind","Replay:BluntJabs","ClearTheMind","Vengeance","Weave+1","CrushJoints","CrushJoints+1","Halt","TalkToTheHand","Swivel","Replay:Anticipation","Protect","CrushJoints","EmptyFist","Replay:Vibes","Consecrate","Replay:ManipulateFuture","JustLucky","FollowUp","Replay:Vibes","Replay:Cycle","Replay:Vibes","FlurryOfBlows","Replay:AtTheReady","CutThroughFate","Weave+1","FollowUp+1","Replay:Vibes","ReachHeaven","EmptyFist","Prostrate","FollowUp","SashWhip","Wireheading","BowlingBash","EmptyFist","SandsOfTime","Perseverance","Protect","Conclude","Indignation","Indignation","EmptyBody","ThirdEye","CrushJoints","CutThroughFate","CrushJoints","DevaForm+1","MentalFortress","Replay:Hum+1","CutThroughFate+1","Ragnarok+1","ForeignInfluence+1","JustLucky+1","Replay:Cycle","DeusExMachina","Consecrate+1"],"relics":["HolyWater","Calipers","Strawberry","Molten Egg 2","Quantum Egg","Question Card","Akabeko","The Courier","Pen Nib","Bronze Scales","Garlic","Letter Opener","Thread and Needle","MealTicket","Yang","Oddly Smooth Stone","Lantern","Onion Ring","Mirror","Replay:Bottled Eggs","SlaversCollar","Juzu Bracelet","Toy Ornithopter","Whetstone","Eternal Feather","Snack Pack","Nunchaku"],"acts_visited":["Exordium","TheCity","TheBeyond"],"potions_floor_usage":[16,16,16,33,33,33],"damage_taken":[{"damage":16,"enemies":"Jaw Worm","floor":1,"turns":3},{"damage":18,"enemies":"2 Louse","floor":2,"turns":3},{"damage":4,"enemies":"Cultist","floor":3,"turns":3},{"damage":9,"enemies":"Exordium Wildlife","floor":4,"turns":3},{"damage":15,"enemies":"Large Slime","floor":5,"turns":4},{"damage":26,"enemies":"Replay:BlueRogue","floor":8,"turns":5},{"damage":24,"enemies":"Lagavulin","floor":10,"turns":5},{"damage":16,"enemies":"Lots of Slimes","floor":14,"turns":3},{"damage":6,"enemies":"Hexaghost","floor":16,"turns":6},{"damage":0,"enemies":"3 Byrds","floor":18,"turns":2},{"damage":6,"enemies":"Shell Parasite","floor":20,"turns":2},{"damage":6,"enemies":"Snake Plant","floor":21,"turns":4},{"damage":11,"enemies":"Book of Stabbing","floor":23,"turns":5},{"damage":0,"enemies":"Slavers","floor":24,"turns":1},{"damage":3,"enemies":"Centurion and Healer","floor":27,"turns":3},{"damage":0,"enemies":"Shelled Parasite and Fungi","floor":28,"turns":2},{"damage":0,"enemies":"Sentry and Sphere","floor":30,"turns":4},{"damage":0,"enemies":"3 Cultists","floor":31,"turns":4},{"damage":9,"enemies":"Automaton","floor":33,"turns":5},{"damage":51,"enemies":"3 Darklings","floor":35,"turns":5},{"damage":0,"enemies":"Orb Walker","floor":36,"turns":3},{"damage":11,"enemies":"3 Darklings","floor":37,"turns":3},{"damage":3,"enemies":"4 Shapes","floor":39,"turns":2},{"damage":4,"enemies":"Writhing Mass","floor":41,"turns":3},{"damage":0,"enemies":"Jaw Worm Horde","floor":45,"turns":2},{"damage":9,"enemies":"4 Shapes","floor":46,"turns":2},{"damage":85,"enemies":"Reptomancer","floor":47,"turns":3}],"seed_played":"-212628042119921553","potions_obtained":[{"floor":1,"key":"Explosive Potion"},{"floor":2,"key":"Venom Potion"},{"floor":4,"key":"FearPotion"},{"floor":8,"key":"SkillPotion"},{"floor":18,"key":"ColorlessPotion"},{"floor":23,"key":"DistilledChaos"},{"floor":24,"key":"Adrenaline Potion"},{"floor":39,"key":"PowerPotion"},{"floor":46,"key":"LiquidBronze"}],"is_trial":true,"path_per_floor":["M","M","M","M","M","R","R","E","T","E","R","R","$","M","R_BF","B",null,"M","$","M","M","$","E","E","R","T","M","M","$","M","M","R","B",null,"M","M","M","$","M","R","M","$","T","R","M","M","E"],"character_chosen":"WATCHER","items_purchased":["Bronze Scales","Replay:Hum","CutThroughFate+1","Ragnarok+1","Replay:Cycle","Consecrate+1","Whetstone"],"campfire_rested":5,"item_purchase_floors":[13,13,19,22,29,38,42],"current_hp_per_floor":[63,45,41,32,17,40,63,37,37,13,36,59,59,43,43,37,79,79,79,73,67,79,68,68,68,68,65,65,79,79,79,79,70,79,28,28,17,32,29,52,48,63,63,79,79,72,0,0],"gold":120,"neow_bonus":"","is_daily":false,"chose_seed":false,"campfire_upgraded":3,"win_rate":0.0,"timestamp":1609296033,"path_taken":["M","M","M","M","M","R","R","E","T","E","R","R","$","M","R_BF","BOSS","M","$","M","M","$","E","E","R","T","M","M","$","M","M","R","BOSS","M","M","M","$","M","R","M","$","T","R","M","M","E"],"items_purchased_type":["Relic","Card","Card","Card","Card","Card","Relic"],"build_version":"2020-12-22","purchased_purges":2,"victory":false,"max_hp_per_floor":[79,79,79,79,79,79,79,79,79,79,79,79,79,79,79,79,79,79,79,79,79,79,79,79,79,79,79,79,79,79,79,79,79,79,79,79,79,79,79,79,79,79,79,79,79,79,79,79],"card_choices":[{"not_picked":["Replay:ManipulateFuture","FollowUp+1","PathToVictory"],"picked":"DevaForm","floor":8},{"not_picked":["BowlingBash+1","SandsOfTime+1","EmptyFist+1"],"picked":"MentalFortress","floor":10},{"not_picked":["EmptyBody","PathToVictory","Prostrate"],"picked":"ForeignInfluence","floor":23},{"not_picked":["ReachHeaven+1","DeceiveReality+1","Consecrate+1"],"picked":"JustLucky+1","floor":24},{"not_picked":["Blasphemy","Scrawl","Replay:AllIn"],"picked":"DeusExMachina","floor":33}],"player_experience":399539,"relics_obtained":[{"floor":1,"key":"Strawberry"},{"floor":2,"key":"Molten Egg 2"},{"floor":3,"key":"Quantum Egg"},{"floor":4,"key":"Question Card"},{"floor":5,"key":"Akabeko"},{"floor":9,"key":"The Courier"},{"floor":10,"key":"Pen Nib"},{"floor":14,"key":"Garlic"},{"floor":18,"key":"Letter Opener"},{"floor":20,"key":"Thread and Needle"},{"floor":21,"key":"MealTicket"},{"floor":23,"key":"Yang"},{"floor":24,"key":"Oddly Smooth Stone"},{"floor":26,"key":"Lantern"},{"floor":27,"key":"Onion Ring"},{"floor":30,"key":"Mirror"},{"floor":31,"key":"Replay:Bottled Eggs"},{"floor":36,"key":"Juzu Bracelet"},{"floor":37,"key":"Toy Ornithopter"},{"floor":43,"key":"Eternal Feather"},{"floor":45,"key":"Snack Pack"},{"floor":46,"key":"Nunchaku"}],"event_choices":[],"is_beta":false,"boss_relics":[{"not_picked":["ReplayTheSpireMod:DimensionalGlitch","Velvet Choker"],"picked":"HolyWater"},{"not_picked":["Snecko Heart","Coffee Dripper"],"picked":"SlaversCollar"}],"items_purged_floors":[29,38],"is_endless":false,"potions_floor_spawned":[1,2,4,8,14,18,23,24,30,33,39,41,46],"killed_by":"Reptomancer","ascension_level":0}}