{"host":"0cnf9zf1gia27zti","time":1609369001,"event":{"mods":["BaseMod","BetterRewards","Card Forge","Colored Map","Colored Powertips","Conspire","Downfall","Googly Eyes","Minty Spire (QoL Compilation)","Practice Mode","Quick Restart","Replay The Spire","Shade Mod","Spicy Shops","StSLib"],"gold_per_floor":[99,49,622,33,72,72,171,225,225,264,264,345,64,142,142,451,451,511,547,497,254,305,389,304,406,406,406,499,539,101,211,211,514,514,550,550,492,528,63,144,144,35,62,69,69,156,19,70,70,70],"floor_reached":51,"playtime":2417,"items_purged":["Backflip"],"score":1270,"play_id":"615355c2-ba8f-42d7-8811-c772d6041cfb","local_time":"20201230225641","daily_mods":["SealedDeck","Colorless Cards","Heirloom","downfall:Lament","DeadlyEvents","Elite Swarm","Midas"],"is_ascension_mode":false,"campfire_choices":[{"floor":6,"key":"REST"},{"floor":11,"key":"DIG"},{"floor":15,"key":"DIG"},{"floor":27,"key":"DIG"},{"floor":32,"key":"DIG"},{"floor":41,"key":"DIG"},{"floor":45,"key":"DIG"},{"floor":49,"key":"DIG"}],"circlet_count":0,"master_deck":["Slice","ReplayTheSpireMod:Speed Training","Hidden Blade","Blade Dance+1","Blade Dance+1","PiercingWail","Deflect","Leg Sweep","Backflip","Blade Dance+1","Noxious Fumes","Panacea","Blade Dance+1","Dagger Throw","Crow Ritual+1","Poison Darts","Prepared","Prepared","Mayhem+1","conspire:Banana","ReplayTheSpireMod:From All Sides","The Bomb","Backflip+1","Quick Slash+1","conspire:SpireCoStock","Slice+1","Panache+1","ReplayTheSpireMod:Brewmster+1","Choke+1","Crow Ritual+1","Cloak And Dagger","Accuracy+1","Mayhem+1","Acrobatics","Apotheosis+1","After Image","expansioncontent:PrepareCrush","Blade Dance+1","Accuracy","Crow Ritual+1","Hidden Blade+1","Hidden Blade","Bullet Time","Accuracy","Infinite Blades","ReplayTheSpireMod:IOU","Accuracy","ReplayTheSpireMod:IOU","Terror","ReplayTheSpireMod:IOU","ReplayTheSpireMod:IOU","Thinking Ahead","Panache"],"relics":["Hammer of Thor","Seething Fire","Anvil of the Gods","NeowsBlessing","Ring of Chaos","replay:Trail_Library","CaptainsWheel","Sizzling Blood","Vajra","The Specimen","Orrery","Shovel","Ice Cream","PreservedInsect","Replay:Bottled Eggs","Bag of Marbles","Akabeko","Replay:Wax Seal","WristBlade","Bottled Tornado","Gremlin Food","Omamori","WingedGreaves","Ginger","Molten Egg 2","TungstenRod","Replay:Arrowhead","conspire:Boomerang","Tiny Chest","Replay:Ancient Bell","Lantern","The Courier","Turnip","DollysMirror","Ornamental Fan","Blood Vial","Replay:Towering Pillar of Hats","Whetstone","Kunai","conspire:Flyswatter","champ:DuelingGlove","Replay:Mystery Machine","Shuriken"],"acts_visited":["Exordium","TheCity","TheBeyond"],"potions_floor_usage":[12,23,25,28,28,28,29,31,31,33,37,46,46,50],"damage_taken":[{"damage":0,"enemies":"Small Slimes","floor":5,"turns":1},{"damage":0,"enemies":"3 Sentries","floor":7,"turns":1},{"damage":0,"enemies":"2 Louse","floor":8,"turns":1},{"damage":5,"enemies":"Jaw Worm","floor":10,"turns":3},{"damage":0,"enemies":"Gremlin Nob","floor":12,"turns":2},{"damage":9,"enemies":"3 Sentries","floor":14,"turns":3},{"damage":0,"enemies":"Slime Boss","floor":16,"turns":6},{"damage":0,"enemies":"Chosen","floor":18,"turns":2},{"damage":10,"enemies":"2 Thieves","floor":19,"turns":2},{"damage":12,"enemies":"Shelled Parasite and Fungi","floor":22,"turns":2},{"damage":0,"enemies":"Slavers","floor":23,"turns":2},{"damage":18,"enemies":"Gremlin Leader","floor":25,"turns":2},{"damage":0,"enemies":"Book of Stabbing","floor":28,"turns":2},{"damage":8,"enemies":"Cultist and Chosen","floor":29,"turns":3},{"damage":1,"enemies":"Slavers","floor":31,"turns":3},{"damage":16,"enemies":"conspire:MysteriousRune","floor":33,"turns":5},{"damage":9,"enemies":"3 Darklings","floor":35,"turns":4},{"damage":10,"enemies":"3 Shapes","floor":37,"turns":3},{"damage":18,"enemies":"Jaw Worm Horde","floor":38,"turns":2},{"damage":0,"enemies":"Nemesis","floor":40,"turns":5},{"damage":0,"enemies":"R_Hoarder","floor":46,"turns":3},{"damage":27,"enemies":"Donu and Deca","floor":50,"turns":5}],"seed_played":"7871007816250503038","potions_obtained":[{"floor":10,"key":"Fire Potion"},{"floor":14,"key":"SpeedPotion"},{"floor":22,"key":"FearPotion"},{"floor":23,"key":"BlessingOfTheForge"},{"floor":25,"key":"LifebloodPotion"},{"floor":29,"key":"Energy Potion"},{"floor":31,"key":"PowerPotion"},{"floor":35,"key":"hexamod:EctoCoolerPotion"},{"floor":40,"key":"AttackPotion"},{"floor":46,"key":"Flashbang"}],"is_trial":true,"path_per_floor":["?","?","?","$","M","R","E","M","T","M","R","E","$","E","R","B",null,"M","M","?","$","M","E","?","E","T","R","E","M","$","E","R_BF","B",null,"M","?","M","M","$","E","R","$","T","$","R","E","$","T","R","B",null],"character_chosen":"THE_SILENT","items_purchased":["Vajra","Noxious Fumes","The Specimen","Orrery","Bag of Marbles","conspire:Banana","Bottled Tornado","Accuracy","Mayhem","Replay:Arrowhead","Acrobatics","Accuracy","DollysMirror","Ornamental Fan","Hidden Blade+1","Hidden Blade","Accuracy","Infinite Blades","Accuracy","Terror","Kunai","Panache"],"campfire_rested":1,"item_purchase_floors":[4,4,4,4,13,13,21,30,30,30,30,39,39,39,39,39,42,42,44,44,44,47],"current_hp_per_floor":[74,74,45,45,49,71,74,74,74,73,73,74,74,70,70,75,76,77,72,72,72,65,70,70,57,57,57,62,59,59,63,63,52,85,81,81,76,63,63,68,68,68,68,68,68,75,75,75,75,55],"gold":70,"neow_bonus":"","is_daily":false,"chose_seed":false,"campfire_upgraded":0,"win_rate":0.0,"timestamp":1609369001,"path_taken":["?","?","?","$","?","R","E","M","T","M","R","E","$","E","R","BOSS","M","M","?","$","?","E","?","?","T","R","E","M","$","E","R_BF","BOSS","M","?","?","M","?","E","R","$","T","$","R","E","$","?","R","BOSS"],"items_purchased_type":["Relic","Card","Relic","Relic","Relic","Card","Relic","Card","Card","Relic","Card","Card","Relic","Relic","Card","Card","Card","Card","Card","Card","Relic","Card"],"build_version":"2020-12-22","purchased_purges":1,"victory":true,"max_hp_per_floor":[74,74,74,74,74,74,74,74,74,74,74,74,74,75,75,76,76,77,78,78,78,79,80,80,81,81,81,82,83,83,84,84,85,85,86,86,87,88,88,89,89,89,89,89,89,90,90,90,90,91],"card_choices":[{"not_picked":["Fluid Movement","Prepared"],"picked":"Blade Dance","floor":3},{"not_picked":["expansioncontent:DecasProtection","Slice"],"picked":"Panacea","floor":4},{"not_picked":["Prepared","Dash"],"picked":"Blade Dance","floor":4},{"not_picked":["Setup","Acrobatics"],"picked":"Dagger Throw","floor":4},{"not_picked":["Replay:SS_hec_4","Bouncing Flask"],"picked":"Crow Ritual","floor":4},{"not_picked":["ReplayTheSpireMod:The Works","Dagger Spray","Underhanded Strike"],"picked":"SKIP","floor":5},{"not_picked":["Metamorphosis","ReplayTheSpireMod:Necrogeddon"],"picked":"Poison Darts","floor":7},{"not_picked":["Dodge and Roll","Underhanded Strike"],"picked":"Prepared","floor":8},{"not_picked":["Heel Hook","Dodge and Roll","expansioncontent:Sear"],"picked":"SKIP","floor":10},{"not_picked":["Burst","Die Die Die"],"picked":"Mayhem","floor":12},{"not_picked":["ReplayUltimateDefense","Secret Technique"],"picked":"ReplayTheSpireMod:From All Sides","floor":14},{"not_picked":["ReplayTheSpireMod:From All Sides","Malaise"],"picked":"The Bomb","floor":16},{"not_picked":["Catalyst+1","Masterful Stab"],"picked":"Backflip+1","floor":18},{"not_picked":["Masterful Stab","Specialist"],"picked":"Quick Slash","floor":19},{"not_picked":["Poisoned Stab","PiercingWail"],"picked":"Slice+1","floor":22},{"not_picked":["Malaise","Unload"],"picked":"Panache","floor":23},{"not_picked":["expansioncontent:QuickStudy","Die Die Die"],"picked":"ReplayTheSpireMod:Brewmster","floor":25},{"not_picked":["Burst","ReplayUltimateDefense"],"picked":"Crow Ritual","floor":28},{"not_picked":["Dagger Spray+1","Backflip"],"picked":"Cloak And Dagger","floor":29},{"not_picked":["ReplayTheSpireMod:From All Sides+1","A Thousand Cuts"],"picked":"Apotheosis","floor":31},{"not_picked":["Wraith Form v2","Adrenaline"],"picked":"After Image","floor":33},{"not_picked":["CurseOfTheBell","ReplayTheSpireMod:IOU"],"picked":"Regret","floor":34},{"not_picked":["Writhe","Normality"],"picked":"Sickly","floor":34},{"not_picked":["AbeCurse","Parasite"],"picked":"ReplayTheSpireMod:IOU","floor":34},{"not_picked":["Sucker Punch+1","Replay:SS_forest_2+1","expansioncontent:PolyBeam+1"],"picked":"SKIP","floor":35},{"not_picked":["Riddle With Holes+1","Poisoned Stab+1"],"picked":"expansioncontent:PrepareCrush","floor":37},{"not_picked":["Sneak Up","conspire:PoisonWeapons"],"picked":"Blade Dance+1","floor":38},{"not_picked":["Phantasmal Killer","Apotheosis"],"picked":"Bullet Time","floor":40},{"not_picked":["Grand Finale+1","Secret Weapon"],"picked":"Thinking Ahead","floor":46}],"player_experience":2807504,"relics_obtained":[{"floor":7,"key":"Shovel"},{"floor":9,"key":"Ice Cream"},{"floor":11,"key":"PreservedInsect"},{"floor":12,"key":"Replay:Bottled Eggs"},{"floor":14,"key":"Akabeko"},{"floor":15,"key":"Replay:Wax Seal"},{"floor":23,"key":"Gremlin Food"},{"floor":25,"key":"WingedGreaves"},{"floor":26,"key":"Ginger"},{"floor":27,"key":"Molten Egg 2"},{"floor":28,"key":"TungstenRod"},{"floor":31,"key":"conspire:Boomerang"},{"floor":32,"key":"Tiny Chest"},{"floor":40,"key":"Blood Vial"},{"floor":41,"key":"Replay:Towering Pillar of Hats"},{"floor":43,"key":"Whetstone"},{"floor":45,"key":"conspire:Flyswatter"},{"floor":46,"key":"champ:DuelingGlove"},{"floor":48,"key":"Replay:Mystery Machine"},{"floor":49,"key":"Shuriken"}],"event_choices":[{"cards_removed":["Slice"],"damage_healed":0,"gold_gain":0,"player_choice":"Card Removal","damage_taken":0,"max_hp_gain":0,"max_hp_loss":0,"event_name":"The Cleric","floor":2,"gold_loss":50},{"damage_healed":0,"gold_gain":0,"player_choice":"Invest 1","damage_taken":0,"max_hp_gain":0,"max_hp_loss":0,"event_name":"conspire:Investor","floor":20,"gold_loss":0},{"damage_healed":0,"gold_gain":0,"player_choice":"Obtained Relic","damage_taken":0,"relics_obtained":["Omamori"],"max_hp_gain":0,"max_hp_loss":0,"event_name":"Addict","floor":24,"gold_loss":85},{"damage_healed":0,"gold_gain":0,"player_choice":"Ignored","damage_taken":0,"max_hp_gain":0,"max_hp_loss":0,"event_name":"Tomb of Lord Red Mask","floor":36,"gold_loss":0}],"is_beta":false,"boss_relics":[{"not_picked":["conspire:SlowCooker","Coffee Dripper"],"picked":"WristBlade"},{"not_picked":["Snecko Heart","Replay:Drink Me"],"picked":"Replay:Ancient Bell"},{"not_picked":["War Paint","Replay:Bandana"],"picked":"Lantern"},{"not_picked":["Replay:Accelerometer","Gremlin Horn"],"picked":"The Courier"},{"not_picked":["Basket Of Snakes","FossilizedHelix"],"picked":"Turnip"}],"items_purged_floors":[44],"is_endless":false,"potions_floor_spawned":[10,14,22,23,25,29,31,35,40,46],"ascension_level":0}}