{"host":"nozk9xg7ssf2drdi","time":1609305331,"event":{"mods":["BaseMod","Colored Map","Minty Spire (QoL Compilation)","Relic Stats","Slay the Relics Exporter","StSLib","everything is the same but u backflip on backflip"],"gold_per_floor":[117,13,29,47,60,86,86,115,115,115,115,115,129,163,163,237,237,251,261,261,26,53,53,88,88,88,88,106,120,147,147,147,226,226,237,282,158,158,174,174,204,204,204,204,224,239,265,48,48,48,48,48,48,48,83,83],"floor_reached":57,"playtime":6792,"items_purged":["Eruption","MentalFortress"],"score":3132,"play_id":"3708afc1-18fa-4e71-80aa-b5c03b182ce3","local_time":"20201229231531","is_ascension_mode":true,"campfire_choices":[{"data":"Fasting2","floor":7,"key":"SMITH"},{"data":"Consecrate","floor":12,"key":"SMITH"},{"data":"SashWhip","floor":15,"key":"SMITH"},{"data":"Tantrum","floor":23,"key":"SMITH"},{"data":"Tantrum","floor":25,"key":"SMITH"},{"data":"JustLucky","floor":27,"key":"SMITH"},{"data":"Fasting2","floor":32,"key":"SMITH"},{"floor":40,"key":"RECALL"},{"data":"Fasting2","floor":49,"key":"SMITH"},{"data":"ThirdEye","floor":53,"key":"SMITH"}],"circlet_count":0,"master_deck":["AscendersBane","Vigilance","Weave","JustLucky+1","Consecrate+1","Fasting2+1","EmptyBody","Tantrum+1","SashWhip+1","Tantrum+1","CutThroughFate+1","ClearTheMind","Wallop+1","Consecrate+1","Brilliance+1","JustLucky+1","Weave+1","TalkToTheHand+1","ThirdEye+1","Fasting2+1","DeusExMachina","FlurryOfBlows+1","Fasting2+1","Brilliance+1","Protect","Tantrum+1","TalkToTheHand+1","Halt","ThirdEye","Finesse","Dark Shackles","Secret Technique","ThirdEye"],"relics":["PureWater","Molten Egg 2","Regal Pillow","HornCleat","StrikeDummy","Question Card","FossilizedHelix","Coffee Dripper","OrangePellets","Toy Ornithopter","Meat on the Bone","Gremlin Horn","Blue Candle","MutagenicStrength","Pandora\u0027s Box","GoldenEye","Strawberry","Yang","Frozen Eye","Bag of Marbles"],"acts_visited":["Exordium","TheCity","TheBeyond","TheEnding"],"potions_floor_usage":[19,24,30,39,47,56,56],"damage_taken":[{"damage":0,"enemies":"Cultist","floor":1,"turns":2},{"damage":12,"enemies":"Jaw Worm","floor":3,"turns":3},{"damage":0,"enemies":"2 Louse","floor":4,"turns":2},{"damage":1,"enemies":"Blue Slaver","floor":5,"turns":3},{"damage":0,"enemies":"Gremlin Nob","floor":6,"turns":2},{"damage":0,"enemies":"Lagavulin","floor":8,"turns":3},{"damage":0,"enemies":"2 Fungi Beasts","floor":13,"turns":2},{"damage":2,"enemies":"3 Sentries","floor":14,"turns":3},{"damage":1,"enemies":"Hexaghost","floor":16,"turns":5},{"damage":0,"enemies":"Spheric Guardian","floor":18,"turns":1},{"damage":0,"enemies":"2 Thieves","floor":19,"turns":2},{"damage":14,"enemies":"Slavers","floor":24,"turns":2},{"damage":0,"enemies":"Snecko","floor":28,"turns":2},{"damage":0,"enemies":"Sentry and Sphere","floor":29,"turns":2},{"damage":0,"enemies":"Book of Stabbing","floor":30,"turns":3},{"damage":0,"enemies":"Champ","floor":33,"turns":5},{"damage":0,"enemies":"Orb Walker","floor":35,"turns":2},{"damage":22,"enemies":"2 Orb Walkers","floor":36,"turns":3},{"damage":0,"enemies":"3 Darklings","floor":39,"turns":3},{"damage":0,"enemies":"Reptomancer","floor":41,"turns":2},{"damage":3,"enemies":"Writhing Mass","floor":45,"turns":5},{"damage":0,"enemies":"Maw","floor":46,"turns":4},{"damage":0,"enemies":"Nemesis","floor":47,"turns":3},{"damage":1,"enemies":"Time Eater","floor":50,"turns":6},{"damage":0,"enemies":"Awakened One","floor":51,"turns":4},{"damage":0,"enemies":"Shield and Spear","floor":55,"turns":3},{"damage":10,"enemies":"The Heart","floor":56,"turns":8}],"seed_played":"3743145122652709165","potions_obtained":[{"floor":1,"key":"Strength Potion"},{"floor":4,"key":"PowerPotion"},{"floor":13,"key":"SteroidPotion"},{"floor":28,"key":"FearPotion"},{"floor":33,"key":"Explosive Potion"},{"floor":35,"key":"Dexterity Potion"},{"floor":41,"key":"ColorlessPotion"}],"is_trial":false,"path_per_floor":["M","$","M","M","M","E","R","E","T","T","T","R","M","E","R","B",null,"M","M","?","$","T","R","E","R","T","R","M","M","E","?","R","B",null,"M","?","$","?","M","R","E","?","T","?","M","M","E","$","R","B","B",null,"R","$","E","B",null],"character_chosen":"WATCHER","items_purchased":["Fasting2","EmptyBody","OrangePellets","Halt","Frozen Eye","Swift Potion"],"campfire_rested":0,"item_purchase_floors":[2,2,21,37,48,48],"current_hp_per_floor":[61,61,49,49,48,48,48,48,48,48,48,48,48,46,46,45,58,58,58,58,58,58,58,48,48,48,48,48,48,53,53,53,53,60,60,38,38,38,43,43,50,40,40,36,45,45,50,50,50,49,49,64,64,64,64,59],"gold":83,"neow_bonus":"TRANSFORM_TWO_CARDS","is_daily":false,"chose_seed":false,"campfire_upgraded":9,"win_rate":0.0,"timestamp":1609305331,"path_taken":["M","$","M","?","?","E","R","E","T","?","?","R","M","E","R","BOSS","M","M","?","$","?","R","E","R","T","R","?","M","E","?","R","BOSS","M","?","$","?","M","R","E","?","T","?","M","M","E","$","R","BOSS","BOSS","R","$","E","BOSS"],"items_purchased_type":["Card","Card","Relic","Card","Relic","Potion"],"build_version":"2020-12-22","purchased_purges":2,"victory":true,"max_hp_per_floor":[62,62,62,62,62,62,62,62,62,62,62,62,62,62,62,62,62,62,62,62,62,62,62,62,62,62,62,62,62,62,62,62,62,62,62,62,62,62,62,62,69,69,69,69,69,69,69,69,69,69,69,69,69,69,69,69],"relic_stats":{"OrangePellets":[34],"Regal Pillow":0,"Gremlin Horn":[13,13],"counters":[27,85],"Blue Candle":[0],"Pandora\u0027s Box":["FlurryOfBlows","Fasting2","Brilliance","MentalFortress","WaveOfTheHand","Protect"],"Yang":[82],"Question Card":21,"GoldenEye":[50],"obtain_stats":[{"Regal Pillow":8,"Gremlin Horn":26,"Blue Candle":30,"Yang":47,"Question Card":11,"GoldenEye":36,"OrangePellets":21,"Frozen Eye":48,"HornCleat":9,"MutagenicStrength":31,"Strawberry":41,"Molten Egg 2":6,"Pandora\u0027s Box":34,"Coffee Dripper":17,"Bag of Marbles":55,"PureWater":0,"StrikeDummy":10,"FossilizedHelix":14,"Toy Ornithopter":22,"Meat on the Bone":24},{"Regal Pillow":6,"Gremlin Horn":12,"Blue Candle":15,"Yang":23,"Question Card":6,"GoldenEye":18,"OrangePellets":11,"Frozen Eye":23,"HornCleat":6,"MutagenicStrength":15,"Strawberry":20,"Molten Egg 2":5,"Pandora\u0027s Box":16,"Coffee Dripper":9,"Bag of Marbles":26,"PureWater":0,"StrikeDummy":6,"FossilizedHelix":8,"Toy Ornithopter":11,"Meat on the Bone":12},{"Regal Pillow":15,"Gremlin Horn":30,"Blue Candle":37,"Yang":64,"Question Card":15,"GoldenEye":47,"OrangePellets":28,"Frozen Eye":64,"HornCleat":15,"MutagenicStrength":37,"Strawberry":52,"Molten Egg 2":12,"Pandora\u0027s Box":42,"Coffee Dripper":25,"Bag of Marbles":77,"PureWater":0,"StrikeDummy":15,"FossilizedHelix":20,"Toy Ornithopter":28,"Meat on the Bone":30}],"Toy Ornithopter":24,"Meat on the Bone":12},"card_choices":[{"not_picked":["WreathOfFlame","CarveReality"],"picked":"Consecrate","floor":1},{"not_picked":["CutThroughFate","BowlingBash"],"picked":"Tantrum","floor":3},{"not_picked":["MentalFortress","FlurryOfBlows"],"picked":"SashWhip","floor":4},{"not_picked":["MasterReality","BattleHymn"],"picked":"Tantrum","floor":5},{"not_picked":["FollowUp+1","SashWhip+1"],"picked":"CutThroughFate+1","floor":6},{"not_picked":["WindmillStrike+1","BattleHymn"],"picked":"ClearTheMind","floor":8},{"not_picked":["Evaluate","CrushJoints+1","EmptyBody"],"picked":"Wallop+1","floor":13},{"not_picked":["LessonLearned+1","EmptyFist+1","Wallop+1"],"picked":"Consecrate+1","floor":14},{"not_picked":["Blasphemy","SpiritShield","MasterReality"],"picked":"Brilliance+1","floor":16},{"not_picked":["EmptyBody","CrushJoints+1","Study"],"picked":"JustLucky+1","floor":18},{"not_picked":["ReachHeaven+1","SignatureMove+1","CrushJoints+1"],"picked":"Weave+1","floor":19},{"not_picked":["Tantrum+1","Protect","ReachHeaven+1"],"picked":"TalkToTheHand+1","floor":24},{"not_picked":["FollowUp+1","SashWhip+1","FlyingSleeves+1"],"picked":"ThirdEye","floor":28},{"not_picked":["PathToVictory","ClearTheMind","Worship","Vengeance"],"picked":"SKIP","floor":29},{"not_picked":["FollowUp+1","CutThroughFate+1","SashWhip+1"],"picked":"Fasting2","floor":30},{"not_picked":["Judgement","Ragnarok+1","Blasphemy"],"picked":"DeusExMachina","floor":33},{"not_picked":["Crescendo","PathToVictory","Consecrate+1"],"picked":"Tantrum+1","floor":35},{"not_picked":["CrushJoints+1","Worship","WreathOfFlame+1"],"picked":"TalkToTheHand+1","floor":36},{"not_picked":["PathToVictory+1","Vengeance+1","Protect"],"picked":"ThirdEye","floor":39},{"not_picked":["FollowUp+1","ReachHeaven+1","LikeWater","PathToVictory"],"picked":"SKIP","floor":41},{"not_picked":["Good Instincts","Mind Blast+1","Dramatic Entrance+1"],"picked":"Finesse","floor":42},{"not_picked":["Madness","Violence","Dramatic Entrance+1"],"picked":"Dark Shackles","floor":42},{"not_picked":["Deep Breath","Sadistic Nature","Apotheosis"],"picked":"Secret Technique","floor":42},{"not_picked":["Conclude+1","EmptyBody","BowlingBash+1","PathToVictory"],"picked":"SKIP","floor":45},{"not_picked":["SashWhip+1","FollowUp+1","FlurryOfBlows+1","EmptyBody+1"],"picked":"SKIP","floor":46},{"not_picked":["EmptyFist+1","Blasphemy","FollowUp+1","Conclude+1"],"picked":"SKIP","floor":47},{"not_picked":["WheelKick+1","Pray","FollowUp+1"],"picked":"ThirdEye","floor":55}],"player_experience":5947377,"relics_obtained":[{"floor":6,"key":"Molten Egg 2"},{"floor":8,"key":"Regal Pillow"},{"floor":9,"key":"HornCleat"},{"floor":10,"key":"StrikeDummy"},{"floor":11,"key":"Question Card"},{"floor":14,"key":"FossilizedHelix"},{"floor":22,"key":"Toy Ornithopter"},{"floor":24,"key":"Meat on the Bone"},{"floor":26,"key":"Gremlin Horn"},{"floor":30,"key":"Blue Candle"},{"floor":36,"key":"GoldenEye"},{"floor":41,"key":"Strawberry"},{"floor":47,"key":"Yang"},{"floor":55,"key":"Bag of Marbles"}],"event_choices":[{"damage_healed":0,"gold_gain":0,"player_choice":"0 cards matched","damage_taken":0,"max_hp_gain":0,"max_hp_loss":0,"event_name":"Match and Keep!","floor":20,"gold_loss":0,"cards_obtained":[]},{"damage_healed":0,"gold_gain":0,"player_choice":"Inject Mutagens","damage_taken":0,"relics_obtained":["MutagenicStrength"],"max_hp_gain":0,"max_hp_loss":0,"event_name":"Drug Dealer","floor":31,"gold_loss":0},{"damage_healed":0,"gold_gain":0,"player_choice":"Fight","damage_taken":0,"max_hp_gain":0,"max_hp_loss":0,"event_name":"Mysterious Sphere","floor":36,"gold_loss":0},{"cards_removed":["WaveOfTheHand"],"damage_healed":0,"gold_gain":0,"player_choice":"Removed Skill","damage_taken":0,"max_hp_gain":0,"max_hp_loss":0,"event_name":"Falling","floor":38,"gold_loss":0},{"damage_healed":0,"gold_gain":0,"player_choice":"Memory 3","damage_taken":10,"max_hp_gain":0,"max_hp_loss":0,"event_name":"SensoryStone","floor":42,"gold_loss":0},{"damage_healed":0,"gold_gain":0,"player_choice":"Bought 0 Potions","damage_taken":0,"max_hp_gain":0,"max_hp_loss":0,"event_name":"The Woman in Blue","floor":44,"gold_loss":0}],"is_beta":false,"boss_relics":[{"not_picked":["Calling Bell","Philosopher\u0027s Stone"],"picked":"Coffee Dripper"},{"not_picked":["HolyWater","Sozu"],"picked":"Pandora\u0027s Box"}],"items_purged_floors":[21,37],"is_endless":false,"potions_floor_spawned":[1,4,13,14,28,33,35,41],"ascension_level":20}}