{"host":"vmo6qas4tfa0p776","time":1609361336,"event":{"mods":["AchievementEnabler","BaseMod","Bestiary","Better Altar","Better Match","Better Note","Better Sensory Stone","Better Skull","Better Third Choice","Colored Map","Downfall","Minty Spire (QoL Compilation)","Relic Stats","Robot Space Explorer","Spicy Shops","StSLib","The Marked"],"gold_per_floor":[99,199,215,215,215,10,79,109,109,126,126,154,4,0,19,118,118,118,137,157,3,18,18,18,18,50,66,79,104,115,115,115,115,115],"floor_reached":33,"playtime":2025,"items_purged":[],"score":347,"play_id":"7f0fa4b6-513e-4ad8-92c2-a2c56236b178","local_time":"20201230154856","is_ascension_mode":false,"campfire_choices":[{"floor":1,"key":"RECALL"},{"floor":13,"key":"REST"},{"data":"sneckomod:UnknownRarePower","floor":18,"key":"SMITH"}],"circlet_count":0,"master_deck":["sneckomod:Strike","sneckomod:Strike","sneckomod:Defend","sneckomod:Defend","sneckomod:Defend","sneckomod:TailWhip","sneckomod:SnekBite+1","sneckomod:Unknown+1","sneckomod:Unknown","sneckomod:IronFang+1","LessonLearned+1","sneckomod:SnekBeam","Writhe","sneckomod:UnknownBlock+1","sneckomod:UnknownClassSLIMEBOUND","sneckomod:SnakeSap+1","sneckomod:Mudshield","sneckomod:UnknownWeak","sneckomod:UnknownUncommonAttack+1","sneckomod:RainOfDice+1","sneckomod:SlitherStrike","sneckomod:UnknownRarePower+1","sneckomod:Nope","sneckomod:TrashToTreasure","sneckomod:DefensiveFlair","Mayhem","sneckomod:ImprovisedAttack+1","sneckomod:UnknownCommonSkill+1","sneckomod:SnekBite+1","sneckomod:UnknownClassGREEN","sneckomod:UnknownStrike","sneckomod:UnknownRarePower+1","sneckomod:UnknownClassDEFAULT_GRAY_COLOR+1","sneckomod:Unknown2Cost"],"relics":["sneckomod:SneckoSoul","Centennial Puzzle","Oddly Smooth Stone","Membership Card","Bronze Scales","Pantograph","Nunchaku","downfall:HeartBlessingBlue","downfall:HeartBlessingRed","Snecko Eye","sneckomod:ConfusingCodex","downfall:KnowingSkull","Eternal Feather","The Courier"],"acts_visited":["Exordium","TheCity"],"potions_floor_usage":[6,12,16,22,26,26,27,29,30,32],"damage_taken":[{"damage":1,"enemies":"Jaw Worm","floor":3,"turns":2},{"damage":13,"enemies":"downfall:FleeingMerchant","floor":6,"turns":4},{"damage":13,"enemies":"Lagavulin","floor":8,"turns":6},{"damage":7,"enemies":"2 Louse","floor":9,"turns":2},{"damage":2,"enemies":"Cultist","floor":10,"turns":4},{"damage":6,"enemies":"Gremlin Nob","floor":12,"turns":4},{"damage":10,"enemies":"downfall:FleeingMerchant","floor":14,"turns":4},{"damage":8,"enemies":"3 Louse","floor":15,"turns":2},{"damage":41,"enemies":"downfall:Watcher","floor":16,"turns":9},{"damage":0,"enemies":"Chosen","floor":19,"turns":3},{"damage":24,"enemies":"3 Cultists","floor":20,"turns":4},{"damage":9,"enemies":"downfall:FleeingMerchant","floor":21,"turns":4},{"damage":23,"enemies":"Snake Plant","floor":22,"turns":4},{"damage":5,"enemies":"Slavers","floor":26,"turns":3},{"damage":14,"enemies":"Centurion and Healer","floor":27,"turns":2},{"damage":11,"enemies":"Sentry and Sphere","floor":28,"turns":3},{"damage":10,"enemies":"Book of Stabbing","floor":29,"turns":4},{"damage":21,"enemies":"3 Cultists","floor":30,"turns":4},{"damage":10,"enemies":"Centurion and Healer","floor":32,"turns":3},{"damage":42,"enemies":"downfall:Ironclad","floor":33,"turns":4}],"seed_played":"4780816513129903814","potions_obtained":[{"floor":3,"key":"DistilledChaos"},{"floor":10,"key":"Energy Potion"},{"floor":15,"key":"sneckomod:CheatPotion"},{"floor":22,"key":"Guardian:BlockOnCardUsePotion"},{"floor":26,"key":"LiquidMemories"},{"floor":27,"key":"Weak Potion"},{"floor":29,"key":"Explosive Potion"},{"floor":30,"key":"Energy Potion"}],"is_trial":false,"path_per_floor":["R","?","M","?","?","$","T","E","M","M","?","E","R","$","M","B",null,"R","M","M","$","M","?","T","?","E","M","M","E","M","?","M","B"],"character_chosen":"THE_SNECKO","items_purchased":["Membership Card","Bronze Scales","sneckomod:UnknownBlock","sneckomod:UnknownClassSLIMEBOUND","sneckomod:SnakeSap","Mayhem","sneckomod:ImprovisedAttack","PowerPotion"],"campfire_rested":1,"item_purchase_floors":[6,6,6,6,6,21,21,21],"current_hp_per_floor":[90,90,89,68,68,57,57,44,37,38,38,33,74,66,58,43,105,105,105,81,72,50,50,50,43,39,26,16,7,25,25,15,0,0],"gold":115,"neow_bonus":"RANDOM_COMMON_RELIC","is_daily":false,"chose_seed":false,"campfire_upgraded":1,"win_rate":0.0,"timestamp":1609361336,"path_taken":["R","?","M","?","?","$","T","E","M","?","?","E","R","$","M","BOSS","R","M","M","?","?","?","T","?","E","M","?","E","M","?","M","BOSS"],"items_purchased_type":["Relic","Relic","Card","Card","Card","Card","Card","Potion"],"build_version":"2020-12-22","purchased_purges":0,"victory":false,"max_hp_per_floor":[90,90,90,90,90,92,92,92,92,93,93,94,104,104,104,105,105,105,105,105,105,106,106,106,106,107,108,109,110,111,111,111,111,111],"relic_stats":{"Centennial Puzzle":[57],"Nunchaku":[15],"counters":[20,75],"Bronze Scales":[127],"Pantograph":50,"Snecko Eye":[69,70,76,69],"Eternal Feather":0,"obtain_stats":[{"downfall:HeartBlessingRed":13,"Oddly Smooth Stone":4,"Eternal Feather":26,"The Courier":29,"sneckomod:SneckoSoul":0,"Centennial Puzzle":0,"Nunchaku":12,"downfall:HeartBlessingBlue":13,"sneckomod:ConfusingCodex":24,"Bronze Scales":6,"Pantograph":8,"Snecko Eye":17,"downfall:KnowingSkull":25,"Membership Card":6},{"downfall:HeartBlessingRed":6,"Oddly Smooth Stone":1,"Eternal Feather":14,"The Courier":17,"sneckomod:SneckoSoul":0,"Centennial Puzzle":0,"Nunchaku":6,"downfall:HeartBlessingBlue":6,"sneckomod:ConfusingCodex":13,"Bronze Scales":2,"Pantograph":3,"Snecko Eye":9,"downfall:KnowingSkull":13,"Membership Card":2},{"downfall:HeartBlessingRed":22,"Oddly Smooth Stone":2,"Eternal Feather":55,"The Courier":64,"sneckomod:SneckoSoul":0,"Centennial Puzzle":0,"Nunchaku":22,"downfall:HeartBlessingBlue":22,"sneckomod:ConfusingCodex":52,"Bronze Scales":6,"Pantograph":12,"Snecko Eye":37,"downfall:KnowingSkull":52,"Membership Card":6}]},"card_choices":[{"not_picked":["sneckomod:UnknownUncommonSkill","sneckomod:UnknownBlock"],"picked":"sneckomod:IronFang","floor":3},{"not_picked":["sneckomod:UnknownVulnerable","sneckomod:UnknownX"],"picked":"sneckomod:SnekBeam","floor":6},{"not_picked":["sneckomod:WideSting","sneckomod:UnknownCommonSkill"],"picked":"sneckomod:Mudshield","floor":8},{"not_picked":["sneckomod:IronFang","sneckomod:SoulCleanse","sneckomod:Unknown1Cost"],"picked":"SKIP","floor":9},{"not_picked":["sneckomod:DiceBlock","sneckomod:UnknownCommonSkill"],"picked":"sneckomod:UnknownWeak","floor":10},{"not_picked":["sneckomod:UnknownClassDEFAULT_GRAY_COLOR","sneckomod:QuickBite"],"picked":"sneckomod:UnknownUncommonAttack","floor":12},{"not_picked":["sneckomod:UnknownRarePower","sneckomod:UnknownBlock"],"picked":"sneckomod:RainOfDice","floor":14},{"not_picked":["sneckomod:QuickBite","sneckomod:DefensiveFlair"],"picked":"sneckomod:SlitherStrike","floor":15},{"not_picked":["sneckomod:UnknownRareAttack","sneckomod:UnknownRareSkill"],"picked":"sneckomod:UnknownRarePower","floor":16},{"not_picked":["sneckomod:UnknownCommonSkill","sneckomod:SoulDraw+1"],"picked":"sneckomod:Nope","floor":19},{"not_picked":["sneckomod:RainOfDice","sneckomod:UnknownVulnerable"],"picked":"sneckomod:TrashToTreasure","floor":20},{"not_picked":["sneckomod:UnknownCommonSkill+1","sneckomod:UnknownClassSLIMEBOUND"],"picked":"sneckomod:DefensiveFlair","floor":21},{"not_picked":["sneckomod:DefensiveFlair","sneckomod:UnknownClassBLUE"],"picked":"sneckomod:UnknownCommonSkill+1","floor":22},{"not_picked":["sneckomod:RainOfDice+1","sneckomod:IronFang"],"picked":"sneckomod:UnknownClassGREEN","floor":26},{"not_picked":["sneckomod:Unknown0Cost","sneckomod:UnknownWeak"],"picked":"sneckomod:UnknownStrike","floor":27},{"not_picked":["sneckomod:ImprovisedAttack","sneckomod:DiceCrush"],"picked":"sneckomod:UnknownRarePower","floor":28},{"not_picked":["sneckomod:SoulDraw","sneckomod:UnknownUncommonPower"],"picked":"sneckomod:UnknownClassDEFAULT_GRAY_COLOR+1","floor":29},{"not_picked":["sneckomod:UnknownClassHEXA_GHOST_PURPLE","sneckomod:SnakeSap"],"picked":"sneckomod:Unknown2Cost","floor":30},{"not_picked":["sneckomod:UnknownVulnerable","sneckomod:DefensiveFlair+1","sneckomod:Nope+1"],"picked":"SKIP","floor":32}],"player_experience":197295,"relics_obtained":[{"floor":8,"key":"Pantograph"},{"floor":12,"key":"Nunchaku"},{"floor":24,"key":"sneckomod:ConfusingCodex"},{"floor":26,"key":"Eternal Feather"},{"floor":29,"key":"The Courier"}],"event_choices":[{"cards_removed":["sneckomod:Strike"],"damage_healed":0,"gold_gain":0,"player_choice":"Offered Basic","damage_taken":0,"max_hp_gain":0,"max_hp_loss":0,"event_name":"Bonfire Elementals","floor":5,"gold_loss":0},{"damage_healed":0,"gold_gain":0,"player_choice":"Upgraded","damage_taken":0,"max_hp_gain":0,"max_hp_loss":0,"event_name":"Upgrade Shrine","floor":11,"gold_loss":0,"cards_upgraded":["sneckomod:SnekBite"]},{"damage_healed":0,"gold_gain":0,"player_choice":"Copied","damage_taken":0,"max_hp_gain":0,"max_hp_loss":0,"event_name":"Duplicator","floor":23,"gold_loss":0,"cards_obtained":["sneckomod:SnekBite"]},{"damage_healed":0,"gold_gain":0,"player_choice":"Upgraded","damage_taken":0,"max_hp_gain":0,"max_hp_loss":0,"event_name":"Upgrade Shrine","floor":31,"gold_loss":0,"cards_upgraded":["sneckomod:RainOfDice"]}],"is_beta":false,"boss_relics":[{"not_picked":["Velvet Choker","Calling Bell"],"picked":"Snecko Eye"}],"items_purged_floors":[],"is_endless":false,"potions_floor_spawned":[3,10,15,22,26,27,29,30],"killed_by":"downfall:Ironclad","ascension_level":0}}