{"host":"a7dhdzm3fda48fos","time":1609352453,"event":{"mods":["AchievementEnabler","AlwaysNeverKeys","BaseMod","Better Altar","Better Note","Better Sensory Stone","Better Skull","Better Third Choice","Block Reminder","Colored Map","Gold Saver","Hermit","Minty Spire (QoL Compilation)","Quick Restart","Rare Cards Sparkle","Relic Sorter","Relic Stats","Remove Card Discount Mod","Shop Mod","Spicy Shops","StSLib"],"gold_per_floor":[112,132,132,144,144,173,173,204,204,220,38,38,50,97,109,121,121],"floor_reached":16,"playtime":810,"items_purged":[],"score":124,"play_id":"7ef23bff-da94-4a4a-a727-bc8e1c15550b","local_time":"20201230192053","is_ascension_mode":true,"campfire_choices":[{"floor":13,"key":"REST"},{"floor":15,"key":"REST"}],"circlet_count":0,"master_deck":["Strike_R","Strike_R","Strike_R","Strike_R+1","Strike_R","Defend_R","Defend_R","Defend_R","Defend_R","Bash","Twin Strike","Pommel Strike","Sword Boomerang+1","Pommel Strike","Tempest","Reaper","Pommel Strike","Shrug It Off","Thunderclap"],"relics":["Burning Blood","Boot","Oddly Smooth Stone","Blood Vial","MerchantsRug","MawBank","Darkstone Periapt"],"acts_visited":["Exordium"],"potions_floor_usage":[6,6,8,14,16],"damage_taken":[{"damage":5,"enemies":"Cultist","floor":1,"turns":4},{"damage":10,"enemies":"Small Slimes","floor":2,"turns":4},{"damage":3,"enemies":"2 Louse","floor":4,"turns":3},{"damage":27,"enemies":"Lagavulin","floor":6,"turns":5},{"damage":40,"enemies":"3 Sentries","floor":8,"turns":5},{"damage":6,"enemies":"Blue Slaver","floor":10,"turns":2},{"damage":28,"enemies":"Lagavulin","floor":14,"turns":6},{"damage":63,"enemies":"The Guardian","floor":16,"turns":9}],"seed_played":"173447070998282682","potions_obtained":[{"floor":2,"key":"EntropicBrew"},{"floor":10,"key":"PowerPotion"}],"is_trial":false,"path_per_floor":["M","M","?","M","?","E","?","E","T","M","$","?","R","E","R","B"],"character_chosen":"IRONCLAD","items_purchased":["MerchantsRug","Shrug It Off"],"campfire_rested":2,"item_purchase_floors":[11,11],"current_hp_per_floor":[88,84,84,87,87,66,45,11,11,13,13,13,39,19,45,0,0],"gold":121,"neow_bonus":"TEN_PERCENT_HP_BONUS","is_daily":false,"chose_seed":false,"campfire_upgraded":0,"win_rate":0.0,"timestamp":1609352453,"path_taken":["M","M","?","M","?","E","?","E","T","M","$","?","R","E","R","BOSS"],"items_purchased_type":["Relic","Card"],"build_version":"2020-12-22","purchased_purges":0,"victory":false,"max_hp_per_floor":[88,88,88,88,88,88,88,88,88,88,88,88,88,88,88,88,88],"relic_stats":{"Blood Vial":6,"Darkstone Periapt":0,"counters":[8,38],"Boot":[45],"MawBank":48,"obtain_stats":[{"Blood Vial":9,"Darkstone Periapt":14,"MerchantsRug":11,"Oddly Smooth Stone":8,"Whetstone":6,"Boot":7,"MawBank":12,"Burning Blood":0},{"Blood Vial":5,"Darkstone Periapt":7,"MerchantsRug":6,"Oddly Smooth Stone":5,"Whetstone":4,"Boot":4,"MawBank":6,"Burning Blood":0},{"Blood Vial":21,"Darkstone Periapt":29,"MerchantsRug":23,"Oddly Smooth Stone":21,"Whetstone":16,"Boot":16,"MawBank":23,"Burning Blood":0}],"Burning Blood":41},"card_choices":[{"not_picked":["Body Slam","Perfected Strike"],"picked":"Twin Strike","floor":1},{"not_picked":["Dark Embrace","Armaments"],"picked":"Pommel Strike","floor":2},{"not_picked":["Hemokinesis","Wild Strike"],"picked":"Sword Boomerang","floor":4},{"not_picked":["Twin Strike","Feel No Pain"],"picked":"Pommel Strike","floor":6},{"not_picked":["Berserk","Perfected Strike"],"picked":"Reaper","floor":8},{"not_picked":["Cleave","Entrench"],"picked":"Pommel Strike","floor":10},{"not_picked":["Body Slam","Armaments"],"picked":"Thunderclap","floor":14}],"player_experience":53079,"relics_obtained":[{"floor":6,"key":"Whetstone"},{"floor":8,"key":"Oddly Smooth Stone"},{"floor":9,"key":"Blood Vial"},{"floor":14,"key":"Darkstone Periapt"}],"event_choices":[{"damage_healed":0,"gold_gain":0,"player_choice":"Leave","damage_taken":0,"max_hp_gain":0,"max_hp_loss":0,"event_name":"The Cleric","floor":3,"gold_loss":0},{"damage_healed":0,"gold_gain":0,"player_choice":"Ignored","damage_taken":0,"max_hp_gain":0,"max_hp_loss":0,"event_name":"Golden Wing","floor":5,"gold_loss":0},{"damage_healed":0,"gold_gain":0,"player_choice":"Searched \u00272\u0027 times","damage_taken":0,"relics_obtained":["MawBank"],"max_hp_gain":0,"max_hp_loss":0,"event_name":"Dead Adventurer","floor":12,"gold_loss":0}],"is_beta":false,"boss_relics":[],"items_purged_floors":[],"is_endless":false,"potions_floor_spawned":[2,10],"killed_by":"The Guardian","ascension_level":1}}