{"host":"9zznonz1olisd4fd","time":1609344015,"event":{"mods":["BaseMod","Keyboard Shortcuts","Minty Spire (QoL Compilation)","StSLib","SuperFastMode"],"gold_per_floor":[119,49,60,60,83,108,108,140,140,140,152,152,171,96,96,193,193,210,239,139,152,172,172,172,172],"floor_reached":24,"playtime":586,"items_purged":["Strike_B","Strike_B"],"score":366,"play_id":"604506eb-edb2-4d41-ab92-8acdecf0c333","local_time":"20201231010015","is_ascension_mode":true,"campfire_choices":[{"data":"Darkness","floor":7.0,"key":"SMITH"},{"data":"Dualcast","floor":10.0,"key":"SMITH"},{"floor":12.0,"key":"REST"},{"data":"Redo","floor":15.0,"key":"SMITH"},{"data":"Defragment","floor":23,"key":"SMITH"}],"circlet_count":0,"master_deck":["AscendersBane","Strike_B","Strike_B","Defend_B","Defend_B","Defend_B","Defend_B","Zap","Dualcast+1","Darkness+1","Glacier","Undo","Redo+1","Electrodynamics","Defragment","Defragment+1"],"relics":["Cracked Core","NeowsBlessing","Darkstone Periapt","Regal Pillow","Mummified Hand","CaptainsWheel","Bottled Lightning","Black Star","Red Mask"],"acts_visited":["Exordium","TheCity"],"potions_floor_usage":[],"damage_taken":[{"damage":0.0,"enemies":"Jaw Worm","floor":1.0,"turns":1.0},{"damage":0.0,"enemies":"Cultist","floor":3.0,"turns":1.0},{"damage":0.0,"enemies":"Lagavulin","floor":6.0,"turns":1.0},{"damage":30.0,"enemies":"Gremlin Nob","floor":8.0,"turns":5.0},{"damage":8.0,"enemies":"2 Louse","floor":11.0,"turns":3.0},{"damage":16.0,"enemies":"Lots of Slimes","floor":13.0,"turns":7.0},{"damage":17.0,"enemies":"Hexaghost","floor":16.0,"turns":8.0},{"damage":7.0,"enemies":"3 Byrds","floor":18.0,"turns":2.0},{"damage":8.0,"enemies":"Masked Bandits","floor":19.0,"turns":3.0},{"damage":3.0,"enemies":"Shell Parasite","floor":21.0,"turns":6.0},{"damage":14,"enemies":"Snake Plant","floor":22,"turns":4},{"damage":35,"enemies":"Chosen and Byrds","floor":24,"turns":4}],"seed_played":"-8163519685962463545","potions_obtained":[{"floor":1.0,"key":"SkillPotion"},{"floor":3.0,"key":"SpeedPotion"},{"floor":6.0,"key":"Regen Potion"},{"floor":13.0,"key":"CultistPotion"},{"floor":16.0,"key":"DuplicationPotion"}],"is_trial":false,"path_per_floor":["M","$","M","?","T","E","R","E","T","R","M","R","M","$","R","B",null,"M","?","$","M","M","R","M"],"character_chosen":"DEFECT","items_purchased":["Glacier"],"campfire_rested":1,"item_purchase_floors":[2],"current_hp_per_floor":[68,68,68,56,56,56,56,38,38,38,30,67,51,51,51,34,65,58,50,50,47,33,33,0,0],"gold":172,"neow_bonus":"THREE_ENEMY_KILL","is_daily":false,"chose_seed":false,"campfire_upgraded":4,"win_rate":0.0,"timestamp":1609344015,"path_taken":["M","$","M","?","?","E","R","E","T","R","M","R","?","?","R","BOSS","M","?","$","M","M","R","M"],"items_purchased_type":["Card"],"build_version":"2020-12-22","purchased_purges":2,"victory":false,"max_hp_per_floor":[75,75,75,75,75,75,75,75,75,75,75,75,75,75,75,75,75,75,75,75,75,75,75,75,75],"card_choices":[{"not_picked":["Hello World","Steam"],"picked":"Darkness","floor":1.0},{"not_picked":["Go for the Eyes","Barrage","BootSequence"],"picked":"SKIP","floor":3.0},{"not_picked":["Thunder Strike","Compile Driver"],"picked":"Undo","floor":6.0},{"not_picked":["BootSequence","Cold Snap","Gash"],"picked":"SKIP","floor":8.0},{"not_picked":["White Noise","BootSequence","Leap"],"picked":"SKIP","floor":11.0},{"not_picked":["Rebound","Go for the Eyes"],"picked":"Redo","floor":13.0},{"not_picked":["Hyperbeam","Amplify"],"picked":"Electrodynamics","floor":16.0},{"not_picked":["Compile Driver","Gash","Turbo"],"picked":"SKIP","floor":18.0},{"not_picked":["Sunder","Ball Lightning"],"picked":"Defragment","floor":21},{"not_picked":["Rebound","Steam+1"],"picked":"Defragment","floor":22}],"player_experience":525112,"relics_obtained":[{"floor":5.0,"key":"Regal Pillow"},{"floor":6.0,"key":"Mummified Hand"},{"floor":8.0,"key":"CaptainsWheel"},{"floor":9.0,"key":"Bottled Lightning"},{"floor":19.0,"key":"Red Mask"}],"event_choices":[{"damage_healed":0.0,"max_hp_gain":0.0,"max_hp_loss":0.0,"gold_gain":0.0,"event_name":"Scrap Ooze","player_choice":"Success","floor":4.0,"gold_loss":0.0,"damage_taken":12.0,"relics_obtained":["Darkstone Periapt"]},{"damage_healed":0.0,"max_hp_gain":0.0,"max_hp_loss":0.0,"gold_gain":0.0,"event_name":"Masked Bandits","player_choice":"Fought Bandits","floor":19.0,"gold_loss":0.0,"damage_taken":0.0}],"is_beta":false,"boss_relics":[{"not_picked":["Pandora\u0027s Box","Coffee Dripper"],"picked":"Black Star"}],"items_purged_floors":[14,20],"is_endless":false,"potions_floor_spawned":[1,3,6,13,16,18,22],"killed_by":"Chosen and Byrds","ascension_level":12}}