{"host":"jrtaucq9moweewpn","time":1609305742,"event":{"mods":["BaseMod","Better Third Choice","Downfall","Duelist Mod","GifTheSpireLib","Minty Spire (QoL Compilation)","Replay The Spire","Shade Mod","StSLib","The Construct","The Cursed"],"gold_per_floor":[199,213,213,46,58,58,58,75,118,132,132,157,157,173,191,290,290,290,70,81,98,198,231,269,281,307,339,382,404,128,128,139,238,238,238,258,0,17,17,17,17,17,30,30,30,30],"floor_reached":44,"playtime":3592,"items_purged":["Regret"],"score":525,"play_id":"5c2a99cb-9afe-4a69-af73-b3ac9cd82fea","local_time":"20201229232222","is_ascension_mode":false,"campfire_choices":[{"data":"hexamod:Sear","floor":1.0,"key":"SMITH"},{"data":"hexamod:BurningTouch","floor":6.0,"key":"SMITH"},{"floor":11.0,"key":"REST"},{"floor":13.0,"key":"REST"},{"data":"hexamod:DynamicBlow","floor":18.0,"key":"SMITH"},{"data":"Bite","floor":35,"key":"SMITH"},{"data":"Bite","floor":42,"key":"SMITH"}],"circlet_count":0,"master_deck":["hexamod:Sear+1","hexamod:Float","hexamod:HauntingEcho","hexamod:BurningTouch+1","hexamod:RadiantFlame","hexamod:Incineration","hexamod:ThermalTransfer","hexamod:DynamicBlow+1","hexamod:HeatCrush","hexamod:BurningTouch","hexamod:TurnItUp","hexamod:ChargedBarrage+1","hexamod:RainOfEmbers","hexamod:HeatMetal","hexamod:ExtraCrispy","Ghostly","Ghostly","Ghostly","hexamod:CouncilsJustice","hexamod:CouncilsJustice","hexamod:CouncilsJustice","hexamod:HeatShield","hexamod:GhostflameInferno","Bite+1","Bite+1","Bite","Bite","Bite","hexamod:DynamicBlow+1"],"relics":["hexamod:SpiritBrand","Bag of Marbles","HornCleat","Blue Doll","Velvet Choker","Vajra","CaptainsWheel","Bottled Lightning","MawBank","Akabeko","Snack Pack","Lantern","PreservedInsect","Medical Kit","Black Star","Boot","Sundial"],"acts_visited":["Exordium","TheCity","TheBeyond"],"potions_floor_usage":[43,43,43],"damage_taken":[{"damage":0.0,"enemies":"2 Louse","floor":2.0,"turns":3.0},{"damage":4.0,"enemies":"downfall:FleeingMerchant","floor":4.0,"turns":4.0},{"damage":2.0,"enemies":"Small Slimes","floor":5.0,"turns":3.0},{"damage":0.0,"enemies":"Cultist","floor":8.0,"turns":3.0},{"damage":3.0,"enemies":"Exordium Wildlife","floor":10.0,"turns":3.0},{"damage":12.0,"enemies":"Lagavulin","floor":12.0,"turns":4.0},{"damage":0.0,"enemies":"Large Slime","floor":14.0,"turns":3.0},{"damage":0.0,"enemies":"Blue Slaver","floor":15.0,"turns":3.0},{"damage":20.0,"enemies":"downfall:Silent","floor":16.0,"turns":6.0},{"damage":0.0,"enemies":"downfall:FleeingMerchant","floor":19.0,"turns":4.0},{"damage":0.0,"enemies":"Chosen","floor":20.0,"turns":3.0},{"damage":11.0,"enemies":"Spheric Guardian","floor":21.0,"turns":4.0},{"damage":35.0,"enemies":"downfall:Defect","floor":22.0,"turns":5.0},{"damage":0.0,"enemies":"Gremlin Leader","floor":23.0,"turns":3.0},{"damage":0.0,"enemies":"Snecko","floor":26.0,"turns":3.0},{"damage":6.0,"enemies":"Shelled Parasite and Fungi","floor":27.0,"turns":3.0},{"damage":1.0,"enemies":"Book of Stabbing","floor":28.0,"turns":4.0},{"damage":12.0,"enemies":"Centurion and Healer","floor":29.0,"turns":4.0},{"damage":1.0,"enemies":"downfall:FleeingMerchant","floor":30.0,"turns":4.0},{"damage":0,"enemies":"Sentry and Sphere","floor":32,"turns":2},{"damage":23,"enemies":"downfall:Watcher","floor":33,"turns":7},{"damage":8,"enemies":"3 Shapes","floor":36,"turns":3},{"damage":0,"enemies":"Orb Walker","floor":38,"turns":3},{"damage":7,"enemies":"Maw","floor":43,"turns":6},{"damage":34,"enemies":"3 Darklings","floor":44,"turns":5}],"seed_played":"-2392408020536731539","potions_obtained":[{"floor":2.0,"key":"SkillPotion"},{"floor":8.0,"key":"Swift Potion"},{"floor":9.0,"key":"Slimebound:ThreeZeroPotion"},{"floor":10.0,"key":"Dexterity Potion"},{"floor":15.0,"key":"Cursed Concoction"},{"floor":21.0,"key":"Fire Potion"},{"floor":23.0,"key":"SkillPotion"},{"floor":26.0,"key":"Weak Potion"},{"floor":28.0,"key":"construct:ShiftPotion"},{"floor":43,"key":"BlessingOfTheForge"}],"is_trial":false,"path_per_floor":["R","M","?","$","M","R","T","M","?","M","R","E","R","M","M","B",null,"R","$","M","M","?","E","T","?","M","M","E","M","$","?","M","B",null,"R","M","$","M","?","$","T","R","M","M"],"character_chosen":"THE_SPIRIT","items_purchased":["hexamod:RadiantFlame","Vajra","hexamod:ChargedBarrage+1","Lantern","PreservedInsect","Medical Kit","hexamod:GhostflameInferno","Boot","AttackPotion","Fire Potion"],"campfire_rested":2,"item_purchase_floors":[4,19,19,30,30,30,30,37,37,37],"current_hp_per_floor":[70,70,70,66,64,64,64,64,36,33,54,42,63,63,63,43,70,70,70,70,59,24,24,24,24,24,18,17,7,6,6,12,3,24,24,20,20,24,24,24,24,24,24,0,0,0],"gold":30,"neow_bonus":"HUNDRED_GOLD","is_daily":false,"chose_seed":false,"campfire_upgraded":5,"win_rate":0.0,"timestamp":1609305742,"path_taken":["R","M","?","$","M","R","T","M","?","M","R","E","R","M","M","BOSS","R","$","M","?","?","E","T","?","M","M","E","M","$","?","M","BOSS","R","M","$","M","?","$","T","R","M","M"],"items_purchased_type":["Card","Relic","Card","Relic","Relic","Relic","Card","Relic","Potion","Potion"],"build_version":"2020-12-22","purchased_purges":1,"victory":false,"max_hp_per_floor":[70,70,70,70,70,70,70,70,70,70,70,70,70,70,70,70,70,70,70,70,70,70,70,70,35,35,35,35,35,35,24,24,24,24,24,24,24,24,24,24,24,24,24,24,24,24],"card_choices":[{"not_picked":["hexamod:EtherealExpedition","hexamod:Rewind"],"picked":"hexamod:HauntingEcho","floor":2.0},{"not_picked":["hexamod:ShieldOfDarkness","hexamod:NightmareGuise"],"picked":"hexamod:BurningTouch","floor":4.0},{"not_picked":["hexamod:GhostShield","hexamod:StepThrough","hexamod:PhantomCloak"],"picked":"SKIP","floor":5.0},{"not_picked":["hexamod:GhostLash","hexamod:SecondSeal"],"picked":"hexamod:Incineration","floor":8.0},{"not_picked":["hexamod:InspiringFlames","hexamod:GhostOfSpireFuture"],"picked":"hexamod:ThermalTransfer","floor":9.0},{"not_picked":["hexamod:GhostOfSpirePast","hexamod:AdvancingGuard"],"picked":"hexamod:DynamicBlow","floor":10.0},{"not_picked":["hexamod:NecessarySacrifice","hexamod:RetreatToShadows","hexamod:FastForward"],"picked":"SKIP","floor":12.0},{"not_picked":["hexamod:SkipABeat","hexamod:ShieldOfDarkness"],"picked":"hexamod:HeatCrush","floor":14.0},{"not_picked":["hexamod:SwordOfDarkness","hexamod:CrushingStance"],"picked":"hexamod:BurningTouch","floor":15.0},{"not_picked":["hexamod:UnleashSpirits","hexamod:CrushingStance"],"picked":"hexamod:TurnItUp","floor":16.0},{"not_picked":["hexamod:GhostShield","hexamod:InspiringFlames+1","hexamod:GhostOfSpirePast+1"],"picked":"SKIP","floor":19.0},{"not_picked":["hexamod:SwordOfDarkness","hexamod:GhostLash"],"picked":"hexamod:RainOfEmbers","floor":20.0},{"not_picked":["hexamod:ShieldOfDarkness","hexamod:SwordOfDarkness"],"picked":"hexamod:HeatMetal","floor":21.0},{"not_picked":["hexamod:PhantomFireball","hexamod:Hexaguard+1"],"picked":"hexamod:ExtraCrispy","floor":23.0},{"not_picked":["hexamod:FourthSeal","hexamod:Incineration"],"picked":"hexamod:HeatShield","floor":26.0},{"not_picked":["hexamod:NightmareGuise+1","hexamod:HauntingEcho","hexamod:Hexaguard"],"picked":"SKIP","floor":27.0},{"not_picked":["hexamod:Incineration","hexamod:PowerFromBeyond","hexamod:GhostShield"],"picked":"SKIP","floor":28.0},{"not_picked":["hexamod:ShieldOfDarkness","hexamod:Hexaguard+1","hexamod:HexaLevel"],"picked":"SKIP","floor":29.0},{"not_picked":["hexamod:AdvancingGuard+1","hexamod:CatchUp","hexamod:GhostLash+1"],"picked":"SKIP","floor":32},{"not_picked":["hexamod:ThermalTransfer+1","hexamod:SpectersWail","hexamod:GhostLash"],"picked":"SKIP","floor":36},{"not_picked":["hexamod:BacktrackSmack","hexamod:Hexaguard+1","hexamod:FastForward"],"picked":"SKIP","floor":38},{"not_picked":["hexamod:EtherealExpedition+1","hexamod:HexaLevel"],"picked":"hexamod:DynamicBlow+1","floor":43}],"player_experience":505089,"relics_obtained":[{"floor":7.0,"key":"HornCleat"},{"floor":12.0,"key":"Blue Doll"},{"floor":22.0,"key":"CaptainsWheel"},{"floor":22.0,"key":"Bottled Lightning"},{"floor":23.0,"key":"MawBank"},{"floor":24.0,"key":"Akabeko"},{"floor":28.0,"key":"Snack Pack"},{"floor":41,"key":"Sundial"}],"event_choices":[{"damage_healed":0.0,"max_hp_gain":0.0,"max_hp_loss":0.0,"gold_gain":0.0,"event_name":"Big Fish","player_choice":"Box","floor":3.0,"gold_loss":0.0,"damage_taken":0.0,"relics_obtained":["Bag of Marbles"],"cards_obtained":["Regret"]},{"damage_healed":0,"gold_gain":0,"player_choice":"Became a vampire","damage_taken":0,"max_hp_gain":0,"max_hp_loss":11,"event_name":"Vampires","floor":31,"gold_loss":0,"cards_obtained":["Bite","Bite","Bite","Bite","Bite"]}],"is_beta":false,"boss_relics":[{"not_picked":["Cursed Key","Honey Jar"],"picked":"Velvet Choker"},{"not_picked":["Ring of Chaos","Tiny House"],"picked":"Black Star"}],"items_purged_floors":[4],"is_endless":false,"potions_floor_spawned":[2,8,10,15,16,21,22,23,26,28,38,43],"killed_by":"3 Darklings","ascension_level":0}}