{"host":"phniwng9zo19jwdb","time":1609332177,"event":{"mods":["AchievementEnabler","BaseMod","Colored Powertips","Faster Ascension Climbing","GifTheSpireLib","Minty Spire (QoL Compilation)","Permanent Neow","Rare Cards Sparkle","Somnambulant","StSLib"],"gold_per_floor":[113,126,126,140,140,140,175,175,175,195,229,239,265,283,283,283,283],"floor_reached":16,"playtime":633,"items_purged":[],"score":207,"play_id":"f69d9d58-1fb4-4173-b027-bcf1ca093134","local_time":"20201230134257","is_ascension_mode":true,"campfire_choices":[{"data":"Apotheosis","floor":6.0,"key":"SMITH"},{"data":"Cleave","floor":8.0,"key":"SMITH"},{"floor":15.0,"key":"DIG"}],"circlet_count":0,"master_deck":["AscendersBane","Strike_R","Strike_R","Strike_R","Strike_R","Defend_R","Defend_R","Defend_R","Defend_R","Bash","Apotheosis+1","Cleave+1","True Grit","Shrug It Off","Reaper","Disarm","Exhume","True Grit"],"relics":["Burning Blood","Bottled Flame","InkBottle","Shovel","Orichalcum","Strawberry"],"acts_visited":["Exordium"],"potions_floor_usage":[],"damage_taken":[{"damage":7.0,"enemies":"Jaw Worm","floor":1.0,"turns":4.0},{"damage":0.0,"enemies":"Small Slimes","floor":2.0,"turns":4.0},{"damage":2.0,"enemies":"Cultist","floor":4.0,"turns":4.0},{"damage":23.0,"enemies":"3 Sentries","floor":7.0,"turns":9.0},{"damage":4.0,"enemies":"Blue Slaver","floor":10.0,"turns":6.0},{"damage":16.0,"enemies":"Gremlin Nob","floor":11.0,"turns":4.0},{"damage":16.0,"enemies":"Exordium Thugs","floor":12.0,"turns":8.0},{"damage":36.0,"enemies":"3 Sentries","floor":13.0,"turns":7.0},{"damage":9.0,"enemies":"2 Fungi Beasts","floor":14.0,"turns":4.0},{"damage":65,"enemies":"Slime Boss","floor":16,"turns":9}],"seed_played":"2356859504535998186","potions_obtained":[{"floor":2.0,"key":"EntropicBrew"},{"floor":11.0,"key":"BlessingOfTheForge"},{"floor":14.0,"key":"FearPotion"}],"is_trial":false,"path_per_floor":["M","M","?","M","?","R","E","R","T","M","E","M","E","M","R","B"],"character_chosen":"IRONCLAD","items_purchased":[],"campfire_rested":0,"item_purchase_floors":[],"current_hp_per_floor":[49,55,55,59,52,52,35,35,35,41,38,41,50,59,66,11,11],"gold":283,"neow_bonus":"RANDOM_COLORLESS_2","is_daily":false,"chose_seed":false,"campfire_upgraded":2,"win_rate":0.0,"timestamp":1609332177,"path_taken":["M","M","?","M","?","R","E","R","T","M","E","M","E","M","R","BOSS"],"items_purchased_type":[],"build_version":"2020-12-22","purchased_purges":0,"victory":false,"max_hp_per_floor":[75,75,75,75,75,75,75,75,75,75,75,75,75,75,82,82,82],"card_choices":[{"not_picked":["Chrysalis","Secret Technique"],"picked":"Apotheosis","floor":0.0},{"not_picked":["Armaments","Body Slam"],"picked":"Cleave","floor":1.0},{"not_picked":["Evolve","Searing Blow"],"picked":"True Grit","floor":2.0},{"not_picked":["Perfected Strike","Clothesline"],"picked":"Shrug It Off","floor":4.0},{"not_picked":["Perfected Strike","Havoc"],"picked":"Reaper","floor":7.0},{"not_picked":["Bloodletting","Clothesline"],"picked":"Disarm","floor":10.0},{"not_picked":["Reckless Charge","Dropkick"],"picked":"Exhume","floor":11.0},{"not_picked":["Perfected Strike","Combust"],"picked":"True Grit","floor":12.0},{"not_picked":["Reckless Charge","Feel No Pain","Sword Boomerang"],"picked":"SKIP","floor":13.0},{"not_picked":["Clash","Carnage","Perfected Strike"],"picked":"SKIP","floor":14.0}],"player_experience":28999,"relics_obtained":[{"floor":7.0,"key":"Bottled Flame"},{"floor":9.0,"key":"InkBottle"},{"floor":11.0,"key":"Shovel"},{"floor":13.0,"key":"Orichalcum"},{"floor":15.0,"key":"Strawberry"}],"event_choices":[{"cards_removed":["Strike_R"],"damage_healed":0.0,"max_hp_gain":0.0,"max_hp_loss":0.0,"gold_gain":0.0,"event_name":"Living Wall","player_choice":"Forget","floor":3.0,"gold_loss":0.0,"damage_taken":0.0},{"damage_healed":0.0,"max_hp_gain":0.0,"max_hp_loss":0.0,"gold_gain":0.0,"event_name":"Wheel of Change","player_choice":"Damaged","floor":5.0,"gold_loss":0.0,"damage_taken":7.0}],"is_beta":false,"boss_relics":[],"items_purged_floors":[],"is_endless":false,"potions_floor_spawned":[2,11,14],"killed_by":"Slime Boss","ascension_level":14}}