{"host":"bf9sa99gaumonoeu","time":1609368827,"event":{"mods":["AchievementEnabler","BaseMod","Colored Map","Downfall","Friendly Minions","Marisa????????","Minty Spire (QoL Compilation)","Replay The Spire","StSLib","The Cursed","The Disciple","The Servant 0.9.4"],"gold_per_floor":[119,119,133,146,71,71,89,99,99,112,112,112,162,174,174,248,248,265,78,52,72,82,82,82,82,82,95,10,10,10],"floor_reached":29,"playtime":3050,"items_purged":["Strike_G","Strike_G"],"score":495,"play_id":"0c748c08-a4c7-4cdb-8b05-1529d03e61af","local_time":"20201230205347","is_ascension_mode":true,"campfire_choices":[{"data":"Underhanded Strike","floor":6,"key":"SMITH"},{"data":"Footwork","floor":11,"key":"SMITH"},{"data":"Backflip","floor":15,"key":"SMITH"},{"data":"Acrobatics","floor":23,"key":"SMITH"},{"floor":25,"key":"REST"}],"circlet_count":0,"master_deck":["AscendersBane","Strike_G","Strike_G","Strike_G","Defend_G","Defend_G","Defend_G","Defend_G","Survivor","Neutralize+1","Underhanded Strike+1","Acrobatics+1","Dagger Spray","Backflip+1","Footwork+1","PiercingWail","Quick Slash+1","Acrobatics","Deflect","Grand Finale","Deflect","Well Laid Plans+1","Heel Hook","Terror","ReplayTheSpireMod:Scrap Shanks"],"relics":["Philosopher\u0027s Stone","Replay:Bottled Flurry","Pantograph","Cursed Key","Replay:Bottled Snecko"],"acts_visited":["Exordium","TheCity"],"potions_floor_usage":[13,13,16,22],"damage_taken":[{"damage":8.0,"enemies":"Jaw Worm","floor":1.0,"turns":4.0},{"damage":0,"enemies":"Cultist","floor":3,"turns":3},{"damage":0,"enemies":"Small Slimes","floor":4,"turns":3},{"damage":2,"enemies":"2 Fungi Beasts","floor":7,"turns":3},{"damage":6,"enemies":"Red Slaver","floor":8,"turns":5},{"damage":0,"enemies":"Exordium Wildlife","floor":10,"turns":3},{"damage":0,"enemies":"Lagavulin","floor":13,"turns":4},{"damage":0,"enemies":"2 Fungi Beasts","floor":14,"turns":3},{"damage":35,"enemies":"The Guardian","floor":16,"turns":14},{"damage":5,"enemies":"Chosen","floor":18,"turns":8},{"damage":12,"enemies":"2 Thieves","floor":20,"turns":4},{"damage":0,"enemies":"Shelled Parasite and Fungi","floor":21,"turns":7},{"damage":9,"enemies":"Snake Plant","floor":22,"turns":5},{"damage":48,"enemies":"Chosen and Byrds","floor":27,"turns":7},{"damage":13,"enemies":"Sentry and Sphere","floor":29,"turns":3}],"seed_played":"-6214701083085999951","potions_obtained":[{"floor":3,"key":"SteroidPotion"},{"floor":4,"key":"Milkshake"},{"floor":7,"key":"ColorlessPotion"},{"floor":13,"key":"Swift Potion"},{"floor":20,"key":"FearPotion"},{"floor":27,"key":"FearPotion"}],"is_trial":false,"path_per_floor":["M","?","M","M","$","R","M","M","T","M","R","?","E","M","R","B",null,"M","$","M","M","M","R","?","R","T","M","?","M"],"character_chosen":"THE_SILENT","items_purchased":["Well Laid Plans"],"campfire_rested":1,"item_purchase_floors":[19],"current_hp_per_floor":[51,51,51,51,51,51,49,43,43,43,43,43,43,43,43,31,57,52,52,40,40,31,31,31,50,50,2,2,0,0],"gold":10,"neow_bonus":"BOSS_RELIC","is_daily":false,"chose_seed":false,"campfire_upgraded":4,"win_rate":0.0,"timestamp":1609368827,"path_taken":["M","?","M","M","$","R","M","M","T","?","R","?","E","M","R","BOSS","M","$","M","M","M","R","?","R","T","?","?","M"],"items_purchased_type":["Card"],"build_version":"2020-12-22","purchased_purges":2,"victory":false,"max_hp_per_floor":[66,66,66,66,66,66,66,66,66,66,66,66,66,66,66,66,66,66,66,66,66,66,66,66,66,66,66,66,66,66],"card_choices":[{"not_picked":["Replay:Poison Smokescreen","Draining Mist"],"picked":"Underhanded Strike","floor":1.0},{"not_picked":["Dodge and Roll","Heel Hook"],"picked":"Acrobatics","floor":3},{"not_picked":["Hidden Blade","Cloak And Dagger"],"picked":"Dagger Spray","floor":4},{"not_picked":["Well Laid Plans","Bane"],"picked":"Backflip","floor":7},{"not_picked":["Replay:Poison Smokescreen","Sucker Punch"],"picked":"Footwork","floor":8},{"not_picked":["Poisoned Stab","Bullet Time"],"picked":"PiercingWail","floor":10},{"not_picked":["Finisher","Sneak Up"],"picked":"Acrobatics","floor":13},{"not_picked":["Finisher","Acrobatics"],"picked":"Deflect","floor":14},{"not_picked":["ReplayTheSpireMod:From All Sides","Corpse Explosion"],"picked":"Grand Finale","floor":16},{"not_picked":["Hidden Blade","Blade Dance"],"picked":"Deflect","floor":18},{"not_picked":["Slice","Dagger Spray+1","Deadly Poison"],"picked":"SKIP","floor":20},{"not_picked":["Dagger Throw","Dodge and Roll"],"picked":"Heel Hook","floor":21},{"not_picked":["Bane","Blur"],"picked":"Terror","floor":22},{"not_picked":["Distraction","After Image"],"picked":"ReplayTheSpireMod:Scrap Shanks","floor":27}],"player_experience":604349,"relics_obtained":[{"floor":9,"key":"Replay:Bottled Flurry"},{"floor":13,"key":"Pantograph"}],"event_choices":[{"damage_healed":0.0,"max_hp_gain":0.0,"max_hp_loss":0.0,"gold_gain":0.0,"event_name":"Upgrade Shrine","player_choice":"Upgraded","floor":2.0,"gold_loss":0.0,"damage_taken":0.0,"cards_upgraded":["Neutralize"]},{"damage_healed":0,"gold_gain":0,"player_choice":"Upgraded","damage_taken":0,"max_hp_gain":0,"max_hp_loss":0,"event_name":"Upgrade Shrine","floor":24,"gold_loss":0,"cards_upgraded":["Well Laid Plans"]},{"damage_healed":0,"gold_gain":0,"player_choice":"Obtained Relic","damage_taken":0,"relics_obtained":["Replay:Bottled Snecko"],"max_hp_gain":0,"max_hp_loss":0,"event_name":"Addict","floor":28,"gold_loss":85}],"is_beta":false,"boss_relics":[{"not_picked":["Black Star","Replay:Grab Bag"],"picked":"Cursed Key"}],"items_purged_floors":[5,19],"is_endless":false,"potions_floor_spawned":[3,4,7,13,20,27],"killed_by":"Sentry and Sphere","ascension_level":19}}