{"host":"zt8a6xk8zi449pm4","time":1609350981,"event":{"mods":["AchievementEnabler","Aspiration","BaseMod","Conspire","Energized Spire","Minty Spire (QoL Compilation)","Rare Cards Sparkle","Relic Stats","Replay The Spire","StSLib"],"gold_per_floor":[116,116,136,136,86,114,85,8,8,38,38,4,16,16],"floor_reached":13,"playtime":797,"items_purged":[],"score":151,"play_id":"ef351ae2-934b-476c-b479-867872e43b89","local_time":"20201230175621","is_ascension_mode":true,"campfire_choices":[{"floor":11,"key":"REST"}],"circlet_count":0,"master_deck":["conspire:GhostlyStrike","conspire:GhostlyStrike","conspire:GhostlyStrike","conspire:GhostlyStrike","conspire:GhostlyStrike","conspire:GhostlyDefend","conspire:GhostlyDefend","conspire:GhostlyDefend","conspire:GhostlyDefend","Bash","conspire:GhostlyStrike","Replay:Undeath\u0027s Touch+1","Pummel","True Grit","Feel No Pain","ReplayReversal"],"relics":["Burning Blood","conspire:GlowingRock","Replay:Bandana","aspiration:HummingbirdHeart"],"acts_visited":["Exordium"],"potions_floor_usage":[6],"damage_taken":[{"damage":0,"enemies":"Small Slimes","floor":1,"turns":4},{"damage":0,"enemies":"Cultist","floor":3,"turns":3},{"damage":67,"enemies":"Lagavulin","floor":6,"turns":10},{"damage":5,"enemies":"2 Louse","floor":10,"turns":4},{"damage":50,"enemies":"Replay:BlueRogue","floor":13,"turns":13}],"seed_played":"5145465967272780286","potions_obtained":[{"floor":1,"key":"Dexterity Potion"},{"floor":10,"key":"Venom Potion"}],"is_trial":false,"path_per_floor":["M","?","M","?","?","E","?","$","T","M","R","$","E"],"character_chosen":"IRONCLAD","items_purchased":["Feel No Pain","ReplayReversal"],"campfire_rested":1,"item_purchase_floors":[8,12],"current_hp_per_floor":[80,80,80,80,80,19,19,19,19,20,44,44,0,0],"gold":16,"neow_bonus":"ONE_RARE_RELIC","is_daily":false,"chose_seed":false,"campfire_upgraded":0,"win_rate":0.0,"timestamp":1609350981,"path_taken":["M","?","?","?","?","E","?","?","T","M","R","$","E"],"items_purchased_type":["Card","Card"],"build_version":"2020-12-22","purchased_purges":0,"victory":false,"max_hp_per_floor":[80,80,80,80,80,80,80,80,80,80,80,80,80,80],"relic_stats":{"counters":[5,34],"obtain_stats":[{"conspire:GlowingRock":0,"Replay:Bandana":6,"aspiration:HummingbirdHeart":9,"Burning Blood":0},{"conspire:GlowingRock":0,"Replay:Bandana":3,"aspiration:HummingbirdHeart":3,"Burning Blood":0},{"conspire:GlowingRock":0,"Replay:Bandana":17,"aspiration:HummingbirdHeart":17,"Burning Blood":0}],"Burning Blood":12},"card_choices":[{"not_picked":["Massacre","Havoc"],"picked":"Replay:Undeath\u0027s Touch","floor":1},{"not_picked":["True Grit","Abandon"],"picked":"Pummel","floor":3},{"not_picked":["Armaments","Blood for Blood"],"picked":"True Grit","floor":6},{"not_picked":["Clash","Massacre","Sword Boomerang"],"picked":"SKIP","floor":10}],"player_experience":315561,"relics_obtained":[{"floor":6,"key":"Replay:Bandana"},{"floor":9,"key":"aspiration:HummingbirdHeart"}],"event_choices":[{"damage_healed":0,"gold_gain":0,"player_choice":"Upgraded","damage_taken":0,"max_hp_gain":0,"max_hp_loss":0,"event_name":"Upgrade Shrine","floor":2,"gold_loss":0,"cards_upgraded":["Replay:Undeath\u0027s Touch"]},{"damage_healed":0,"gold_gain":0,"player_choice":"Agree","damage_taken":0,"max_hp_gain":0,"max_hp_loss":0,"event_name":"conspire:LoneGhost","floor":4,"gold_loss":0},{"cards_removed":["Survivor"],"damage_healed":0,"gold_gain":0,"player_choice":"Card Removal","damage_taken":0,"max_hp_gain":0,"max_hp_loss":0,"event_name":"The Cleric","floor":5,"gold_loss":50},{"damage_healed":0,"gold_gain":0,"player_choice":"Left Gold","damage_taken":0,"max_hp_gain":0,"max_hp_loss":0,"event_name":"World of Goop","floor":7,"gold_loss":29}],"is_beta":false,"boss_relics":[],"items_purged_floors":[],"is_endless":false,"potions_floor_spawned":[1,10],"killed_by":"Replay:BlueRogue","ascension_level":5}}