{"host":"7v9t59ze4jbx2rzq","time":1609367794,"event":{"mods":["BaseMod","Highlight Path","Minty Spire (QoL Compilation)","Spicy Shops","StSLib","The Caster","The Hydrologist","The Marked","Wide Potions"],"gold_per_floor":[117,117,69,87,87,117,135,135,135,135,135,148,19,39,39,39,39],"floor_reached":16,"playtime":1269,"items_purged":["caster:strike"],"score":100,"play_id":"5de1c1fb-69bf-4abe-b971-b739735961ff","local_time":"20201230173634","is_ascension_mode":false,"campfire_choices":[{"floor":10,"key":"REST"},{"floor":15,"key":"REST"}],"circlet_count":0,"master_deck":["caster:Meteor","caster:DivertFocus","caster:strike","caster:strike","caster:strike","caster:defend","caster:defend","caster:defend","caster:defend+1","caster:defend+1","caster:QuickCast","caster:GateOfBabylon","caster:Fireball","caster:MagicWeapon","caster:WallOfThorns","caster:DiamondDust","caster:LightningBolt","caster:Sleet"],"relics":["caster:MagicBook","Pocketwatch","Ancient Tea Set","Vajra","TungstenRod"],"acts_visited":["Exordium"],"potions_floor_usage":[],"damage_taken":[{"damage":0,"enemies":"Small Slimes","floor":1,"turns":4},{"damage":0,"enemies":"Jaw Worm","floor":4,"turns":4},{"damage":5,"enemies":"3 Sentries","floor":6,"turns":9},{"damage":2,"enemies":"2 Louse","floor":7,"turns":3},{"damage":0,"enemies":"Blue Slaver","floor":12,"turns":3},{"damage":19,"enemies":"Large Slime","floor":14,"turns":6},{"damage":0,"enemies":"Slime Boss","floor":16,"turns":4}],"seed_played":"-892767728573316449","potions_obtained":[{"floor":0,"key":"LiquidMemories"},{"floor":12,"key":"Regen Potion"}],"is_trial":false,"path_per_floor":["M","?","$","M","?","E","M","?","T","R","?","M","$","M","R","B"],"character_chosen":"THE_CASTER","items_purchased":["caster:GateOfBabylon","caster:Fireball","caster:Sleet"],"campfire_rested":2,"item_purchase_floors":[3,3,13],"current_hp_per_floor":[64,51,51,51,33,28,26,26,26,45,45,45,45,26,45,45,45],"gold":39,"neow_bonus":"THREE_SMALL_POTIONS","is_daily":false,"chose_seed":false,"campfire_upgraded":0,"win_rate":0.0,"timestamp":1609367794,"path_taken":["M","?","$","M","?","E","M","?","T","R","?","M","$","M","R","BOSS"],"items_purchased_type":["Card","Card","Card"],"build_version":"2020-12-22","purchased_purges":1,"victory":false,"max_hp_per_floor":[64,64,64,64,64,64,64,64,64,64,64,64,64,64,64,64,64],"card_choices":[{"not_picked":["caster:FireWall","caster:FlashFrost"],"picked":"caster:QuickCast","floor":1},{"not_picked":["caster:Enfeeble","caster:FireWall"],"picked":"caster:MagicWeapon","floor":4},{"not_picked":["caster:FrigidBeam","caster:LAZER"],"picked":"caster:WallOfThorns","floor":6},{"not_picked":["caster:DiablosFlame","caster:Demi"],"picked":"caster:DiamondDust","floor":7},{"not_picked":["caster:Sandstorm","caster:QuickCast"],"picked":"caster:LightningBolt","floor":12},{"not_picked":["caster:Discharge","caster:Incinerate","caster:AshesToAshes"],"picked":"SKIP","floor":14}],"player_experience":2188805,"relics_obtained":[{"floor":6,"key":"Ancient Tea Set"},{"floor":9,"key":"TungstenRod"}],"event_choices":[{"damage_healed":0,"gold_gain":0,"player_choice":"Entered Light","damage_taken":13,"max_hp_gain":0,"max_hp_loss":0,"event_name":"Shining Light","floor":2,"gold_loss":0,"cards_upgraded":["caster:defend","caster:defend"]},{"damage_healed":0,"gold_gain":0,"player_choice":"Success","damage_taken":18,"relics_obtained":["Pocketwatch"],"max_hp_gain":0,"max_hp_loss":0,"event_name":"Scrap Ooze","floor":5,"gold_loss":0},{"damage_healed":0,"gold_gain":0,"player_choice":"Searched \u00270\u0027 times","damage_taken":0,"max_hp_gain":0,"max_hp_loss":0,"event_name":"Dead Adventurer","floor":11,"gold_loss":0}],"is_beta":false,"boss_relics":[],"items_purged_floors":[13],"is_endless":false,"potions_floor_spawned":[6,12],"killed_by":"Slime Boss","ascension_level":0}}