{"host":"0cgp910o8339lr91","time":1609371426,"event":{"mods":["BaseMod","Colored Map","Filter the Spire","Minty Spire (QoL Compilation)","Relic Stats","Slay-I","ojb\u0027s Better Paths Mod","ojb\u0027s Info Mod"],"gold_per_floor":[112,126,126,126,126,126,158,158,182,209,227,243,148,165,165,242,242,262,275,290,300,319,353,278,278],"floor_reached":24,"playtime":20477,"items_purged":[],"score":497,"play_id":"434d34a2-3fbb-408a-b121-13744234da65","local_time":"20201231003706","is_ascension_mode":true,"campfire_choices":[{"data":"WheelKick","floor":6.0,"key":"SMITH"},{"data":"BowlingBash","floor":8.0,"key":"SMITH"},{"data":"Vault","floor":15.0,"key":"SMITH"}],"circlet_count":0,"master_deck":["AscendersBane","Eruption","Vigilance+1","LikeWater","DeusExMachina","WheelKick+1","Vengeance+1","Brilliance+1","BowlingBash+1","Wireheading","FearNoEvil","EmptyBody","Conclude+1","EmptyFist","CutThroughFate+1","EmptyMind","Flash of Steel+1","Vault+1","LessonLearned+1","Meditate+1","EmptyMind","Nirvana"],"relics":["Pandora\u0027s Box","War Paint","Shuriken","Pen Nib","Akabeko","Coffee Dripper","Du-Vu Doll"],"acts_visited":["Exordium","TheCity"],"potions_floor_usage":[],"damage_taken":[{"damage":4.0,"enemies":"Jaw Worm","floor":1.0,"turns":2.0},{"damage":0.0,"enemies":"2 Louse","floor":2.0,"turns":3.0},{"damage":0.0,"enemies":"Lagavulin","floor":7.0,"turns":3.0},{"damage":3.0,"enemies":"3 Sentries","floor":10.0,"turns":4.0},{"damage":0.0,"enemies":"Small Slimes","floor":11.0,"turns":1.0},{"damage":0.0,"enemies":"2 Fungi Beasts","floor":12.0,"turns":1.0},{"damage":0.0,"enemies":"Large Slime","floor":14.0,"turns":2.0},{"damage":1.0,"enemies":"Hexaghost","floor":16.0,"turns":5.0},{"damage":15.0,"enemies":"2 Thieves","floor":18.0,"turns":3.0},{"damage":9.0,"enemies":"Shell Parasite","floor":19.0,"turns":2.0},{"damage":18,"enemies":"Shelled Parasite and Fungi","floor":20,"turns":4},{"damage":0,"enemies":"Snecko","floor":21,"turns":3},{"damage":0,"enemies":"Centurion and Healer","floor":22,"turns":2},{"damage":10,"enemies":"Slavers","floor":23,"turns":4}],"seed_played":"-3571040947333934480","potions_obtained":[{"floor":7.0,"key":"Energy Potion"},{"floor":10.0,"key":"Ancient Potion"},{"floor":14.0,"key":"DuplicationPotion"},{"floor":20,"key":"PowerPotion"},{"floor":22,"key":"BlessingOfTheForge"}],"is_trial":false,"path_per_floor":["M","M","?","?","?","R","E","R","T","E","M","M","$","M","R","B",null,"M","M","M","M","M","E","?"],"character_chosen":"WATCHER","items_purchased":["Flash of Steel"],"campfire_rested":0,"item_purchase_floors":[13],"current_hp_per_floor":[57,57,12,34,34,34,34,34,34,31,31,31,31,31,31,30,59,44,35,17,17,17,7,7,7],"gold":278,"neow_bonus":"BOSS_RELIC","is_daily":false,"chose_seed":false,"campfire_upgraded":3,"win_rate":0.0,"timestamp":1609371426,"path_taken":["M","M","?","?","?","R","E","R","T","E","M","M","$","M","R","BOSS","M","M","M","M","M","E","?"],"items_purchased_type":["Card"],"build_version":"2020-12-22","purchased_purges":0,"victory":false,"max_hp_per_floor":[68,68,68,68,68,68,68,68,68,68,68,68,68,68,68,68,68,68,68,68,68,68,68,68,68],"relic_stats":{"counters":[14,39],"Shuriken":[14],"Pandora\u0027s Box":["LikeWater","DeusExMachina","WheelKick","Vengeance","Brilliance","BowlingBash","Wireheading","FearNoEvil"],"Pen Nib":[7],"War Paint":["Vengeance","Vigilance"],"obtain_stats":[{"Du-Vu Doll":23,"Shuriken":7,"Pandora\u0027s Box":0,"Pen Nib":9,"Coffee Dripper":17,"PureWater":0,"War Paint":3,"Akabeko":10},{"Du-Vu Doll":14,"Shuriken":3,"Pandora\u0027s Box":0,"Pen Nib":3,"Coffee Dripper":8,"PureWater":0,"War Paint":2,"Akabeko":4},{"Du-Vu Doll":39,"Shuriken":8,"Pandora\u0027s Box":0,"Pen Nib":8,"Coffee Dripper":21,"PureWater":0,"War Paint":5,"Akabeko":12}]},"card_choices":[{"not_picked":["ThirdEye","WindmillStrike"],"picked":"EmptyBody","floor":1.0},{"not_picked":["FlyingSleeves","PathToVictory"],"picked":"Conclude","floor":2.0},{"not_picked":["Prostrate","Halt","ConjureBlade"],"picked":"SKIP","floor":7.0},{"not_picked":["Prostrate","Crescendo"],"picked":"EmptyFist","floor":10.0},{"not_picked":["Evaluate","SashWhip"],"picked":"CutThroughFate","floor":11.0},{"not_picked":["Evaluate","Protect"],"picked":"EmptyMind","floor":12.0},{"not_picked":["SashWhip","Halt"],"picked":"Vault","floor":14.0},{"not_picked":["Ragnarok","MasterReality"],"picked":"LessonLearned","floor":16.0},{"not_picked":["ClearTheMind","JustLucky"],"picked":"Meditate","floor":18.0},{"not_picked":["FollowUp","ThirdEye"],"picked":"EmptyMind","floor":19.0},{"not_picked":["ThirdEye","CrushJoints","EmptyFist"],"picked":"SKIP","floor":20},{"not_picked":["FollowUp","FlyingSleeves","BattleHymn"],"picked":"SKIP","floor":21},{"not_picked":["Crescendo","FollowUp","ForeignInfluence"],"picked":"SKIP","floor":22},{"not_picked":["CutThroughFate","JustLucky+1"],"picked":"Nirvana","floor":23}],"player_experience":1244744,"relics_obtained":[{"floor":7.0,"key":"Shuriken"},{"floor":9.0,"key":"Pen Nib"},{"floor":10.0,"key":"Akabeko"},{"floor":23,"key":"Du-Vu Doll"}],"event_choices":[{"damage_healed":0.0,"max_hp_gain":0.0,"max_hp_loss":0.0,"gold_gain":0.0,"event_name":"Scrap Ooze","player_choice":"Success","floor":3.0,"gold_loss":0.0,"damage_taken":45.0,"relics_obtained":["War Paint"]},{"damage_healed":22.0,"max_hp_gain":0.0,"max_hp_loss":0.0,"gold_gain":0.0,"event_name":"Big Fish","player_choice":"Banana","floor":4.0,"gold_loss":0.0,"damage_taken":0.0},{"damage_healed":0.0,"max_hp_gain":0.0,"max_hp_loss":0.0,"gold_gain":0.0,"event_name":"Living Wall","player_choice":"Grow","floor":5.0,"gold_loss":0.0,"damage_taken":0.0,"cards_upgraded":["Conclude"]}],"is_beta":false,"boss_relics":[{"not_picked":["Philosopher\u0027s Stone","Cursed Key"],"picked":"Coffee Dripper"}],"items_purged_floors":[],"is_endless":false,"potions_floor_spawned":[7,10,12,14,20,22],"ascension_level":19}}