{"host":"girf3bnli6r7x4ah","time":1609310652,"event":{"mods":["2.2 Compatiblity","AchievementEnabler","BaseMod","Colored Map","DeckTracker","Highlight Path","Minty Spire (QoL Compilation)","Random Character Button","Rare Cards Sparkle"],"gold_per_floor":[118,118,118,138,154,184,184,4,4,79,79,95,105,131,131,234,284,295,295,210,59,59,59,90,117,129,6,38,138,138,149,149,254,254,266,266,6,21,296,296,322,322,322,322,63,79,79,0,0,0],"floor_reached":51,"playtime":3481,"items_purged":[],"score":877,"play_id":"4d8dfa43-897b-457e-a359-00bc23dc0b76","local_time":"20201230074412","is_ascension_mode":true,"campfire_choices":[{"floor":7.0,"key":"REST"},{"floor":11.0,"key":"REST"},{"floor":15.0,"key":"REST"},{"data":"Echo Form","floor":23.0,"key":"SMITH"},{"floor":30.0,"key":"DIG"},{"floor":32.0,"key":"REST"},{"floor":40.0,"key":"DIG"},{"floor":42.0,"key":"DIG"},{"floor":44.0,"key":"RECALL"},{"floor":47.0,"key":"DIG"},{"floor":49.0,"key":"DIG"}],"circlet_count":0,"master_deck":["Strike_B","Strike_B","Strike_B","Defend_B","Defend_B","Defend_B+1","Defend_B","Zap","Dualcast","Sunder","Consume","Heatsinks","Static Discharge","Conserve Battery","Hyperbeam","Turbo","Hologram+1","Echo Form+1","Amplify","White Noise+1","Undo","Streamline","Conserve Battery+1","Sunder+1","Thunder Strike","Machine Learning","Force Field","Regret","Amplify","Hello World"],"relics":["Black Star","Gremlin Horn","Mummified Hand","Meat on the Bone","Membership Card","Orichalcum","Mango","Tiny House","Bag of Preparation","Vajra","Blood Vial","MawBank","Juzu Bracelet","Lee\u0027s Waffle","Darkstone Periapt","CaptainsWheel","Shovel","InkBottle","Ancient Tea Set","Coffee Dripper","TungstenRod","MealTicket","Strawberry","Cables","Dream Catcher","Potion Belt","TheAbacus","Toxic Egg 2","Ornamental Fan","Happy Flower","Nunchaku"],"acts_visited":["Exordium","TheCity","TheBeyond"],"potions_floor_usage":[50,50,50],"damage_taken":[{"damage":7.0,"enemies":"2 Louse","floor":1.0,"turns":4.0},{"damage":1.0,"enemies":"Jaw Worm","floor":4.0,"turns":3.0},{"damage":4.0,"enemies":"Cultist","floor":5.0,"turns":5.0},{"damage":32.0,"enemies":"Gremlin Nob","floor":6.0,"turns":4.0},{"damage":0.0,"enemies":"Exordium Wildlife","floor":12.0,"turns":1.0},{"damage":10.0,"enemies":"Looter","floor":13.0,"turns":3.0},{"damage":35.0,"enemies":"Lagavulin","floor":14.0,"turns":8.0},{"damage":22.0,"enemies":"Hexaghost","floor":16.0,"turns":9.0},{"damage":14.0,"enemies":"Chosen","floor":18.0,"turns":6.0},{"damage":33.0,"enemies":"Gremlin Leader","floor":24.0,"turns":5.0},{"damage":0.0,"enemies":"Spheric Guardian","floor":25.0,"turns":2.0},{"damage":16.0,"enemies":"Slavers","floor":28.0,"turns":4.0},{"damage":22.0,"enemies":"Colosseum Slavers","floor":29.0,"turns":3.0},{"damage":19.0,"enemies":"Colosseum Nobs","floor":29.0,"turns":6.0},{"damage":0.0,"enemies":"3 Cultists","floor":31.0,"turns":2.0},{"damage":46.0,"enemies":"Champ","floor":33.0,"turns":13.0},{"damage":3.0,"enemies":"3 Darklings","floor":35.0,"turns":5.0},{"damage":2.0,"enemies":"3 Shapes","floor":38.0,"turns":3.0},{"damage":0.0,"enemies":"Nemesis","floor":41.0,"turns":5.0},{"damage":0.0,"enemies":"Sphere and 2 Shapes","floor":46.0,"turns":1.0},{"damage":32,"enemies":"Time Eater","floor":50,"turns":10}],"seed_played":"-2176670883184955667","potions_obtained":[{"floor":1.0,"key":"SpeedPotion"},{"floor":6.0,"key":"FocusPotion"},{"floor":13.0,"key":"Strength Potion"},{"floor":17.0,"key":"Weak Potion"},{"floor":24.0,"key":"Explosive Potion"},{"floor":28.0,"key":"Strength Potion"},{"floor":29.0,"key":"Fire Potion"},{"floor":38.0,"key":"PowerPotion"},{"floor":46.0,"key":"BlessingOfTheForge"}],"is_trial":false,"path_per_floor":["M","?","?","M","M","E","R","$","T","?","R","M","M","E","R","B",null,"M","?","?","$","?","R","E","M","T","$","E","?","R","M","R","B",null,"M","?","$","M","?","R","E","R","T","R","$","M","R","$","R","B",null],"character_chosen":"DEFECT","items_purchased":["Membership Card","Heatsinks","Vajra","Echo Form","Lee\u0027s Waffle","ColorlessPotion","Undo","TungstenRod","Machine Learning","Force Field","TheAbacus","Toxic Egg 2","DistilledChaos","Block Potion","Happy Flower"],"campfire_rested":4,"item_purchase_floors":[8,8,21,21,27,27,27,37,37,37,45,45,45,45,48],"current_hp_per_floor":[68,68,50,49,45,13,35,35,35,28,50,50,40,31,57,47,94,80,80,80,80,80,80,59,61,61,101,85,60,60,62,92,60,101,98,98,98,98,104,104,113,113,113,113,114,114,114,114,114,82],"gold":0,"neow_bonus":"BOSS_RELIC","is_daily":false,"chose_seed":false,"campfire_upgraded":1,"win_rate":0.0,"timestamp":1609310652,"path_taken":["M","?","?","M","M","E","R","$","T","?","R","?","M","E","R","BOSS","M","?","?","?","?","R","E","?","T","$","E","?","R","M","R","BOSS","M","?","$","M","?","R","E","R","T","R","$","M","R","$","R","BOSS"],"items_purchased_type":["Relic","Card","Relic","Card","Relic","Potion","Card","Relic","Card","Card","Relic","Relic","Potion","Potion","Relic"],"build_version":"2020-12-22","purchased_purges":0,"victory":true,"max_hp_per_floor":[75,75,75,75,75,75,75,75,75,75,75,75,75,89,89,89,94,94,94,94,94,94,94,94,94,94,101,101,101,101,101,101,101,101,101,101,101,101,107,107,114,114,114,114,114,114,114,114,114,114],"card_choices":[{"not_picked":["Recycle","Force Field"],"picked":"Sunder","floor":1.0},{"not_picked":["Steam Power","Barrage"],"picked":"Consume","floor":4.0},{"not_picked":["Loop","Sweeping Beam","Compile Driver"],"picked":"SKIP","floor":5.0},{"not_picked":["BootSequence","Coolheaded","Cold Snap"],"picked":"SKIP","floor":6.0},{"not_picked":["Go for the Eyes","Aggregate"],"picked":"Static Discharge","floor":12.0},{"not_picked":["Rebound","Doom and Gloom","Cold Snap"],"picked":"SKIP","floor":13.0},{"not_picked":["Steam Power","Hologram"],"picked":"Conserve Battery","floor":14.0},{"not_picked":["Rainbow","Multi-Cast"],"picked":"Hyperbeam","floor":16.0},{"not_picked":["Conserve Battery","Hologram"],"picked":"Turbo","floor":17.0},{"not_picked":["Beam Cell","Steam"],"picked":"Hologram+1","floor":18.0},{"not_picked":["White Noise","Gash"],"picked":"Amplify","floor":24.0},{"not_picked":["Cold Snap+1","Chill"],"picked":"White Noise+1","floor":25.0},{"not_picked":["Beam Cell","Gash+1"],"picked":"Streamline","floor":28.0},{"not_picked":["Compile Driver","Meteor Strike"],"picked":"Conserve Battery+1","floor":29.0},{"not_picked":["Sweeping Beam","Steam"],"picked":"Sunder+1","floor":31.0},{"not_picked":["Machine Learning","Seek"],"picked":"Thunder Strike","floor":33.0},{"not_picked":["Rebound","Chill+1","Compile Driver"],"picked":"SKIP","floor":35.0},{"not_picked":["Steam+1","Compile Driver+1","Scrape+1"],"picked":"SKIP","floor":38.0},{"not_picked":["Darkness","Doom and Gloom+1"],"picked":"Amplify","floor":41.0},{"not_picked":["Barrage+1","Go for the Eyes+1"],"picked":"Hello World","floor":46.0}],"player_experience":132541,"relics_obtained":[{"floor":6.0,"key":"Mummified Hand"},{"floor":6.0,"key":"Meat on the Bone"},{"floor":14.0,"key":"Orichalcum"},{"floor":14.0,"key":"Mango"},{"floor":24.0,"key":"Blood Vial"},{"floor":24.0,"key":"MawBank"},{"floor":26.0,"key":"Juzu Bracelet"},{"floor":28.0,"key":"Darkstone Periapt"},{"floor":28.0,"key":"CaptainsWheel"},{"floor":29.0,"key":"Shovel"},{"floor":29.0,"key":"InkBottle"},{"floor":30.0,"key":"Ancient Tea Set"},{"floor":40.0,"key":"MealTicket"},{"floor":41.0,"key":"Strawberry"},{"floor":41.0,"key":"Cables"},{"floor":42.0,"key":"Dream Catcher"},{"floor":43.0,"key":"Potion Belt"},{"floor":47.0,"key":"Ornamental Fan"},{"floor":49.0,"key":"Nunchaku"}],"event_choices":[{"damage_healed":0.0,"max_hp_gain":0.0,"max_hp_loss":0.0,"gold_gain":0.0,"event_name":"The Cleric","player_choice":"Leave","floor":2.0,"gold_loss":0.0,"damage_taken":0.0},{"damage_healed":0.0,"max_hp_gain":0.0,"max_hp_loss":0.0,"gold_gain":0.0,"event_name":"Scrap Ooze","player_choice":"Success","floor":3.0,"gold_loss":0.0,"damage_taken":18.0,"relics_obtained":["Gremlin Horn"]},{"damage_healed":0.0,"max_hp_gain":0.0,"max_hp_loss":0.0,"gold_gain":75.0,"event_name":"FaceTrader","player_choice":"Touch","floor":10.0,"gold_loss":0.0,"damage_taken":7.0},{"damage_healed":0.0,"max_hp_gain":0.0,"max_hp_loss":0.0,"gold_gain":0.0,"event_name":"Beggar","player_choice":"Ignored","floor":19.0,"gold_loss":0.0,"damage_taken":0.0},{"damage_healed":0.0,"max_hp_gain":0.0,"max_hp_loss":0.0,"gold_gain":0.0,"event_name":"Addict","player_choice":"Obtained Relic","floor":20.0,"gold_loss":85.0,"damage_taken":0.0,"relics_obtained":["Bag of Preparation"]},{"damage_healed":0.0,"max_hp_gain":0.0,"max_hp_loss":0.0,"gold_gain":0.0,"event_name":"Vampires","player_choice":"Ignored","floor":22.0,"gold_loss":0.0,"damage_taken":0.0},{"damage_healed":0.0,"max_hp_gain":0.0,"max_hp_loss":0.0,"gold_gain":0.0,"event_name":"Colosseum","player_choice":"Fight","floor":29.0,"gold_loss":0.0,"damage_taken":0.0},{"damage_healed":0.0,"max_hp_gain":0.0,"max_hp_loss":0.0,"gold_gain":0.0,"event_name":"Colosseum","player_choice":"Fought Nobs","floor":29.0,"gold_loss":0.0,"damage_taken":0.0},{"cards_removed":["Strike_B"],"damage_healed":0.0,"max_hp_gain":0.0,"max_hp_loss":0.0,"gold_gain":0.0,"event_name":"Falling","player_choice":"Removed Attack","floor":36.0,"gold_loss":0.0,"damage_taken":0.0},{"damage_healed":0.0,"max_hp_gain":0.0,"max_hp_loss":0.0,"gold_gain":275.0,"event_name":"Golden Shrine","player_choice":"Desecrate","floor":39.0,"gold_loss":0.0,"damage_taken":0.0,"cards_obtained":["Regret"]}],"is_beta":false,"boss_relics":[{"not_picked":["Runic Pyramid","Runic Dome"],"picked":"Tiny House"},{"not_picked":["Pandora\u0027s Box","Empty Cage"],"picked":"Coffee Dripper"}],"items_purged_floors":[],"is_endless":false,"potions_floor_spawned":[1,6,13,24,28,29,38,46],"ascension_level":1}}