{"host":"92108ef2q9tm8rod","time":1609289287,"event":{"mods":["BaseMod","Defuse TimeMaze Blight","Minty Spire (QoL Compilation)","StSLib","The Jungle"],"gold_per_floor":[114,114,131,231,85,85,85,85,85,85,98,116,133,133,133,229,229,249,249,249,348,348,348,348,348,348,298,298,298],"floor_reached":28,"playtime":686,"items_purged":[],"score":252,"play_id":"36a72f35-1bb4-4292-bb7c-384faf48e81c","local_time":"20201230004807","daily_mods":["SealedDeck","Purple Cards","Heirloom","Time Dilation","Flight"],"is_ascension_mode":false,"campfire_choices":[{"data":"Evaluate","floor":6,"key":"SMITH"},{"data":"ThirdEye","floor":7,"key":"SMITH"},{"data":"Catalyst","floor":8,"key":"SMITH"},{"data":"Cloak And Dagger","floor":10,"key":"SMITH"},{"data":"Blur","floor":15,"key":"SMITH"},{"data":"Sucker Punch","floor":23,"key":"SMITH"},{"data":"After Image","floor":24,"key":"SMITH"},{"data":"TalkToTheHand","floor":25,"key":"SMITH"}],"circlet_count":0,"master_deck":["Cloak And Dagger+1","Bane","Catalyst+1","Poisoned Stab","ThirdEye+1","Sucker Punch+1","Evaluate+1","TalkToTheHand+1","PiercingWail","PathToVictory","Blur+1","After Image+1"],"relics":["Ring of the Snake","Thread and Needle","Lee\u0027s Waffle","Pantograph","Black Star","Gremlin Horn"],"acts_visited":["Exordium","TheCity"],"potions_floor_usage":[16],"damage_taken":[{"damage":0,"enemies":"Jaw Worm","floor":1,"turns":3},{"damage":0,"enemies":"2 Louse","floor":3,"turns":2},{"damage":0,"enemies":"Cultist","floor":11,"turns":2},{"damage":0,"enemies":"Looter","floor":12,"turns":2},{"damage":0,"enemies":"Blue Slaver","floor":13,"turns":3},{"damage":0,"enemies":"The Guardian","floor":16,"turns":9},{"damage":0,"enemies":"Chosen","floor":18,"turns":6},{"damage":13,"enemies":"Slavers","floor":28,"turns":1}],"seed_played":"825329942309134242","potions_obtained":[{"floor":1,"key":"Ancient Potion"},{"floor":11,"key":"FearPotion"}],"is_trial":true,"path_per_floor":["M","?","M","?","$","R","R","R","T","R","M","M","M","?","R","B",null,"M","$","$","?","$","R","R","R","T","?","E"],"character_chosen":"THE_SILENT","items_purchased":["Lee\u0027s Waffle"],"campfire_rested":0,"item_purchase_floors":[5],"current_hp_per_floor":[1,1,1,1,8,8,8,8,8,8,8,8,8,8,8,8,8,8,8,8,8,8,8,8,8,8,8,0,0],"gold":298,"neow_bonus":"","is_daily":false,"chose_seed":false,"campfire_upgraded":8,"win_rate":0.0,"timestamp":1609289287,"path_taken":["M","?","M","?","$","R","R","R","T","R","M","M","?","?","R","BOSS","M","$","$","?","$","R","R","R","T","?","E"],"items_purchased_type":["Relic"],"build_version":"2020-12-22","purchased_purges":0,"victory":false,"max_hp_per_floor":[1,1,1,1,8,8,8,8,8,8,8,8,8,8,8,8,8,8,8,8,8,8,8,8,8,8,8,8,8],"card_choices":[{"not_picked":["Evaluate","BattleHymn","Underhanded Strike"],"picked":"SKIP","floor":1},{"not_picked":["Blade Dance","Slice","ThirdEye"],"picked":"SKIP","floor":3},{"not_picked":["Flying Knee","Swivel","Prostrate"],"picked":"SKIP","floor":11},{"not_picked":["Evaluate","Escape Plan"],"picked":"Blur","floor":12},{"not_picked":["EmptyFist","FlyingSleeves","A Thousand Cuts"],"picked":"SKIP","floor":13},{"not_picked":["Phantasmal Killer","LessonLearned"],"picked":"After Image","floor":16},{"not_picked":["EmptyFist+1","FollowUp+1","Catalyst"],"picked":"SKIP","floor":18}],"player_experience":3216203,"relics_obtained":[{"floor":9,"key":"Pantograph"},{"floor":26,"key":"Gremlin Horn"}],"event_choices":[{"damage_healed":0,"gold_gain":0,"player_choice":"Ignored","damage_taken":0,"max_hp_gain":0,"max_hp_loss":0,"event_name":"Liars Game","floor":2,"gold_loss":0},{"damage_healed":0,"gold_gain":100,"player_choice":"Pray","damage_taken":0,"max_hp_gain":0,"max_hp_loss":0,"event_name":"Golden Shrine","floor":4,"gold_loss":0},{"damage_healed":0,"gold_gain":0,"player_choice":"Fled","damage_taken":0,"max_hp_gain":0,"max_hp_loss":0,"event_name":"Scrap Ooze","floor":14,"gold_loss":0},{"damage_healed":0,"gold_gain":99,"player_choice":"Stole From Cult","damage_taken":0,"max_hp_gain":0,"max_hp_loss":0,"event_name":"Nest","floor":21,"gold_loss":0},{"damage_healed":0,"gold_gain":0,"player_choice":"Bet on Owner","damage_taken":0,"max_hp_gain":0,"max_hp_loss":0,"event_name":"The Joust","floor":27,"gold_loss":50}],"is_beta":false,"boss_relics":[{"not_picked":["Snecko Eye","Cursed Key"],"picked":"Black Star"}],"items_purged_floors":[],"is_endless":false,"potions_floor_spawned":[1,11],"killed_by":"Slavers","ascension_level":0}}