{"host":"sc0o2qwpf9j16a4i","time":1609289507,"event":{"mods":["AchievementEnabler","BaseMod","BetterRewards","Block Reminder","Colored Map","Colored Powertips","Custom Start","Highlight Path","Minty Spire (QoL Compilation)","Relic Stats"],"gold_per_floor":[109,109,109,34,53,53,53,65,90,90,108,108,124,152,152,227,227,240,240,42,59,72,72,105,105,187,187,216,216,216,57,57,134,134,148,201,214,34,45,375,375,375],"floor_reached":41,"playtime":1638,"items_purged":["Strike_P","Strike_P","Defend_P+1","Defend_P"],"score":1331,"play_id":"725f79a0-5705-467b-82c6-a4122c3d2460","local_time":"20201230025147","is_ascension_mode":true,"campfire_choices":[{"floor":6.0,"key":"REST"},{"floor":10.0,"key":"REST"},{"data":"Eruption","floor":12.0,"key":"SMITH"},{"data":"MentalFortress","floor":15.0,"key":"SMITH"},{"data":"DevaForm","floor":23.0,"key":"SMITH"},{"floor":25.0,"key":"REST"},{"data":"Fasting2","floor":27.0,"key":"SMITH"},{"floor":32,"key":"REST"}],"circlet_count":0,"master_deck":["AscendersBane","Defend_P","Eruption+1","Vigilance","LikeWater+1","InnerPeace+1","FearNoEvil+1","SandsOfTime+1","Wireheading","Wireheading","FearNoEvil+1","SashWhip+1","Wallop+1","FollowUp+1","SashWhip+1","InnerPeace","Protect","CutThroughFate+1","MentalFortress+1","Blasphemy","DevaForm+1","TalkToTheHand+1","Fasting2+1","LikeWater+1","Wallop+1","Meditate+1","TalkToTheHand+1","Nirvana+1","ThirdEye","CrushJoints+1","WindmillStrike+1","Nirvana","Omniscience","Bite+1","Bite+1","Bite+1","Bite+1","Bite+1","MentalFortress","Ragnarok+1","Devotion","Pray+1","Meditate","MentalFortress","LikeWater","DevaForm"],"relics":["PureWater","Ornamental Fan","WingedGreaves","Bag of Marbles","Strange Spoon","War Paint","ClockworkSouvenir","Molten Egg 2","Whetstone","Omamori","Prayer Wheel","Damaru","Sundial","Snecko Eye","Tiny Chest","The Courier","Pantograph","Sozu","Du-Vu Doll","Old Coin"],"acts_visited":["Exordium","TheCity","TheBeyond"],"potions_floor_usage":[33,36],"damage_taken":[{"damage":6.0,"enemies":"2 Louse","floor":1.0,"turns":4.0},{"damage":8.0,"enemies":"Small Slimes","floor":5.0,"turns":2.0},{"damage":0.0,"enemies":"Cultist","floor":8.0,"turns":2.0},{"damage":8.0,"enemies":"Looter","floor":11.0,"turns":2.0},{"damage":9.0,"enemies":"Exordium Wildlife","floor":13.0,"turns":3.0},{"damage":3.0,"enemies":"Lagavulin","floor":14.0,"turns":3.0},{"damage":35.0,"enemies":"The Guardian","floor":16.0,"turns":10.0},{"damage":7.0,"enemies":"Spheric Guardian","floor":18.0,"turns":4.0},{"damage":4.0,"enemies":"Shell Parasite","floor":21.0,"turns":2.0},{"damage":0.0,"enemies":"Sentry and Sphere","floor":22.0,"turns":4.0},{"damage":21.0,"enemies":"Book of Stabbing","floor":24.0,"turns":3.0},{"damage":19,"enemies":"Gremlin Leader","floor":28,"turns":4},{"damage":0,"enemies":"Champ","floor":33,"turns":9},{"damage":3,"enemies":"Orb Walker","floor":35,"turns":3},{"damage":31,"enemies":"2 Orb Walkers","floor":36,"turns":3},{"damage":0,"enemies":"3 Shapes","floor":37,"turns":2},{"damage":0,"enemies":"Spire Growth","floor":39,"turns":5},{"damage":57,"enemies":"Nemesis","floor":40,"turns":13},{"damage":39,"enemies":"4 Shapes","floor":41,"turns":2}],"seed_played":"5016118728886074440","potions_obtained":[{"floor":1.0,"key":"DistilledChaos"},{"floor":8.0,"key":"Weak Potion"},{"floor":11.0,"key":"DuplicationPotion"},{"floor":28,"key":"Fruit Juice"},{"floor":33,"key":"DuplicationPotion"}],"is_trial":false,"path_per_floor":["M","?","?","$","M","R","?","M","T","R","M","R","M","E","R","B",null,"M","?","$","M","M","R","E","R","T","R","E","?","?","$","R","B",null,"M","?","M","$","M","E","M"],"character_chosen":"WATCHER","items_purchased":["Ornamental Fan","WingedGreaves","LikeWater","Bag of Marbles","InnerPeace","Strange Spoon","War Paint","ClockworkSouvenir","Molten Egg 2","FearNoEvil+1","Whetstone","Omamori","Prayer Wheel","SandsOfTime+1","Wireheading","Wireheading","Wallop+1","Block Potion","MentalFortress","MentalFortress"],"campfire_rested":4,"item_purchase_floors":[0,0,0,0,0,0,0,0,0,0,0,0,0,0,0,0,20,20,31,38],"current_hp_per_floor":[13,13,13,13,5,25,47,47,47,67,59,59,50,47,47,12,54,47,47,47,43,43,43,22,42,42,42,23,23,23,23,37,52,52,52,30,36,36,48,30,0,0],"gold":375,"neow_bonus":"","is_daily":false,"chose_seed":false,"campfire_upgraded":4,"win_rate":0.0,"timestamp":1609289507,"path_taken":["M","?","?","$","M","R","?","M","T","R","M","R","M","E","R","BOSS","M","?","$","?","M","R","E","R","T","R","E","?","?","$","R","BOSS","M","?","M","$","M","E","M"],"items_purchased_type":["Relic","Relic","Card","Relic","Card","Relic","Relic","Relic","Relic","Card","Relic","Relic","Relic","Card","Card","Card","Card","Potion","Card","Card"],"build_version":"2020-12-22","purchased_purges":4,"victory":false,"max_hp_per_floor":[68,68,68,68,68,68,68,68,68,68,68,68,68,68,68,68,68,68,68,68,68,68,68,68,68,68,68,68,68,47,47,47,52,52,52,52,52,52,52,52,52,52],"relic_stats":{"Sozu":2,"Strange Spoon":[23],"counters":[93,407],"Ornamental Fan":[124],"Sundial":[6],"Pantograph":10,"Snecko Eye":[237,246,229,245],"Prayer Wheel":11,"Tiny Chest":0,"Whetstone":["Strike_P","Strike_P"],"War Paint":["Defend_P","InnerPeace"],"obtain_stats":[{"Gremlin Horn":0,"CeramicFish":44,"Vajra":9,"Whetstone":26,"Sling":0,"Old Coin":40,"Blood Vial":24,"Sozu":34,"Centennial Puzzle":9,"Lizard Tail":25,"Sundial":11,"Strawberry":14,"Philosopher\u0027s Stone":17,"MealTicket":11,"Prayer Wheel":0,"VioletLotus":0,"Fusion Hammer":34,"Kunai":54,"Pear":7,"Happy Flower":0,"Astrolabe":17,"Dead Branch":38,"Oddly Smooth Stone":28,"Pen Nib":21,"War Paint":20,"Du-Vu Doll":31,"SlaversCollar":34,"Shuriken":7,"MutagenicStrength":29,"Bird Faced Urn":41,"Bronze Scales":26,"Snecko Eye":17,"Molten Egg 2":0,"Lantern":0,"StoneCalendar":23,"Incense Burner":24,"Ancient Tea Set":14,"ClockworkSouvenir":28,"Dream Catcher":13,"Nunchaku":8,"Mummified Hand":20,"Pantograph":9,"Tiny Chest":8,"WingedGreaves":0,"Lee\u0027s Waffle":22,"Golden Idol":4,"Damaru":9,"Thread and Needle":0,"PreservedInsect":29,"The Courier":26,"Omamori":0,"GoldenEye":37,"Strange Spoon":0,"CaptainsWheel":9,"Ornamental Fan":0,"Bag of Marbles":27,"Art of War":42,"Membership Card":12,"PureWater":0,"Toy Ornithopter":0,"TungstenRod":12},{"Gremlin Horn":49,"CeramicFish":68,"Vajra":16,"Whetstone":42,"Sling":49,"Old Coin":92,"Blood Vial":22,"Sozu":87,"Centennial Puzzle":34,"Lizard Tail":42,"Sundial":36,"Strawberry":38,"Philosopher\u0027s Stone":8,"MealTicket":17,"Prayer Wheel":74,"VioletLotus":0,"Fusion Hammer":27,"Kunai":73,"Pear":4,"Happy Flower":30,"Astrolabe":20,"Dead Branch":29,"Oddly Smooth Stone":59,"Pen Nib":21,"War Paint":10,"Du-Vu Doll":61,"SlaversCollar":45,"Shuriken":34,"MutagenicStrength":43,"Bird Faced Urn":48,"Bronze Scales":59,"Snecko Eye":55,"Molten Egg 2":12,"Lantern":30,"StoneCalendar":41,"Incense Burner":59,"Ancient Tea Set":54,"ClockworkSouvenir":59,"Dream Catcher":7,"Nunchaku":51,"Mummified Hand":21,"Pantograph":5,"Tiny Chest":16,"WingedGreaves":74,"Lee\u0027s Waffle":40,"Golden Idol":14,"Damaru":77,"Thread and Needle":30,"PreservedInsect":24,"The Courier":85,"Omamori":49,"GoldenEye":48,"Strange Spoon":74,"CaptainsWheel":51,"Ornamental Fan":74,"Bag of Marbles":23,"Art of War":67,"Membership Card":36,"PureWater":0,"Toy Ornithopter":30,"TungstenRod":54},{"Gremlin Horn":227,"CeramicFish":295,"Vajra":59,"Whetstone":183,"Sling":227,"Old Coin":405,"Blood Vial":80,"Sozu":379,"Centennial Puzzle":125,"Lizard Tail":183,"Sundial":134,"Strawberry":145,"Philosopher\u0027s Stone":33,"MealTicket":62,"Prayer Wheel":327,"VioletLotus":0,"Fusion Hammer":100,"Kunai":320,"Pear":16,"Happy Flower":107,"Astrolabe":74,"Dead Branch":104,"Oddly Smooth Stone":262,"Pen Nib":77,"War Paint":42,"Du-Vu Doll":269,"SlaversCollar":204,"Shuriken":125,"MutagenicStrength":189,"Bird Faced Urn":216,"Bronze Scales":262,"Snecko Eye":247,"Molten Egg 2":48,"Lantern":107,"StoneCalendar":176,"Incense Burner":262,"Ancient Tea Set":244,"ClockworkSouvenir":262,"Dream Catcher":27,"Nunchaku":234,"Mummified Hand":77,"Pantograph":20,"Tiny Chest":59,"WingedGreaves":327,"Lee\u0027s Waffle":166,"Golden Idol":54,"Damaru":335,"Thread and Needle":107,"PreservedInsect":87,"The Courier":366,"Omamori":227,"GoldenEye":216,"Strange Spoon":327,"CaptainsWheel":234,"Ornamental Fan":327,"Bag of Marbles":84,"Art of War":293,"Membership Card":134,"PureWater":0,"Toy Ornithopter":107,"TungstenRod":244}]},"card_choices":[{"not_picked":["ForeignInfluence","JustLucky+1"],"picked":"FearNoEvil+1","floor":1.0},{"not_picked":["Consecrate+1","JustLucky+1"],"picked":"SashWhip+1","floor":1.0},{"not_picked":["JustLucky+1","CrushJoints+1"],"picked":"Wallop+1","floor":5.0},{"not_picked":["EmptyBody","Collect"],"picked":"FollowUp+1","floor":5.0},{"not_picked":["Protect","Swivel"],"picked":"SashWhip+1","floor":8.0},{"not_picked":["WindmillStrike+1","JustLucky+1"],"picked":"InnerPeace","floor":8.0},{"not_picked":["Alpha","SashWhip+1"],"picked":"Protect","floor":11.0},{"not_picked":["Vengeance","CrushJoints+1"],"picked":"CutThroughFate+1","floor":11.0},{"not_picked":["WaveOfTheHand","SandsOfTime+1"],"picked":"MentalFortress","floor":13.0},{"not_picked":["ForeignInfluence","EmptyFist+1","Study"],"picked":"SKIP","floor":13.0},{"not_picked":["Evaluate","PathToVictory"],"picked":"Blasphemy","floor":14.0},{"not_picked":["Ragnarok+1","MasterReality"],"picked":"DevaForm","floor":16.0},{"not_picked":["Crescendo+1","EmptyBody"],"picked":"TalkToTheHand+1","floor":18.0},{"not_picked":["Vengeance","Protect"],"picked":"Fasting2","floor":18.0},{"not_picked":["ClearTheMind","SashWhip+1"],"picked":"Meditate+1","floor":21.0},{"not_picked":["CutThroughFate+1","Adaptation"],"picked":"TalkToTheHand+1","floor":21.0},{"not_picked":["Sanctity","PathToVictory"],"picked":"Nirvana+1","floor":22.0},{"not_picked":["JustLucky+1","SignatureMove+1"],"picked":"ThirdEye","floor":22.0},{"not_picked":["EmptyBody","ForeignInfluence"],"picked":"CrushJoints+1","floor":24.0},{"not_picked":["DeceiveReality","BowlingBash+1"],"picked":"WindmillStrike+1","floor":28},{"not_picked":["DeusExMachina","Judgement"],"picked":"Ragnarok+1","floor":33},{"not_picked":["Study","FlurryOfBlows+1","Prostrate"],"picked":"SKIP","floor":35},{"not_picked":["ClearTheMind","FlyingSleeves+1","FollowUp+1"],"picked":"SKIP","floor":35},{"not_picked":["ThirdEye+1","EmptyBody"],"picked":"Devotion","floor":36},{"not_picked":["EmptyFist+1","BowlingBash+1"],"picked":"Pray+1","floor":37},{"not_picked":["WaveOfTheHand","BowlingBash+1"],"picked":"Meditate","floor":37},{"not_picked":["FlurryOfBlows+1","Consecrate+1"],"picked":"LikeWater","floor":39},{"not_picked":["JustLucky+1","FlurryOfBlows+1","EmptyFist+1"],"picked":"SKIP","floor":39},{"not_picked":["PathToVictory","ClearTheMind"],"picked":"DevaForm","floor":40}],"player_experience":428518,"relics_obtained":[{"floor":9.0,"key":"Damaru"},{"floor":14.0,"key":"Sundial"},{"floor":24.0,"key":"Tiny Chest"},{"floor":26.0,"key":"The Courier"},{"floor":28,"key":"Pantograph"},{"floor":36,"key":"Du-Vu Doll"},{"floor":40,"key":"Old Coin"}],"event_choices":[{"damage_healed":0.0,"max_hp_gain":0.0,"max_hp_loss":0.0,"gold_gain":0.0,"event_name":"Living Wall","player_choice":"Grow","floor":2.0,"gold_loss":0.0,"damage_taken":0.0,"cards_upgraded":["LikeWater"]},{"damage_healed":0.0,"max_hp_gain":0.0,"max_hp_loss":0.0,"gold_gain":0.0,"event_name":"Shining Light","player_choice":"Ignored","floor":3.0,"gold_loss":0.0,"damage_taken":0.0},{"damage_healed":22.0,"max_hp_gain":0.0,"max_hp_loss":0.0,"gold_gain":0.0,"event_name":"Big Fish","player_choice":"Banana","floor":7.0,"gold_loss":0.0,"damage_taken":0.0},{"damage_healed":0.0,"max_hp_gain":0.0,"max_hp_loss":0.0,"gold_gain":0.0,"event_name":"Duplicator","player_choice":"Copied","floor":19.0,"gold_loss":0.0,"damage_taken":0.0,"cards_obtained":["LikeWater"]},{"damage_healed":0,"gold_gain":0,"cards_transformed":["Strike_P","Defend_P"],"player_choice":"Became Test Subject","damage_taken":0,"max_hp_gain":0,"max_hp_loss":0,"event_name":"Drug Dealer","floor":29,"gold_loss":0,"cards_obtained":["Nirvana","Omniscience"]},{"damage_healed":0,"gold_gain":0,"player_choice":"Became a vampire","damage_taken":0,"max_hp_gain":0,"max_hp_loss":21,"event_name":"Vampires","floor":30,"gold_loss":0,"cards_obtained":["Bite","Bite","Bite","Bite","Bite"]},{"damage_healed":0,"gold_gain":0,"player_choice":"Fight","damage_taken":0,"max_hp_gain":0,"max_hp_loss":0,"event_name":"Mysterious Sphere","floor":36,"gold_loss":0}],"is_beta":false,"boss_relics":[{"not_picked":["Empty Cage","Pandora\u0027s Box"],"picked":"Snecko Eye"},{"not_picked":["Fusion Hammer","Philosopher\u0027s Stone"],"picked":"Sozu"}],"items_purged_floors":[4,20,31,38],"is_endless":false,"potions_floor_spawned":[1,8,11,28,33,36,40],"killed_by":"4 Shapes","ascension_level":19}}