{"host":"b7gtu1kcrl73242n","time":1609341681,"event":{"mods":["Ascension Reborn","BaseMod","CapriCore","Colored Powertips","Minty Spire (QoL Compilation)","Replay The Spire","StSLib","The Immortal"],"gold_per_floor":[359,224,239,255,255,282,299,299,299,299,199,215,215,231,231,326,326,341,43,61,74,173,173,185,220,220,220,220,234,250,23,23,124,124,124,124],"floor_reached":34,"playtime":2747,"items_purged":["Hallucinations","MokouMod:Strike","MokouMod:Strike","MokouMod:Defend"],"score":374,"play_id":"382e9f94-4bd8-4179-a73f-10032382ace4","local_time":"20201231002121","is_ascension_mode":true,"campfire_choices":[{"data":"MokouMod:ResonanceReactor","floor":8,"key":"SMITH"},{"data":"MokouMod:HeatSpark","floor":10,"key":"SMITH"},{"data":"MokouMod:TemporalFireSeal","floor":13,"key":"SMITH"},{"data":"MokouMod:Firecracker","floor":15,"key":"SMITH"},{"data":"MokouMod:HouraiForge","floor":23,"key":"SMITH"},{"floor":27,"key":"REST"},{"floor":32,"key":"REST"}],"circlet_count":0,"master_deck":["MokouMod:Strike","MokouMod:Strike","MokouMod:Strike","MokouMod:Defend","MokouMod:Defend","MokouMod:Defend+1","MokouMod:HeatSpark+1","MokouMod:IgnitionBlast+1","MokouMod:GuidingSmoke","MokouMod:ScorchingColumn+1","MokouMod:Afterburner","MokouMod:ResoluteFlare","MokouMod:ResonanceReactor+1","MokouMod:TemporalFireSeal+1","MokouMod:Firecracker+1","MokouMod:HouraiForge+1","CurseOfTheBell","MokouMod:Ember","MokouMod:Geothermal","MokouMod:BurningDraft","MokouMod:BurningDraft","MokouMod:Wildfire+1","MokouMod:ScorchingColumn+1","MokouMod:WarmUp+1","MokouMod:Ventilation","MokouMod:PhoenixForm"],"relics":["MokouMod:PhoenixFeather","Meat on the Bone","Shuriken","Calling Bell","Gremlin Food","Kunai","TungstenRod","Garlic","Replay:Bottled Steam","Membership Card","Replay:Bronze Core"],"acts_visited":["Exordium","TheCity","TheBeyond"],"potions_floor_usage":[14,16,25,25,33,33],"damage_taken":[{"damage":0,"enemies":"Cultist","floor":1,"turns":4},{"damage":11,"enemies":"Jaw Worm","floor":3,"turns":3},{"damage":5,"enemies":"Small Slimes","floor":4,"turns":3},{"damage":39,"enemies":"Lagavulin","floor":6,"turns":6},{"damage":11,"enemies":"Red Slaver","floor":7,"turns":5},{"damage":13,"enemies":"3 Louse","floor":12,"turns":4},{"damage":16,"enemies":"Lots of Slimes","floor":14,"turns":4},{"damage":18,"enemies":"Slime Boss","floor":16,"turns":6},{"damage":9,"enemies":"3 Byrds","floor":18,"turns":5},{"damage":16,"enemies":"Spheric Guardian","floor":20,"turns":5},{"damage":24,"enemies":"Centurion and Healer","floor":21,"turns":5},{"damage":31,"enemies":"Snake Plant","floor":24,"turns":3},{"damage":39,"enemies":"Gremlin Leader","floor":25,"turns":8},{"damage":27,"enemies":"Snecko","floor":29,"turns":6},{"damage":18,"enemies":"Sentry and Sphere","floor":30,"turns":6},{"damage":52,"enemies":"Champ","floor":33,"turns":11}],"seed_played":"-3372461791874741837","potions_obtained":[{"floor":7,"key":"Cursed Concoction"},{"floor":12,"key":"Block Potion"},{"floor":16,"key":"Explosive Potion"},{"floor":21,"key":"Energy Potion"},{"floor":25,"key":"AttackPotion"},{"floor":30,"key":"EssenceOfSteel"},{"floor":33,"key":"FearPotion"}],"is_trial":false,"path_per_floor":["M","$","M","M","?","E","M","R","T","R","$","M","R","M","R","B",null,"M","$","M","M","?","R","M","E","T","R","?","M","M","$","R","B",null],"character_chosen":"MKU","items_purchased":["MokouMod:IgnitionBlast+1","MokouMod:Geothermal","MokouMod:BurningDraft","Membership Card"],"campfire_rested":2,"item_purchase_floors":[2,19,19,31],"current_hp_per_floor":[75,75,64,59,59,20,21,21,21,21,21,20,20,16,16,30,75,66,66,50,38,38,38,19,19,19,41,41,26,20,20,42,30,75,75,75],"gold":124,"neow_bonus":"TWO_FIFTY_GOLD","is_daily":false,"chose_seed":false,"campfire_upgraded":5,"win_rate":0.0,"timestamp":1609341681,"path_taken":["M","$","M","M","?","E","M","R","T","R","$","M","R","M","R","BOSS","M","$","M","M","?","R","M","E","T","R","?","M","?","$","R","BOSS"],"items_purchased_type":["Card","Card","Card","Relic"],"build_version":"2020-12-22","purchased_purges":4,"victory":false,"max_hp_per_floor":[75,75,75,75,75,75,75,75,75,75,75,75,75,75,75,75,75,75,75,75,75,75,75,75,75,75,75,75,75,75,75,75,75,75,75,75],"card_choices":[{"not_picked":["MokouMod:FusionFlare","MokouMod:FujiyamaVolcano"],"picked":"MokouMod:HeatTransfer","floor":1},{"not_picked":["MokouMod:EternalBurstReactor","MokouMod:FlareStarter"],"picked":"MokouMod:GuidingSmoke","floor":3},{"not_picked":["MokouMod:EternalBurstReactor","MokouMod:IndiscriminateIgnition"],"picked":"MokouMod:ScorchingColumn","floor":4},{"not_picked":["MokouMod:AdaptivePyromancy","MokouMod:FlamingFireTalons"],"picked":"MokouMod:ResoluteFlare","floor":6},{"not_picked":["MokouMod:InfernalWave","MokouMod:RoaringFlare"],"picked":"MokouMod:ResonanceReactor","floor":7},{"not_picked":["MokouMod:Burn","MokouMod:SubterraneanCore"],"picked":"MokouMod:TemporalFireSeal","floor":12},{"not_picked":["MokouMod:FujiyamaVolcano","MokouMod:BlazingComet"],"picked":"MokouMod:Firecracker","floor":14},{"not_picked":["MokouMod:BurningHiddenBullet","MokouMod:SpontaneousHumanCombustion"],"picked":"MokouMod:HouraiForge","floor":16},{"not_picked":["MokouMod:CrimsonArmoury","MokouMod:CrimsonFlare"],"picked":"MokouMod:Ember","floor":18},{"not_picked":["MokouMod:RoaringFlare","MokouMod:InfernalWave"],"picked":"MokouMod:Wildfire","floor":20},{"not_picked":["MokouMod:Stoke","MokouMod:Ember"],"picked":"MokouMod:ScorchingColumn+1","floor":21},{"not_picked":["MokouMod:FujiyamaVolcano+1","MokouMod:Sear","MokouMod:TemporalFireSeal"],"picked":"SKIP","floor":24},{"not_picked":["MokouMod:Singe","MokouMod:BlazingComet"],"picked":"MokouMod:WarmUp+1","floor":25},{"not_picked":["MokouMod:HeatFactory","MokouMod:InfernalWave+1","MokouMod:Scorch"],"picked":"SKIP","floor":29},{"not_picked":["MokouMod:Cataclysm+1","MokouMod:HeatFactory+1"],"picked":"MokouMod:Ventilation","floor":30},{"not_picked":["MokouMod:ResonatingAura","MokouMod:HouraiForge"],"picked":"MokouMod:PhoenixForm","floor":33}],"player_experience":374255,"relics_obtained":[{"floor":6,"key":"Meat on the Bone"},{"floor":9,"key":"Shuriken"},{"floor":17,"key":"Gremlin Food"},{"floor":17,"key":"Kunai"},{"floor":17,"key":"TungstenRod"},{"floor":25,"key":"Garlic"},{"floor":26,"key":"Replay:Bottled Steam"}],"event_choices":[{"damage_healed":0,"gold_gain":0,"cards_transformed":["MokouMod:HeatTransfer"],"player_choice":"Change","damage_taken":0,"max_hp_gain":0,"max_hp_loss":0,"event_name":"Living Wall","floor":5,"gold_loss":0,"cards_obtained":["MokouMod:Afterburner"]},{"damage_healed":0,"gold_gain":99,"player_choice":"Stole From Cult","damage_taken":0,"max_hp_gain":0,"max_hp_loss":0,"event_name":"Nest","floor":22,"gold_loss":0},{"damage_healed":0,"gold_gain":0,"player_choice":"Upgraded","damage_taken":0,"max_hp_gain":0,"max_hp_loss":0,"event_name":"Upgrade Shrine","floor":28,"gold_loss":0,"cards_upgraded":["MokouMod:Wildfire"]}],"is_beta":false,"boss_relics":[{"not_picked":["Abe\u0027s Treasure","Replay:Ancient Bell"],"picked":"Calling Bell"},{"not_picked":["ChewingGum","Runic Dome"],"picked":"Replay:Bronze Core"}],"items_purged_floors":[2,11,19,31],"is_endless":false,"potions_floor_spawned":[7,12,16,21,25,30,33],"ascension_level":0}}