{"host":"ye7dkdlypz0ka1od","time":1609334881,"event":{"mods":["Act Like it!","Aspiration","BaseMod","Better Third Choice","Downfall","Gensokyo","Hallownest","Hubris","Infinite Spire","Marisa????????","Minty Spire (QoL Compilation)","StSLib","The Exalted"],"gold_per_floor":[113,113,62,81,91,124,144,144,170,190,190,204,220,234,234,332,332,348,348,348,204,204,230,241,241,241,254,254,254],"floor_reached":28,"playtime":957,"items_purged":["Bromod:Strike_Bro"],"score":267,"play_id":"c5f671b5-3530-4b72-b744-707479464500","local_time":"20201230082801","is_ascension_mode":false,"campfire_choices":[{"data":"Bromod:Vitality","floor":8.0,"key":"SMITH"},{"data":"Immolate","floor":11.0,"key":"SMITH"},{"floor":15.0,"key":"REST"}],"circlet_count":0,"master_deck":["Bromod:Strike_Bro+1","Bromod:Defend_Bro","Bromod:Defend_Bro","Bromod:SlashDash+1","Bromod:SlashDash","Bromod:SlashDash","Immolate+1","Bromod:QuickDraw","Bromod:Stormbringer","Bromod:Vitality+1","Bromod:ChillingReload","Bromod:BloodRush+1","Bromod:SplitChamber","infinitespire:Collect","Bromod:RelentlessCombination","Dagger Spray","Deflect","Deflect","Bromod:HeatedCharge","Bromod:Serration"],"relics":["Bromod:Ordis","Bromod:AscarisDevice","Whetstone","Torii","Bromod:ArcaneNullifier","Black Star","TungstenRod","Regal Pillow","InkBottle","Bromod:ArcaneAegis"],"acts_visited":["Exordium","TheCity"],"potions_floor_usage":[23,23,23],"damage_taken":[{"damage":0.0,"enemies":"Cultist","floor":1.0,"turns":3.0},{"damage":0.0,"enemies":"Jaw Worm","floor":4.0,"turns":1.0},{"damage":5.0,"enemies":"Small Slimes","floor":5.0,"turns":2.0},{"damage":16.0,"enemies":"3 Sentries","floor":6.0,"turns":3.0},{"damage":1.0,"enemies":"Blue Slaver","floor":7.0,"turns":2.0},{"damage":0.0,"enemies":"Looter","floor":10.0,"turns":2.0},{"damage":0.0,"enemies":"3 Louse","floor":12.0,"turns":1.0},{"damage":0.0,"enemies":"Large Slime","floor":13.0,"turns":3.0},{"damage":1.0,"enemies":"Red Slaver","floor":14.0,"turns":3.0},{"damage":54.0,"enemies":"The Guardian","floor":16.0,"turns":18.0},{"damage":11.0,"enemies":"Spheric Guardian","floor":18.0,"turns":10.0},{"damage":27,"enemies":"Slavers","floor":23,"turns":5},{"damage":5,"enemies":"Shell Parasite","floor":24,"turns":4},{"damage":5,"enemies":"Snecko","floor":27,"turns":4},{"damage":14,"enemies":"Shelled Parasite and Fungi","floor":28,"turns":1}],"seed_played":"8790529319293299102","potions_obtained":[{"floor":6.0,"key":"Swift Potion"},{"floor":7.0,"key":"EntropicBrew"},{"floor":10.0,"key":"SteroidPotion"},{"floor":14.0,"key":"DistilledChaos"},{"floor":16.0,"key":"Block Potion"},{"floor":18.0,"key":"EssenceOfSteel"},{"floor":24,"key":"SpeedPotion"}],"is_trial":false,"path_per_floor":["M","?","$","M","M","E","M","R","T","M","R","M","M","M","R","B",null,"M","?","?","$","?","E","M","T","T","M","M"],"character_chosen":"THE_EXALTED","items_purchased":["Bromod:QuickDraw","Bromod:RelentlessCombination"],"campfire_rested":1,"item_purchase_floors":[3,21],"current_hp_per_floor":[75,75,75,75,70,54,53,53,53,53,53,53,53,52,74,20,75,64,64,46,46,46,19,14,14,14,9,0,0],"gold":254,"neow_bonus":"RANDOM_COMMON_RELIC","is_daily":false,"chose_seed":false,"campfire_upgraded":2,"win_rate":0.0,"timestamp":1609334881,"path_taken":["M","?","$","M","M","E","M","R","T","M","R","M","M","?","R","BOSS","M","?","?","$","?","E","M","?","T","M","M"],"items_purchased_type":["Card","Card"],"build_version":"2020-12-22","purchased_purges":1,"victory":false,"max_hp_per_floor":[75,75,75,75,75,75,75,75,75,75,75,75,75,75,75,75,75,75,75,75,75,75,75,75,75,75,75,75,75],"card_choices":[{"not_picked":["Bromod:Redirection","Bromod:PointStrike"],"picked":"Bromod:HornetStrike","floor":1.0},{"not_picked":["Bromod:PointStrike","Bromod:SlashDash"],"picked":"Bromod:Stormbringer","floor":4.0},{"not_picked":["Bromod:OrganShatter","Bromod:Reflection"],"picked":"Bromod:Vitality","floor":5.0},{"not_picked":["Bromod:Reflection","Bromod:FormaBlueprint"],"picked":"Bromod:ChillingReload","floor":6.0},{"not_picked":["Bromod:SlashDash","Bromod:PressurePoint","Bromod:SeismicWave"],"picked":"SKIP","floor":7.0},{"not_picked":["Bromod:RadialBlind","Bromod:TargetCracker","Bromod:PointStrike"],"picked":"SKIP","floor":10.0},{"not_picked":["Bromod:BodyCount","Bromod:PressurePoint"],"picked":"Bromod:BloodRush","floor":12.0},{"not_picked":["Bromod:OrganShatter","Bromod:Foundry","Bromod:Redirection"],"picked":"SKIP","floor":13.0},{"not_picked":["Bromod:PointStrike","Bromod:SteelFiber","Bromod:NorthWind"],"picked":"SKIP","floor":14.0},{"not_picked":["Bromod:Blaze","Bromod:VoltaicStrike"],"picked":"Bromod:SplitChamber","floor":16.0},{"not_picked":["Bromod:KillingBlow","Bromod:SteelFiber","Bromod:OrganShatter"],"picked":"SKIP","floor":18.0},{"not_picked":["infinitespire:Punishment","infinitespire:Menacing"],"picked":"infinitespire:Collect","floor":20.0},{"not_picked":["Bromod:FormaBlueprint","Bromod:BulletJump"],"picked":"Bromod:HeatedCharge","floor":23},{"not_picked":["Bromod:Redirection","Bromod:RelentlessCombination"],"picked":"Bromod:Serration","floor":24},{"not_picked":["Bromod:SlashDash","Bromod:Foundry","Bromod:SteelFiber"],"picked":"SKIP","floor":27}],"player_experience":1523561,"relics_obtained":[{"floor":6.0,"key":"Torii"},{"floor":9.0,"key":"Bromod:ArcaneNullifier"},{"floor":23,"key":"TungstenRod"},{"floor":23,"key":"Regal Pillow"},{"floor":25,"key":"InkBottle"},{"floor":26,"key":"Bromod:ArcaneAegis"}],"event_choices":[{"cards_removed":["Bromod:HornetStrike"],"damage_healed":0.0,"max_hp_gain":0.0,"max_hp_loss":0.0,"gold_gain":0.0,"event_name":"NoteForYourself","player_choice":"Took Card","floor":2.0,"gold_loss":0.0,"damage_taken":0.0,"cards_obtained":["Immolate"]}],"is_beta":false,"boss_relics":[{"not_picked":["Fusion Hammer","hubris:BlackHole"],"picked":"Black Star"}],"items_purged_floors":[21],"is_endless":false,"potions_floor_spawned":[6,7,10,14,16,18,24],"killed_by":"Shelled Parasite and Fungi","ascension_level":0}}