{"host":"z9grmtg2w0nmz8n1","time":1609303234,"event":{"mods":["Aspiration","Bard","BaseMod","Beaked The Cultist","Better Altar","Better Match","Better Note","Better Sensory Stone","Better Skull","Better Third Choice","BetterRewards","CCEM","Colored Map","Conspire","Downfall","GifTheSpireLib","Googly Eyes","Halation","Hermit","Highlight Path","Hubris","Hunter ??","Jedi Mod","Jorbs\u0027s Wanderer Trilogy","Mad Scientist","Marisa????????","Minty Spire (QoL Compilation)","Permanent Neow","Replay The Spire","Shade Mod","Shop Mod","Spicy Shops","StSLib","Stuff the Spire","The Bug Knight","The Construct","The Necromancer","The Runesmith","The Witch"],"gold_per_floor":[119,119,119,119,137,171,96,96,120,146,160,160,179,204,204,204,204],"floor_reached":16,"playtime":751,"items_purged":["Strike_B"],"score":130,"play_id":"ec34e4bf-d4ce-47cb-bc1b-cb463b5dd56d","local_time":"20201230024034","is_ascension_mode":true,"campfire_choices":[{"floor":8,"key":"REST"},{"floor":12,"key":"RECALL"},{"floor":15,"key":"REST"}],"circlet_count":0,"master_deck":["Strike_B","Strike_B","Strike_B+1","Defend_B+1","Defend_B","Defend_B","Defend_B","Zap","Dualcast","FTL","Scrape","Regret","Pot Of Greed","Pot Of Greed","Go for the Eyes","Go for the Eyes","Gash","All For One"],"relics":["Cracked Core","hubris:Towel","Grinning Jar","Orichalcum","Gremlin Horn","Du-Vu Doll"],"acts_visited":["Exordium"],"potions_floor_usage":[10],"damage_taken":[{"damage":13,"enemies":"Small Slimes","floor":1,"turns":3},{"damage":0,"enemies":"2 Louse","floor":5,"turns":2},{"damage":24,"enemies":"3 Sentries","floor":6,"turns":7},{"damage":10,"enemies":"Gremlin Nob","floor":10,"turns":3},{"damage":2,"enemies":"Jaw Worm","floor":11,"turns":2},{"damage":3,"enemies":"2 Fungi Beasts","floor":13,"turns":2},{"damage":28,"enemies":"3 Sentries","floor":14,"turns":9},{"damage":58,"enemies":"Fading Forest","floor":16,"turns":10}],"seed_played":"-6201178613673586971","potions_obtained":[{"floor":5,"key":"Dexterity Potion"},{"floor":6,"key":"jedi:coolantleak"}],"is_trial":false,"path_per_floor":["M","?","?","?","M","E","$","R","T","E","M","R","M","E","R","B"],"character_chosen":"DEFECT","items_purchased":[],"campfire_rested":2,"item_purchase_floors":[],"current_hp_per_floor":[62,47,47,47,47,23,23,45,45,35,33,33,30,2,24,0,0],"gold":204,"neow_bonus":"THREE_CARDS","is_daily":false,"chose_seed":false,"campfire_upgraded":0,"win_rate":0.0,"timestamp":1609303234,"path_taken":["M","?","?","?","M","E","?","R","T","E","?","R","M","E","R","BOSS"],"items_purchased_type":[],"build_version":"2020-12-22","purchased_purges":1,"victory":false,"max_hp_per_floor":[75,75,75,75,75,75,75,75,75,75,75,75,75,75,75,75,75],"card_choices":[{"not_picked":["Coolheaded","Sweeping Beam"],"picked":"FTL","floor":0},{"not_picked":["Cold Snap","Glacier"],"picked":"Scrape","floor":1},{"not_picked":["Aggregate","Darkness","StuffTheSpire:LoadUp"],"picked":"SKIP","floor":5},{"not_picked":["Coolheaded","Sunder"],"picked":"Go for the Eyes","floor":6},{"not_picked":["hubris:PowerSurge","jedi:sharpshooter"],"picked":"Go for the Eyes","floor":10},{"not_picked":["Hello World","Auto Shields"],"picked":"Gash","floor":11},{"not_picked":["jedi:BurstLightning","ReplayTheSpireMod:Dual Polarity","Ball Lightning"],"picked":"SKIP","floor":13},{"not_picked":["hubris:Ukulele","Cold Snap"],"picked":"All For One","floor":14}],"player_experience":746478,"relics_obtained":[{"floor":6,"key":"Orichalcum"},{"floor":10,"key":"Gremlin Horn"},{"floor":14,"key":"Du-Vu Doll"}],"event_choices":[{"damage_healed":62,"gold_gain":0,"player_choice":"Upgrade","damage_taken":15,"max_hp_gain":0,"max_hp_loss":75,"event_name":"betterThird:BetterShining","floor":2,"gold_loss":0,"cards_upgraded":["Strike_B","Defend_B"]},{"damage_healed":0,"gold_gain":0,"player_choice":"Box","damage_taken":0,"relics_obtained":["Grinning Jar"],"max_hp_gain":0,"max_hp_loss":0,"event_name":"Big Fish","floor":4,"gold_loss":0,"cards_obtained":["Regret"]}],"is_beta":false,"boss_relics":[],"items_purged_floors":[7],"is_endless":false,"potions_floor_spawned":[5,6],"killed_by":"Fading Forest","ascension_level":2}}