{"host":"l8lkgdumzpe3823a","time":1609361312,"event":{"mods":["Always Whale","Aspiration","BaseMod","Beaked The Cultist","Better Note","Clockwork Mod","Colored Powertips","Curses Come First","Custom Start","DeckTracker","Defuse TimeMaze Blight","Highlight Path","Hubris","Infinite Spire","Minty Spire (QoL Compilation)","Quick Restart","Replay The Spire","Shop Mod","StSLib","SuperFastMode","The Construct","The Cursed","The Dragon Tamer","The Servant 0.9.4","vexMod"],"gold_per_floor":[109,161,261,72,90,90,51,51,51,82,82,102,116,134,134,238,238,246,10,110,310,297,297,332,349,349,349,360,360,376,392,392,487,487,487,487],"floor_reached":35,"playtime":1485,"items_purged":["Ricochet"],"score":427,"play_id":"cce248af-be5f-40e3-af11-19fffd981ab5","local_time":"20201230144832","is_ascension_mode":false,"campfire_choices":[{"data":"SoulSculpture","floor":6,"key":"SMITH"},{"data":"MoonPhase","floor":11,"key":"SMITH"},{"floor":15,"key":"REST"},{"data":"Initiator","floor":23,"key":"SMITH"},{"data":"Defy","floor":27,"key":"SMITH"},{"data":"Spin","floor":29,"key":"SMITH"},{"floor":32,"key":"REST"}],"circlet_count":0,"master_deck":["Strike_S","Strike_S","Strike_S","Strike_S","Defend_S","Defend_S","Defend_S","Defend_S","KidneyShot","Exchange","SoulSculpture+1","Spin+1","InstantArmor","Defy+1","MoonPhase+1","SilverMatrix","Rearm","Initiator+1","DoubleEdge+1","DoubleEdge+1","Spin+1"],"relics":["Uniform","MerchantsRug","hubris:GlazedTorus","Calipers","Anchor","vexMod:DeviousBotling","Lantern","ReplayTheSpireMod:DimensionalGlitch"],"acts_visited":["Exordium","TheCity","TheBeyond"],"potions_floor_usage":[],"damage_taken":[{"damage":4,"enemies":"Small Slimes","floor":1,"turns":3},{"damage":5,"enemies":"Jaw Worm","floor":5,"turns":2},{"damage":23,"enemies":"3 Sentries","floor":10,"turns":4},{"damage":0,"enemies":"Cultist","floor":12,"turns":3},{"damage":0,"enemies":"2 Fungi Beasts","floor":13,"turns":2},{"damage":0,"enemies":"Looter","floor":14,"turns":2},{"damage":6,"enemies":"Slime Boss","floor":16,"turns":8},{"damage":0,"enemies":"Chosen","floor":18,"turns":4},{"damage":7,"enemies":"2 Thieves","floor":22,"turns":4},{"damage":6,"enemies":"Gremlin Leader","floor":24,"turns":8},{"damage":0,"enemies":"Snake Plant","floor":25,"turns":3},{"damage":0,"enemies":"3 Cultists","floor":28,"turns":4},{"damage":0,"enemies":"Snecko","floor":30,"turns":4},{"damage":3,"enemies":"Snake Plant","floor":31,"turns":3},{"damage":0,"enemies":"Champ","floor":33,"turns":9},{"damage":66,"enemies":"3 Shapes","floor":35,"turns":5}],"seed_played":"2870689820931695924","potions_obtained":[{"floor":10,"key":"Elixir"},{"floor":13,"key":"Explosive Potion"},{"floor":14,"key":"LiquidBronze"},{"floor":25,"key":"DuplicationPotion"}],"is_trial":false,"path_per_floor":["M","?","?","$","M","R","$","?","T","E","R","M","M","M","R","B",null,"M","$","?","?","M","R","E","M","T","R","M","R","M","M","R","B",null,"M"],"character_chosen":"THE_SERVANT","items_purchased":["InstantArmor","MerchantsRug","MoonPhase","Initiator"],"campfire_rested":2,"item_purchase_floors":[4,4,7,19],"current_hp_per_floor":[61,61,61,61,56,56,56,56,56,33,33,33,33,33,52,46,65,65,65,65,65,58,58,52,52,52,52,52,52,52,49,65,65,65,0,0],"gold":487,"neow_bonus":"ONE_RANDOM_RARE_CARD","is_daily":false,"chose_seed":false,"campfire_upgraded":5,"win_rate":0.0,"timestamp":1609361312,"path_taken":["M","?","?","$","?","R","$","?","T","E","R","M","M","M","R","BOSS","M","$","?","?","M","R","E","M","T","R","M","R","?","M","R","BOSS","M"],"items_purchased_type":["Card","Relic","Card","Card"],"build_version":"2020-12-22","purchased_purges":1,"victory":false,"max_hp_per_floor":[65,65,65,65,65,65,65,65,65,65,65,65,65,65,65,65,65,65,65,65,65,65,65,65,65,65,65,65,65,65,65,65,65,65,65,65],"card_choices":[{"not_picked":["TimeTheft","Alleviate"],"picked":"Spin","floor":1},{"not_picked":["Read","Starlight"],"picked":"Defy","floor":5},{"not_picked":["Misdirection","Alleviate","FastForward"],"picked":"SKIP","floor":10},{"not_picked":["StarChef","Manipulate","Starlight"],"picked":"SKIP","floor":12},{"not_picked":["Revamp","FastForward","Ricochet"],"picked":"SKIP","floor":13},{"not_picked":["Deadline","Comet"],"picked":"Ricochet","floor":14},{"not_picked":["Sunlight","TrueSight"],"picked":"SilverMatrix","floor":16},{"not_picked":["Revamp","Ricochet"],"picked":"Rearm","floor":18},{"not_picked":["Misdirection","DualDimension"],"picked":"DoubleEdge+1","floor":22},{"not_picked":["Potential+1","Manipulate","Desolation"],"picked":"SKIP","floor":24},{"not_picked":["Replace","Solidify"],"picked":"DoubleEdge+1","floor":25},{"not_picked":["Replace","FastForward"],"picked":"Spin+1","floor":28},{"not_picked":["BottledTime","Rewind","MurderousAura"],"picked":"SKIP","floor":30},{"not_picked":["Revamp","BottledTime","TimeWarp"],"picked":"SKIP","floor":31}],"player_experience":735501,"relics_obtained":[{"floor":9,"key":"Calipers"},{"floor":10,"key":"Anchor"},{"floor":26,"key":"Lantern"}],"event_choices":[{"damage_healed":0,"gold_gain":52,"player_choice":"Gained Gold","damage_taken":0,"max_hp_gain":0,"max_hp_loss":0,"event_name":"Golden Wing","floor":2,"gold_loss":0},{"damage_healed":0,"gold_gain":100,"player_choice":"Gold","damage_taken":0,"max_hp_gain":0,"max_hp_loss":0,"event_name":"Wheel of Change","floor":3,"gold_loss":0},{"damage_healed":0,"gold_gain":0,"player_choice":"Searched \u00271\u0027 times","damage_taken":0,"relics_obtained":["hubris:GlazedTorus"],"max_hp_gain":0,"max_hp_loss":0,"event_name":"Dead Adventurer","floor":8,"gold_loss":0},{"damage_healed":0,"gold_gain":100,"player_choice":"Pray","damage_taken":0,"max_hp_gain":0,"max_hp_loss":0,"event_name":"Golden Shrine","floor":20,"gold_loss":0},{"damage_healed":0,"gold_gain":250,"player_choice":"Bet on Owner","damage_taken":0,"max_hp_gain":0,"max_hp_loss":0,"event_name":"The Joust","floor":21,"gold_loss":50}],"is_beta":false,"boss_relics":[{"not_picked":["vexMod:FluxCapacitor","Sozu"],"picked":"vexMod:DeviousBotling"},{"not_picked":["Black Star","beaked:SacredDeck"],"picked":"ReplayTheSpireMod:DimensionalGlitch"}],"items_purged_floors":[19],"is_endless":false,"potions_floor_spawned":[10,13,14,16,18,24,25,28],"killed_by":"3 Shapes","ascension_level":0}}