{"host":"3dz0gicyzigf6cpm","time":1609289421,"event":{"mods":["AchievementEnabler","BaseMod","Minty Spire (QoL Compilation)"],"gold_per_floor":[111,130,55,72,85,85,96,112,165,165,115,130,163,179,179,280,280,293,293,274,290,290,290,322,78,78,93,105,305,47,59,59,59,59],"floor_reached":33,"playtime":7294,"items_purged":["Defend_G","Strike_G","Defend_G"],"score":273,"play_id":"ed7f84d9-216e-4d5f-b332-1620a96d104a","local_time":"20201229205021","is_ascension_mode":false,"campfire_choices":[{"data":"PiercingWail","floor":6.0,"key":"SMITH"},{"data":"Envenom","floor":10.0,"key":"SMITH"},{"floor":15.0,"key":"REST"},{"floor":23.0,"key":"REST"},{"floor":32.0,"key":"REST"}],"circlet_count":0,"master_deck":["Strike_G","Strike_G","Strike_G","Strike_G","Defend_G","Defend_G","Survivor","Neutralize","Envenom+1","Leg Sweep","Storm of Steel","PiercingWail+1","Crippling Poison","Noxious Fumes","Dash","Bane","Die Die Die","Dagger Spray","All Out Attack","Panacea","Footwork"],"relics":["Ring of the Snake","Lantern","Anchor","SlaversCollar","Peace Pipe","Pantograph","White Beast Statue"],"acts_visited":["Exordium","TheCity"],"potions_floor_usage":[],"damage_taken":[{"damage":0.0,"enemies":"Cultist","floor":1.0,"turns":4.0},{"damage":5.0,"enemies":"Jaw Worm","floor":2.0,"turns":11.0},{"damage":1.0,"enemies":"2 Louse","floor":4.0,"turns":4.0},{"damage":0.0,"enemies":"Lots of Slimes","floor":5.0,"turns":6.0},{"damage":0.0,"enemies":"3 Louse","floor":7.0,"turns":4.0},{"damage":1.0,"enemies":"Exordium Thugs","floor":8.0,"turns":6.0},{"damage":12.0,"enemies":"Large Slime","floor":12.0,"turns":9.0},{"damage":24.0,"enemies":"Gremlin Nob","floor":13.0,"turns":5.0},{"damage":1.0,"enemies":"Gremlin Gang","floor":14.0,"turns":6.0},{"damage":26.0,"enemies":"Hexaghost","floor":16.0,"turns":10.0},{"damage":5.0,"enemies":"3 Byrds","floor":18.0,"turns":5.0},{"damage":8.0,"enemies":"2 Thieves","floor":20.0,"turns":4.0},{"damage":14.0,"enemies":"Chosen and Byrds","floor":21.0,"turns":6.0},{"damage":42.0,"enemies":"Gremlin Leader","floor":24.0,"turns":7.0},{"damage":10.0,"enemies":"Snake Plant","floor":27.0,"turns":5.0},{"damage":1.0,"enemies":"Centurion and Healer","floor":28.0,"turns":7.0},{"damage":2.0,"enemies":"Shelled Parasite and Fungi","floor":31.0,"turns":6.0},{"damage":51,"enemies":"Collector","floor":33,"turns":5}],"seed_played":"-38190373386280091","potions_obtained":[{"floor":2.0,"key":"Block Potion"},{"floor":8.0,"key":"DuplicationPotion"},{"floor":21.0,"key":"Poison Potion"},{"floor":27.0,"key":"Strength Potion"},{"floor":28.0,"key":"PowerPotion"},{"floor":31.0,"key":"DistilledChaos"}],"is_trial":false,"path_per_floor":["M","M","$","M","M","R","M","M","T","R","?","M","E","M","R","B",null,"M","?","M","M","T","R","E","$","T","M","M","?","$","M","R","B"],"character_chosen":"THE_SILENT","items_purchased":["BlessingOfTheForge","Panacea","Footwork","GhostInAJar"],"campfire_rested":3,"item_purchase_floors":[25,25,30,30],"current_hp_per_floor":[70,65,65,64,64,64,64,63,63,63,63,51,27,26,47,21,70,65,59,51,37,37,58,16,16,16,6,5,5,5,3,24,0,0],"gold":59,"neow_bonus":"ONE_RANDOM_RARE_CARD","is_daily":false,"chose_seed":false,"campfire_upgraded":2,"win_rate":0.0,"timestamp":1609289421,"path_taken":["M","?","?","M","M","R","M","M","T","R","?","M","E","M","R","BOSS","M","?","?","M","?","R","E","$","T","M","M","?","$","M","R","BOSS"],"items_purchased_type":["Potion","Card","Card","Potion"],"build_version":"2020-12-22","purchased_purges":3,"victory":false,"max_hp_per_floor":[70,70,70,70,70,70,70,70,70,70,70,70,70,70,70,70,70,70,70,70,70,70,70,70,70,70,70,70,70,70,70,70,70,70],"card_choices":[{"not_picked":["Sucker Punch","Slice"],"picked":"Leg Sweep","floor":1.0},{"not_picked":["Outmaneuver","Riddle With Holes"],"picked":"Storm of Steel","floor":2.0},{"not_picked":["Catalyst","Blade Dance"],"picked":"PiercingWail","floor":4.0},{"not_picked":["Slice","Sucker Punch","Deflect"],"picked":"SKIP","floor":5.0},{"not_picked":["Deflect","Cloak And Dagger","Burst"],"picked":"SKIP","floor":7.0},{"not_picked":["Tactician","PiercingWail"],"picked":"Crippling Poison","floor":8.0},{"not_picked":["Flying Knee","Backflip"],"picked":"Noxious Fumes","floor":12.0},{"not_picked":["Flechettes","Quick Slash"],"picked":"Dash","floor":13.0},{"not_picked":["PiercingWail","Quick Slash"],"picked":"Bane","floor":14.0},{"not_picked":["Wraith Form v2","Corpse Explosion"],"picked":"Die Die Die","floor":16.0},{"not_picked":["Quick Slash","Backflip"],"picked":"Dagger Spray","floor":18.0},{"not_picked":["Sucker Punch","Deflect+1","Backflip"],"picked":"SKIP","floor":20.0},{"not_picked":["PiercingWail","Distraction","Dagger Throw"],"picked":"SKIP","floor":21.0},{"not_picked":["PiercingWail+1","Dodge and Roll"],"picked":"All Out Attack","floor":24.0},{"not_picked":["Die Die Die","Flying Knee","Distraction+1"],"picked":"SKIP","floor":27.0},{"not_picked":["Calculated Gamble","Riddle With Holes+1","Expertise+1"],"picked":"SKIP","floor":28.0},{"not_picked":["Sucker Punch","Dagger Throw","Blade Dance"],"picked":"SKIP","floor":31.0}],"player_experience":77827,"relics_obtained":[{"floor":9.0,"key":"Lantern"},{"floor":13.0,"key":"Anchor"},{"floor":22.0,"key":"Peace Pipe"},{"floor":24.0,"key":"Pantograph"},{"floor":26.0,"key":"White Beast Statue"}],"event_choices":[{"cards_removed":["Defend_G"],"damage_healed":0.0,"max_hp_gain":0.0,"max_hp_loss":0.0,"gold_gain":0.0,"event_name":"The Cleric","player_choice":"Card Removal","floor":11.0,"gold_loss":50.0,"damage_taken":0.0},{"damage_healed":0.0,"max_hp_gain":0.0,"max_hp_loss":0.0,"gold_gain":0.0,"event_name":"Knowing Skull","player_choice":"","floor":19.0,"potions_obtained":[],"gold_loss":0.0,"damage_taken":6.0,"cards_obtained":[]},{"damage_healed":0.0,"max_hp_gain":0.0,"max_hp_loss":0.0,"gold_gain":250.0,"event_name":"The Joust","player_choice":"Bet on Owner","floor":29.0,"gold_loss":50.0,"damage_taken":0.0}],"is_beta":false,"boss_relics":[{"not_picked":["Cursed Key","Black Star"],"picked":"SlaversCollar"}],"items_purged_floors":[3,25,30],"is_endless":false,"potions_floor_spawned":[2,4,8,21,27,28,31],"killed_by":"Collector","ascension_level":0}}