{"host":"yn1175etg9ni8l0q","time":1609311032,"event":{"mods":["AchievementEnabler","BaseMod","Colored Map","Colored Powertips","DeckTracker","Minty Spire (QoL Compilation)","Rare Cards Sparkle","Relic Stats","SuperFastMode","everything is the same but u backflip on backflip"],"gold_per_floor":[109,109,127,26,26,58,58,58,58,58,78,88,107,119,119,223,223,234,245,245,257,277,277,307,318,318,328,354,354,373,373,373,469,469,482,535,553,553,553,578,122,138,165,47,2,2,2,14,14,14,14,14,14,47,47],"floor_reached":56,"playtime":2007,"items_purged":["Strike_R","Bash"],"score":1319,"play_id":"c4ff2794-8106-4dd7-9db1-469a9f716596","local_time":"20201230155032","is_ascension_mode":false,"campfire_choices":[{"data":"Apotheosis","floor":7,"key":"SMITH"},{"floor":10,"key":"REST"},{"floor":15,"key":"RECALL"},{"floor":23,"key":"REST"},{"floor":29,"key":"REST"},{"floor":32,"key":"REST"},{"floor":46,"key":"REST"},{"floor":49,"key":"REST"},{"floor":52,"key":"REST"}],"circlet_count":0,"master_deck":["Defend_R+1","Defend_R+1","Apotheosis+1","Pommel Strike","Shockwave+1","Shrug It Off+1","Wild Strike","Hemokinesis","Berserk","Battle Trance+1","Blood for Blood+1","Power Through","Warcry+1","True Grit+1","Double Tap","Demon Form","Disarm+1","Impervious+1","Ghostly Armor+1","Heavy Blade","Shrug It Off","Limit Break","Fire Breathing","True Grit+1","Evolve","Feel No Pain","Finesse","Deep Breath"],"relics":["Burning Blood","Ginger","War Paint","Gremlin Horn","Fusion Hammer","Mummified Hand","The Courier","Bag of Marbles","Astrolabe","TungstenRod","Bag of Preparation","Membership Card","Kunai","Strawberry","HornCleat","Gambling Chip","InkBottle"],"acts_visited":["Exordium","TheCity","TheBeyond","TheEnding"],"potions_floor_usage":[24,33,55,55],"damage_taken":[{"damage":5,"enemies":"Jaw Worm","floor":1,"turns":5},{"damage":3,"enemies":"2 Louse","floor":3,"turns":3},{"damage":22,"enemies":"3 Sentries","floor":6,"turns":12},{"damage":0,"enemies":"Cultist","floor":11,"turns":3},{"damage":8,"enemies":"2 Fungi Beasts","floor":12,"turns":3},{"damage":0,"enemies":"Large Slime","floor":13,"turns":5},{"damage":5,"enemies":"Blue Slaver","floor":14,"turns":3},{"damage":40,"enemies":"Hexaghost","floor":16,"turns":8},{"damage":5,"enemies":"2 Thieves","floor":18,"turns":3},{"damage":18,"enemies":"Spheric Guardian","floor":19,"turns":4},{"damage":8,"enemies":"Chosen and Byrds","floor":21,"turns":4},{"damage":0,"enemies":"Snake Plant","floor":22,"turns":5},{"damage":13,"enemies":"Slavers","floor":24,"turns":4},{"damage":12,"enemies":"Sentry and Sphere","floor":25,"turns":4},{"damage":2,"enemies":"Snecko","floor":27,"turns":4},{"damage":8,"enemies":"Book of Stabbing","floor":28,"turns":4},{"damage":8,"enemies":"3 Cultists","floor":30,"turns":4},{"damage":45,"enemies":"Collector","floor":33,"turns":7},{"damage":9,"enemies":"3 Shapes","floor":35,"turns":4},{"damage":47,"enemies":"2 Orb Walkers","floor":36,"turns":5},{"damage":3,"enemies":"Orb Walker","floor":37,"turns":5},{"damage":2,"enemies":"Giant Head","floor":40,"turns":6},{"damage":1,"enemies":"Sphere and 2 Shapes","floor":42,"turns":4},{"damage":0,"enemies":"Jaw Worm Horde","floor":48,"turns":4},{"damage":13,"enemies":"Awakened One","floor":50,"turns":7},{"damage":2,"enemies":"Shield and Spear","floor":54,"turns":8},{"damage":1,"enemies":"The Heart","floor":55,"turns":8}],"seed_played":"-8622756683292455143","potions_obtained":[{"floor":6,"key":"ElixirPotion"},{"floor":11,"key":"DuplicationPotion"},{"floor":12,"key":"DistilledChaos"},{"floor":24,"key":"Regen Potion"},{"floor":33,"key":"Ancient Potion"},{"floor":36,"key":"Regen Potion"}],"is_trial":false,"path_per_floor":["M","?","M","$","?","E","R","?","T","R","M","M","M","M","R","B",null,"M","M","?","M","M","R","E","M","T","M","E","R","M","?","R","B",null,"M","?","M","?","?","E","$","M","T","$","$","R","?","M","R","B",null,"R","$","E","B",null],"character_chosen":"IRONCLAD","items_purchased":["Shrug It Off","Membership Card","Fire Breathing","Kunai","Strawberry","HornCleat","Gambling Chip","Evolve","Feel No Pain"],"campfire_rested":7,"item_purchase_floors":[4,41,41,41,41,41,44,45,45],"current_hp_per_floor":[72,72,72,72,58,42,42,30,30,51,57,55,61,62,62,28,72,72,60,60,58,64,72,65,59,59,63,61,72,70,70,72,43,72,69,28,31,31,31,35,42,47,47,47,47,70,61,67,79,72,79,79,79,79,79],"gold":47,"neow_bonus":"RANDOM_COLORLESS_2","is_daily":false,"chose_seed":false,"campfire_upgraded":1,"win_rate":0.0,"timestamp":1609311032,"path_taken":["M","?","M","$","?","E","R","?","T","R","M","M","M","M","R","BOSS","M","M","?","M","M","R","E","M","T","M","E","R","?","?","R","BOSS","M","?","M","?","?","E","$","?","T","?","$","R","?","M","R","BOSS","R","$","E","BOSS"],"items_purchased_type":["Card","Relic","Card","Relic","Relic","Relic","Relic","Card","Card"],"build_version":"2020-12-22","purchased_purges":2,"victory":true,"max_hp_per_floor":[72,72,72,72,72,72,72,72,72,72,72,72,72,72,72,72,72,72,72,72,72,72,72,72,72,72,72,72,72,72,72,72,72,72,72,72,72,72,72,72,79,79,79,79,79,79,79,79,79,79,79,79,79,79,79],"relic_stats":{"Gremlin Horn":[14,22],"counters":[27,136],"Astrolabe":["Disarm","Impervious","Ghostly Armor"],"Bag of Preparation":[10],"Ginger":[14],"War Paint":["Defend_R","Defend_R"],"Burning Blood":148,"Mummified Hand":[44],"Gambling Chip":[15],"Kunai":[1],"obtain_stats":[{"Gremlin Horn":9,"Astrolabe":34,"The Courier":26,"Bag of Preparation":40,"Ginger":6,"War Paint":8,"Burning Blood":0,"HornCleat":41,"Mummified Hand":24,"Strawberry":41,"Gambling Chip":44,"Fusion Hammer":17,"Bag of Marbles":28,"Membership Card":41,"Kunai":41,"TungstenRod":36,"InkBottle":54},{"Gremlin Horn":3,"Astrolabe":18,"The Courier":14,"Bag of Preparation":22,"Ginger":3,"War Paint":3,"Burning Blood":0,"HornCleat":22,"Mummified Hand":13,"Strawberry":22,"Gambling Chip":23,"Fusion Hammer":8,"Bag of Marbles":16,"Membership Card":22,"Kunai":22,"TungstenRod":20,"InkBottle":26},{"Gremlin Horn":20,"Astrolabe":85,"The Courier":66,"Bag of Preparation":105,"Ginger":20,"War Paint":20,"Burning Blood":0,"HornCleat":105,"Mummified Hand":62,"Strawberry":105,"Gambling Chip":109,"Fusion Hammer":42,"Bag of Marbles":74,"Membership Card":105,"Kunai":105,"TungstenRod":94,"InkBottle":128}],"TungstenRod":9,"InkBottle":[4]},"card_choices":[{"not_picked":["Magnetism","Mayhem"],"picked":"Apotheosis","floor":0},{"not_picked":["Warcry","Wild Strike"],"picked":"Pommel Strike","floor":1},{"not_picked":["Thunderclap","Anger"],"picked":"Shockwave","floor":3},{"not_picked":["Sword Boomerang","Perfected Strike"],"picked":"Reckless Charge","floor":6},{"not_picked":["Heavy Blade","Dropkick","Clothesline"],"picked":"SKIP","floor":11},{"not_picked":["Anger","Whirlwind"],"picked":"Wild Strike","floor":12},{"not_picked":["Clothesline","Heavy Blade","Iron Wave"],"picked":"SKIP","floor":13},{"not_picked":["Fiend Fire","Pommel Strike"],"picked":"Hemokinesis","floor":14},{"not_picked":["Exhume","Limit Break"],"picked":"Berserk","floor":16},{"not_picked":["Blood for Blood+1","Dual Wield"],"picked":"Battle Trance+1","floor":18},{"not_picked":["Armaments","Cleave"],"picked":"Blood for Blood+1","floor":19},{"not_picked":["Evolve","Twin Strike"],"picked":"Power Through","floor":21},{"not_picked":["Whirlwind","Armaments+1","Headbutt"],"picked":"SKIP","floor":22},{"not_picked":["Clash","Sentinel","Anger+1"],"picked":"SKIP","floor":24},{"not_picked":["Body Slam","Sword Boomerang"],"picked":"Warcry+1","floor":25},{"not_picked":["Anger","Headbutt+1","Brutality"],"picked":"SKIP","floor":27},{"not_picked":["Rage+1","Infernal Blade+1","Cleave"],"picked":"SKIP","floor":28},{"not_picked":["Anger","Wild Strike"],"picked":"True Grit+1","floor":30},{"not_picked":["Iron Wave+1","Shrug It Off"],"picked":"Heavy Blade","floor":35},{"not_picked":["Heavy Blade+1","Clash+1"],"picked":"Shrug It Off","floor":36},{"not_picked":["Shrug It Off+1","Wild Strike","Twin Strike"],"picked":"SKIP","floor":37},{"not_picked":["Thunderclap+1","True Grit+1"],"picked":"Limit Break","floor":40},{"not_picked":["Battle Trance","Dropkick"],"picked":"True Grit+1","floor":42},{"not_picked":["Forethought","Dramatic Entrance"],"picked":"Finesse","floor":47},{"not_picked":["Sadistic Nature","Chrysalis"],"picked":"Deep Breath","floor":47},{"not_picked":["Sword Boomerang+1","Perfected Strike+1","Combust"],"picked":"SKIP","floor":48},{"not_picked":["Thunderclap","Shrug It Off+1","Clash"],"picked":"SKIP","floor":54}],"player_experience":287698,"relics_obtained":[{"floor":6,"key":"Ginger"},{"floor":9,"key":"Gremlin Horn"},{"floor":24,"key":"Mummified Hand"},{"floor":26,"key":"The Courier"},{"floor":28,"key":"Bag of Marbles"},{"floor":36,"key":"TungstenRod"},{"floor":40,"key":"Bag of Preparation"},{"floor":54,"key":"InkBottle"}],"event_choices":[{"damage_healed":0,"gold_gain":0,"player_choice":"Ignored","damage_taken":0,"max_hp_gain":0,"max_hp_loss":0,"event_name":"Liars Game","floor":2,"gold_loss":0},{"damage_healed":0,"gold_gain":0,"player_choice":"Entered Light","damage_taken":14,"max_hp_gain":0,"max_hp_loss":0,"event_name":"Shining Light","floor":5,"gold_loss":0,"cards_upgraded":["Shockwave","Shrug It Off"]},{"damage_healed":0,"gold_gain":0,"player_choice":"Success","damage_taken":12,"relics_obtained":["War Paint"],"max_hp_gain":0,"max_hp_loss":0,"event_name":"Scrap Ooze","floor":8,"gold_loss":0},{"cards_removed":["Strike_R"],"damage_healed":0,"gold_gain":0,"player_choice":"Card Removal","damage_taken":0,"max_hp_gain":0,"max_hp_loss":0,"event_name":"Wheel of Change","floor":20,"gold_loss":0},{"damage_healed":0,"gold_gain":0,"cards_transformed":["Strike_R","Defend_R"],"player_choice":"Became Test Subject","damage_taken":0,"max_hp_gain":0,"max_hp_loss":0,"event_name":"Drug Dealer","floor":31,"gold_loss":0,"cards_obtained":["Double Tap","Demon Form"]},{"damage_healed":0,"gold_gain":0,"player_choice":"Fight","damage_taken":0,"max_hp_gain":0,"max_hp_loss":0,"event_name":"Mysterious Sphere","floor":36,"gold_loss":0},{"cards_removed":["Reckless Charge"],"damage_healed":0,"gold_gain":0,"player_choice":"Removed Attack","damage_taken":0,"max_hp_gain":0,"max_hp_loss":0,"event_name":"Falling","floor":38,"gold_loss":0},{"damage_healed":0,"gold_gain":0,"player_choice":"Ignored","damage_taken":0,"max_hp_gain":0,"max_hp_loss":0,"event_name":"SecretPortal","floor":39,"gold_loss":0},{"damage_healed":0,"gold_gain":0,"player_choice":"Memory 3","damage_taken":10,"max_hp_gain":0,"max_hp_loss":0,"event_name":"SensoryStone","floor":47,"gold_loss":0}],"is_beta":false,"boss_relics":[{"not_picked":["Empty Cage","Philosopher\u0027s Stone"],"picked":"Fusion Hammer"},{"not_picked":["Pandora\u0027s Box","SacredBark"],"picked":"Astrolabe"}],"items_purged_floors":[4,41],"is_endless":false,"potions_floor_spawned":[6,11,12,21,22,24,33,36,42,48,54],"ascension_level":0}}