{"host":"1rf9pknejqhzkc4o","time":1609369341,"event":{"mods":["BaseMod","Colored Map","Colored Powertips","Communication Mod","Downfall","Minty Spire (QoL Compilation)","Quick Restart","Rare Cards Sparkle","Relic Stats","StSLib"],"gold_per_floor":[99,99,274,274,724,824,824,849,876,895,895,922,922,38,63,63,63,63],"floor_reached":16,"playtime":742,"items_purged":["Regret"],"score":115,"play_id":"c22a2686-2e08-46f8-9443-1243697516ae","local_time":"20201231020221","is_ascension_mode":false,"campfire_choices":[{"data":"hexamod:Float","floor":1,"key":"SMITH"},{"floor":13,"key":"REST"}],"circlet_count":0,"master_deck":["hexamod:Strike","hexamod:Strike+1","hexamod:Strike","hexamod:Strike+1","hexamod:Defend","hexamod:Defend","hexamod:Defend+1","hexamod:Defend","hexamod:Sear+1","hexamod:Float+1","hexamod:InspiringFlames","hexamod:SecondSeal","Slimebound:Icky","Slimebound:Icky","hexamod:SpectersWail","Injury","hexamod:HauntingEcho","hexamod:HauntingEcho","hexamod:SpectersWail","hexamod:SwordOfDarkness","hexamod:HauntingEcho","hexamod:HauntingEcho","hexamod:SpectersWail","hexamod:Hexaguard","hexamod:ShieldOfDarkness","hexamod:PhantomCloak","hexamod:TimeOfNeed"],"relics":["hexamod:SpiritBrand","downfall:HeartsMalice","Bottled Tornado","Pear","Dream Catcher","TheAbacus"],"acts_visited":["Exordium"],"potions_floor_usage":[16,16,16],"damage_taken":[{"damage":0,"enemies":"2 Louse","floor":2,"turns":1},{"damage":0,"enemies":"Small Slimes","floor":4,"turns":1},{"damage":0,"enemies":"downfall:Heads","floor":6,"turns":1},{"damage":7,"enemies":"Jaw Worm","floor":8,"turns":5},{"damage":10,"enemies":"Blue Slaver","floor":9,"turns":5},{"damage":18,"enemies":"Exordium Wildlife","floor":10,"turns":5},{"damage":0,"enemies":"3 Louse","floor":12,"turns":4},{"damage":2,"enemies":"downfall:FleeingMerchant","floor":14,"turns":4},{"damage":0,"enemies":"2 Fungi Beasts","floor":15,"turns":2},{"damage":65,"enemies":"downfall:Defect","floor":16,"turns":10}],"seed_played":"3278744405248068192","potions_obtained":[{"floor":8,"key":"SkillPotion"},{"floor":9,"key":"AttackPotion"},{"floor":12,"key":"Swift Potion"}],"is_trial":false,"path_per_floor":["R","M","?","M","?","?","T","M","M","M","?","M","R","$","M","B"],"character_chosen":"THE_SPIRIT","items_purchased":["Pear","Dream Catcher","TheAbacus","hexamod:HauntingEcho","hexamod:SpectersWail","hexamod:Hexaguard","hexamod:ShieldOfDarkness","hexamod:PhantomCloak"],"campfire_rested":1,"item_purchase_floors":[14,14,14,14,14,14,14,14],"current_hp_per_floor":[70,70,70,70,70,70,70,63,53,35,35,35,56,64,64,0,0,0],"gold":63,"neow_bonus":"THREE_ENEMY_KILL","is_daily":false,"chose_seed":false,"campfire_upgraded":1,"win_rate":0.0,"timestamp":1609369341,"path_taken":["R","M","?","M","?","?","T","?","M","M","?","M","R","?","M","BOSS"],"items_purchased_type":["Relic","Relic","Relic","Card","Card","Card","Card","Card"],"build_version":"2020-12-22","purchased_purges":1,"victory":false,"max_hp_per_floor":[70,70,70,70,70,70,70,70,70,70,70,70,70,80,80,80,80,80],"relic_stats":{"Dream Catcher":0,"TheAbacus":[12],"counters":[10,35],"obtain_stats":[{"Dream Catcher":14,"Pear":14,"TheAbacus":14,"downfall:HeartsMalice":0,"Bottled Tornado":7,"hexamod:SpiritBrand":0},{"Dream Catcher":8,"Pear":8,"TheAbacus":8,"downfall:HeartsMalice":0,"Bottled Tornado":3,"hexamod:SpiritBrand":0},{"Dream Catcher":23,"Pear":23,"TheAbacus":23,"downfall:HeartsMalice":0,"Bottled Tornado":0,"hexamod:SpiritBrand":0}]},"card_choices":[{"not_picked":["hexamod:Firestarter","hexamod:GhostOfSpireFuture"],"picked":"hexamod:InspiringFlames","floor":2},{"not_picked":["hexamod:ExtraCrispy","hexamod:InspiringFlames"],"picked":"hexamod:SecondSeal","floor":4},{"not_picked":["hexamod:RetreatToShadows","hexamod:UnleashSpirits"],"picked":"hexamod:SpectersWail","floor":6},{"not_picked":["hexamod:InspiringFlames","hexamod:ShieldOfDarkness"],"picked":"hexamod:HauntingEcho","floor":8},{"not_picked":["hexamod:ExtraCrispy","hexamod:Hexaguard"],"picked":"hexamod:HauntingEcho","floor":9},{"not_picked":["hexamod:ShieldOfDarkness","hexamod:GhostOfSpireFuture"],"picked":"hexamod:SpectersWail","floor":10},{"not_picked":["hexamod:FifthSeal","hexamod:ExtraCrispy"],"picked":"hexamod:SwordOfDarkness","floor":12},{"not_picked":["hexamod:SwordOfDarkness","hexamod:Hexaguard"],"picked":"hexamod:HauntingEcho","floor":14},{"not_picked":["hexamod:ShieldOfDarkness","hexamod:HeatCrush"],"picked":"hexamod:TimeOfNeed","floor":15}],"player_experience":153774,"relics_obtained":[{"floor":7,"key":"Bottled Tornado"}],"event_choices":[],"is_beta":false,"boss_relics":[],"items_purged_floors":[14],"is_endless":false,"potions_floor_spawned":[8,9,12],"killed_by":"downfall:Defect","ascension_level":0}}