{"host":"r6wilvrr1tovskr2","time":1609315443,"event":{"mods":["2.2 Compatiblity","AchievementEnabler","Aspiration","BaseMod","Bestiary","Better Altar","Better Match","Better Note","Better Sensory Stone","Better Skull","Better Third Choice","Colored Powertips","Conspire","Energized Spire","GifTheSpireLib","Halation","Highlight Path","Hubris","Infinite Spire","Marked Mod","Minty Spire (QoL Compilation)","Quick Restart","Replay The Spire","Shop Mod","Spicy Shops","Spikes Relics","StSLib","Stuff the Spire","vexMod"],"gold_per_floor":[109,109,109,109,121,121,133,133,133],"floor_reached":8,"playtime":360,"items_purged":[],"score":64,"play_id":"647df9de-c712-4cb9-92fd-e2f3d77e7b9e","local_time":"20201230020403","is_ascension_mode":true,"campfire_choices":[],"circlet_count":0,"master_deck":["Strike_G","Strike_G","Strike_G","Strike_G","Strike_G","Defend_G","Defend_G","Defend_G","Defend_G","Defend_G","Survivor","Neutralize","StuffTheSpire:BrimstoneBlast","Regret","Dagger Spray","StuffTheSpire:BumpUp"],"relics":["Ring of the Snake","PreservedInsect"],"acts_visited":["Exordium"],"potions_floor_usage":[],"damage_taken":[{"damage":2,"enemies":"Jaw Worm","floor":1,"turns":5},{"damage":7,"enemies":"Small Slimes","floor":5,"turns":4},{"damage":0,"enemies":"2 Louse","floor":7,"turns":2},{"damage":73,"enemies":"Lagavulin","floor":8,"turns":6}],"seed_played":"-4315520162185952524","potions_obtained":[],"is_trial":false,"path_per_floor":["M","?","PTL","PTL","M","?","M","E"],"character_chosen":"THE_SILENT","items_purchased":[],"campfire_rested":0,"item_purchase_floors":[],"current_hp_per_floor":[61,61,61,61,54,54,54,0,0],"gold":133,"neow_bonus":"ONE_RANDOM_RARE_CARD","is_daily":false,"chose_seed":false,"campfire_upgraded":0,"win_rate":0.0,"timestamp":1609315443,"path_taken":["M","?","PTL","PTL","M","?","M","E"],"items_purchased_type":[],"build_version":"2020-12-22","purchased_purges":0,"victory":false,"max_hp_per_floor":[70,70,70,70,70,70,70,70,70],"card_choices":[{"not_picked":["Fluid Movement","StuffTheSpire:BumpUp"],"picked":"StuffTheSpire:BrimstoneBlast","floor":1},{"not_picked":["Acrobatics","StuffTheSpire:Incantation"],"picked":"Dagger Spray","floor":5},{"not_picked":["Accuracy","Backflip"],"picked":"StuffTheSpire:BumpUp","floor":7}],"player_experience":1150213,"relics_obtained":[],"event_choices":[{"damage_healed":0,"gold_gain":0,"player_choice":"Box","damage_taken":0,"relics_obtained":["PreservedInsect"],"max_hp_gain":0,"max_hp_loss":0,"event_name":"Big Fish","floor":2,"gold_loss":0,"cards_obtained":["Regret"]}],"is_beta":false,"boss_relics":[],"items_purged_floors":[],"is_endless":false,"potions_floor_spawned":[],"killed_by":"Lagavulin","ascension_level":8}}