{"host":"f5gffvlv6a66yqkd","time":1609348839,"event":{"mods":["2.2 Compatiblity","BaseMod","Colored Map","DeckTracker","Keyboard Shortcuts","Minty Spire (QoL Compilation)","Permanent Neow","Quick Restart","Relic Stats","StSLib","SuperFastMode"],"gold_per_floor":[117,133,83,83,93,118,138,138,138,152,169,169,169,169,169,295,295,320,320,343,358,374,374,397,397,397,397,397,440,440,463,463,588,588,602,602,935,981,998,998,1011,1029,1029,1040,1050,1085,1096,1096,1096,1096,1096,1096,124,149,149],"floor_reached":56,"playtime":1697,"items_purged":["Defend_B"],"score":1817,"play_id":"5c9f12a2-65f5-443f-8229-716a58cb566d","local_time":"20201231022039","is_ascension_mode":true,"campfire_choices":[{"data":"Darkness","floor":8.0,"key":"SMITH"},{"data":"Dualcast","floor":12.0,"key":"SMITH"},{"data":"Defragment","floor":15.0,"key":"SMITH"},{"data":"Biased Cognition","floor":23.0,"key":"SMITH"},{"floor":25.0,"key":"REST"},{"floor":30.0,"key":"REST"},{"data":"Zap","floor":32.0,"key":"SMITH"},{"data":"Turbo","floor":40.0,"key":"SMITH"},{"floor":49.0,"key":"RECALL"},{"data":"Fission","floor":52.0,"key":"SMITH"}],"circlet_count":0,"master_deck":["AscendersBane","Defend_B","Defend_B","Zap+1","Dualcast+1","Darkness+1","BootSequence","Chill","Compile Driver","Sweeping Beam","Turbo+1","Self Repair","Rip and Tear","Defragment+1","Biased Cognition+1","White Noise","Conserve Battery","Ball Lightning+1","Capacitor","White Noise","Echo Form","FTL","Conserve Battery+1","Glacier+1","Capacitor+1","Defragment+1","Loop+1","Fission+1","Dark Shackles"],"relics":["Cracked Core","Happy Flower","Orichalcum","Nuclear Battery","HornCleat","Enchiridion","Darkstone Periapt","Sundial","Empty Cage","Girya","Molten Egg 2","Blue Candle","ClockworkSouvenir","Unceasing Top","Lizard Tail","Toy Ornithopter"],"acts_visited":["Exordium","TheCity","TheBeyond","TheEnding"],"potions_floor_usage":[55],"damage_taken":[{"damage":1.0,"enemies":"Cultist","floor":1.0,"turns":3.0},{"damage":1.0,"enemies":"Small Slimes","floor":2.0,"turns":5.0},{"damage":0.0,"enemies":"Jaw Worm","floor":5.0,"turns":3.0},{"damage":13.0,"enemies":"3 Sentries","floor":6.0,"turns":7.0},{"damage":0.0,"enemies":"Red Slaver","floor":7.0,"turns":4.0},{"damage":0.0,"enemies":"3 Louse","floor":10.0,"turns":4.0},{"damage":3.0,"enemies":"Looter","floor":11.0,"turns":4.0},{"damage":0.0,"enemies":"Slime Boss","floor":16.0,"turns":5.0},{"damage":0.0,"enemies":"Chosen","floor":18.0,"turns":4.0},{"damage":11.0,"enemies":"Shell Parasite","floor":20.0,"turns":4.0},{"damage":26.0,"enemies":"Snake Plant","floor":21.0,"turns":4.0},{"damage":3.0,"enemies":"Centurion and Healer","floor":22.0,"turns":6.0},{"damage":33.0,"enemies":"Snecko","floor":24.0,"turns":5.0},{"damage":15.0,"enemies":"Gremlin Leader","floor":29.0,"turns":6.0},{"damage":0.0,"enemies":"Cultist and Chosen","floor":31.0,"turns":6.0},{"damage":23.0,"enemies":"Automaton","floor":33.0,"turns":8.0},{"damage":1.0,"enemies":"3 Shapes","floor":35.0,"turns":2.0},{"damage":25.0,"enemies":"2 Orb Walkers","floor":38.0,"turns":5.0},{"damage":12.0,"enemies":"Orb Walker","floor":39.0,"turns":4.0},{"damage":10.0,"enemies":"3 Darklings","floor":41.0,"turns":8.0},{"damage":10.0,"enemies":"Maw","floor":42.0,"turns":6.0},{"damage":0.0,"enemies":"Spire Growth","floor":44.0,"turns":5.0},{"damage":9.0,"enemies":"Sphere and 2 Shapes","floor":45.0,"turns":6.0},{"damage":21.0,"enemies":"Giant Head","floor":46.0,"turns":7.0},{"damage":25.0,"enemies":"4 Shapes","floor":47.0,"turns":3.0},{"damage":6.0,"enemies":"Donu and Deca","floor":50.0,"turns":14.0},{"damage":13.0,"enemies":"Shield and Spear","floor":54.0,"turns":6.0},{"damage":57,"enemies":"The Heart","floor":55,"turns":9}],"seed_played":"-3842132604228535839","potions_obtained":[{"floor":1.0,"key":"Fire Potion"},{"floor":5.0,"key":"Ancient Potion"},{"floor":7.0,"key":"DistilledChaos"},{"floor":18.0,"key":"Swift Potion"},{"floor":24.0,"key":"Fire Potion"},{"floor":29.0,"key":"Swift Potion"},{"floor":31.0,"key":"Block Potion"},{"floor":38.0,"key":"Regen Potion"},{"floor":41.0,"key":"FearPotion"},{"floor":45.0,"key":"PowerPotion"},{"floor":46.0,"key":"ColorlessPotion"}],"is_trial":false,"path_per_floor":["M","M","?","T","M","E","M","R","T","M","M","R","?","?","R","B",null,"M","?","M","M","M","R","M","R","T","?","?","E","R","M","R","B",null,"M","?","?","?","M","R","M","M","T","M","M","E","M","?","R","B",null,"R","$","E","B",null],"character_chosen":"DEFECT","items_purchased":["ClockworkSouvenir","Unceasing Top","Lizard Tail","LiquidMemories","Energy Potion"],"campfire_rested":2,"item_purchase_floors":[53,53,53,53,53],"current_hp_per_floor":[67,66,66,66,66,53,53,53,53,53,57,57,39,39,39,46,68,75,75,71,52,56,56,30,52,52,36,36,28,50,57,57,41,67,66,66,66,48,43,43,40,44,44,51,49,42,24,24,24,40,63,63,63,57,12],"gold":149,"neow_bonus":"TRANSFORM_TWO_CARDS","is_daily":false,"chose_seed":false,"campfire_upgraded":7,"win_rate":0.0,"timestamp":1609348839,"path_taken":["M","?","?","?","?","E","M","R","T","M","M","R","?","?","R","BOSS","M","?","M","M","?","R","M","R","T","?","?","E","R","M","R","BOSS","M","?","?","?","?","R","M","M","T","?","M","E","M","?","R","BOSS","R","$","E","BOSS"],"items_purchased_type":["Relic","Relic","Relic","Potion","Potion"],"build_version":"2020-12-22","purchased_purges":1,"victory":true,"max_hp_per_floor":[75,75,75,75,75,75,75,75,75,75,75,75,75,75,75,75,75,75,75,75,75,75,75,75,75,75,75,75,75,75,75,75,75,75,75,71,71,71,71,71,71,71,71,71,71,71,71,71,71,71,71,71,71,71,71],"relic_stats":{"Darkstone Periapt":0,"Lizard Tail":0,"Happy Flower":[48],"counters":[28,153],"Sundial":[12],"Blue Candle":[0],"Orichalcum":[120],"obtain_stats":[{"Darkstone Periapt":28,"Girya":38,"Happy Flower":4,"Golden Idol":13,"Blue Candle":46,"Enchiridion":27,"Orichalcum":6,"Empty Cage":34,"Nuclear Battery":17,"ClockworkSouvenir":53,"Lizard Tail":53,"HornCleat":26,"Sundial":29,"Molten Egg 2":43,"Cracked Core":0,"Unceasing Top":53,"Toy Ornithopter":54},{"Darkstone Periapt":13,"Girya":18,"Happy Flower":2,"Golden Idol":7,"Blue Candle":24,"Enchiridion":13,"Orichalcum":4,"Empty Cage":16,"Nuclear Battery":8,"ClockworkSouvenir":26,"Lizard Tail":26,"HornCleat":13,"Sundial":14,"Molten Egg 2":21,"Cracked Core":0,"Unceasing Top":26,"Toy Ornithopter":27},{"Darkstone Periapt":58,"Girya":85,"Happy Flower":8,"Golden Idol":30,"Blue Candle":121,"Enchiridion":58,"Orichalcum":18,"Empty Cage":78,"Nuclear Battery":35,"ClockworkSouvenir":138,"Lizard Tail":138,"HornCleat":58,"Sundial":64,"Molten Egg 2":103,"Cracked Core":0,"Unceasing Top":138,"Toy Ornithopter":144}],"Unceasing Top":[6],"Toy Ornithopter":5},"card_choices":[{"not_picked":["Consume","Beam Cell"],"picked":"Chill","floor":1.0},{"not_picked":["Gash","Barrage"],"picked":"Compile Driver","floor":2.0},{"not_picked":["Go for the Eyes","Hello World"],"picked":"Sweeping Beam","floor":5.0},{"not_picked":["Leap","Steam","Go for the Eyes"],"picked":"SKIP","floor":6.0},{"not_picked":["Streamline","Hello World"],"picked":"Turbo","floor":7.0},{"not_picked":["Barrage","Stack"],"picked":"Self Repair","floor":10.0},{"not_picked":["Reprogram","Beam Cell"],"picked":"Rip and Tear","floor":11.0},{"not_picked":["Multi-Cast","Machine Learning"],"picked":"Biased Cognition","floor":16.0},{"not_picked":["Sweeping Beam","Consume+1"],"picked":"White Noise","floor":18.0},{"not_picked":["Gash","Barrage","Leap"],"picked":"SKIP","floor":20.0},{"not_picked":["Rip and Tear","Barrage+1"],"picked":"Ball Lightning+1","floor":21.0},{"not_picked":["Scrape+1","Leap","Machine Learning"],"picked":"SKIP","floor":22.0},{"not_picked":["Steam","Cold Snap"],"picked":"Capacitor","floor":24.0},{"not_picked":["Steam","Blizzard","Conserve Battery"],"picked":"SKIP","floor":29.0},{"not_picked":["Double Energy","Rebound"],"picked":"White Noise","floor":31.0},{"not_picked":["Rainbow","Meteor Strike"],"picked":"Echo Form","floor":33.0},{"not_picked":["Genetic Algorithm","Turbo"],"picked":"FTL","floor":35.0},{"not_picked":["Lockon","Genetic Algorithm+1"],"picked":"Conserve Battery+1","floor":38.0},{"not_picked":["Leap","Darkness","Rip and Tear"],"picked":"SKIP","floor":39.0},{"not_picked":["Ball Lightning","Darkness"],"picked":"Glacier+1","floor":41.0},{"not_picked":["Ball Lightning","Cold Snap+1"],"picked":"Capacitor+1","floor":42.0},{"not_picked":["Gash+1","Streamline+1"],"picked":"Defragment+1","floor":44.0},{"not_picked":["Streamline+1","White Noise"],"picked":"Loop+1","floor":45.0},{"not_picked":["Hyperbeam+1","Aggregate"],"picked":"Fission","floor":46.0},{"not_picked":["Streamline+1","Hologram","Go for the Eyes+1"],"picked":"SKIP","floor":47.0},{"not_picked":["Bandage Up","Metamorphosis"],"picked":"Dark Shackles","floor":48.0},{"not_picked":["Genetic Algorithm+1","Chaos","Rip and Tear+1"],"picked":"SKIP","floor":54.0}],"player_experience":1512870,"relics_obtained":[{"floor":4.0,"key":"Happy Flower"},{"floor":6.0,"key":"Orichalcum"},{"floor":26.0,"key":"HornCleat"},{"floor":27.0,"key":"Enchiridion"},{"floor":29.0,"key":"Sundial"},{"floor":38.0,"key":"Girya"},{"floor":43.0,"key":"Molten Egg 2"},{"floor":46.0,"key":"Blue Candle"},{"floor":54.0,"key":"Toy Ornithopter"}],"event_choices":[{"cards_removed":["Decay"],"damage_healed":0.0,"max_hp_gain":0.0,"max_hp_loss":0.0,"gold_gain":0.0,"event_name":"The Cleric","player_choice":"Card Removal","floor":3.0,"gold_loss":50.0,"damage_taken":0.0},{"damage_healed":0.0,"max_hp_gain":0.0,"max_hp_loss":0.0,"gold_gain":0.0,"event_name":"Golden Idol","player_choice":"Take Damage","floor":13.0,"gold_loss":0.0,"damage_taken":18.0,"relics_obtained":["Golden Idol"]},{"damage_healed":0.0,"max_hp_gain":0.0,"max_hp_loss":0.0,"gold_gain":0.0,"cards_transformed":["Strike_B"],"event_name":"Living Wall","player_choice":"Change","floor":14.0,"gold_loss":0.0,"damage_taken":0.0,"cards_obtained":["Defragment"]},{"damage_healed":0.0,"max_hp_gain":0.0,"max_hp_loss":0.0,"gold_gain":0.0,"event_name":"Match and Keep!","player_choice":"1 cards matched","floor":19.0,"gold_loss":0.0,"damage_taken":0.0,"cards_obtained":["Conserve Battery"]},{"damage_healed":0.0,"max_hp_gain":0.0,"max_hp_loss":0.0,"gold_gain":0.0,"event_name":"Cursed Tome","player_choice":"Obtained Book","floor":27.0,"gold_loss":0.0,"damage_taken":16.0},{"damage_healed":0.0,"max_hp_gain":0.0,"max_hp_loss":0.0,"gold_gain":0.0,"event_name":"The Mausoleum","player_choice":"Opened","floor":28.0,"gold_loss":0.0,"damage_taken":0.0,"relics_obtained":["Darkstone Periapt"]},{"damage_healed":0.0,"max_hp_gain":0.0,"max_hp_loss":4.0,"gold_gain":0.0,"event_name":"Winding Halls","player_choice":"Max HP","floor":36.0,"gold_loss":0.0,"damage_taken":0.0},{"damage_healed":0.0,"max_hp_gain":0.0,"max_hp_loss":0.0,"gold_gain":333.0,"event_name":"The Moai Head","player_choice":"Gave Idol","floor":37.0,"relics_lost":["Golden Idol"],"gold_loss":0.0,"damage_taken":0.0},{"damage_healed":0.0,"max_hp_gain":0.0,"max_hp_loss":0.0,"gold_gain":0.0,"event_name":"Mysterious Sphere","player_choice":"Fight","floor":38.0,"gold_loss":0.0,"damage_taken":0.0},{"damage_healed":0.0,"max_hp_gain":0.0,"max_hp_loss":0.0,"gold_gain":0.0,"event_name":"SensoryStone","player_choice":"Memory 1","floor":48.0,"gold_loss":0.0,"damage_taken":0.0}],"is_beta":false,"boss_relics":[{"not_picked":["Coffee Dripper","Black Star"],"picked":"Nuclear Battery"},{"not_picked":["Busted Crown","Runic Pyramid"],"picked":"Empty Cage"}],"items_purged_floors":[53],"is_endless":false,"potions_floor_spawned":[1,5,7,18,24,29,31,38,41,45,46],"ascension_level":10}}