{"host":"tmf10eeko6je6wes","time":1609369539,"event":{"mods":["AchievementEnabler","BaseMod","Colored Map","Colored Powertips","DeckTracker","Highlight Path","Minty Spire (QoL Compilation)","Permanent Neow","Quick Restart","Relic Sorter","Relic Stats","Shop Mod","StSLib","SuperFastMode","Synergy Search"],"gold_per_floor":[109,129,146,161,161,193,193,22,22,22,48,80,106,118,130,245,257,284,160,87,112,124,124],"floor_reached":22,"playtime":1169,"items_purged":[],"score":196,"play_id":"82fe1ab3-249a-4d81-af47-caec23f9e3be","local_time":"20201230180539","is_ascension_mode":false,"campfire_choices":[{"floor":7,"key":"REST"},{"floor":15,"key":"REST"}],"circlet_count":0,"master_deck":["Strike_P","Strike_P","Strike_P","Strike_P","Defend_P","Defend_P","Defend_P","Defend_P","Eruption","Vigilance","FollowUp","Consecrate","Pray","Pray","ForeignInfluence+1","Wireheading","Dramatic Entrance","ClearTheMind","Prostrate","CrushJoints","Judgement","Adaptation+1","Prostrate"],"relics":["PureWater","NeowsBlessing","Meat on the Bone","Juzu Bracelet","Matryoshka","MawBank","Runic Pyramid","Oddly Smooth Stone","Mummified Hand"],"acts_visited":["Exordium","TheCity"],"potions_floor_usage":[16,16,16],"damage_taken":[{"damage":0,"enemies":"2 Louse","floor":1,"turns":1},{"damage":0,"enemies":"Small Slimes","floor":2,"turns":1},{"damage":0,"enemies":"Cultist","floor":3,"turns":1},{"damage":2,"enemies":"2 Fungi Beasts","floor":4,"turns":3},{"damage":28,"enemies":"Lagavulin","floor":6,"turns":6},{"damage":8,"enemies":"3 Sentries","floor":11,"turns":3},{"damage":18,"enemies":"Red Slaver","floor":12,"turns":4},{"damage":2,"enemies":"Blue Slaver","floor":13,"turns":3},{"damage":25,"enemies":"Hexaghost","floor":16,"turns":9},{"damage":11,"enemies":"2 Thieves","floor":18,"turns":3},{"damage":0,"enemies":"Spheric Guardian","floor":21,"turns":2},{"damage":61,"enemies":"Snecko","floor":22,"turns":7}],"seed_played":"-412716318572990225","potions_obtained":[{"floor":4,"key":"Weak Potion"},{"floor":6,"key":"ColorlessPotion"},{"floor":21,"key":"PowerPotion"}],"is_trial":false,"path_per_floor":["M","M","M","M","?","E","R","$","T","?","E","M","M","?","R","B",null,"M","?","?","M","M"],"character_chosen":"WATCHER","items_purchased":["Wireheading","Dramatic Entrance","BottledMiracle"],"campfire_rested":2,"item_purchase_floors":[8,8,8],"current_hp_per_floor":[72,72,72,70,63,47,68,68,68,68,60,42,40,40,61,48,72,61,61,61,61,0,0],"gold":124,"neow_bonus":"THREE_ENEMY_KILL","is_daily":false,"chose_seed":false,"campfire_upgraded":0,"win_rate":0.0,"timestamp":1609369539,"path_taken":["M","M","M","M","?","E","R","$","T","?","E","M","M","?","R","BOSS","M","?","?","M","M"],"items_purchased_type":["Card","Card","Potion"],"build_version":"2020-12-22","purchased_purges":0,"victory":false,"max_hp_per_floor":[72,72,72,72,72,72,72,72,72,72,72,72,72,72,72,72,72,72,72,72,72,72,72],"relic_stats":{"counters":[12,43],"Mummified Hand":[2],"Juzu Bracelet":2,"MawBank":132,"obtain_stats":[{"Matryoshka":9,"NeowsBlessing":0,"Mummified Hand":20,"Oddly Smooth Stone":19,"Juzu Bracelet":6,"PureWater":0,"MawBank":11,"Meat on the Bone":5,"Runic Pyramid":17},{"Matryoshka":5,"NeowsBlessing":0,"Mummified Hand":10,"Oddly Smooth Stone":10,"Juzu Bracelet":5,"PureWater":0,"MawBank":6,"Meat on the Bone":4,"Runic Pyramid":9},{"Matryoshka":12,"NeowsBlessing":0,"Mummified Hand":34,"Oddly Smooth Stone":34,"Juzu Bracelet":12,"PureWater":0,"MawBank":15,"Meat on the Bone":6,"Runic Pyramid":31}],"Meat on the Bone":24},"card_choices":[{"not_picked":["Halt","Collect"],"picked":"FollowUp","floor":1},{"not_picked":["FlyingSleeves","EmptyBody"],"picked":"Consecrate","floor":2},{"not_picked":["Crescendo","WaveOfTheHand"],"picked":"Pray","floor":3},{"not_picked":["BowlingBash","Consecrate"],"picked":"Pray","floor":4},{"not_picked":["Swivel","Crescendo"],"picked":"ForeignInfluence","floor":6},{"not_picked":["SpiritShield","CutThroughFate"],"picked":"ClearTheMind","floor":11},{"not_picked":["Consecrate","FlyingSleeves"],"picked":"Prostrate","floor":12},{"not_picked":["ClearTheMind","BowlingBash"],"picked":"CrushJoints","floor":13},{"not_picked":["SpiritShield","DeusExMachina"],"picked":"Judgement","floor":16},{"not_picked":["SashWhip+1","Study+1"],"picked":"Adaptation+1","floor":18},{"not_picked":["Collect","Tantrum"],"picked":"Prostrate","floor":21}],"player_experience":30805,"relics_obtained":[{"floor":6,"key":"Juzu Bracelet"},{"floor":9,"key":"Matryoshka"},{"floor":11,"key":"MawBank"}],"event_choices":[{"damage_healed":0,"gold_gain":0,"player_choice":"Success","damage_taken":7,"relics_obtained":["Meat on the Bone"],"max_hp_gain":0,"max_hp_loss":0,"event_name":"Scrap Ooze","floor":5,"gold_loss":0},{"damage_healed":0,"gold_gain":0,"player_choice":"Upgraded","damage_taken":0,"max_hp_gain":0,"max_hp_loss":0,"event_name":"Upgrade Shrine","floor":10,"gold_loss":0,"cards_upgraded":["ForeignInfluence"]},{"damage_healed":0,"gold_gain":0,"player_choice":"Ignored","damage_taken":0,"max_hp_gain":0,"max_hp_loss":0,"event_name":"Golden Wing","floor":14,"gold_loss":0},{"damage_healed":0,"gold_gain":0,"player_choice":"Paid Gold","damage_taken":0,"relics_obtained":["Oddly Smooth Stone"],"max_hp_gain":0,"max_hp_loss":0,"event_name":"WeMeetAgain","floor":19,"gold_loss":136},{"damage_healed":0,"gold_gain":0,"player_choice":"Obtained Relic","damage_taken":0,"relics_obtained":["Mummified Hand"],"max_hp_gain":0,"max_hp_loss":0,"event_name":"Addict","floor":20,"gold_loss":85}],"is_beta":false,"boss_relics":[{"not_picked":["SacredBark","Ectoplasm"],"picked":"Runic Pyramid"}],"items_purged_floors":[],"is_endless":false,"potions_floor_spawned":[4,6,11,13,21],"killed_by":"Snecko","ascension_level":0}}