{"host":"m6aaltr68g9tvoay","time":1609310954,"event":{"mods":["AchievementEnabler","BaseMod","Colored Map","Minty Spire (QoL Compilation)","StSLib"],"gold_per_floor":[114,129,144,159,125,155,170,170,470,500,530,545,575,575,575,675,675,690,390,405,255,270,285,285,200,200,200,230,230,245,260,260,360,360,375,390,405,105,120,150,110,110,110,110,125,155,155,185,185,185],"floor_reached":51,"playtime":1301,"items_purged":[],"score":989,"play_id":"ce5d1204-2192-44b0-a543-2c50ccf86772","local_time":"20201229224914","daily_mods":["Cursed Run","Diverse","DeadlyEvents"],"is_ascension_mode":false,"campfire_choices":[{"data":"Whirlwind","floor":8,"key":"SMITH"},{"data":"PathToVictory","floor":15,"key":"SMITH"},{"data":"1","floor":24,"key":"LIFT"},{"data":"2","floor":27,"key":"LIFT"},{"data":"3","floor":32,"key":"LIFT"},{"floor":42,"key":"REST"},{"data":"Electrodynamics","floor":44,"key":"SMITH"},{"data":"Backstab","floor":49,"key":"SMITH"}],"circlet_count":0,"master_deck":["Strike_B","Strike_B","Strike_B","Strike_B","Defend_B","Defend_B","Defend_B","Defend_B","Zap","Dualcast","Poisoned Stab","Doom and Gloom","Melter","PathToVictory+1","BootSequence","Shrug It Off","Whirlwind+1","Parasite","Die Die Die","Decay","Clumsy","Rainbow","CurseOfTheBell","Parasite","Electrodynamics+1","Twin Strike+1","Doubt","Glass Knife","Fire Breathing+1","Shame","Defragment+1","Backstab+1","Dramatic Entrance","Writhe"],"relics":["Cursed Key","Darkstone Periapt","Du-Vu Doll","Meat on the Bone","Old Coin","Bottled Flame","Sundial","Pear","Calling Bell","Lantern","Eternal Feather","Girya","Bag of Marbles","Lee\u0027s Waffle","Toy Ornithopter","Letter Opener","StrikeDummy","Anchor","Runic Dome","Emotion Chip","Vajra","HornCleat","Happy Flower","Regal Pillow"],"acts_visited":["Exordium","TheCity","TheBeyond"],"potions_floor_usage":[10,16,28,33,50,50],"damage_taken":[{"damage":1,"enemies":"Cultist","floor":1,"turns":3},{"damage":5,"enemies":"Small Slimes","floor":2,"turns":2},{"damage":1,"enemies":"Jaw Worm","floor":3,"turns":2},{"damage":18,"enemies":"Exordium Thugs","floor":4,"turns":4},{"damage":21,"enemies":"3 Sentries","floor":6,"turns":7},{"damage":5,"enemies":"2 Fungi Beasts","floor":7,"turns":3},{"damage":18,"enemies":"Gremlin Nob","floor":10,"turns":5},{"damage":26,"enemies":"Lagavulin","floor":11,"turns":5},{"damage":0,"enemies":"Looter","floor":12,"turns":2},{"damage":30,"enemies":"Gremlin Nob","floor":13,"turns":4},{"damage":14,"enemies":"Hexaghost","floor":16,"turns":9},{"damage":9,"enemies":"Shell Parasite","floor":18,"turns":3},{"damage":0,"enemies":"3 Byrds","floor":20,"turns":1},{"damage":0,"enemies":"Snecko","floor":22,"turns":2},{"damage":0,"enemies":"Sentry and Sphere","floor":23,"turns":1},{"damage":13,"enemies":"Book of Stabbing","floor":28,"turns":3},{"damage":0,"enemies":"Snake Plant","floor":30,"turns":1},{"damage":0,"enemies":"Snecko","floor":31,"turns":2},{"damage":42,"enemies":"Collector","floor":33,"turns":4},{"damage":0,"enemies":"3 Shapes","floor":35,"turns":1},{"damage":0,"enemies":"Orb Walker","floor":36,"turns":1},{"damage":12,"enemies":"Writhing Mass","floor":37,"turns":2},{"damage":0,"enemies":"4 Shapes","floor":39,"turns":1},{"damage":43,"enemies":"Nemesis","floor":40,"turns":3},{"damage":0,"enemies":"Maw","floor":45,"turns":4},{"damage":0,"enemies":"Reptomancer","floor":46,"turns":2},{"damage":3,"enemies":"Giant Head","floor":48,"turns":4},{"damage":38,"enemies":"Donu and Deca","floor":50,"turns":4}],"seed_played":"9091901603564859836","potions_obtained":[{"floor":4,"key":"EssenceOfSteel"},{"floor":6,"key":"FocusPotion"},{"floor":7,"key":"Block Potion"},{"floor":11,"key":"PotionOfCapacity"},{"floor":13,"key":"ColorlessPotion"},{"floor":16,"key":"DuplicationPotion"},{"floor":30,"key":"PotionOfCapacity"},{"floor":33,"key":"Block Potion"},{"floor":41,"key":"Strength Potion"}],"is_trial":false,"path_per_floor":["M","M","M","M","$","E","M","R","T","E","E","M","E","?","R","B",null,"M","$","M","$","M","M","R","?","T","R","E","?","M","M","R","B",null,"M","M","M","$","M","E","?","R","T","R","M","E","?","E","R","B",null],"character_chosen":"DEFECT","items_purchased":["BootSequence","Bag of Marbles","Lee\u0027s Waffle","Toy Ornithopter","Emotion Chip"],"campfire_rested":1,"item_purchase_floors":[5,19,19,21,38],"current_hp_per_floor":[74,69,68,50,50,29,36,36,42,36,22,34,26,32,32,36,109,100,116,116,116,116,116,116,116,122,122,114,114,114,114,122,91,128,128,128,116,116,116,73,73,126,132,134,134,134,134,131,134,112],"gold":185,"neow_bonus":"","is_daily":true,"chose_seed":false,"campfire_upgraded":4,"win_rate":0.0,"timestamp":1609310954,"path_taken":["M","M","?","M","$","E","M","R","T","?","E","M","?","?","R","BOSS","M","$","M","$","M","M","R","?","T","R","E","?","M","M","R","BOSS","M","M","M","$","M","E","?","R","T","R","?","E","?","E","R","BOSS"],"items_purchased_type":["Card","Relic","Relic","Relic","Relic"],"build_version":"2020-12-22","purchased_purges":0,"victory":true,"max_hp_per_floor":[75,75,75,75,75,75,75,75,81,81,81,81,91,97,97,103,109,109,116,116,116,116,116,116,116,122,122,122,122,122,122,122,128,128,128,128,128,128,128,128,128,128,134,134,134,134,134,134,134,140],"card_choices":[{"not_picked":["Compile Driver","PiercingWail"],"picked":"Poisoned Stab","floor":1},{"not_picked":["EmptyFist","Havoc"],"picked":"Doom and Gloom","floor":2},{"not_picked":["Fire Breathing","Outmaneuver"],"picked":"Melter","floor":3},{"not_picked":["Redo","FlyingSleeves"],"picked":"PathToVictory","floor":4},{"not_picked":["Skewer","Halt"],"picked":"Shrug It Off","floor":6},{"not_picked":["Malaise","Quick Slash"],"picked":"Whirlwind","floor":7},{"not_picked":["Slice","Quick Slash","Twin Strike"],"picked":"SKIP","floor":10},{"not_picked":["FearNoEvil","Feel No Pain","Hologram"],"picked":"SKIP","floor":11},{"not_picked":["Stack","Gash","Sucker Punch"],"picked":"SKIP","floor":12},{"not_picked":["Shrug It Off","Melter"],"picked":"Die Die Die","floor":13},{"not_picked":["Barricade","Brutality"],"picked":"Rainbow","floor":16},{"not_picked":["Prostrate","Carnage+1","Coolheaded"],"picked":"SKIP","floor":18},{"not_picked":["BowlingBash","Skim","Swivel"],"picked":"SKIP","floor":20},{"not_picked":["Genetic Algorithm","MentalFortress","Noxious Fumes"],"picked":"SKIP","floor":22},{"not_picked":["Cold Snap","Rebound","Fasting2"],"picked":"SKIP","floor":23},{"not_picked":["Go for the Eyes","Wallop+1"],"picked":"Electrodynamics","floor":28},{"not_picked":["Evaluate","Beam Cell","Prostrate"],"picked":"SKIP","floor":30},{"not_picked":["Ball Lightning","PathToVictory"],"picked":"Twin Strike+1","floor":31},{"not_picked":["Multi-Cast","Demon Form"],"picked":"Glass Knife","floor":33},{"not_picked":["Clothesline","JustLucky","Warcry"],"picked":"SKIP","floor":35},{"not_picked":["Bane+1","Battle Trance+1","Sucker Punch+1"],"picked":"SKIP","floor":36},{"not_picked":["Evaluate+1","Double Energy","ClearTheMind"],"picked":"SKIP","floor":37},{"not_picked":["Barrage+1","Glacier+1"],"picked":"Fire Breathing+1","floor":39},{"not_picked":["Force Field","Bullet Time","Compile Driver"],"picked":"SKIP","floor":40},{"not_picked":["Genetic Algorithm","Setup"],"picked":"Defragment+1","floor":45},{"not_picked":["True Grit+1","ThirdEye"],"picked":"Backstab","floor":46},{"not_picked":["Deep Breath","Jack Of All Trades"],"picked":"Dramatic Entrance","floor":47},{"not_picked":["Sweeping Beam","Concentrate+1","Capacitor+1"],"picked":"SKIP","floor":48}],"player_experience":1318911,"relics_obtained":[{"floor":6,"key":"Meat on the Bone"},{"floor":9,"key":"Old Coin"},{"floor":10,"key":"Bottled Flame"},{"floor":11,"key":"Sundial"},{"floor":13,"key":"Pear"},{"floor":17,"key":"Lantern"},{"floor":17,"key":"Eternal Feather"},{"floor":17,"key":"Girya"},{"floor":26,"key":"StrikeDummy"},{"floor":28,"key":"Anchor"},{"floor":40,"key":"Vajra"},{"floor":43,"key":"HornCleat"},{"floor":46,"key":"Happy Flower"},{"floor":48,"key":"Regal Pillow"}],"event_choices":[{"damage_healed":0,"gold_gain":0,"player_choice":"Cursed","damage_taken":0,"max_hp_gain":0,"max_hp_loss":0,"event_name":"Wheel of Change","floor":14,"gold_loss":0,"cards_obtained":["Decay"]},{"damage_healed":0,"gold_gain":0,"player_choice":"Obtained Relic","damage_taken":0,"relics_obtained":["Letter Opener"],"max_hp_gain":0,"max_hp_loss":0,"event_name":"Addict","floor":25,"gold_loss":85},{"damage_healed":0,"gold_gain":0,"player_choice":"Ignored","damage_taken":0,"max_hp_gain":0,"max_hp_loss":0,"event_name":"Ghosts","floor":29,"gold_loss":0},{"damage_healed":0,"gold_gain":0,"player_choice":"Bought 3 Potions","damage_taken":0,"max_hp_gain":0,"max_hp_loss":0,"event_name":"The Woman in Blue","floor":41,"gold_loss":0},{"damage_healed":0,"gold_gain":0,"player_choice":"Memory 1","damage_taken":0,"max_hp_gain":0,"max_hp_loss":0,"event_name":"SensoryStone","floor":47,"gold_loss":0}],"is_beta":false,"boss_relics":[{"not_picked":["Philosopher\u0027s Stone","Empty Cage"],"picked":"Calling Bell"},{"not_picked":["Astrolabe","Inserter"],"picked":"Runic Dome"}],"items_purged_floors":[],"is_endless":false,"potions_floor_spawned":[4,6,7,11,13,16,22,30,33,37,48],"ascension_level":0}}