{"host":"vrach7ggykqlevx4","time":1609311471,"event":{"mods":["BaseMod","Card Forge","Colored Map","Colored Powertips","Custom Start","Dota2Spire","Gold Saver","Infinite Spire","Minty Spire (QoL Compilation)","MostiFishMod","Permanent Neow","Relic Sorter","Shop Mod","StSLib","SuperFastMode","Synergy Search","[IsaacMod]以撒尖塔","noobMod"],"gold_per_floor":[118,118,128,128,143,143,169,169,169,197,197,497,138,172,172,244,244,259,275,129,147,147,159,159,191,191,210,98,398,412,444,444,520,520,543,562,576,601,620,657,657,657,707,738,749,749,784,784,784,786,796],"floor_reached":52,"playtime":1033,"items_purged":[],"score":2771,"play_id":"71426167-10b6-4dc5-a91f-9c2b2dcf32fe","local_time":"20201230145751","is_ascension_mode":true,"campfire_choices":[{"floor":6,"key":"REST"},{"floor":8,"key":"REST"},{"floor":11,"key":"REST"},{"floor":15,"key":"REST"},{"floor":24,"key":"REST"},{"floor":32,"key":"REST"},{"data":"1","floor":42,"key":"LIFT"},{"data":"2","floor":46,"key":"LIFT"},{"data":"3","floor":49,"key":"LIFT"}],"circlet_count":0,"master_deck":["AscendersBane","Strike_R+1","Strike_R+1","Strike_R","Strike_R","Strike_R","Defend_R","Defend_R","Defend_R","Bash","MostiFishMod:FrostNova","MostiFishMod:WinterMarkForm","Burning Pact","MostiFishMod:HellRitual","Twin Strike","Flex","Pommel Strike","Pummel","Havoc","Perfected Strike","MostiFishMod:CullingBlade","Exhume","Shrug It Off+1","infinitespire:OneForAll","Thunderclap","Armaments","Shockwave","Intimidate","Dropkick","Body Slam","Shrug It Off","Dual Wield","MostiFishMod:Chiaki","Dramatic Entrance","Searing Blow","Sword Boomerang","MostiFishMod:#F4004+1","Armaments+1","Spot Weakness","Heavy Blade","Inflame+1","Thunderclap","Spot Weakness","Perfected Strike+1","Injury","Decay","infinitespire:Punishment","Rage+1","Twin Strike+1","Feel No Pain+1","Uppercut"],"relics":["Hammer of Thor","Dota2Spire:BlackKingBar","DoctorsRemote","TheBean","SatanicBible","Seething Fire","Anvil of the Gods","HushsDoor","DaveBox","ice","Fusion Hammer","FrostBlade","SynthV:TestCard","Kunai","SteamSale","StrikeDummy","Ancient Tea Set","HereWithMe","Blue Candle","Blood Vial","Dota2Spire:CrimsonGuard","Bag of Marbles","InkBottle","Thread and Needle","infinitespire:Midas Blood","Frozen Egg 2","infinitespire:CursedDice","Happy Flower","The Courier","Oddly Smooth Stone","Prayer Wheel","RhineFirstAidKit","Orichalcum","Champion Belt","Girya","Dota2Spire:MonkeyKingBar","StoneCalendar","Dota2Spire:PowerTreads","Gremlin Horn","SynthV:C4"],"acts_visited":["Exordium","TheCity","TheBeyond"],"potions_floor_usage":[19,31,50,50],"damage_taken":[{"damage":0,"enemies":"Cultist","floor":1,"turns":2},{"damage":10,"enemies":"2 Louse","floor":3,"turns":3},{"damage":12,"enemies":"Jaw Worm","floor":5,"turns":2},{"damage":20,"enemies":"Lagavulin","floor":7,"turns":5},{"damage":5,"enemies":"3 Sentries","floor":10,"turns":3},{"damage":0,"enemies":"Lagavulin","floor":14,"turns":3},{"damage":0,"enemies":"Slime Boss","floor":16,"turns":3},{"damage":0,"enemies":"3 Byrds","floor":18,"turns":2},{"damage":0,"enemies":"Spheric Guardian","floor":19,"turns":4},{"damage":0,"enemies":"Centurion and Healer","floor":21,"turns":1},{"damage":0,"enemies":"3 Cultists","floor":23,"turns":3},{"damage":0,"enemies":"Gremlin Leader","floor":25,"turns":3},{"damage":0,"enemies":"Sentry and Sphere","floor":27,"turns":4},{"damage":0,"enemies":"Centurion and Healer","floor":30,"turns":2},{"damage":0,"enemies":"Book of Stabbing","floor":31,"turns":3},{"damage":0,"enemies":"Automaton","floor":33,"turns":4},{"damage":0,"enemies":"3 Darklings","floor":35,"turns":3},{"damage":0,"enemies":"Orb Walker","floor":36,"turns":2},{"damage":7,"enemies":"4 Shapes","floor":37,"turns":1},{"damage":0,"enemies":"Mind Bloom Boss Battle","floor":38,"turns":3},{"damage":23,"enemies":"Sphere and 2 Shapes","floor":39,"turns":3},{"damage":5,"enemies":"Nemesis","floor":40,"turns":3},{"damage":0,"enemies":"Giant Head","floor":44,"turns":6},{"damage":0,"enemies":"Transient","floor":45,"turns":6},{"damage":0,"enemies":"Nemesis","floor":47,"turns":1},{"damage":0,"enemies":"Time Eater","floor":50,"turns":4},{"damage":23,"enemies":"infinitespire:MassOfShapes","floor":51,"turns":4}],"seed_played":"5338915120418821837","potions_obtained":[{"floor":3,"key":"Dota2Spire:Clarity"},{"floor":10,"key":"Block Potion"},{"floor":19,"key":"SteroidPotion"},{"floor":25,"key":"DistilledChaos"},{"floor":35,"key":"Weak Potion"},{"floor":39,"key":"Strength Potion"}],"is_trial":false,"path_per_floor":["M","?","M","?","M","R","E","R","T","E","R","?","$","E","R","B",null,"M","M","$","M","?","M","R","E","T","M","$","?","M","E","R","B",null,"M","M","M","?","M","E","?","R","T","E","M","R","E","?","R","B","B",null],"character_chosen":"IRONCLAD","items_purchased":["SteamSale","StrikeDummy","Pummel","Havoc","Damocles","FairyPotion","Exhume","Dota2Spire:CrimsonGuard","Thunderclap","Happy Flower","Body Slam","Dramatic Entrance"],"campfire_rested":6,"item_purchase_floors":[13,13,13,13,17,17,17,20,20,28,28,34],"current_hp_per_floor":[68,61,51,28,16,38,18,40,40,35,57,57,57,57,75,75,57,57,57,57,57,42,44,62,62,62,62,62,62,62,62,62,62,60,60,60,53,55,60,55,55,55,55,57,59,59,60,60,60,60,37],"gold":796,"neow_bonus":"BOSS_RELIC","is_daily":false,"chose_seed":false,"campfire_upgraded":0,"win_rate":0.0,"timestamp":1609311471,"path_taken":["M","?","M","?","M","R","E","R","T","E","R","?","$","E","R","BOSS","M","M","$","M","?","M","R","E","T","M","$","?","M","E","R","BOSS","M","M","M","?","M","E","?","R","T","E","M","R","E","?","R","BOSS","BOSS"],"items_purchased_type":["Relic","Relic","Card","Card","Relic","Potion","Card","Relic","Card","Relic","Card","Card"],"build_version":"2020-12-22","purchased_purges":0,"victory":true,"max_hp_per_floor":[75,75,75,75,75,75,75,75,75,75,75,75,75,75,75,75,57,57,57,57,57,62,62,62,62,62,62,62,62,62,62,62,62,60,60,60,60,60,60,60,60,60,60,60,60,60,60,60,60,60,60],"card_choices":[{"not_picked":["Clash","Wild Strike"],"picked":"Burning Pact","floor":1},{"not_picked":["Pommel Strike","Metallicize","Anger","Thunderclap"],"picked":"MostiFishMod:HellRitual","floor":3},{"not_picked":["Iron Wave","Flame Barrier","Clothesline","Rampage"],"picked":"Twin Strike","floor":5},{"not_picked":["Shrug It Off","Headbutt","Clash","Wild Strike"],"picked":"Flex","floor":7},{"not_picked":["Spot Weakness","Anger","MostiFishMod:BrandingRite","Body Slam"],"picked":"Pommel Strike","floor":10},{"not_picked":["Twin Strike","Clothesline","Pommel Strike","Armaments"],"picked":"Perfected Strike","floor":14},{"not_picked":["MostiFishMod:DarkDeal","Brutality","MostiFishMod:WingOfPhoenix","Impervious"],"picked":"MostiFishMod:CullingBlade","floor":16},{"not_picked":["Twin Strike","Wild Strike","Havoc","Inflame"],"picked":"Shrug It Off+1","floor":18},{"not_picked":["Power Through","Evolve","MostiFishMod:#F4004","Flex+1"],"picked":"infinitespire:OneForAll","floor":19},{"not_picked":["Rampage","Battle Trance","Iron Wave","Bloodletting"],"picked":"Armaments","floor":21},{"not_picked":["Armaments","Shrug It Off","Ghostly Armor","Flex"],"picked":"Shockwave","floor":23},{"not_picked":["Fire Breathing","Sentinel","Hemokinesis","Wild Strike"],"picked":"Intimidate","floor":25},{"not_picked":["Sentinel","Warcry","Clothesline","Armaments"],"picked":"Dropkick","floor":27},{"not_picked":["Cleave","Bloodletting","MostiFishMod:BrandingRite","Juggernaut+1"],"picked":"Shrug It Off","floor":30},{"not_picked":["Uppercut","Sever Soul","Twin Strike","Reckless Charge"],"picked":"Dual Wield","floor":31},{"not_picked":["MostiFishMod:NewArrival","MostiFishMod:ChineseTea","Fiend Fire","MostiFishMod:RainCloud"],"picked":"MostiFishMod:Chiaki","floor":33},{"not_picked":["Armaments+1","Clash","Warcry+1","Pommel Strike"],"picked":"Searing Blow","floor":35},{"not_picked":["Dual Wield","Fire Breathing+1","Armaments","Metallicize+1"],"picked":"Sword Boomerang","floor":35},{"not_picked":["Fire Breathing+1","Havoc","Iron Wave","Pummel+1"],"picked":"MostiFishMod:#F4004+1","floor":36},{"not_picked":["Clash+1","Wild Strike","Combust+1","Warcry"],"picked":"Armaments+1","floor":36},{"not_picked":["Searing Blow","True Grit","Cleave","Heavy Blade"],"picked":"Spot Weakness","floor":37},{"not_picked":["Pommel Strike","MostiFishMod:Mania+1","Bloodletting+1","Warcry"],"picked":"Heavy Blade","floor":37},{"not_picked":["Carnage","Iron Wave","Hemokinesis+1","Dropkick"],"picked":"Inflame+1","floor":38},{"not_picked":["Flame Barrier+1","True Grit","Hemokinesis+1","Pommel Strike"],"picked":"Thunderclap","floor":39},{"not_picked":["Body Slam","Combust+1","Armaments","Rupture+1"],"picked":"Spot Weakness","floor":39},{"not_picked":["Clash","Flex","Armaments+1","Ghostly Armor+1"],"picked":"Perfected Strike+1","floor":40},{"not_picked":["infinitespire:Fortify","infinitespire:Oblivion"],"picked":"infinitespire:Punishment","floor":41},{"not_picked":["Dark Embrace+1","Armaments","Perfected Strike","Thunderclap"],"picked":"Rage+1","floor":44},{"not_picked":["True Grit","Sentinel+1","Reckless Charge","Burning Pact"],"picked":"Twin Strike+1","floor":45},{"not_picked":["MostiFishMod:#F4004","Disarm","Battle Trance","Dropkick"],"picked":"Feel No Pain+1","floor":45},{"not_picked":["Sword Boomerang","Hemokinesis","True Grit+1","Headbutt"],"picked":"Uppercut","floor":47}],"player_experience":378256,"relics_obtained":[{"floor":1,"key":"SynthV:TestCard"},{"floor":7,"key":"Kunai"},{"floor":9,"key":"SatanicBible"},{"floor":10,"key":"TheBean"},{"floor":14,"key":"Ancient Tea Set"},{"floor":18,"key":"Blue Candle"},{"floor":19,"key":"Blood Vial"},{"floor":21,"key":"Bag of Marbles"},{"floor":23,"key":"InkBottle"},{"floor":25,"key":"Thread and Needle"},{"floor":25,"key":"infinitespire:Midas Blood"},{"floor":26,"key":"Frozen Egg 2"},{"floor":27,"key":"infinitespire:CursedDice"},{"floor":30,"key":"The Courier"},{"floor":31,"key":"Oddly Smooth Stone"},{"floor":31,"key":"Prayer Wheel"},{"floor":35,"key":"Orichalcum"},{"floor":36,"key":"Dota2Spire:BlackKingBar"},{"floor":37,"key":"Champion Belt"},{"floor":38,"key":"Girya"},{"floor":38,"key":"Dota2Spire:MonkeyKingBar"},{"floor":40,"key":"StoneCalendar"},{"floor":43,"key":"Dota2Spire:PowerTreads"},{"floor":44,"key":"Gremlin Horn"},{"floor":47,"key":"SynthV:C4"}],"event_choices":[{"cards_removed":["Defend_R"],"damage_healed":0,"gold_gain":0,"player_choice":"Card Removal","damage_taken":7,"max_hp_gain":0,"max_hp_loss":0,"event_name":"Golden Wing","floor":2,"gold_loss":0},{"damage_healed":0,"gold_gain":0,"player_choice":"Entered Light","damage_taken":23,"max_hp_gain":0,"max_hp_loss":0,"event_name":"Shining Light","floor":4,"gold_loss":0,"cards_upgraded":["Strike_R","Strike_R"]},{"damage_healed":0,"gold_gain":0,"player_choice":"Shed Blood","damage_taken":20,"max_hp_gain":5,"max_hp_loss":0,"event_name":"Forgotten Altar","floor":22,"gold_loss":0},{"damage_healed":0,"gold_gain":0,"player_choice":"Fight","damage_taken":0,"max_hp_gain":0,"max_hp_loss":0,"event_name":"MindBloom","floor":38,"gold_loss":0},{"damage_healed":0,"gold_gain":0,"player_choice":"Ignored","damage_taken":0,"max_hp_gain":0,"max_hp_loss":0,"event_name":"Tomb of Lord Red Mask","floor":48,"gold_loss":0}],"is_beta":false,"boss_relics":[{"not_picked":["infinitespire:Burning Sword","Snecko Eye"],"picked":"HereWithMe"},{"not_picked":[]},{"not_picked":["TakeMeEscape","SynthV:MejaisSoulstealer"],"picked":"RhineFirstAidKit"},{"not_picked":[]}],"items_purged_floors":[],"is_endless":false,"potions_floor_spawned":[3,10,18,19,23,25,35,39,40,44],"ascension_level":20}}