{"host":"sav7uxregyirlf69","time":1609325455,"event":{"mods":["AchievementEnabler","BaseMod","Colored Map","DeckTracker","Keyboard Shortcuts","Minty Spire (QoL Compilation)","READ ME - Guardian Mod","StSLib","SuperFastMode"],"gold_per_floor":[368,293,309,259,1,32,50,60,60,101,129,152,64,28,28,104,104,120,120,0,17,28,28,28,46,69,81,131,131,131],"floor_reached":29,"playtime":595,"items_purged":["Strike_G","Strike_G","Strike_G"],"score":474,"play_id":"50a8f913-10fe-48c2-a395-ec5f3ad900c0","local_time":"20201230195055","is_ascension_mode":true,"campfire_choices":[{"floor":15,"key":"REST"},{"floor":24,"key":"REST"}],"circlet_count":0,"master_deck":["AscendersBane","Strike_G","Defend_G","Defend_G","Defend_G","Defend_G","Defend_G","Survivor","Neutralize","Flying Knee","Poisoned Stab","Predator","Dagger Throw","Blade Dance","Adrenaline","Tactician+1","Prepared+1","Acrobatics","Blade Dance+1","PiercingWail"],"relics":["Ring of the Snake","Happy Flower","TheAbacus","The Courier","MawBank","Shuriken","Black Star","Smiling Mask"],"acts_visited":["Exordium","TheCity"],"potions_floor_usage":[10,12,16,21,22],"damage_taken":[{"damage":0.0,"enemies":"Cultist","floor":1.0,"turns":4.0},{"damage":0.0,"enemies":"2 Louse","floor":3.0,"turns":2.0},{"damage":30.0,"enemies":"Lagavulin","floor":6.0,"turns":8.0},{"damage":0.0,"enemies":"Small Slimes","floor":7.0,"turns":2.0},{"damage":0.0,"enemies":"Blue Slaver","floor":8.0,"turns":4.0},{"damage":4,"enemies":"3 Sentries","floor":10,"turns":8},{"damage":0,"enemies":"2 Fungi Beasts","floor":11,"turns":2},{"damage":4,"enemies":"Exordium Thugs","floor":12,"turns":3},{"damage":1,"enemies":"Hexaghost","floor":16,"turns":7},{"damage":21,"enemies":"2 Thieves","floor":18,"turns":5},{"damage":3,"enemies":"Spheric Guardian","floor":21,"turns":3},{"damage":11,"enemies":"Centurion and Healer","floor":22,"turns":5},{"damage":0,"enemies":"3 Cultists","floor":25,"turns":5},{"damage":4,"enemies":"Chosen and Byrds","floor":27,"turns":4},{"damage":27,"enemies":"Gremlin Leader","floor":29,"turns":4}],"seed_played":"-3542330255439560984","potions_obtained":[{"floor":6.0,"key":"SteroidPotion"},{"floor":7.0,"key":"SneckoOil"},{"floor":10,"key":"SkillPotion"},{"floor":11,"key":"LiquidMemories"},{"floor":12,"key":"PowerPotion"},{"floor":18,"key":"DistilledChaos"}],"is_trial":false,"path_per_floor":["M","$","M","?","$","E","M","M","T","E","M","M","$","?","R","B",null,"M","?","?","M","M","?","R","M","T","M","?","E"],"character_chosen":"THE_SILENT","items_purchased":["TheAbacus"],"campfire_rested":2,"item_purchase_floors":[5],"current_hp_per_floor":[44,44,44,44,44,14,14,14,14,10,10,6,6,6,25,24,56,35,17,17,14,3,3,24,24,24,20,20,0,0],"gold":131,"neow_bonus":"TWO_FIFTY_GOLD","is_daily":false,"chose_seed":false,"campfire_upgraded":0,"win_rate":0.0,"timestamp":1609325455,"path_taken":["M","?","?","?","$","E","M","M","T","E","M","?","$","?","R","BOSS","M","?","?","M","M","?","R","M","T","?","?","E"],"items_purchased_type":["Relic"],"build_version":"2020-12-22","purchased_purges":3,"victory":false,"max_hp_per_floor":[66,66,66,66,66,66,66,66,66,66,66,66,66,66,66,66,66,66,71,71,71,71,71,71,71,71,71,71,71,71],"card_choices":[{"not_picked":["Dodge and Roll","Infinite Blades"],"picked":"Flying Knee","floor":1.0},{"not_picked":["Masterful Stab","Quick Slash"],"picked":"Poisoned Stab","floor":3.0},{"not_picked":["Finisher","Flying Knee"],"picked":"Predator","floor":6.0},{"not_picked":["Outmaneuver","Underhanded Strike"],"picked":"Dagger Throw","floor":7.0},{"not_picked":["Concentrate","Cloak And Dagger","Outmaneuver"],"picked":"SKIP","floor":8.0},{"not_picked":["Choke","Catalyst"],"picked":"Blade Dance","floor":10},{"not_picked":["Finisher","Infinite Blades","Dodge and Roll"],"picked":"SKIP","floor":11},{"not_picked":["Glass Knife","Dodge and Roll","Poisoned Stab"],"picked":"SKIP","floor":12},{"not_picked":["Grand Finale","Envenom"],"picked":"Adrenaline","floor":16},{"not_picked":["Deflect","Acrobatics"],"picked":"Tactician+1","floor":18},{"not_picked":["Deadly Poison","Backstab"],"picked":"Prepared+1","floor":21},{"not_picked":["Deadly Poison","Sucker Punch"],"picked":"Acrobatics","floor":22},{"not_picked":["Acrobatics","Quick Slash+1"],"picked":"Blade Dance+1","floor":25},{"not_picked":["Corpse Explosion","Noxious Fumes"],"picked":"PiercingWail","floor":27}],"player_experience":1072330,"relics_obtained":[{"floor":6.0,"key":"The Courier"},{"floor":9.0,"key":"MawBank"},{"floor":10,"key":"Shuriken"},{"floor":26,"key":"Smiling Mask"}],"event_choices":[{"damage_healed":0.0,"max_hp_gain":0.0,"max_hp_loss":0.0,"gold_gain":0.0,"event_name":"WeMeetAgain","player_choice":"Paid Gold","floor":4.0,"gold_loss":50.0,"damage_taken":0.0,"relics_obtained":["Happy Flower"]},{"damage_healed":0,"gold_gain":0,"player_choice":"Left Gold","damage_taken":0,"max_hp_gain":0,"max_hp_loss":0,"event_name":"World of Goop","floor":14,"gold_loss":36},{"damage_healed":0,"gold_gain":0,"player_choice":"Shed Blood","damage_taken":23,"max_hp_gain":5,"max_hp_loss":0,"event_name":"Forgotten Altar","floor":19,"gold_loss":0},{"damage_healed":0,"gold_gain":0,"player_choice":"Paid Fearfully","damage_taken":0,"max_hp_gain":0,"max_hp_loss":0,"event_name":"Masked Bandits","floor":20,"gold_loss":120},{"cards_removed":["Strike_G"],"damage_healed":0,"gold_gain":0,"player_choice":"Purged","damage_taken":0,"max_hp_gain":0,"max_hp_loss":0,"event_name":"Purifier","floor":23,"gold_loss":0},{"damage_healed":0,"gold_gain":50,"player_choice":"Stole From Cult","damage_taken":0,"max_hp_gain":0,"max_hp_loss":0,"event_name":"Nest","floor":28,"gold_loss":0}],"is_beta":false,"boss_relics":[{"not_picked":["Pandora\u0027s Box","Ring of the Serpent"],"picked":"Black Star"}],"items_purged_floors":[2,5,13],"is_endless":false,"potions_floor_spawned":[6,7,10,11,12,18],"killed_by":"Gremlin Leader","ascension_level":20}}