{"host":"nugqxfgozafdbmsu","time":1609308826,"event":{"mods":["BaseMod","Block Reminder","Highlight Path","Minty Spire (QoL Compilation)","Quick Restart","Relic Stats","Unceasing Turn Reminder","everything is the same but u backflip on backflip"],"gold_per_floor":[112,132,148,28,28,28,28,47,74,94,112,112,142,160,160,260,260,260,260,260,260,260,260,260,260,260,260,260,260,117,117,117,117,117,117,117,117,68,68,68,68,68,68,68,68,68,68,68,68,68],"floor_reached":51,"playtime":4586,"items_purged":["Decay"],"score":769,"play_id":"9790d6b1-3135-4bce-918b-9d3327810e61","local_time":"20201229221346","is_ascension_mode":false,"campfire_choices":[{"data":"Blade Dance","floor":6.0,"key":"SMITH"},{"data":"Neutralize","floor":12.0,"key":"SMITH"},{"data":"Phantasmal Killer","floor":15.0,"key":"SMITH"},{"data":"Envenom","floor":24.0,"key":"SMITH"},{"floor":32.0,"key":"REST"},{"data":"Backflip","floor":40.0,"key":"SMITH"},{"floor":44.0,"key":"REST"},{"floor":46.0,"key":"REST"},{"floor":49.0,"key":"REST"}],"circlet_count":0,"master_deck":["Strike_G","Strike_G","Strike_G","Strike_G+1","Strike_G","Defend_G","Defend_G","Defend_G","Defend_G","Defend_G","Survivor","Neutralize+1","Phantasmal Killer+1","Dagger Spray+1","Calculated Gamble","Finisher+1","Blade Dance+1","Noxious Fumes","Tools of the Trade","Dagger Spray","Flechettes","Bullet Time","Envenom+1","Backflip+1","Blade Dance","Well Laid Plans","Corpse Explosion","Blade Dance+1","Infinite Blades","Footwork+1","PiercingWail+1","Footwork+1","Leg Sweep+1","Writhe","PiercingWail+1","Parasite","PiercingWail"],"relics":["Ring of the Snake","Pen Nib","Odd Mushroom","Anchor","Ectoplasm","Enchiridion","Pantograph","Dream Catcher","Sundial","Matryoshka","Philosopher\u0027s Stone","Tingsha","Nunchaku","Bottled Lightning","MawBank"],"acts_visited":["Exordium","TheCity","TheBeyond"],"potions_floor_usage":[50,50],"damage_taken":[{"damage":5.0,"enemies":"Small Slimes","floor":1.0,"turns":4.0},{"damage":3.0,"enemies":"2 Louse","floor":2.0,"turns":3.0},{"damage":0.0,"enemies":"Jaw Worm","floor":3.0,"turns":4.0},{"damage":0.0,"enemies":"3 Louse","floor":8.0,"turns":1.0},{"damage":0.0,"enemies":"The Mushroom Lair","floor":10.0,"turns":3.0},{"damage":7.0,"enemies":"Exordium Thugs","floor":11.0,"turns":3.0},{"damage":1.0,"enemies":"3 Sentries","floor":13.0,"turns":6.0},{"damage":7.0,"enemies":"Blue Slaver","floor":14.0,"turns":3.0},{"damage":42.0,"enemies":"The Guardian","floor":16.0,"turns":12.0},{"damage":0.0,"enemies":"Chosen","floor":18.0,"turns":2.0},{"damage":0.0,"enemies":"Spheric Guardian","floor":19.0,"turns":3.0},{"damage":0.0,"enemies":"Centurion and Healer","floor":21.0,"turns":2.0},{"damage":0.0,"enemies":"Cultist and Chosen","floor":22.0,"turns":4.0},{"damage":0.0,"enemies":"Gremlin Leader","floor":23.0,"turns":4.0},{"damage":29.0,"enemies":"Book of Stabbing","floor":27.0,"turns":5.0},{"damage":14.0,"enemies":"Snecko","floor":31.0,"turns":5.0},{"damage":0.0,"enemies":"Champ","floor":33.0,"turns":9.0},{"damage":8.0,"enemies":"Orb Walker","floor":35.0,"turns":3.0},{"damage":5.0,"enemies":"3 Shapes","floor":36.0,"turns":4.0},{"damage":29.0,"enemies":"Mind Bloom Boss Battle","floor":37.0,"turns":6.0},{"damage":0.0,"enemies":"3 Darklings","floor":39.0,"turns":2.0},{"damage":14.0,"enemies":"4 Shapes","floor":41.0,"turns":7.0},{"damage":26.0,"enemies":"Sphere and 2 Shapes","floor":42.0,"turns":5.0},{"damage":43.0,"enemies":"Reptomancer","floor":47.0,"turns":6.0},{"damage":0.0,"enemies":"Writhing Mass","floor":48.0,"turns":7.0},{"damage":59,"enemies":"Awakened One","floor":50,"turns":12}],"seed_played":"-4096930249391369512","potions_obtained":[{"floor":2.0,"key":"Explosive Potion"},{"floor":8.0,"key":"Regen Potion"},{"floor":14.0,"key":"Regen Potion"},{"floor":16.0,"key":"GhostInAJar"},{"floor":22.0,"key":"Weak Potion"},{"floor":27.0,"key":"LiquidMemories"},{"floor":33.0,"key":"PowerPotion"},{"floor":36.0,"key":"Swift Potion"},{"floor":47.0,"key":"PowerPotion"},{"floor":48.0,"key":"PowerPotion"}],"is_trial":false,"path_per_floor":["M","M","M","$","?","R","?","M","T","?","M","R","E","M","R","B",null,"M","M","?","M","M","E","R","T","T","E","?","?","$","M","R","B",null,"M","M","?","$","M","R","M","M","T","R","?","R","E","M","R","B",null],"character_chosen":"THE_SILENT","items_purchased":["Blade Dance","Noxious Fumes","Infinite Blades","Block Potion"],"campfire_rested":4,"item_purchase_floors":[4,4,30,38],"current_hp_per_floor":[65,62,62,62,62,62,48,48,48,48,41,41,40,33,33,40,70,70,70,54,54,54,54,54,54,54,25,25,25,25,11,32,57,70,62,57,41,41,41,41,27,1,1,22,40,61,18,18,39,5],"gold":68,"neow_bonus":"ONE_RANDOM_RARE_CARD","is_daily":false,"chose_seed":false,"campfire_upgraded":5,"win_rate":0.0,"timestamp":1609308826,"path_taken":["M","M","M","$","?","R","?","M","T","?","M","R","E","M","R","BOSS","M","M","?","M","M","E","R","?","T","E","?","?","$","M","R","BOSS","M","M","?","$","M","R","M","M","T","R","?","R","E","M","R","BOSS"],"items_purchased_type":["Card","Card","Card","Potion"],"build_version":"2020-12-22","purchased_purges":1,"victory":true,"max_hp_per_floor":[70,70,70,70,70,70,70,70,70,70,70,70,70,70,70,70,70,70,70,70,70,70,70,70,70,70,70,70,70,70,70,70,70,70,70,70,70,70,70,70,70,70,70,70,70,70,70,70,70,70],"relic_stats":{"Dream Catcher":4,"Nunchaku":[10],"counters":[26,125],"Sundial":[6],"Pantograph":63,"Tingsha":[69],"Pen Nib":[38],"Ectoplasm":571,"MawBank":0,"obtain_stats":[{"Enchiridion":20,"Tingsha":37,"Pen Nib":9,"Odd Mushroom":10,"MawBank":47,"Anchor":13,"Dream Catcher":25,"Nunchaku":43,"Matryoshka":27,"Sundial":26,"Pantograph":23,"Philosopher\u0027s Stone":34,"Ectoplasm":17,"Bottled Lightning":43,"Ring of the Snake":0},{"Enchiridion":11,"Tingsha":20,"Pen Nib":4,"Odd Mushroom":5,"MawBank":24,"Anchor":7,"Dream Catcher":14,"Nunchaku":23,"Matryoshka":15,"Sundial":14,"Pantograph":14,"Philosopher\u0027s Stone":17,"Ectoplasm":9,"Bottled Lightning":23,"Ring of the Snake":0},{"Enchiridion":44,"Tingsha":86,"Pen Nib":12,"Odd Mushroom":15,"MawBank":106,"Anchor":24,"Dream Catcher":54,"Nunchaku":100,"Matryoshka":59,"Sundial":54,"Pantograph":54,"Philosopher\u0027s Stone":73,"Ectoplasm":39,"Bottled Lightning":100,"Ring of the Snake":0}],"Ring of the Snake":[52]},"card_choices":[{"not_picked":["Bouncing Flask","Bane"],"picked":"Dagger Spray","floor":1.0},{"not_picked":["Acrobatics","Bane"],"picked":"Calculated Gamble","floor":2.0},{"not_picked":["Prepared","Dodge and Roll"],"picked":"Finisher","floor":3.0},{"not_picked":["Underhanded Strike","Endless Agony"],"picked":"Tools of the Trade","floor":8.0},{"not_picked":["Deadly Poison","Dagger Throw"],"picked":"Dagger Spray","floor":10.0},{"not_picked":["Acrobatics","Deadly Poison","Dagger Spray"],"picked":"SKIP","floor":11.0},{"not_picked":["Bouncing Flask","Deadly Poison"],"picked":"Flechettes","floor":13.0},{"not_picked":["Blade Dance","Reflex"],"picked":"Bullet Time","floor":14.0},{"not_picked":["Bullet Time","Phantasmal Killer"],"picked":"Envenom","floor":16.0},{"not_picked":["Blade Dance","Backstab"],"picked":"Backflip","floor":18.0},{"not_picked":["Prepared","Crippling Poison"],"picked":"Blade Dance","floor":19.0},{"not_picked":["Slice","Deadly Poison"],"picked":"Well Laid Plans","floor":21.0},{"not_picked":["Deadly Poison","Underhanded Strike"],"picked":"Corpse Explosion","floor":22.0},{"not_picked":["Poisoned Stab+1","Acrobatics","Escape Plan"],"picked":"SKIP","floor":23.0},{"not_picked":["Slice","All Out Attack"],"picked":"Blade Dance+1","floor":27.0},{"not_picked":["Backstab+1","Acrobatics"],"picked":"Footwork+1","floor":31.0},{"not_picked":["Underhanded Strike+1","Backstab+1"],"picked":"PiercingWail+1","floor":35.0},{"not_picked":["Terror+1","Crippling Poison","Backstab"],"picked":"SKIP","floor":36.0},{"not_picked":["Dagger Spray","Blur+1"],"picked":"Footwork+1","floor":37.0},{"not_picked":["Dagger Throw+1","Crippling Poison","Acrobatics"],"picked":"SKIP","floor":39.0},{"not_picked":["Escape Plan+1","Corpse Explosion","Outmaneuver+1"],"picked":"SKIP","floor":41.0},{"not_picked":["Dagger Throw+1","Flying Knee","Deflect+1"],"picked":"SKIP","floor":42.0},{"not_picked":["Masterful Stab","Quick Slash+1"],"picked":"Leg Sweep+1","floor":44.0},{"not_picked":["Dodge and Roll+1","Escape Plan+1"],"picked":"PiercingWail+1","floor":47.0},{"not_picked":["Blade Dance","Terror"],"picked":"PiercingWail","floor":48.0}],"player_experience":31720,"relics_obtained":[{"floor":9.0,"key":"Pen Nib"},{"floor":10.0,"key":"Odd Mushroom"},{"floor":13.0,"key":"Anchor"},{"floor":20.0,"key":"Enchiridion"},{"floor":23.0,"key":"Pantograph"},{"floor":25.0,"key":"Dream Catcher"},{"floor":26.0,"key":"Sundial"},{"floor":27.0,"key":"Matryoshka"},{"floor":37.0,"key":"Tingsha"},{"floor":43.0,"key":"Nunchaku"},{"floor":43.0,"key":"Bottled Lightning"},{"floor":47.0,"key":"MawBank"}],"event_choices":[{"damage_healed":0.0,"max_hp_gain":0.0,"max_hp_loss":0.0,"gold_gain":0.0,"event_name":"Living Wall","player_choice":"Grow","floor":5.0,"gold_loss":0.0,"damage_taken":0.0,"cards_upgraded":["Finisher"]},{"damage_healed":0.0,"max_hp_gain":0.0,"max_hp_loss":0.0,"gold_gain":0.0,"event_name":"Shining Light","player_choice":"Entered Light","floor":7.0,"gold_loss":0.0,"damage_taken":14.0,"cards_upgraded":["Strike_G","Dagger Spray"]},{"damage_healed":0.0,"max_hp_gain":0.0,"max_hp_loss":0.0,"gold_gain":0.0,"event_name":"Mushrooms","player_choice":"Fought Mushrooms","floor":10.0,"gold_loss":0.0,"damage_taken":0.0},{"damage_healed":0.0,"max_hp_gain":0.0,"max_hp_loss":0.0,"gold_gain":0.0,"event_name":"Cursed Tome","player_choice":"Obtained Book","floor":20.0,"gold_loss":0.0,"damage_taken":16.0},{"damage_healed":0.0,"max_hp_gain":0.0,"max_hp_loss":0.0,"gold_gain":0.0,"event_name":"Vampires","player_choice":"Ignored","floor":28.0,"gold_loss":0.0,"damage_taken":0.0},{"damage_healed":0.0,"max_hp_gain":0.0,"max_hp_loss":0.0,"gold_gain":0.0,"event_name":"Forgotten Altar","player_choice":"Smashed Altar","floor":29.0,"gold_loss":0.0,"damage_taken":0.0,"cards_obtained":["Decay"]},{"damage_healed":0.0,"max_hp_gain":0.0,"max_hp_loss":0.0,"gold_gain":0.0,"event_name":"MindBloom","player_choice":"Fight","floor":37.0,"gold_loss":0.0,"damage_taken":0.0},{"damage_healed":18.0,"max_hp_gain":0.0,"max_hp_loss":0.0,"gold_gain":0.0,"event_name":"Winding Halls","player_choice":"Writhe","floor":45.0,"gold_loss":0.0,"damage_taken":0.0,"cards_obtained":["Writhe"]}],"is_beta":false,"boss_relics":[{"not_picked":["Runic Dome","Snecko Eye"],"picked":"Ectoplasm"},{"not_picked":["Velvet Choker","Ring of the Serpent"],"picked":"Philosopher\u0027s Stone"}],"items_purged_floors":[30],"is_endless":false,"potions_floor_spawned":[2,8,14,16,22,27,33,36,39,47,48],"ascension_level":0}}