{"host":"foq4mrde4mssg7vt","time":1609351159,"event":{"mods":["AchievementEnabler","BaseMod","Colored Map","Colored Powertips","Highlight Path","Minty Spire (QoL Compilation)","Relic Stats","everything is the same but u backflip on backflip"],"gold_per_floor":[119,119,136,155,155,173,173,204,227,227,117,117,133,107,107,209,209,221,221,231,281,296,296,321,331,331,331,331,19,19,19,19,118,118,129,146,146,156,156,156,191,191,239,269,287,315,315,365,365,365,365,365,69,102,102],"floor_reached":56,"playtime":3130,"items_purged":["Strike_B"],"score":1862,"play_id":"d099e028-8f03-463c-8979-cfeaa1d25829","local_time":"20201231015919","is_ascension_mode":true,"campfire_choices":[{"data":"Dualcast","floor":7.0,"key":"SMITH"},{"data":"Go for the Eyes","floor":15.0,"key":"SMITH"},{"data":"Defragment","floor":23.0,"key":"SMITH"},{"floor":27,"key":"REST"},{"data":"Stack","floor":32,"key":"SMITH"},{"data":"Fission","floor":40,"key":"SMITH"},{"data":"Coolheaded","floor":42,"key":"SMITH"},{"floor":47,"key":"RECALL"},{"data":"Force Field","floor":49,"key":"SMITH"},{"data":"Darkness","floor":52,"key":"SMITH"}],"circlet_count":0,"master_deck":["AscendersBane","Defend_B","Defend_B","Defend_B","Defend_B","Zap","Dualcast+1","Turbo","Rebound","Ball Lightning","Sweeping Beam","Defragment+1","Defragment+1","Genetic Algorithm","Go for the Eyes+1","Electrodynamics","Darkness+1","Stack+1","Cold Snap","Core Surge","Force Field+1","Lockon","Fission+1","Coolheaded+1","Loop+1","Glacier","Echo Form"],"relics":["Runic Pyramid","Strawberry","Potion Belt","Centennial Puzzle","Nuclear Battery","Blood Vial","Symbiotic Virus","Prayer Wheel","DataDisk","Velvet Choker","Girya","Art of War","Bottled Tornado","InkBottle","Unceasing Top","Runic Capacitor","Mercury Hourglass"],"acts_visited":["Exordium","TheCity","TheBeyond","TheEnding"],"potions_floor_usage":[25,33,38,38,41,44,55,55,55,55],"damage_taken":[{"damage":0.0,"enemies":"Cultist","floor":1.0,"turns":4.0},{"damage":2.0,"enemies":"Jaw Worm","floor":3.0,"turns":4.0},{"damage":0.0,"enemies":"2 Louse","floor":4.0,"turns":3.0},{"damage":5.0,"enemies":"2 Fungi Beasts","floor":6.0,"turns":4.0},{"damage":15.0,"enemies":"Lagavulin","floor":8.0,"turns":7.0},{"damage":14.0,"enemies":"Red Slaver","floor":13.0,"turns":3.0},{"damage":9.0,"enemies":"The Guardian","floor":16.0,"turns":10.0},{"damage":0.0,"enemies":"Chosen","floor":18.0,"turns":4.0},{"damage":1.0,"enemies":"Spheric Guardian","floor":20.0,"turns":3.0},{"damage":0.0,"enemies":"Centurion and Healer","floor":22.0,"turns":5.0},{"damage":28.0,"enemies":"Slavers","floor":24.0,"turns":3.0},{"damage":17,"enemies":"Snake Plant","floor":25,"turns":4},{"damage":21,"enemies":"Collector","floor":33,"turns":9},{"damage":2,"enemies":"Orb Walker","floor":35,"turns":4},{"damage":8,"enemies":"3 Darklings","floor":36,"turns":3},{"damage":18,"enemies":"4 Shapes","floor":38,"turns":5},{"damage":5,"enemies":"Nemesis","floor":41,"turns":7},{"damage":10,"enemies":"Giant Head","floor":44,"turns":11},{"damage":4,"enemies":"Writhing Mass","floor":45,"turns":7},{"damage":0,"enemies":"Nemesis","floor":46,"turns":11},{"damage":0,"enemies":"Mind Bloom Boss Battle","floor":48,"turns":9},{"damage":11,"enemies":"Time Eater","floor":50,"turns":21},{"damage":31,"enemies":"Shield and Spear","floor":54,"turns":11},{"damage":45,"enemies":"The Heart","floor":55,"turns":11}],"seed_played":"-6788826854677355234","potions_obtained":[{"floor":3.0,"key":"Explosive Potion"},{"floor":4.0,"key":"SpeedPotion"},{"floor":20.0,"key":"GamblersBrew"},{"floor":22.0,"key":"SteroidPotion"},{"floor":33,"key":"BlessingOfTheForge"},{"floor":35,"key":"Block Potion"},{"floor":36,"key":"PowerPotion"},{"floor":38,"key":"SteroidPotion"},{"floor":46,"key":"BlessingOfTheForge"},{"floor":48,"key":"Fire Potion"}],"is_trial":false,"path_per_floor":["M","?","M","M","?","M","R","E","T","?","$","?","M","$","R","B",null,"M","?","M","?","M","R","E","M","T","R","?","$","?","T","R","B",null,"M","M","?","M","?","R","E","R","T","E","M","E","R","?","R","B",null,"R","$","E","B",null],"character_chosen":"DEFECT","items_purchased":["Defragment","Go for the Eyes","Cold Snap","Prayer Wheel","Runic Capacitor","PotionOfCapacity","Regen Potion"],"campfire_rested":1,"item_purchase_floors":[11,14,29,29,53,53,53],"current_hp_per_floor":[68,63,61,61,66,61,61,46,46,46,46,46,32,32,32,23,71,71,71,70,70,70,70,42,27,27,53,53,53,53,53,53,34,74,74,68,68,52,52,52,49,49,49,41,39,41,41,43,43,34,74,74,74,45,17],"gold":102,"neow_bonus":"BOSS_RELIC","is_daily":false,"chose_seed":false,"campfire_upgraded":8,"win_rate":0.0,"timestamp":1609351159,"path_taken":["M","?","M","M","?","M","R","E","T","?","$","?","?","?","R","BOSS","M","?","?","?","?","R","E","M","T","R","?","$","?","?","R","BOSS","M","?","?","M","?","R","E","R","T","E","M","E","R","?","R","BOSS","R","$","E","BOSS"],"items_purchased_type":["Card","Card","Card","Relic","Relic","Potion","Potion"],"build_version":"2020-12-22","purchased_purges":1,"victory":true,"max_hp_per_floor":[75,82,82,82,87,87,87,87,87,87,87,87,87,87,87,87,87,87,87,87,87,87,87,87,87,87,87,87,87,87,87,87,87,87,87,87,87,87,87,87,87,87,87,87,87,87,87,87,87,87,87,87,87,87,87],"relic_stats":{"Blood Vial":26,"Centennial Puzzle":[44],"counters":[24,163],"Prayer Wheel":4,"Art of War":[30],"obtain_stats":[{"Potion Belt":8,"Girya":41,"Velvet Choker":34,"Runic Capacitor":53,"Bottled Tornado":44,"Nuclear Battery":17,"Mercury Hourglass":54,"Blood Vial":24,"Centennial Puzzle":9,"DataDisk":31,"Strawberry":2,"Prayer Wheel":29,"Art of War":43,"Cracked Core":0,"Symbiotic Virus":28,"InkBottle":46,"Unceasing Top":48,"Runic Pyramid":0},{"Potion Belt":5,"Girya":17,"Velvet Choker":13,"Runic Capacitor":22,"Bottled Tornado":18,"Nuclear Battery":7,"Mercury Hourglass":23,"Blood Vial":11,"Centennial Puzzle":5,"DataDisk":12,"Strawberry":1,"Prayer Wheel":12,"Art of War":17,"Cracked Core":0,"Symbiotic Virus":12,"InkBottle":20,"Unceasing Top":21,"Runic Pyramid":0},{"Potion Belt":22,"Girya":82,"Velvet Choker":63,"Runic Capacitor":141,"Bottled Tornado":93,"Nuclear Battery":35,"Mercury Hourglass":152,"Blood Vial":50,"Centennial Puzzle":22,"DataDisk":54,"Strawberry":4,"Prayer Wheel":54,"Art of War":82,"Cracked Core":0,"Symbiotic Virus":54,"InkBottle":111,"Unceasing Top":120,"Runic Pyramid":0}],"InkBottle":[14],"Unceasing Top":[0],"Mercury Hourglass":[33]},"card_choices":[{"not_picked":["Stack","Hologram"],"picked":"Turbo","floor":1.0},{"not_picked":["Redo","Fission"],"picked":"Rebound","floor":3.0},{"not_picked":["Cold Snap","BootSequence"],"picked":"Ball Lightning","floor":4.0},{"not_picked":["Conserve Battery","Steam"],"picked":"Sweeping Beam","floor":6.0},{"not_picked":["Capacitor","Rebound"],"picked":"Defragment","floor":8.0},{"not_picked":["BootSequence","Skim"],"picked":"Genetic Algorithm","floor":13.0},{"not_picked":["Creative AI","Reboot"],"picked":"Electrodynamics","floor":16.0},{"not_picked":["Steam","Scrape","Storm"],"picked":"SKIP","floor":18.0},{"not_picked":["Barrage","Sweeping Beam"],"picked":"Stack","floor":20.0},{"not_picked":["Stack","Turbo","Hyperbeam"],"picked":"SKIP","floor":22.0},{"not_picked":["Chaos","Stack","Consume+1"],"picked":"SKIP","floor":24},{"not_picked":["Go for the Eyes","Rebound","Darkness"],"picked":"SKIP","floor":25},{"not_picked":["Amplify","Buffer"],"picked":"Core Surge","floor":33},{"not_picked":["Sweeping Beam+1","Scrape"],"picked":"Force Field","floor":35},{"not_picked":["Auto Shields+1","Turbo","Genetic Algorithm"],"picked":"SKIP","floor":35},{"not_picked":["Ball Lightning","Sweeping Beam+1"],"picked":"Lockon","floor":36},{"not_picked":["Steam","Hologram","Compile Driver"],"picked":"SKIP","floor":36},{"not_picked":["Skim","Coolheaded"],"picked":"Fission","floor":38},{"not_picked":["Heatsinks","Ball Lightning+1"],"picked":"Coolheaded","floor":38},{"not_picked":["Sunder","Auto Shields+1"],"picked":"Loop+1","floor":41},{"not_picked":["Coolheaded","Storm"],"picked":"Glacier","floor":44},{"not_picked":["Beam Cell","Leap","Streamline+1"],"picked":"SKIP","floor":45},{"not_picked":["Cold Snap","Scrape","Stack"],"picked":"SKIP","floor":45},{"not_picked":["Beam Cell","Leap","Streamline+1"],"picked":"SKIP","floor":45},{"not_picked":["Cold Snap","Scrape","Stack"],"picked":"SKIP","floor":45},{"not_picked":["Consume","Gash"],"picked":"Echo Form","floor":46},{"not_picked":["Barrage","Stack+1","Sweeping Beam+1"],"picked":"SKIP","floor":54}],"player_experience":324722,"relics_obtained":[{"floor":8.0,"key":"Potion Belt"},{"floor":9.0,"key":"Centennial Puzzle"},{"floor":24,"key":"Blood Vial"},{"floor":31,"key":"DataDisk"},{"floor":41,"key":"Girya"},{"floor":43,"key":"Art of War"},{"floor":44,"key":"Bottled Tornado"},{"floor":46,"key":"InkBottle"},{"floor":48,"key":"Unceasing Top"},{"floor":54,"key":"Mercury Hourglass"}],"event_choices":[{"damage_healed":0.0,"max_hp_gain":0.0,"max_hp_loss":0.0,"gold_gain":0.0,"event_name":"Scrap Ooze","player_choice":"Success","floor":2.0,"gold_loss":0.0,"damage_taken":12.0,"relics_obtained":["Strawberry"]},{"damage_healed":0.0,"max_hp_gain":5.0,"max_hp_loss":0.0,"gold_gain":0.0,"event_name":"Big Fish","player_choice":"Donut","floor":5.0,"gold_loss":0.0,"damage_taken":0.0},{"damage_healed":0.0,"max_hp_gain":0.0,"max_hp_loss":0.0,"gold_gain":0.0,"event_name":"Living Wall","player_choice":"Grow","floor":10.0,"gold_loss":0.0,"damage_taken":0.0,"cards_upgraded":["Defragment"]},{"cards_removed":["Strike_B"],"damage_healed":0.0,"max_hp_gain":0.0,"max_hp_loss":0.0,"gold_gain":0.0,"event_name":"Bonfire Elementals","player_choice":"Offered Basic","floor":12.0,"gold_loss":0.0,"damage_taken":0.0},{"damage_healed":0.0,"max_hp_gain":0.0,"max_hp_loss":0.0,"gold_gain":0.0,"cards_transformed":["Strike_B"],"event_name":"Transmorgrifier","player_choice":"Transformed","floor":19.0,"gold_loss":0.0,"damage_taken":0.0,"cards_obtained":["Darkness"]},{"damage_healed":0.0,"max_hp_gain":0.0,"max_hp_loss":0.0,"gold_gain":100.0,"event_name":"The Joust","player_choice":"Bet on Murderer","floor":21.0,"gold_loss":50.0,"damage_taken":0.0},{"damage_healed":0,"gold_gain":0,"player_choice":"Opened","damage_taken":0,"relics_obtained":["Symbiotic Virus"],"max_hp_gain":0,"max_hp_loss":0,"event_name":"The Mausoleum","floor":28,"gold_loss":0},{"damage_healed":0,"gold_gain":0,"player_choice":"Ignored","damage_taken":0,"max_hp_gain":0,"max_hp_loss":0,"event_name":"Tomb of Lord Red Mask","floor":37,"gold_loss":0},{"cards_removed":["Strike_B"],"damage_healed":0,"gold_gain":0,"player_choice":"Removed Attack","damage_taken":0,"max_hp_gain":0,"max_hp_loss":0,"event_name":"Falling","floor":39,"gold_loss":0},{"damage_healed":0,"gold_gain":0,"player_choice":"Fight","damage_taken":0,"max_hp_gain":0,"max_hp_loss":0,"event_name":"MindBloom","floor":48,"gold_loss":0}],"is_beta":false,"boss_relics":[{"not_picked":["Philosopher\u0027s Stone","Astrolabe"],"picked":"Nuclear Battery"},{"not_picked":["Empty Cage","Coffee Dripper"],"picked":"Velvet Choker"}],"items_purged_floors":[11],"is_endless":false,"potions_floor_spawned":[3,4,20,22,33,35,36,38,46,48],"ascension_level":12}}