{"host":"7xrfhfoo16q2v8hj","time":1609315494,"event":{"mods":["Aspiration","BaseMod","BetterRewards","Colored Map","Colored Powertips","Conspire","DeckTracker","Highlight Path","Infinite Spire","Minty Spire (QoL Compilation)","Shop Mod","StSLib","SuperFastMode"],"gold_per_floor":[116,131,131,131,148,148,180,180,180,180,210,210,241,23,23,122,122,109,109,129,129,33,66,66,79,104,104,104],"floor_reached":27,"playtime":1136,"items_purged":[],"score":374,"play_id":"11df5a52-12ed-4bf1-ac17-8c07daec3d03","local_time":"20201230020454","is_ascension_mode":true,"campfire_choices":[{"data":"Defragment","floor":6,"key":"SMITH"},{"data":"Fission","floor":10,"key":"SMITH"},{"floor":15,"key":"REST"}],"circlet_count":0,"master_deck":["conspire:GhostlyStrike","conspire:GhostlyStrike","conspire:GhostlyStrike","conspire:GhostlyStrike","conspire:GhostlyDefend","conspire:GhostlyDefend","conspire:GhostlyDefend","conspire:GhostlyDefend","Zap","Dualcast","Sweeping Beam","Defragment+1","Compile Driver","Fission+1","Leap","Stack","Chill","Leap","Rip and Tear","Compile Driver","Coolheaded","Rainbow","Coolheaded+1","Doubt","infinitespire:UltimateForm","Thunder Strike","Doom and Gloom","Coolheaded","Electrodynamics","Glacier+1","conspire:Blindness"],"relics":["Cracked Core","NeowsBlessing","Mummified Hand","FossilizedHelix","Darkstone Periapt","Nunchaku","Dream Catcher","Cursed Key","conspire:TopHat","Oddly Smooth Stone"],"acts_visited":["Exordium","TheCity"],"potions_floor_usage":[11,16,18,23,27,27],"damage_taken":[{"damage":0,"enemies":"2 Louse","floor":1,"turns":1},{"damage":0,"enemies":"conspire:RoseBush","floor":2,"turns":1},{"damage":0,"enemies":"Jaw Worm","floor":5,"turns":1},{"damage":26,"enemies":"Lagavulin","floor":7,"turns":5},{"damage":0,"enemies":"Gremlin Nob","floor":11,"turns":3},{"damage":29,"enemies":"3 Sentries","floor":13,"turns":12},{"damage":26,"enemies":"The Guardian","floor":16,"turns":10},{"damage":14,"enemies":"2 Thieves","floor":18,"turns":4},{"damage":14,"enemies":"conspire:FuzzyDice","floor":20,"turns":7},{"damage":44,"enemies":"Nightmare","floor":23,"turns":11},{"damage":8,"enemies":"Snake Plant","floor":25,"turns":4},{"damage":21,"enemies":"Gremlin Leader","floor":27,"turns":4}],"seed_played":"1862780673865229394","potions_obtained":[{"floor":1,"key":"Ancient Potion"},{"floor":5,"key":"Fire Potion"},{"floor":11,"key":"Weak Potion"},{"floor":16,"key":"PowerPotion"},{"floor":23,"key":"GamblersBrew"},{"floor":25,"key":"Swift Potion"}],"is_trial":false,"path_per_floor":["M","M","?","?","M","R","E","?","T","R","E","?","E","$","R","B",null,"M","?","M","?","$","NM","?","M","T","E"],"character_chosen":"DEFECT","items_purchased":["Chill","Leap","Rip and Tear","Compile Driver","Doom and Gloom","Coolheaded"],"campfire_rested":1,"item_purchase_floors":[14,14,14,14,22,22],"current_hp_per_floor":[75,75,75,75,75,75,49,49,49,49,49,49,20,20,42,16,75,61,73,59,59,59,15,15,7,13,0,0],"gold":104,"neow_bonus":"THREE_ENEMY_KILL","is_daily":false,"chose_seed":false,"campfire_upgraded":2,"win_rate":0.0,"timestamp":1609315494,"path_taken":["M","M","?","?","?","R","E","?","T","R","E","?","E","?","R","BOSS","M","?","M","?","$","NM","?","M","T","E"],"items_purchased_type":["Card","Card","Card","Card","Card","Card"],"build_version":"2020-12-22","purchased_purges":0,"victory":false,"max_hp_per_floor":[75,75,75,75,75,75,75,75,75,75,75,75,75,75,75,75,75,75,87,87,87,87,87,87,87,93,93,93],"card_choices":[{"not_picked":["Conserve Battery","Beam Cell"],"picked":"Sweeping Beam","floor":1},{"not_picked":["Self Repair","Redo"],"picked":"Defragment","floor":2},{"not_picked":["Go for the Eyes","Force Field"],"picked":"Compile Driver","floor":5},{"not_picked":["Leap","Steam"],"picked":"Fission","floor":7},{"not_picked":["FTL","Force Field"],"picked":"Leap","floor":11},{"not_picked":["Barrage","Redo"],"picked":"Stack","floor":13},{"not_picked":["Compile Driver","BootSequence"],"picked":"Coolheaded","floor":15},{"not_picked":["Amplify","Reboot"],"picked":"Rainbow","floor":16},{"not_picked":["Reinforced Body","Barrage+1"],"picked":"Coolheaded+1","floor":18},{"not_picked":["infinitespire:FutureSight","infinitespire:Menacing"],"picked":"infinitespire:UltimateForm","floor":19},{"not_picked":["Conserve Battery","Double Energy"],"picked":"Thunder Strike","floor":20},{"not_picked":["Fission","Recycle"],"picked":"Electrodynamics","floor":23},{"not_picked":["Double Energy+1","Reinforced Body"],"picked":"Glacier+1","floor":25}],"player_experience":543386,"relics_obtained":[{"floor":4,"key":"Mummified Hand"},{"floor":7,"key":"FossilizedHelix"},{"floor":9,"key":"Darkstone Periapt"},{"floor":11,"key":"Nunchaku"},{"floor":13,"key":"Dream Catcher"},{"floor":23,"key":"conspire:TopHat"},{"floor":26,"key":"Oddly Smooth Stone"}],"event_choices":[{"damage_healed":0,"gold_gain":0,"player_choice":"Leave","damage_taken":0,"max_hp_gain":0,"max_hp_loss":0,"event_name":"conspire:Investor","floor":8,"gold_loss":0},{"damage_healed":0,"gold_gain":0,"player_choice":"Agree","damage_taken":0,"max_hp_gain":0,"max_hp_loss":0,"event_name":"conspire:LoneGhost","floor":12,"gold_loss":0},{"damage_healed":0,"gold_gain":0,"player_choice":"Ignored","damage_taken":0,"max_hp_gain":0,"max_hp_loss":0,"event_name":"Ghosts","floor":21,"gold_loss":0},{"cards_removed":["Doubt"],"damage_healed":0,"gold_gain":0,"player_choice":"Elegance","damage_taken":0,"max_hp_gain":0,"max_hp_loss":0,"event_name":"Back to Basics","floor":24,"gold_loss":0}],"is_beta":false,"boss_relics":[{"not_picked":["aspiration:RunicSpoon","aspiration:WatcherSkillbook"],"picked":"Cursed Key"}],"items_purged_floors":[],"is_endless":true,"potions_floor_spawned":[1,5,11,16,23,25],"killed_by":"Gremlin Leader","ascension_level":2}}