{"host":"ln38befi3ugo1bsw","time":1609294735,"event":{"mods":["BaseMod","BetterRewards","Colored Map","Colored Powertips","Downfall","Hermit","Jorbs\u0027s Wanderer Trilogy","Lobotomy","Minty Spire (QoL Compilation)","READ ME - Guardian Mod","READ ME - Snecko Mod","StSLib","SuperFastMode","The Cursed","The Disciple","The Hierophant","The Servant 0.9.4"],"gold_per_floor":[114,133,133,308,328,328,355,324,324,324,324,344,355,325,325,425,425,440,183,183,193,193,193,207,227,250,263,276,276,305,322,322,423,423,433,443,229,277,55,55,85,85,85,103,103,103],"floor_reached":45,"playtime":3267,"items_purged":["Doubt"],"score":515,"play_id":"d90c3952-445c-444c-89de-6b17ccbd52e3","local_time":"20201229211855","is_ascension_mode":false,"campfire_choices":[{"floor":6,"key":"REST"},{"floor":10,"key":"REST"},{"floor":15,"key":"REST"},{"data":"Crippling Poison","floor":23,"key":"SMITH"},{"floor":29,"key":"REST"},{"data":"Eviscerate","floor":32,"key":"SMITH"},{"floor":40,"key":"REST"}],"circlet_count":0,"master_deck":["Survivor","Neutralize","Escape Plan","Footwork","Outmaneuver","Dagger Spray","Well Laid Plans","Outmaneuver","Bouncing Flask+1","Malaise","Bane","Predator","Blade Dance","Die Die Die","Eviscerate+1","Masterful Stab","Blur","Crippling Poison+1","Leg Sweep","Heel Hook","Flying Knee","Leg Sweep","Crippling Poison","Dagger Throw","Deflect+1","Catalyst+1","All Out Attack+1","Distraction+1","Bouncing Flask+1","Cloak And Dagger+1","Phantasmal Killer","CurseOfTheBell","Doppelganger","Footwork+1","Catalyst","Dagger Throw+1","Accuracy+1","Bane+1","Acrobatics+1","Backflip+1","Adrenaline","Crippling Poison+1","Pain","Eviscerate"],"relics":["Snecko Eye","CaptainsWheel","Kunai","Ice Cream","Pandora\u0027s Box","Bag of Marbles","MealTicket","Potion Belt","Ginger","Calling Bell","War Paint","Ornamental Fan","TungstenRod","Orrery","Bird Faced Urn","Strange Spoon","Ninja Scroll","WarpedTongs","Bronze Scales"],"acts_visited":["Exordium","TheCity","TheBeyond"],"potions_floor_usage":[7,16,16,28,30,35,35,38],"damage_taken":[{"damage":2,"enemies":"Small Slimes","floor":1,"turns":4},{"damage":8,"enemies":"2 Louse","floor":2,"turns":5},{"damage":0,"enemies":"Jaw Worm","floor":5,"turns":4},{"damage":54,"enemies":"3 Sentries","floor":7,"turns":20},{"damage":10,"enemies":"Red Slaver","floor":12,"turns":8},{"damage":1,"enemies":"Exordium Thugs","floor":13,"turns":9},{"damage":0,"enemies":"Looter","floor":14,"turns":4},{"damage":34,"enemies":"Hexaghost","floor":16,"turns":10},{"damage":13,"enemies":"3 Byrds","floor":18,"turns":3},{"damage":6,"enemies":"Chosen","floor":21,"turns":4},{"damage":0,"enemies":"3 Cultists","floor":24,"turns":3},{"damage":1,"enemies":"Snake Plant","floor":25,"turns":4},{"damage":1,"enemies":"Chosen and Byrds","floor":27,"turns":4},{"damage":4,"enemies":"Shelled Parasite and Fungi","floor":28,"turns":3},{"damage":0,"enemies":"Gremlin Leader","floor":30,"turns":4},{"damage":0,"enemies":"Snecko","floor":31,"turns":4},{"damage":38,"enemies":"Champ","floor":33,"turns":10},{"damage":20,"enemies":"3 Darklings","floor":35,"turns":4},{"damage":0,"enemies":"3 Shapes","floor":36,"turns":4},{"damage":31,"enemies":"2 Orb Walkers","floor":38,"turns":7},{"damage":52,"enemies":"Reptomancer","floor":41,"turns":5},{"damage":14,"enemies":"Writhing Mass","floor":44,"turns":3},{"damage":5,"enemies":"Jaw Worm Horde","floor":45,"turns":1}],"seed_played":"3564028171665227005","potions_obtained":[{"floor":1,"key":"SneckoOil"},{"floor":7,"key":"Ancient Potion"},{"floor":12,"key":"Weak Potion"},{"floor":13,"key":"PowerPotion"},{"floor":21,"key":"DistilledChaos"},{"floor":25,"key":"Explosive Potion"},{"floor":27,"key":"PowerPotion"},{"floor":31,"key":"champ:CounterPotion"},{"floor":35,"key":"DuplicationPotion"},{"floor":44,"key":"Fire Potion"}],"is_trial":false,"path_per_floor":["M","M","?","?","M","R","E","?","T","R","?","M","M","M","R","B",null,"M","$","?","M","?","R","M","M","T","M","M","R","E","M","R","B",null,"M","M","$","?","$","R","E","?","T","M","M"],"character_chosen":"THE_SILENT","items_purchased":["Bag of Marbles","Leg Sweep","Catalyst","Orrery","Strange Spoon","Adrenaline"],"campfire_rested":5,"item_purchase_floors":[19,19,37,37,39,39],"current_hp_per_floor":[68,60,53,53,53,70,16,16,16,37,37,27,26,26,47,13,70,57,57,57,51,51,51,51,50,50,49,45,66,66,66,66,28,70,50,50,65,34,49,70,18,18,18,4,0,0],"gold":103,"neow_bonus":"BOSS_RELIC","is_daily":false,"chose_seed":false,"campfire_upgraded":2,"win_rate":0.0,"timestamp":1609294735,"path_taken":["M","M","?","?","M","R","E","?","T","R","?","M","M","M","R","BOSS","M","$","?","M","?","R","M","M","T","?","M","R","E","M","R","BOSS","M","M","$","?","$","R","E","?","T","M","?"],"items_purchased_type":["Relic","Card","Card","Relic","Relic","Card"],"build_version":"2020-12-22","purchased_purges":1,"victory":false,"max_hp_per_floor":[70,70,70,70,70,70,70,70,70,70,70,70,70,70,70,70,70,70,70,70,70,70,70,70,70,70,70,70,70,70,70,70,70,70,70,70,70,70,70,70,70,70,70,70,70,70],"card_choices":[{"not_picked":["Well Laid Plans","PiercingWail"],"picked":"Escape Plan","floor":1},{"not_picked":["Slice","All Out Attack"],"picked":"Footwork","floor":2},{"not_picked":["Underhanded Strike","Predator"],"picked":"Outmaneuver","floor":5},{"not_picked":["Dodge and Roll","Backflip"],"picked":"Dagger Spray","floor":7},{"not_picked":["Riddle With Holes","Catalyst"],"picked":"Well Laid Plans","floor":12},{"not_picked":["Noxious Fumes","Tactician"],"picked":"Outmaneuver","floor":13},{"not_picked":["Dagger Throw","PiercingWail"],"picked":"Bouncing Flask","floor":14},{"not_picked":["Wraith Form v2","Glass Knife"],"picked":"Malaise","floor":16},{"not_picked":["Dash","Deadly Poison"],"picked":"Flying Knee","floor":18},{"not_picked":["Underhanded Strike","Dagger Spray"],"picked":"Dagger Throw","floor":21},{"not_picked":["Dash","Calculated Gamble"],"picked":"Deflect+1","floor":24},{"not_picked":["Outmaneuver","Slice"],"picked":"Catalyst+1","floor":25},{"not_picked":["Finisher","Prepared"],"picked":"All Out Attack+1","floor":27},{"not_picked":["Blade Dance","Tactician"],"picked":"Distraction+1","floor":28},{"not_picked":["Masterful Stab","Slice"],"picked":"Bouncing Flask","floor":30},{"not_picked":["Deflect","Backflip"],"picked":"Cloak And Dagger+1","floor":31},{"not_picked":["Unload","Glass Knife"],"picked":"Phantasmal Killer","floor":33},{"not_picked":["Riddle With Holes","Underhanded Strike"],"picked":"Doppelganger","floor":35},{"not_picked":["Blur","Prepared+1"],"picked":"Footwork+1","floor":36},{"not_picked":["Skewer+1","Acrobatics"],"picked":"Dagger Throw+1","floor":37},{"not_picked":["Cloak And Dagger","Dagger Throw"],"picked":"Accuracy+1","floor":37},{"not_picked":["Acrobatics","Quick Slash"],"picked":"Bane+1","floor":37},{"not_picked":["Tactician","Wraith Form v2"],"picked":"Acrobatics+1","floor":37},{"not_picked":["Flechettes+1","Blade Dance+1"],"picked":"Backflip+1","floor":37},{"not_picked":["Finisher+1","Sucker Punch"],"picked":"Crippling Poison+1","floor":41},{"not_picked":["Prepared","Blade Dance+1"],"picked":"Eviscerate","floor":44}],"player_experience":65500,"relics_obtained":[{"floor":7,"key":"Kunai"},{"floor":9,"key":"Ice Cream"},{"floor":26,"key":"Potion Belt"},{"floor":30,"key":"Ginger"},{"floor":34,"key":"War Paint"},{"floor":34,"key":"Ornamental Fan"},{"floor":34,"key":"TungstenRod"},{"floor":38,"key":"Bird Faced Urn"},{"floor":41,"key":"Ninja Scroll"},{"floor":43,"key":"Bronze Scales"}],"event_choices":[{"damage_healed":0,"gold_gain":0,"player_choice":"Success","damage_taken":7,"relics_obtained":["CaptainsWheel"],"max_hp_gain":0,"max_hp_loss":0,"event_name":"Scrap Ooze","floor":3,"gold_loss":0},{"damage_healed":0,"gold_gain":175,"player_choice":"AGREE","damage_taken":0,"max_hp_gain":0,"max_hp_loss":0,"event_name":"Liars Game","floor":4,"gold_loss":0,"cards_obtained":["Doubt"]},{"damage_healed":0,"gold_gain":0,"player_choice":"Left Gold","damage_taken":0,"max_hp_gain":0,"max_hp_loss":0,"event_name":"World of Goop","floor":8,"gold_loss":31},{"damage_healed":0,"gold_gain":0,"player_choice":"Ignored","damage_taken":0,"max_hp_gain":0,"max_hp_loss":0,"event_name":"Shining Light","floor":11,"gold_loss":0},{"damage_healed":0,"gold_gain":0,"player_choice":"Read","damage_taken":0,"max_hp_gain":0,"max_hp_loss":0,"event_name":"The Library","floor":20,"gold_loss":0,"cards_obtained":["Crippling Poison"]},{"damage_healed":0,"gold_gain":0,"player_choice":"Gave Potion","damage_taken":0,"relics_obtained":["MealTicket"],"max_hp_gain":0,"max_hp_loss":0,"event_name":"WeMeetAgain","floor":22,"gold_loss":0},{"damage_healed":0,"gold_gain":0,"player_choice":"Fight","damage_taken":0,"max_hp_gain":0,"max_hp_loss":0,"event_name":"Mysterious Sphere","floor":38,"gold_loss":0},{"damage_healed":0,"gold_gain":0,"player_choice":"Rummage","damage_taken":0,"relics_obtained":["WarpedTongs"],"max_hp_gain":0,"max_hp_loss":0,"event_name":"Accursed Blacksmith","floor":42,"gold_loss":0,"cards_obtained":["Pain"]}],"is_beta":false,"boss_relics":[{"not_picked":["Ectoplasm","Velvet Choker"],"picked":"Pandora\u0027s Box"},{"not_picked":["Coffee Dripper","HoveringKite"],"picked":"Calling Bell"}],"items_purged_floors":[19],"is_endless":false,"potions_floor_spawned":[1,7,12,13,21,25,27,31,35,44],"killed_by":"Jaw Worm Horde","ascension_level":0}}