{"host":"t574sm73kex1j5cr","time":1609354977,"event":{"mods":["BaseMod","Downfall","Duelist Mod","Hubris","Infinite Spire","Minty Spire (QoL Compilation)","Replay The Spire","StSLib","Td1madao Mod","The Animator","The Bug Knight","The Cursed"],"gold_per_floor":[127,153,180,180,23,54,54,74,74,87,87,87,87,87,87,195,195,215,241,261,340,110,110,130,130,176,176,220,145,174,174,174,193,193,314,314,332,332,135,135,135,135,185,185,185,285,285,285,285,43,43,43,43,43,530,580,635,703,703,465,540,620,632,141,141,141],"floor_reached":65,"playtime":10827,"items_purged":["animator:Strike","animator:Jibril","animator:Melzalgald"],"score":1087,"play_id":"97e04511-3d12-4aee-9c8c-f1d1f905d043","local_time":"20201230140257","is_ascension_mode":false,"campfire_choices":[{"data":"animator:Sloth","floor":7.0,"key":"SMITH"},{"data":"animator:Pride","floor":11.0,"key":"SMITH"},{"data":"animator:CowGirl","floor":13.0,"key":"SMITH"},{"data":"animator:DolaCouronne","floor":15.0,"key":"SMITH"},{"data":"animator:Sora","floor":23,"key":"SMITH"},{"floor":27,"key":"REST"},{"data":"animator:Defend","floor":34,"key":"PURGE"},{"data":"animator:Father","floor":42,"key":"SMITH"},{"data":"animator:DolaSchwi","floor":44,"key":"SMITH"},{"data":"animator:FielNirvalen","floor":47,"key":"SMITH"},{"data":"infinitespire:FutureSight","floor":49,"key":"SMITH"},{"floor":51,"key":"RECALL"},{"data":"animator:MisaKurobane","floor":54,"key":"SMITH"}],"circlet_count":0,"master_deck":["animator:DolaSchwi+1","animator:DolaCouronne+1","animator:CowGirl+1","animator:Sloth","animator:Tet","animator:IzunaHatsuse+1","animator:Darkness+1","animator:Pride+1","animator:WinryRockbell+1","animator:Sora+1","animator:Gluttony+1","animator:Chung+1","animator:WinryRockbell","animator:Wiz+1","animator:DolaRiku+1","animator:RoyMustang+1","animator:Priestess+1","animator:DolaSchwi+1","animator:Saber+1","animator:LizardPriest+1","animator:MisakiNakahara+1","animator:FielNirvalen+1","Seeing Red+1","animator:MisaKurobane+1","animator:ChlammyZell+1","animator:Verdia","animator:Darkness+1","animator:NarberalGamma+1","animator:Evileye+1","animator:GoblinSlayer+1"],"relics":["animator:TheEgnaroPiece","animator:AncientMedallion"],"acts_visited":["Exordium","TheCity","TheBeyond","TheEnding","EYB:TheUnnamedReign"],"potions_floor_usage":[28,28,30,35,52,57,62,62,65],"damage_taken":[{"damage":0.0,"enemies":"Cultist","floor":1.0,"turns":4.0},{"damage":0.0,"enemies":"Jaw Worm","floor":2.0,"turns":5.0},{"damage":0.0,"enemies":"2 Louse","floor":3.0,"turns":3.0},{"damage":39.0,"enemies":"Gremlin Nob","floor":6.0,"turns":6.0},{"damage":0.0,"enemies":"Lots of Slimes","floor":8.0,"turns":4.0},{"damage":0.0,"enemies":"Red Slaver","floor":10.0,"turns":3.0},{"damage":3.0,"enemies":"The Guardian","floor":16.0,"turns":9.0},{"damage":0,"enemies":"3 Byrds","floor":18,"turns":6},{"damage":16,"enemies":"Spheric Guardian","floor":19,"turns":6},{"damage":0,"enemies":"Cultist and Chosen","floor":20,"turns":5},{"damage":6,"enemies":"Shelled Parasite and Fungi","floor":24,"turns":8},{"damage":0,"enemies":"Chosen and Byrds","floor":28,"turns":6},{"damage":0,"enemies":"theDuelist:KaibaA2","floor":30,"turns":4},{"damage":8,"enemies":"3 Cultists","floor":33,"turns":6},{"damage":16,"enemies":"Pondfish","floor":35,"turns":10},{"damage":3,"enemies":"3 Darklings","floor":37,"turns":7},{"damage":17,"enemies":"infinitespire:MassOfShapes","floor":52,"turns":11},{"damage":0,"enemies":"animator:UNNAMED_CULTIST_1","floor":56,"turns":12},{"damage":39,"enemies":"animator:TRIPLE_SHAPES_WEAK","floor":57,"turns":11},{"damage":33,"enemies":"animator:TRIPLE_LAGAVULIN","floor":61,"turns":7},{"damage":54,"enemies":"animator:UNNAMED_CULTIST_2","floor":62,"turns":9},{"damage":51,"enemies":"animator:ULTIMATE_CRYSTAL","floor":65,"turns":11}],"seed_played":"6773627759225959977","potions_obtained":[{"floor":1.0,"key":"Energy Potion"},{"floor":8.0,"key":"ColorlessPotion"},{"floor":20,"key":"Energy Potion"},{"floor":24,"key":"Energy Potion"},{"floor":33,"key":"sneckomod:MuddlingPotion"},{"floor":56,"key":"animator:FalseLifePotion"},{"floor":57,"key":"animator:FalseLifePotion"},{"floor":61,"key":"animator:FalseLifePotion"},{"floor":62,"key":"animator:FalseLifePotion"}],"is_trial":false,"path_per_floor":["M","M","M","?","$","E","R","M","T","M","R","T","R","?","R","B",null,"M","M","M","?","$","R","M","$","T","R","M","?","E","PTL","PTL","M","R","B",null,"M","T","$","?","?","R","T","R","T","?","R","AVR","R","$","R","B",null,"R","??","M","M","T","?","$","M","M","?","$","E"],"character_chosen":"THE_ANIMATOR","items_purchased":["Omamori","Tiny Chest","Guide Book","Strawberry","ReplayTheSpireMod:TigerMarble","BargainBundle","SkillPotion","Fire Potion","animator:FalseLifePotion","animator:Saber","animator:LizardPriest","animator:MisakiNakahara","animator:FielNirvalen","Bronze Scales","animator:MisaKurobane","animator:AncientMedallion","animator:AncientMedallion","animator:AncientMedallion"],"campfire_rested":1,"item_purchase_floors":[5,22,25,25,25,39,39,39,39,39,39,39,39,50,50,60,64,64],"current_hp_per_floor":[66,66,66,66,66,28,28,28,28,29,29,29,29,29,29,26,68,68,52,56,29,29,29,28,5,5,42,52,52,57,57,57,60,60,48,59,56,56,56,56,56,56,56,56,56,56,56,56,56,56,56,17,34,34,98,100,67,67,67,67,46,4,4,4,0,0],"gold":141,"neow_bonus":"REMOVE_CARD","is_daily":false,"chose_seed":false,"campfire_upgraded":10,"win_rate":0.0,"timestamp":1609354977,"path_taken":["M","M","?","?","$","E","R","M","T","?","R","?","R","?","R","BOSS","M","M","M","?","$","R","?","?","T","R","M","?","E","PTL","PTL","M","R","BOSS","M","?","?","?","?","R","?","R","T","?","R","AVR","R","$","R","BOSS","R","??","M","M","T","?","$","M","M","?","$","E"],"items_purchased_type":["Relic","Relic","Relic","Relic","Relic","Relic","Potion","Potion","Potion","Card","Card","Card","Card","Relic","Card","Relic","Relic","Relic"],"build_version":"2020-12-22","purchased_purges":3,"victory":false,"max_hp_per_floor":[66,66,66,66,66,67,67,67,67,68,68,68,68,68,68,68,68,68,68,68,68,68,68,69,76,76,76,76,76,77,77,77,78,78,78,59,59,59,59,59,59,59,59,59,59,59,59,59,59,59,59,34,34,34,98,100,100,100,100,100,100,100,100,100,100,100],"card_choices":[{"not_picked":["animator:MaesHughes","animator:Entoma"],"picked":"animator:CowGirl","floor":1.0},{"not_picked":["animator:Genos","animator:Aqua"],"picked":"animator:Sloth","floor":2.0},{"not_picked":["animator:RinTohsaka","animator:Berserker"],"picked":"animator:Tet","floor":3.0},{"not_picked":["animator:DolaCouronne","animator:Tet"],"picked":"animator:IzunaHatsuse","floor":6.0},{"not_picked":["animator:IzunaHatsuse","animator:Priestess"],"picked":"animator:Darkness","floor":8.0},{"not_picked":["animator:Witch","animator:NarberalGamma"],"picked":"animator:Pride","floor":10.0},{"not_picked":["animator:Envy","animator:PinaCoLada"],"picked":"animator:Sora","floor":16.0},{"not_picked":["animator:Ara+1","animator:EmiyaShirou"],"picked":"animator:Melzalgald","floor":18},{"not_picked":["animator:Scar","animator:ElricAlphonse"],"picked":"animator:Gluttony","floor":19},{"not_picked":["animator:Arpeggio","animator:Mitsurugi"],"picked":"animator:Chung+1","floor":20},{"not_picked":["animator:MetalKnight","animator:Tatsumaki"],"picked":"animator:WinryRockbell","floor":21},{"not_picked":["animator:ShinjiMatou","animator:Lancer"],"picked":"animator:Wiz","floor":21},{"not_picked":["animator:Entoma","animator:Sloth"],"picked":"animator:DolaRiku","floor":24},{"not_picked":["animator:Chung","animator:ElricEdward"],"picked":"animator:Jibril","floor":28},{"not_picked":["animator:ElricAlphonse","animator:MaesHughes"],"picked":"animator:RoyMustang","floor":30},{"not_picked":["animator:Tyuule+1","animator:RinTohsaka+1"],"picked":"animator:Priestess","floor":33},{"not_picked":["animator:Sora","animator:SwordMaiden"],"picked":"animator:Father","floor":35},{"not_picked":["animator:Berserker","animator:ElricEdward+1"],"picked":"animator:DolaSchwi+1","floor":37},{"not_picked":["animator:Kazuma","animator:Gluttony"],"picked":"animator:ChlammyZell","floor":56},{"not_picked":["animator:Melzalgald+1","animator:Caster"],"picked":"animator:Verdia","floor":57},{"not_picked":["animator:MumenRider","animator:DolaRiku"],"picked":"animator:NarberalGamma+1","floor":61},{"not_picked":["animator:DwarfShaman","animator:NarberalGamma+1"],"picked":"animator:Evileye+1","floor":62},{"not_picked":["animator:Greed+1","animator:PinaCoLada+1"],"picked":"animator:GoblinSlayer+1","floor":63}],"player_experience":106635,"relics_obtained":[{"floor":6.0,"key":"Pocketwatch"},{"floor":9.0,"key":"HornCleat"},{"floor":17.0,"key":"animator:WornHelmet"},{"floor":17.0,"key":"infinitespire:WardingShard"},{"floor":17.0,"key":"Ginger"},{"floor":21,"key":"Red Skull"},{"floor":26,"key":"Vajra"},{"floor":30,"key":"Orichalcum"},{"floor":38,"key":"hubris:64BitClover"},{"floor":43,"key":"infinitespire:Satchel"},{"floor":45,"key":"infinitespire:EmpoweringShard"},{"floor":55,"key":"animator:TheEgnaroPiece"},{"floor":55,"key":"animator:AncientMedallion"},{"floor":58,"key":"animator:AncientMedallion"}],"event_choices":[{"damage_healed":0.0,"max_hp_gain":0.0,"max_hp_loss":0.0,"gold_gain":0.0,"event_name":"WeMeetAgain","player_choice":"Gave Potion","floor":4.0,"gold_loss":0.0,"damage_taken":0.0,"relics_obtained":["Regal Pillow"]},{"damage_healed":0.0,"max_hp_gain":0.0,"max_hp_loss":0.0,"gold_gain":0.0,"cards_transformed":["animator:Strike"],"event_name":"Transmorgrifier","player_choice":"Transformed","floor":14.0,"gold_loss":0.0,"damage_taken":0.0,"cards_obtained":["animator:WinryRockbell"]},{"cards_removed":["animator:Defend"],"damage_healed":0,"gold_gain":0,"player_choice":"Gave Gold","damage_taken":0,"max_hp_gain":0,"max_hp_loss":0,"event_name":"Beggar","floor":29,"gold_loss":75},{"damage_healed":0,"gold_gain":0,"player_choice":"Rummage","damage_taken":0,"relics_obtained":["WarpedTongs"],"max_hp_gain":0,"max_hp_loss":0,"event_name":"Accursed Blacksmith","floor":41,"gold_loss":0,"cards_obtained":["Pain"]},{"damage_healed":0,"gold_gain":100,"player_choice":"Pray","damage_taken":0,"max_hp_gain":0,"max_hp_loss":0,"event_name":"Golden Shrine","floor":46,"gold_loss":0}],"is_beta":false,"boss_relics":[{"not_picked":["Replay:Ancient Bell","Tiny House"],"picked":"Calling Bell"},{"not_picked":["ReplayTheSpireMod:DimensionalGlitch","hubris:ScarierMask"],"picked":"Replay:Drink Me"}],"items_purged_floors":[22,39,48],"is_endless":false,"potions_floor_spawned":[1,8,20,24,33,61],"killed_by":"animator:ULTIMATE_CRYSTAL","ascension_level":0}}