{"host":"o5jvvi5yapo90aia","time":1609305361,"event":{"mods":["BaseMod","CapriCore","Minty Spire (QoL Compilation)","MostiFishMod","Prisma Mod","Spicy Shops","StSLib","TestMod","The Immortal","Yakumo Yukari mod","【人物mod】游戏王New YuGiOh mod","【功能Mod】Neow奖励"],"gold_per_floor":[112,132,150,169,182,182,209,209,209,231,248,268,293,305,317,405,417,439,451,481,232,251,283,283,311,311,328,378,378,414,438,438,519,519,535,559,574,134,150,180,200,236,259,295,295,317,317,317,317,322,327,327,327,82,119,124],"floor_reached":57,"playtime":3769,"items_purged":["Strike_R","Strike_R"],"score":3782,"play_id":"25c133b7-c741-44d8-aba4-cde2abdf9d1e","local_time":"20201230131601","is_ascension_mode":true,"campfire_choices":[{"data":"Limit Break","floor":6.0,"key":"SMITH"},{"data":"Strike_R","floor":15.0,"key":"PURGE"},{"data":"Strike_R","floor":24.0,"key":"PURGE"},{"data":"Strike_R","floor":29.0,"key":"PURGE"},{"data":"Heavy Blade","floor":32.0,"key":"SMITH"},{"floor":47,"key":"RECALL"},{"data":"Offering","floor":49,"key":"SMITH"},{"data":"Shockwave","floor":53,"key":"SMITH"}],"circlet_count":0,"master_deck":["AscendersBane","Defend_R","Defend_R","Defend_R","Defend_R","Bash","MostiFishMod:#F4004","Shockwave+1","Limit Break+1","Heavy Blade+1","Entrench","Second Wind","Feed","Demon Form","Burning Pact+1","Impervious+1","Offering+1","Dark Embrace","MostiFishMod:RacingGame"],"relics":["DaveBox","testmod-TestBox","Snecko Eye","RhineSuit","testmod-CrystalShield","SynthV:TestCard","CombinedTypeHook","Sundial","Odd Mushroom","MawBank","Du-Vu Doll","Sozu","Mummified Hand","Singing Bowl","Darkstone Periapt","Boot","ChiXiaoBlade","Brimstone","ImprovedEquipment","War Paint","Bag of Marbles","MealTicket","Anchor","TimeFreeze","Lantern","Pear"],"acts_visited":["Exordium","TheCity","TheBeyond","TheEnding"],"potions_floor_usage":[56,56,56],"damage_taken":[{"damage":0.0,"enemies":"Cultist","floor":1.0,"turns":1.0},{"damage":0.0,"enemies":"Small Slimes","floor":2.0,"turns":3.0},{"damage":0.0,"enemies":"Jaw Worm","floor":3.0,"turns":2.0},{"damage":0.0,"enemies":"Large Slime","floor":4.0,"turns":3.0},{"damage":0.0,"enemies":"Exordium Wildlife","floor":5.0,"turns":2.0},{"damage":0.0,"enemies":"Gremlin Nob","floor":7.0,"turns":2.0},{"damage":0.0,"enemies":"The Mushroom Lair","floor":10.0,"turns":2.0},{"damage":0.0,"enemies":"3 Louse","floor":11.0,"turns":2.0},{"damage":0.0,"enemies":"Lots of Slimes","floor":12.0,"turns":2.0},{"damage":0.0,"enemies":"3 Sentries","floor":13.0,"turns":7.0},{"damage":0.0,"enemies":"Slime Boss","floor":16.0,"turns":4.0},{"damage":3.0,"enemies":"Shell Parasite","floor":18.0,"turns":2.0},{"damage":0.0,"enemies":"Spheric Guardian","floor":20.0,"turns":3.0},{"damage":0.0,"enemies":"Centurion and Healer","floor":22.0,"turns":4.0},{"damage":2.0,"enemies":"Gremlin Leader","floor":23.0,"turns":5.0},{"damage":0.0,"enemies":"Book of Stabbing","floor":25.0,"turns":3.0},{"damage":0.0,"enemies":"Cultist and Chosen","floor":27.0,"turns":4.0},{"damage":10.0,"enemies":"Slavers","floor":30.0,"turns":3.0},{"damage":0.0,"enemies":"Sentry and Sphere","floor":31.0,"turns":5.0},{"damage":0.0,"enemies":"Automaton","floor":33.0,"turns":5.0},{"damage":0.0,"enemies":"3 Darklings","floor":35.0,"turns":3.0},{"damage":0.0,"enemies":"Orb Walker","floor":36.0,"turns":3.0},{"damage":0.0,"enemies":"Transient","floor":37.0,"turns":4.0},{"damage":0.0,"enemies":"4 Shapes","floor":39.0,"turns":3.0},{"damage":0.0,"enemies":"Nemesis","floor":40.0,"turns":5.0},{"damage":0.0,"enemies":"Spire Growth","floor":41.0,"turns":2.0},{"damage":0.0,"enemies":"Reptomancer","floor":42.0,"turns":4.0},{"damage":0.0,"enemies":"Giant Head","floor":44.0,"turns":5.0},{"damage":0,"enemies":"3 Darklings","floor":46,"turns":3},{"damage":6,"enemies":"Donu and Deca","floor":50,"turns":3},{"damage":6,"enemies":"Awakened One","floor":51,"turns":4},{"damage":0,"enemies":"Shield and Spear","floor":55,"turns":3},{"damage":6,"enemies":"The Heart","floor":56,"turns":5}],"seed_played":"-6146479274106272689","potions_obtained":[{"floor":2.0,"key":"PowerPotion"},{"floor":3.0,"key":"testmod-SpacePotion"},{"floor":7.0,"key":"Regen Potion"},{"floor":12.0,"key":"testmod-TestPotion"},{"floor":13.0,"key":"LiquidMemories"}],"is_trial":false,"path_per_floor":["M","M","M","M","M","R","E","T","T","?","M","M","E","?","R","B",null,"M","?","M","$","M","E","R","E","T","M","?","R","E","M","R","B",null,"M","M","M","$","M","E","M","E","T","E","$","M","R","?","R","B","B",null,"R","$","E","B",null],"character_chosen":"IRONCLAD","items_purchased":["Burning Pact","Brimstone","ImprovedEquipment","TimeFreeze","Lantern"],"campfire_rested":0,"item_purchase_floors":[21,38,38,54,54],"current_hp_per_floor":[69,70,71,72,73,73,74,74,74,75,75,75,78,67,67,72,79,81,81,86,86,90,91,91,98,98,103,103,103,95,100,100,103,111,116,118,120,120,125,130,132,137,137,142,144,147,147,155,155,152,149,158,158,161,174,171],"gold":124,"neow_bonus":"BOSS_RELIC","is_daily":false,"chose_seed":false,"campfire_upgraded":4,"win_rate":0.0,"timestamp":1609305361,"path_taken":["M","M","M","M","M","R","E","?","T","?","M","?","E","?","R","BOSS","M","?","M","$","M","E","R","E","T","M","?","R","E","?","R","BOSS","M","?","M","?","M","E","M","E","T","E","$","M","R","?","R","BOSS","BOSS","R","$","E","BOSS"],"items_purchased_type":["Card","Relic","Relic","Relic","Relic"],"build_version":"2020-12-22","purchased_purges":2,"victory":true,"max_hp_per_floor":[75,75,75,75,75,75,75,75,75,75,75,75,78,78,78,81,81,84,84,87,87,90,93,93,98,98,103,103,103,105,110,110,113,113,118,120,122,122,127,132,134,139,139,144,144,147,147,155,155,158,161,161,161,161,174,177],"card_choices":[{"not_picked":["Shrug It Off","Armaments"],"picked":"MostiFishMod:#F4004","floor":1.0},{"not_picked":["Perfected Strike","Power Through","Bloodletting","Body Slam"],"picked":"Shockwave","floor":2.0},{"not_picked":["Thunderclap","Wild Strike","Searing Blow","Rampage","Flex"],"picked":"SKIP","floor":3.0},{"not_picked":["Clothesline","Shrug It Off","Blood for Blood","Havoc"],"picked":"Limit Break","floor":4.0},{"not_picked":["Cleave","Armaments","Seeing Red","True Grit"],"picked":"Heavy Blade","floor":5.0},{"not_picked":["Bloodletting","Disarm","Pummel","Iron Wave"],"picked":"Entrench","floor":7.0},{"not_picked":["Wild Strike","MostiFishMod:BrandingRite","Clothesline","Rupture"],"picked":"Second Wind","floor":10.0},{"not_picked":["Dropkick","Headbutt","MostiFishMod:BrandingRite","Clothesline"],"picked":"Feed","floor":11.0},{"not_picked":["Rupture","Flex","Twin Strike","Thunderclap","Double Tap"],"picked":"SKIP","floor":12.0},{"not_picked":["Power Through","Rampage","Shockwave","Clothesline","Entrench"],"picked":"SKIP","floor":13.0},{"not_picked":["Juggernaut","Limit Break","MostiFishMod:PerfectStrikeMKII","MostiFishMod:404NotFound"],"picked":"Demon Form","floor":16.0},{"not_picked":["Clothesline","Searing Blow","Sword Boomerang","Seeing Red","Wild Strike"],"picked":"SKIP","floor":18.0},{"not_picked":["Blood for Blood","Immolate","Iron Wave+1","Uppercut","Sever Soul"],"picked":"SKIP","floor":20.0},{"not_picked":["Evolve","Armaments","Flex","Clash","Iron Wave"],"picked":"SKIP","floor":22.0},{"not_picked":["Havoc","Body Slam","Cleave","True Grit","MostiFishMod:NewArrival"],"picked":"SKIP","floor":23.0},{"not_picked":["Cleave","MostiFishMod:#F4004","Bloodletting","Hemokinesis","Searing Blow"],"picked":"Singing Bowl","floor":25.0},{"not_picked":["Twin Strike+1","Thunderclap","Body Slam","Flex","Sever Soul"],"picked":"Singing Bowl","floor":27.0},{"not_picked":["Inflame","Twin Strike","Thunderclap","Evolve","Pummel"],"picked":"Singing Bowl","floor":30.0},{"not_picked":["Warcry","Twin Strike","MostiFishMod:BrandingRite","Pummel","Burning Pact"],"picked":"Singing Bowl","floor":31.0},{"not_picked":["MostiFishMod:404NotFound","Reaper","Double Tap","MostiFishMod:UltimateDefense"],"picked":"Impervious","floor":33.0},{"not_picked":["Flame Barrier","Carnage","MostiFishMod:#F4004+1","Body Slam","Pommel Strike"],"picked":"Singing Bowl","floor":35.0},{"not_picked":["Body Slam","Shrug It Off","Thunderclap+1","Havoc","MostiFishMod:BrandingRite"],"picked":"Singing Bowl","floor":36.0},{"not_picked":["Second Wind","MostiFishMod:WingOfPhoenix","Evolve","Carnage+1","Shrug It Off"],"picked":"Singing Bowl","floor":37.0},{"not_picked":["Headbutt","Perfected Strike","Body Slam","Twin Strike+1","Anger"],"picked":"Singing Bowl","floor":39.0},{"not_picked":["Sever Soul+1","Burning Pact","Anger","Iron Wave","MostiFishMod:TemporaryOutbreak"],"picked":"Singing Bowl","floor":40.0},{"not_picked":["Fire Breathing+1","Thunderclap","Clothesline+1","Intimidate","Dropkick"],"picked":"Singing Bowl","floor":41.0},{"not_picked":["Twin Strike","Clothesline","Shockwave","Heavy Blade+1","Blood for Blood"],"picked":"Singing Bowl","floor":42.0},{"not_picked":["Twin Strike","Flex+1","Anger","Spot Weakness","Warcry+1"],"picked":"Singing Bowl","floor":44.0},{"not_picked":["Hemokinesis","Headbutt","Body Slam","Flex"],"picked":"Offering","floor":46},{"not_picked":["Seeing Red","Cleave+1","Infernal Blade","Carnage","MostiFishMod:#F4004"],"picked":"Singing Bowl","floor":48},{"not_picked":["Second Wind","Seeing Red","Sword Boomerang","Metallicize","Fire Breathing"],"picked":"Singing Bowl","floor":48},{"not_picked":["Cleave","Iron Wave+1","Havoc","Heavy Blade","Burning Pact"],"picked":"Singing Bowl","floor":48},{"not_picked":["Carnage+1","Bloodletting+1","Thunderclap+1","Body Slam"],"picked":"Dark Embrace","floor":48},{"not_picked":["Ghostly Armor","Dropkick","Headbutt","Body Slam","Double Tap"],"picked":"Singing Bowl","floor":48},{"not_picked":["Rampage","Shrug It Off+1","Fire Breathing","Sentinel"],"picked":"MostiFishMod:RacingGame","floor":55}],"player_experience":1352196,"relics_obtained":[{"floor":1.0,"key":"SynthV:TestCard"},{"floor":7.0,"key":"CombinedTypeHook"},{"floor":9.0,"key":"Sundial"},{"floor":10.0,"key":"Odd Mushroom"},{"floor":13.0,"key":"MawBank"},{"floor":23.0,"key":"Mummified Hand"},{"floor":25.0,"key":"Singing Bowl"},{"floor":26.0,"key":"Darkstone Periapt"},{"floor":30.0,"key":"Boot"},{"floor":40.0,"key":"War Paint"},{"floor":42.0,"key":"Bag of Marbles"},{"floor":43.0,"key":"MealTicket"},{"floor":44.0,"key":"Anchor"},{"floor":55,"key":"Pear"}],"event_choices":[{"damage_healed":0.0,"max_hp_gain":0.0,"max_hp_loss":0.0,"gold_gain":0.0,"event_name":"Mushrooms","player_choice":"Fought Mushrooms","floor":10.0,"gold_loss":0.0,"damage_taken":0.0},{"damage_healed":0.0,"max_hp_gain":0.0,"max_hp_loss":0.0,"gold_gain":0.0,"event_name":"Scrap Ooze","player_choice":"Success","floor":14.0,"gold_loss":0.0,"damage_taken":11.0,"relics_obtained":["Du-Vu Doll"]},{"damage_healed":0.0,"max_hp_gain":0.0,"max_hp_loss":0.0,"gold_gain":0.0,"event_name":"Vampires","player_choice":"Ignored","floor":19.0,"gold_loss":0.0,"damage_taken":0.0},{"damage_healed":0.0,"max_hp_gain":0.0,"max_hp_loss":0.0,"gold_gain":50.0,"event_name":"Golden Shrine","player_choice":"Pray","floor":28.0,"gold_loss":0.0,"damage_taken":0.0},{"damage_healed":0,"gold_gain":0,"player_choice":"Swap Relic","damage_taken":0,"relics_obtained":["Orrery"],"max_hp_gain":0,"max_hp_loss":0,"event_name":"给自己的盒子","floor":48,"relics_lost":["Orrery"],"gold_loss":0}],"is_beta":false,"boss_relics":[{"not_picked":["testmod-BatchProcessingSystem","xbg"],"picked":"Sozu"},{"not_picked":["Coffee Dripper","Tiny House"],"picked":"ChiXiaoBlade"}],"items_purged_floors":[21,21],"is_endless":false,"potions_floor_spawned":[2,3,7,12,13,18,20,27,33,36,40,41,44,55],"ascension_level":20}}