{"host":"dftyqn972q7tuon4","time":1609366359,"event":{"mods":["AchievementEnabler","BaseMod","Better Altar","Better Match","Better Note","Better Sensory Stone","Better Skull","Better Third Choice","Colored Powertips","Highlight Path","Minty Spire (QoL Compilation)","Permanent Neow","Quick Restart","StSLib"],"gold_per_floor":[119,119,135,60,73,73,93,52,52,78,78,78,112,128,128,225,225,242,142,241,516,247,247,281,281,281,324,25,48,68,77,77,185,185,198,262,23,42,66,66,66],"floor_reached":40,"playtime":3153,"items_purged":["Regret","Strike_R","Regret","Strike_R","Strike_R"],"score":583,"play_id":"3a5ae41b-2949-41e7-90c9-d34e80c76271","local_time":"20201230231239","is_ascension_mode":true,"campfire_choices":[{"data":"Entrench","floor":6.0,"key":"SMITH"},{"data":"Body Slam","floor":15.0,"key":"SMITH"},{"data":"Clothesline","floor":23.0,"key":"SMITH"},{"floor":25.0,"key":"REST"},{"data":"Body Slam","floor":32.0,"key":"SMITH"}],"circlet_count":0,"master_deck":["Strike_R","Strike_R","Defend_R+1","Defend_R","Defend_R+1","Defend_R","Bash","Clothesline+1","Entrench+1","Sentinel","Whirlwind","Inflame","Power Through+1","Panacea+1","Hemokinesis","Body Slam+1","Demon Form","Rage+1","True Grit+1","Rage+1","Fire Breathing+1","Power Through+1","Body Slam+1","Exhume+1","Headbutt","Inflame","Pommel Strike","Evolve"],"relics":["Burning Blood","Calipers","Meat on the Bone","Toxic Egg 2","Pen Nib","War Paint","Velvet Choker","Toy Ornithopter","Mercury Hourglass","Question Card","CeramicFish","ClockworkSouvenir","Busted Crown","Ginger"],"acts_visited":["Exordium","TheCity","TheBeyond"],"potions_floor_usage":[],"damage_taken":[{"damage":22.0,"enemies":"Jaw Worm","floor":1.0,"turns":6.0},{"damage":9.0,"enemies":"Small Slimes","floor":3.0,"turns":4.0},{"damage":0.0,"enemies":"2 Louse","floor":5.0,"turns":2.0},{"damage":10.0,"enemies":"Lots of Slimes","floor":7.0,"turns":3.0},{"damage":27.0,"enemies":"3 Sentries","floor":10.0,"turns":5.0},{"damage":20.0,"enemies":"Lagavulin","floor":13.0,"turns":7.0},{"damage":5.0,"enemies":"Blue Slaver","floor":14.0,"turns":4.0},{"damage":44.0,"enemies":"Hexaghost","floor":16.0,"turns":11.0},{"damage":16.0,"enemies":"Spheric Guardian","floor":18.0,"turns":5.0},{"damage":46.0,"enemies":"Gremlin Leader","floor":24.0,"turns":7.0},{"damage":29.0,"enemies":"Slavers","floor":27.0,"turns":5.0},{"damage":14.0,"enemies":"Shell Parasite","floor":29.0,"turns":7.0},{"damage":9.0,"enemies":"3 Cultists","floor":30.0,"turns":4.0},{"damage":18.0,"enemies":"Champ","floor":33.0,"turns":11.0},{"damage":42.0,"enemies":"3 Darklings","floor":35.0,"turns":5.0},{"damage":49.0,"enemies":"2 Orb Walkers","floor":36.0,"turns":6.0},{"damage":2.0,"enemies":"3 Shapes","floor":38.0,"turns":3.0},{"damage":36.0,"enemies":"Transient","floor":39.0,"turns":5.0},{"damage":16,"enemies":"Nemesis","floor":40,"turns":4}],"seed_played":"4297116506837293796","potions_obtained":[{"floor":5.0,"key":"Explosive Potion"},{"floor":13.0,"key":"Dexterity Potion"},{"floor":16.0,"key":"HeartOfIron"},{"floor":27.0,"key":"Explosive Potion"},{"floor":30.0,"key":"ColorlessPotion"},{"floor":36.0,"key":"Energy Potion"}],"is_trial":false,"path_per_floor":["M","?","M","$","M","R","M","$","T","E","?","?","E","M","R","B",null,"M","$","?","?","$","R","E","R","T","E","$","M","M","?","R","B",null,"M","?","$","M","M","E"],"character_chosen":"IRONCLAD","items_purchased":["Inflame","Toy Ornithopter","ClockworkSouvenir","Inflame"],"campfire_rested":1,"item_purchase_floors":[8,22,28,37],"current_hp_per_floor":[56,56,53,53,59,59,55,55,55,46,46,46,44,57,57,31,68,58,58,58,58,58,58,30,54,54,43,43,47,49,49,49,54,74,50,19,19,35,22,6,6],"gold":66,"neow_bonus":"ONE_RARE_RELIC","is_daily":false,"chose_seed":false,"campfire_upgraded":4,"win_rate":0.0,"timestamp":1609366359,"path_taken":["M","?","M","$","M","R","M","$","T","E","?","?","E","?","R","BOSS","M","$","?","?","$","R","E","R","T","E","$","M","?","?","R","BOSS","M","?","$","M","M","E"],"items_purchased_type":["Card","Relic","Relic","Card"],"build_version":"2020-12-22","purchased_purges":5,"victory":false,"max_hp_per_floor":[80,80,80,80,80,80,80,80,80,80,80,80,80,80,80,80,80,80,80,80,80,80,80,80,80,80,80,80,80,80,80,80,80,80,80,80,80,80,80,80,80],"card_choices":[{"not_picked":["Pommel Strike","Cleave"],"picked":"Clothesline","floor":1.0},{"not_picked":["Shrug It Off","Hemokinesis"],"picked":"Entrench","floor":3.0},{"not_picked":["Pummel","Clothesline"],"picked":"Sentinel","floor":5.0},{"not_picked":["Heavy Blade","Double Tap"],"picked":"Whirlwind","floor":7.0},{"not_picked":["Uppercut","Iron Wave"],"picked":"Power Through+1","floor":10.0},{"not_picked":["Thinking Ahead+1","Flash of Steel"],"picked":"Panacea+1","floor":11.0},{"not_picked":["Sword Boomerang","Bludgeon"],"picked":"Hemokinesis","floor":13.0},{"not_picked":["Iron Wave","Twin Strike"],"picked":"Body Slam","floor":14.0},{"not_picked":["Limit Break+1","Reaper"],"picked":"Demon Form","floor":16.0},{"not_picked":["Sentinel+1","Sword Boomerang"],"picked":"Rage+1","floor":18.0},{"not_picked":["Armaments+1","Inflame"],"picked":"True Grit+1","floor":24.0},{"not_picked":["Inflame","Combust+1","Heavy Blade+1"],"picked":"Rage+1","floor":27.0},{"not_picked":["Dual Wield+1","Headbutt","True Grit+1"],"picked":"Fire Breathing+1","floor":29.0},{"not_picked":["Evolve+1","Sever Soul","Sword Boomerang+1"],"picked":"Power Through+1","floor":30.0},{"not_picked":["Reaper","Offering+1","Fiend Fire"],"picked":"Exhume+1","floor":33.0},{"not_picked":["Perfected Strike","Clash+1"],"picked":"SKIP","floor":35.0},{"not_picked":["Demon Form"],"picked":"Headbutt","floor":36.0},{"not_picked":["Thunderclap"],"picked":"Pommel Strike","floor":38.0},{"not_picked":["Rampage+1"],"picked":"Evolve","floor":39.0}],"player_experience":560911,"relics_obtained":[{"floor":9.0,"key":"Toxic Egg 2"},{"floor":10.0,"key":"Pen Nib"},{"floor":13.0,"key":"War Paint"},{"floor":24.0,"key":"Mercury Hourglass"},{"floor":26.0,"key":"Question Card"},{"floor":27.0,"key":"CeramicFish"},{"floor":36.0,"key":"Ginger"}],"event_choices":[{"damage_healed":0.0,"max_hp_gain":0.0,"max_hp_loss":0.0,"gold_gain":0.0,"event_name":"Big Fish","player_choice":"Box","floor":2.0,"gold_loss":0.0,"damage_taken":0.0,"relics_obtained":["Meat on the Bone"],"cards_obtained":["Regret"]},{"damage_healed":0.0,"max_hp_gain":0.0,"max_hp_loss":0.0,"gold_gain":1.0,"event_name":"betterStone:BetterStone","player_choice":"1","floor":11.0,"gold_loss":0.0,"damage_taken":0.0},{"cards_removed":["Decay"],"damage_healed":0.0,"max_hp_gain":0.0,"max_hp_loss":0.0,"gold_gain":0.0,"event_name":"Wheel of Change","player_choice":"Card Removal","floor":12.0,"gold_loss":0.0,"damage_taken":0.0},{"damage_healed":0.0,"max_hp_gain":0.0,"max_hp_loss":0.0,"gold_gain":99.0,"event_name":"betterThird:BetterNest","player_choice":"Steal","floor":20.0,"gold_loss":0.0,"damage_taken":0.0},{"damage_healed":0.0,"max_hp_gain":0.0,"max_hp_loss":0.0,"gold_gain":275.0,"event_name":"Golden Shrine","player_choice":"Desecrate","floor":21.0,"gold_loss":0.0,"damage_taken":0.0,"cards_obtained":["Regret"]},{"damage_healed":0.0,"max_hp_gain":0.0,"max_hp_loss":0.0,"gold_gain":0.0,"event_name":"The Library","player_choice":"Read","floor":31.0,"gold_loss":0.0,"damage_taken":0.0,"cards_obtained":["Body Slam"]},{"damage_healed":0.0,"max_hp_gain":0.0,"max_hp_loss":0.0,"gold_gain":0.0,"event_name":"Mysterious Sphere","player_choice":"Fight","floor":36.0,"gold_loss":0.0,"damage_taken":0.0}],"is_beta":false,"boss_relics":[{"not_picked":["Philosopher\u0027s Stone","Astrolabe"],"picked":"Velvet Choker"},{"not_picked":["Snecko Eye","Runic Dome"],"picked":"Busted Crown"}],"items_purged_floors":[4,19,22,28,37],"is_endless":false,"potions_floor_spawned":[5,13,16,27,30,36],"killed_by":"Nemesis","ascension_level":7}}