{"host":"88q0baq93r2cvn7j","time":1609351319,"event":{"mods":["AchievementEnabler","Act Like it!","Arknights The Spire","BaseMod","Minty Spire (QoL Compilation)","StSLib"],"gold_per_floor":[114,114,130,130,55,90,114,114,114,134,134,147,160,183,183,311,311,325,338,248,269,284,284,284],"floor_reached":23,"playtime":1193,"items_purged":["Injury"],"score":222,"play_id":"53d57df5-357c-40ac-906e-95b7de6994e4","local_time":"20201231020159","is_ascension_mode":false,"campfire_choices":[{"data":"ats:True Silver Slash","floor":8,"key":"SMITH"},{"data":"ats:Song Of Battle","floor":15,"key":"SMITH"}],"circlet_count":0,"master_deck":["ats:Armor Crushing Shot","ats:Defend","ats:Defend","ats:Emotion Absorption+1","ats:Shell Defense","ats:Red Shift","ats:True Silver Slash+1","ats:Defend Order","ats:Song Of Battle+1","ats:Roar Of Ursus","ats:Shadow Assault+1","ats:Calcification+1","ats:Mental Burst+1","ats:Demon Strength"],"relics":["ats:Sanity","NeowsBlessing","Golden Idol","ats:Originium","Pantograph","Vajra","Astrolabe"],"acts_visited":["Exordium","TheCity"],"potions_floor_usage":[16,21,22,23,23,23,23],"damage_taken":[{"damage":0,"enemies":"Cultist","floor":1,"turns":1},{"damage":0,"enemies":"2 Louse","floor":3,"turns":2},{"damage":0,"enemies":"Gremlin Nob","floor":6,"turns":1},{"damage":9,"enemies":"Jaw Worm","floor":7,"turns":4},{"damage":8,"enemies":"Red Slaver","floor":10,"turns":2},{"damage":14,"enemies":"Blue Slaver","floor":12,"turns":4},{"damage":0,"enemies":"Gremlin Gang","floor":13,"turns":1},{"damage":0,"enemies":"Exordium Thugs","floor":14,"turns":3},{"damage":60,"enemies":"Slime Boss","floor":16,"turns":8},{"damage":18,"enemies":"Shell Parasite","floor":18,"turns":4},{"damage":0,"enemies":"3 Byrds","floor":19,"turns":2},{"damage":24,"enemies":"Snake Plant","floor":21,"turns":3},{"damage":28,"enemies":"Centurion and Healer","floor":22,"turns":5},{"damage":18,"enemies":"Slavers","floor":23,"turns":1}],"seed_played":"4435115025950439251","potions_obtained":[{"floor":7,"key":"LiquidMemories"},{"floor":13,"key":"Energy Potion"},{"floor":16,"key":"PowerPotion"},{"floor":21,"key":"PowerPotion"},{"floor":22,"key":"EntropicBrew"}],"is_trial":false,"path_per_floor":["M","?","M","?","$","E","M","R","T","M","?","M","M","M","R","B",null,"M","M","?","M","M","E"],"character_chosen":"DOCTOR_CLASS","items_purchased":[],"campfire_rested":0,"item_purchase_floors":[],"current_hp_per_floor":[72,72,72,72,72,72,65,65,65,57,57,43,43,43,43,11,72,57,57,57,35,9,0,0],"gold":284,"neow_bonus":"THREE_ENEMY_KILL","is_daily":false,"chose_seed":false,"campfire_upgraded":2,"win_rate":0.0,"timestamp":1609351319,"path_taken":["M","?","?","?","?","E","M","R","T","?","?","M","?","M","R","BOSS","M","M","?","M","M","E"],"items_purchased_type":[],"build_version":"2020-12-22","purchased_purges":1,"victory":false,"max_hp_per_floor":[72,72,72,72,72,72,72,72,72,72,72,72,72,72,72,72,72,72,72,72,72,72,72,72],"card_choices":[{"not_picked":["ats:Revitalization","ats:Flexible Camouflage"],"picked":"ats:Shell Defense","floor":1},{"not_picked":["ats:Apocalypse","ats:Demon Strength"],"picked":"ats:Red Shift","floor":3},{"not_picked":["ats:Chain Hook","ats:Spore Proliferation"],"picked":"ats:True Silver Slash","floor":6},{"not_picked":["ats:Shadow Raid","ats:Revitalization"],"picked":"ats:Defend Order","floor":7},{"not_picked":["ats:Consecutive Shot Auto","ats:Hammer On","ats:Ignite"],"picked":"SKIP","floor":10},{"not_picked":["ats:Steam Pump","ats:Cat Scratch","ats:Flexible Camouflage"],"picked":"SKIP","floor":12},{"not_picked":["ats:Curse Doll","ats:Shell Defense","ats:Hammer On"],"picked":"SKIP","floor":13},{"not_picked":["ats:Leaping Hammer","ats:Consecutive Shot Auto"],"picked":"ats:Song Of Battle","floor":14},{"not_picked":["ats:Disruption Kick","ats:Ambush"],"picked":"ats:Roar Of Ursus","floor":16},{"not_picked":["ats:Childhood Dance","ats:Chain Hook","ats:Collapsing Strike"],"picked":"SKIP","floor":18},{"not_picked":["ats:LN2 Cannon","ats:Curse Doll","ats:Poison Spread"],"picked":"SKIP","floor":19},{"not_picked":["ats:Apocalypse","ats:Revitalization","ats:Neurotoxin"],"picked":"SKIP","floor":21},{"not_picked":["ats:Poison Spread","ats:Cat Scratch"],"picked":"ats:Demon Strength","floor":22}],"player_experience":321199,"relics_obtained":[{"floor":6,"key":"ats:Originium"},{"floor":6,"key":"Pantograph"},{"floor":9,"key":"Vajra"}],"event_choices":[{"cards_removed":["ats:Strike V"],"damage_healed":0,"gold_gain":0,"player_choice":"Offered Basic","damage_taken":0,"max_hp_gain":0,"max_hp_loss":0,"event_name":"Bonfire Elementals","floor":2,"gold_loss":0},{"damage_healed":0,"gold_gain":0,"player_choice":"Take Wound","damage_taken":0,"relics_obtained":["Golden Idol"],"max_hp_gain":0,"max_hp_loss":0,"event_name":"Golden Idol","floor":4,"gold_loss":0,"cards_obtained":["Injury"]},{"cards_removed":["ats:Defend"],"damage_healed":0,"gold_gain":0,"player_choice":"Card Removal","damage_taken":0,"max_hp_gain":0,"max_hp_loss":0,"event_name":"Wheel of Change","floor":11,"gold_loss":0},{"cards_removed":["ats:Defend"],"damage_healed":0,"gold_gain":0,"player_choice":"Upgrade and Remove","damage_taken":0,"max_hp_gain":0,"max_hp_loss":0,"event_name":"Designer","floor":20,"gold_loss":90,"cards_upgraded":["ats:Emotion Absorption"]}],"is_beta":false,"boss_relics":[{"not_picked":["ats:Omniscience","Velvet Choker"],"picked":"Astrolabe"}],"items_purged_floors":[5],"is_endless":false,"potions_floor_spawned":[7,13,16,21,22],"killed_by":"Slavers","ascension_level":0}}