{"host":"56ghxnzsglgdq727","time":1609349311,"event":{"mods":["AchievementEnabler","BaseMod","Minty Spire (QoL Compilation)"],"gold_per_floor":[110,127,127,144,73,73,84,118,118,149,72,72,87,87,87,191,191,202,202,221,146,146,146,146,146],"floor_reached":24,"playtime":830,"items_purged":["Strike_R"],"score":260,"play_id":"0d908bec-e26f-46b3-9780-611341622ca7","local_time":"20201230122831","is_ascension_mode":true,"campfire_choices":[{"floor":6,"key":"REST"},{"floor":12,"key":"REST"},{"data":"Rupture","floor":15,"key":"SMITH"}],"circlet_count":0,"master_deck":["Strike_R","Strike_R","Strike_R","Defend_R","Defend_R","Defend_R","Defend_R","Thunderclap","Combust","Feed","Rupture+1","Brutality","Heavy Blade","Hemokinesis","Hemokinesis","Bandage Up","Trip"],"relics":["Burning Blood","Thread and Needle","Bottled Tornado","Kunai","Empty Cage"],"acts_visited":["Exordium","TheCity"],"potions_floor_usage":[8,18,23,23],"damage_taken":[{"damage":9,"enemies":"Cultist","floor":1,"turns":4},{"damage":11,"enemies":"2 Louse","floor":2,"turns":2},{"damage":19,"enemies":"Jaw Worm","floor":4,"turns":4},{"damage":19,"enemies":"Large Slime","floor":7,"turns":5},{"damage":40,"enemies":"Lagavulin","floor":8,"turns":6},{"damage":18,"enemies":"3 Sentries","floor":10,"turns":6},{"damage":17,"enemies":"Exordium Thugs","floor":13,"turns":4},{"damage":39,"enemies":"Slime Boss","floor":16,"turns":9},{"damage":27,"enemies":"Shell Parasite","floor":18,"turns":5},{"damage":27,"enemies":"Spheric Guardian","floor":20,"turns":5},{"damage":27,"enemies":"Slavers","floor":23,"turns":3},{"damage":28,"enemies":"Centurion and Healer","floor":24,"turns":4}],"seed_played":"1297971551761292039","potions_obtained":[{"floor":1,"key":"SmokeBomb"},{"floor":7,"key":"EssenceOfSteel"},{"floor":16,"key":"Strength Potion"},{"floor":20,"key":"LiquidMemories"}],"is_trial":false,"path_per_floor":["M","M","?","M","$","R","M","E","T","E","$","R","M","?","R","B",null,"M","?","M","$","?","E","M"],"character_chosen":"IRONCLAD","items_purchased":["Combust","Rupture"],"campfire_rested":2,"item_purchase_floors":[5,11],"current_hp_per_floor":[69,64,57,44,44,72,59,25,25,13,13,41,33,57,57,27,99,81,81,60,60,41,24,0,0],"gold":146,"neow_bonus":"TWENTY_PERCENT_HP_BONUS","is_daily":false,"chose_seed":false,"campfire_upgraded":1,"win_rate":0.0,"timestamp":1609349311,"path_taken":["M","?","?","M","$","R","M","E","T","E","$","R","M","?","R","BOSS","M","?","M","?","?","E","M"],"items_purchased_type":["Card","Card"],"build_version":"2020-12-22","purchased_purges":1,"victory":false,"max_hp_per_floor":[96,96,96,96,96,96,96,96,96,96,96,96,99,99,99,102,99,102,102,102,102,102,102,102,102],"card_choices":[{"not_picked":["Headbutt","Iron Wave","Feel No Pain"],"picked":"SKIP","floor":1},{"not_picked":["Burning Pact","Sword Boomerang"],"picked":"Thunderclap","floor":2},{"not_picked":["Wild Strike","Cleave","Blood for Blood"],"picked":"SKIP","floor":4},{"not_picked":["Havoc","Armaments","Iron Wave"],"picked":"SKIP","floor":7},{"not_picked":["Dual Wield","Clash","Entrench"],"picked":"SKIP","floor":8},{"not_picked":["Clash","Iron Wave"],"picked":"Feed","floor":10},{"not_picked":["Sentinel","Anger","Headbutt"],"picked":"SKIP","floor":13},{"not_picked":["Limit Break","Barricade"],"picked":"Brutality","floor":16},{"not_picked":["Entrench+1","Thunderclap"],"picked":"Heavy Blade","floor":18},{"not_picked":["Entrench+1","Wild Strike+1"],"picked":"Hemokinesis","floor":20}],"player_experience":59399,"relics_obtained":[{"floor":8,"key":"Thread and Needle"},{"floor":9,"key":"Bottled Tornado"},{"floor":10,"key":"Kunai"}],"event_choices":[{"cards_removed":["Bash"],"damage_healed":0,"gold_gain":0,"player_choice":"Card Removal","damage_taken":7,"max_hp_gain":0,"max_hp_loss":0,"event_name":"Golden Wing","floor":3,"gold_loss":0},{"damage_healed":24,"gold_gain":0,"player_choice":"Healed and dodged fight","damage_taken":0,"max_hp_gain":0,"max_hp_loss":0,"event_name":"Mushrooms","floor":14,"gold_loss":0,"cards_obtained":["Parasite"]},{"damage_healed":0,"gold_gain":0,"player_choice":"Read","damage_taken":0,"max_hp_gain":0,"max_hp_loss":0,"event_name":"The Library","floor":19,"gold_loss":0,"cards_obtained":["Hemokinesis"]},{"damage_healed":0,"gold_gain":0,"player_choice":"CARD CARD ","damage_taken":19,"max_hp_gain":0,"max_hp_loss":0,"event_name":"Knowing Skull","floor":22,"potions_obtained":[],"gold_loss":0,"cards_obtained":["Bandage Up","Trip"]}],"is_beta":false,"boss_relics":[{"not_picked":["Snecko Eye","Ectoplasm"],"picked":"Empty Cage"}],"items_purged_floors":[21],"is_endless":false,"potions_floor_spawned":[1,7,16,20],"killed_by":"Centurion and Healer","ascension_level":1}}