{"host":"4nqeo0vu1vuav7gg","time":1609327411,"event":{"mods":["AchievementEnabler","BaseMod","Block Reminder","Colored Map","Colored Powertips","Highlight Path","Minty Spire (QoL Compilation)","Quick Restart","Rare Cards Sparkle","Relic Relevance Reorder","StSLib"],"gold_per_floor":[366,377,377,388,72,102,112,146,171,183,195,220,59,39,39,118,118,133,133,133,153,74,74,74],"floor_reached":23,"playtime":837,"items_purged":[],"score":378,"play_id":"0559e8d1-c066-4c0d-a711-ef924f6b2521","local_time":"20201230122331","is_ascension_mode":true,"campfire_choices":[{"data":"Buffer","floor":10.0,"key":"SMITH"},{"floor":15.0,"key":"REST"}],"circlet_count":0,"master_deck":["AscendersBane","Strike_B","Strike_B","Strike_B","Strike_B","Defend_B","Defend_B","Defend_B","Defend_B","Zap","Dualcast","Ball Lightning","Consume+1","BootSequence","Buffer+1","Cold Snap","Melter","Glacier","Sunder","Electrodynamics","Go for the Eyes","Tempest"],"relics":["Cracked Core","Art of War","CaptainsWheel","Inserter","MawBank","Mango"],"acts_visited":["Exordium","TheCity"],"potions_floor_usage":[21,21,23],"damage_taken":[{"damage":1.0,"enemies":"Cultist","floor":1.0,"turns":3.0},{"damage":0.0,"enemies":"2 Louse","floor":2.0,"turns":1.0},{"damage":7.0,"enemies":"Jaw Worm","floor":4.0,"turns":3.0},{"damage":18.0,"enemies":"Lagavulin","floor":6.0,"turns":6.0},{"damage":11.0,"enemies":"3 Louse","floor":7.0,"turns":4.0},{"damage":15.0,"enemies":"3 Sentries","floor":8.0,"turns":6.0},{"damage":6.0,"enemies":"Exordium Thugs","floor":12.0,"turns":4.0},{"damage":19.0,"enemies":"Slime Boss","floor":16.0,"turns":13.0},{"damage":0.0,"enemies":"Spheric Guardian","floor":18.0,"turns":4.0},{"damage":12,"enemies":"2 Thieves","floor":21,"turns":4},{"damage":63,"enemies":"Book of Stabbing","floor":23,"turns":8}],"seed_played":"8999368278376114361","potions_obtained":[{"floor":2.0,"key":"Block Potion"},{"floor":7.0,"key":"ColorlessPotion"},{"floor":12.0,"key":"LiquidMemories"},{"floor":14.0,"key":"SpeedPotion"},{"floor":16.0,"key":"FocusPotion"},{"floor":18.0,"key":"Fire Potion"},{"floor":21,"key":"AttackPotion"}],"is_trial":false,"path_per_floor":["M","M","?","M","$","E","M","E","T","R","?","M","$","?","R","B",null,"M","?","?","M","$","E"],"character_chosen":"DEFECT","items_purchased":["Mango","Glacier","Sunder","Tempest"],"campfire_rested":1,"item_purchase_floors":[5,13,13,22],"current_hp_per_floor":[63,63,63,56,70,52,41,26,26,26,26,20,20,20,45,26,70,70,70,70,58,58,0,0],"gold":74,"neow_bonus":"TWO_FIFTY_GOLD","is_daily":false,"chose_seed":false,"campfire_upgraded":1,"win_rate":0.0,"timestamp":1609327411,"path_taken":["M","?","?","M","$","E","M","E","T","R","?","M","$","?","R","BOSS","M","?","?","M","$","E"],"items_purchased_type":["Relic","Card","Card","Card"],"build_version":"2020-12-22","purchased_purges":0,"victory":false,"max_hp_per_floor":[71,71,71,71,85,85,85,85,85,85,85,85,85,85,85,85,85,85,85,82,82,82,82,82],"card_choices":[{"not_picked":["Consume","Stack"],"picked":"Ball Lightning","floor":1.0},{"not_picked":["Hologram","Steam"],"picked":"Consume","floor":2.0},{"not_picked":["Ball Lightning","Compile Driver"],"picked":"BootSequence","floor":4.0},{"not_picked":["Beam Cell","Hello World"],"picked":"Buffer","floor":6.0},{"not_picked":["Rebound","Hello World","FTL"],"picked":"SKIP","floor":7.0},{"not_picked":["Streamline","Redo"],"picked":"Cold Snap","floor":8.0},{"not_picked":["Gash","Rebound"],"picked":"Melter","floor":12.0},{"not_picked":["Thunder Strike","Buffer"],"picked":"Electrodynamics","floor":16.0},{"not_picked":["Stack","Heatsinks","Compile Driver"],"picked":"SKIP","floor":18.0},{"not_picked":["Ball Lightning","Cold Snap"],"picked":"Go for the Eyes","floor":21}],"player_experience":1041311,"relics_obtained":[{"floor":6.0,"key":"CaptainsWheel"},{"floor":8.0,"key":"Art of War"},{"floor":9.0,"key":"MawBank"}],"event_choices":[{"damage_healed":0.0,"max_hp_gain":0.0,"max_hp_loss":0.0,"gold_gain":0.0,"event_name":"Living Wall","player_choice":"Grow","floor":3.0,"gold_loss":0.0,"damage_taken":0.0,"cards_upgraded":["Consume"]},{"damage_healed":0.0,"max_hp_gain":0.0,"max_hp_loss":0.0,"gold_gain":0.0,"event_name":"Shining Light","player_choice":"Ignored","floor":11.0,"gold_loss":0.0,"damage_taken":0.0},{"damage_healed":0.0,"max_hp_gain":0.0,"max_hp_loss":0.0,"gold_gain":0.0,"event_name":"The Woman in Blue","player_choice":"Bought 1 Potion","floor":14.0,"gold_loss":0.0,"damage_taken":0.0},{"damage_healed":0.0,"max_hp_gain":0.0,"max_hp_loss":0.0,"gold_gain":0.0,"event_name":"Ghosts","player_choice":"Ignored","floor":19.0,"gold_loss":0.0,"damage_taken":0.0},{"cards_removed":["Parasite"],"damage_healed":0.0,"max_hp_gain":0.0,"max_hp_loss":0.0,"gold_gain":0.0,"event_name":"Fountain of Cleansing","player_choice":"Removed Curses","floor":20.0,"gold_loss":0.0,"damage_taken":0.0}],"is_beta":false,"boss_relics":[{"not_picked":["Fusion Hammer","Sozu"],"picked":"Inserter"}],"items_purged_floors":[],"is_endless":false,"potions_floor_spawned":[2,7,12,16,18,21],"killed_by":"Book of Stabbing","ascension_level":18}}