{"host":"jm9833yuloeli2yd","time":1609288019,"event":{"mods":["AchievementEnabler","BaseMod","Better Altar","Better Match","Better Note","Better Sensory Stone","Better Skull","Better Third Choice","Better Vampires","BetterRewards","Colored Map","Colored Powertips","DeckTracker","Marked Mod","Minty Spire (QoL Compilation)","Permanent Neow","Quick Restart","StSLib","SuperFastMode"],"gold_per_floor":[130,4,4,34,0,28,28,103,103,136,136,61,61,79,79,155,155,192,67,83,4,34,34,34,34,111,123,138,138,156,195,195,289,289,301,301,315,349,389,389,75,125,125,137,164,164,221,313,313,333,353,353,353,89,154,154],"floor_reached":57,"playtime":22057,"items_purged":["Strike_B","Strike_B","Strike_B"],"score":3439,"play_id":"f12de9ba-a172-4046-9166-d42e94c9790c","local_time":"20201229192659","is_ascension_mode":true,"campfire_choices":[{"data":"Defragment","floor":11.0,"key":"SMITH"},{"data":"Zap","floor":13.0,"key":"SMITH"},{"data":"Loop","floor":15.0,"key":"SMITH"},{"data":"Defragment","floor":23.0,"key":"SMITH"},{"data":"Loop","floor":25.0,"key":"SMITH"},{"data":"Seek","floor":29.0,"key":"SMITH"},{"data":"Dualcast","floor":32.0,"key":"SMITH"},{"floor":40.0,"key":"REST"},{"floor":46.0,"key":"RECALL"},{"floor":49.0,"key":"REST"},{"floor":53.0,"key":"REST"}],"circlet_count":0,"master_deck":["AscendersBane","Strike_B","Defend_B","Defend_B","Defend_B","Defend_B","Zap+1","Dualcast+1","Seek","Glacier","Loop+1","Lockon","HandOfGreed","Conserve Battery","Defragment+1","Enlightenment","Self Repair","Ball Lightning","Loop+1","Biased Cognition","Glacier","Core Surge+1","Compile Driver","Defragment+1","Cold Snap","Seek+1","BootSequence","Turbo","Fission","Fission","Defragment","Glacier+1","Thinking Ahead"],"relics":["Cracked Core","Orrery","Akabeko","Torii","Mercury Hourglass","StrikeDummy","DataDisk","Runic Pyramid","The Courier","Fusion Hammer","Membership Card","Cables","Art of War","InkBottle","Eternal Feather","TungstenRod","Strange Spoon","Incense Burner"],"acts_visited":["Exordium","TheCity","TheBeyond","TheEnding"],"potions_floor_usage":[56,56],"damage_taken":[{"damage":2.0,"enemies":"Cultist","floor":1.0,"turns":4.0},{"damage":12.0,"enemies":"Jaw Worm","floor":4.0,"turns":2.0},{"damage":1.0,"enemies":"Lagavulin","floor":6.0,"turns":6.0},{"damage":0.0,"enemies":"3 Sentries","floor":8.0,"turns":9.0},{"damage":23.0,"enemies":"Gremlin Nob","floor":10.0,"turns":4.0},{"damage":0.0,"enemies":"2 Louse","floor":14.0,"turns":2.0},{"damage":31.0,"enemies":"Slime Boss","floor":16.0,"turns":6.0},{"damage":0.0,"enemies":"Chosen","floor":18.0,"turns":3.0},{"damage":0.0,"enemies":"Spheric Guardian","floor":20.0,"turns":3.0},{"damage":0.0,"enemies":"Centurion and Healer","floor":22.0,"turns":9.0},{"damage":17.0,"enemies":"Snake Plant","floor":27.0,"turns":4.0},{"damage":1.0,"enemies":"Sentry and Sphere","floor":28.0,"turns":8.0},{"damage":0.0,"enemies":"Snecko","floor":30.0,"turns":3.0},{"damage":0.0,"enemies":"Centurion and Healer","floor":31.0,"turns":7.0},{"damage":1.0,"enemies":"Collector","floor":33.0,"turns":10.0},{"damage":35.0,"enemies":"3 Darklings","floor":35.0,"turns":4.0},{"damage":0.0,"enemies":"3 Shapes","floor":37.0,"turns":4.0},{"damage":23.0,"enemies":"Jaw Worm Horde","floor":38.0,"turns":5.0},{"damage":24.0,"enemies":"Writhing Mass","floor":39.0,"turns":5.0},{"damage":0.0,"enemies":"Nemesis","floor":42.0,"turns":11.0},{"damage":2.0,"enemies":"Maw","floor":44.0,"turns":8.0},{"damage":0.0,"enemies":"Giant Head","floor":45.0,"turns":10.0},{"damage":0.0,"enemies":"Jaw Worm Horde","floor":47.0,"turns":5.0},{"damage":53.0,"enemies":"2 Orb Walkers","floor":48.0,"turns":6.0},{"damage":20.0,"enemies":"Awakened One","floor":50.0,"turns":19.0},{"damage":0.0,"enemies":"Donu and Deca","floor":51.0,"turns":11.0},{"damage":38.0,"enemies":"Shield and Spear","floor":55.0,"turns":12.0},{"damage":22,"enemies":"The Heart","floor":56,"turns":14}],"seed_played":"1906130938934150350","potions_obtained":[{"floor":1.0,"key":"PowerPotion"},{"floor":10.0,"key":"LiquidBronze"},{"floor":16.0,"key":"EssenceOfDarkness"},{"floor":22.0,"key":"CultistPotion"},{"floor":38.0,"key":"PowerPotion"},{"floor":39.0,"key":"Weak Potion"},{"floor":45.0,"key":"SkillPotion"},{"floor":48.0,"key":"GamblersBrew"}],"is_trial":false,"path_per_floor":["M","?","$","M","?","E","$","E","T","E","R","$","R","M","R","B",null,"M","?","M","$","M","R","?","R","T","M","M","R","M","M","R","B",null,"M","T","M","M","M","R","$","E","T","M","E","R","M","?","R","B","B",null,"R","$","E","B",null],"character_chosen":"DEFECT","items_purchased":["Orrery","FocusPotion","HandOfGreed","Defragment","Membership Card","Defragment","Cables","Strange Spoon","Thinking Ahead","LiquidBronze","FocusPotion"],"campfire_rested":3,"item_purchase_floors":[0,0,0,21,41,41,41,54,54,54,54],"current_hp_per_floor":[55,55,55,43,49,48,48,55,55,39,39,39,39,39,39,8,60,60,60,60,60,67,67,67,67,67,50,56,56,63,70,70,76,77,49,49,49,33,16,39,39,46,46,51,58,76,77,31,72,59,66,74,77,77,46,31],"gold":154,"neow_bonus":"","is_daily":false,"chose_seed":false,"campfire_upgraded":7,"win_rate":0.0,"timestamp":1609288019,"path_taken":["M","?","?","M","?","E","$","E","T","E","R","$","R","M","R","BOSS","M","?","?","$","M","R","?","R","T","M","?","R","M","M","R","BOSS","M","?","M","M","M","R","$","E","T","M","E","R","M","?","R","BOSS","BOSS","R","$","E","BOSS"],"items_purchased_type":["Relic","Potion","Card","Card","Relic","Card","Relic","Relic","Card","Potion","Potion"],"build_version":"2020-12-22","purchased_purges":3,"victory":true,"max_hp_per_floor":[71,71,71,71,77,77,77,77,77,77,77,77,77,77,77,77,77,77,77,77,77,77,77,77,77,77,77,77,77,77,77,77,77,77,77,77,77,77,77,77,77,77,77,77,77,77,77,77,77,77,77,77,77,77,77,77],"card_choices":[{"not_picked":["Compile Driver","Barrage"],"picked":"Seek","floor":0.0},{"not_picked":["Consume","Leap"],"picked":"Glacier","floor":0.0},{"not_picked":["Go for the Eyes","Conserve Battery"],"picked":"Loop","floor":0.0},{"not_picked":["Reinforced Body","BootSequence"],"picked":"Lockon","floor":0.0},{"not_picked":["Lockon","Beam Cell"],"picked":"Conserve Battery","floor":1.0},{"not_picked":["Cold Snap","Go for the Eyes"],"picked":"Defragment","floor":4.0},{"not_picked":["Reinforced Body","Heatsinks"],"picked":"Self Repair","floor":6.0},{"not_picked":["Chaos","Conserve Battery"],"picked":"Ball Lightning","floor":8.0},{"not_picked":["Melter","Go for the Eyes","Streamline"],"picked":"SKIP","floor":10.0},{"not_picked":["Streamline","Creative AI"],"picked":"Loop","floor":14.0},{"not_picked":["Rainbow","Creative AI"],"picked":"Biased Cognition","floor":16.0},{"not_picked":["Skim","Turbo"],"picked":"Glacier","floor":18.0},{"not_picked":["All For One+1","Machine Learning+1"],"picked":"Core Surge+1","floor":19.0},{"not_picked":["Hello World","Barrage"],"picked":"Compile Driver","floor":20.0},{"not_picked":["Hologram","Hyperbeam"],"picked":"Cold Snap","floor":22.0},{"not_picked":["Beam Cell","Barrage"],"picked":"BootSequence","floor":27.0},{"not_picked":["Beam Cell","Darkness","Go for the Eyes"],"picked":"SKIP","floor":28.0},{"not_picked":["Cold Snap","Stack"],"picked":"Turbo","floor":30.0},{"not_picked":["Stack","Barrage","Beam Cell"],"picked":"SKIP","floor":31.0},{"not_picked":["Stack","Barrage","Beam Cell"],"picked":"SKIP","floor":31.0},{"not_picked":["Multi-Cast","Creative AI"],"picked":"Fission","floor":33.0},{"not_picked":["Cold Snap","Blizzard","Gash+1"],"picked":"SKIP","floor":35.0},{"not_picked":["Tempest","White Noise","Leap"],"picked":"SKIP","floor":37.0},{"not_picked":["Steam Power","Redo","Conserve Battery"],"picked":"SKIP","floor":38.0},{"not_picked":["Sweeping Beam","Barrage"],"picked":"Fission","floor":39.0},{"not_picked":["Gash","Streamline+1","Steam+1"],"picked":"SKIP","floor":42.0},{"not_picked":["Coolheaded","All For One","Sweeping Beam"],"picked":"SKIP","floor":44.0},{"not_picked":["Loop","Barrage","Gash"],"picked":"SKIP","floor":45.0},{"not_picked":["Beam Cell","Steam Power","Self Repair"],"picked":"SKIP","floor":47.0},{"not_picked":["Compile Driver+1","Conserve Battery"],"picked":"Glacier+1","floor":48.0},{"not_picked":["BootSequence+1","Go for the Eyes","Turbo+1"],"picked":"SKIP","floor":55.0}],"player_experience":1173550,"relics_obtained":[{"floor":6.0,"key":"Torii"},{"floor":8.0,"key":"Mercury Hourglass"},{"floor":9.0,"key":"StrikeDummy"},{"floor":10.0,"key":"DataDisk"},{"floor":26.0,"key":"The Courier"},{"floor":42.0,"key":"Art of War"},{"floor":43.0,"key":"InkBottle"},{"floor":45.0,"key":"Eternal Feather"},{"floor":48.0,"key":"TungstenRod"},{"floor":55.0,"key":"Incense Burner"}],"event_choices":[{"damage_healed":0.0,"max_hp_gain":0.0,"max_hp_loss":0.0,"gold_gain":0.0,"event_name":"WeMeetAgain","player_choice":"Paid Gold","floor":2.0,"gold_loss":126.0,"damage_taken":0.0,"relics_obtained":["Akabeko"]},{"damage_healed":0.0,"max_hp_gain":0.0,"max_hp_loss":0.0,"gold_gain":0.0,"event_name":"betterThird:BetterSerpent","player_choice":"RENOUNCE","floor":5.0,"gold_loss":34.0,"damage_taken":34.0,"cards_obtained":["Enlightenment"]},{"damage_healed":0.0,"max_hp_gain":0.0,"max_hp_loss":0.0,"gold_gain":0.0,"event_name":"betterMatch:BetterMatch","player_choice":"2","floor":19.0,"gold_loss":0.0,"damage_taken":0.0,"cards_obtained":["betterMatch:RareCard"]},{"damage_healed":0.0,"max_hp_gain":0.0,"max_hp_loss":0.0,"gold_gain":0.0,"event_name":"Duplicator","player_choice":"Copied","floor":24.0,"gold_loss":0.0,"damage_taken":0.0,"cards_obtained":["Seek"]},{"damage_healed":0.0,"max_hp_gain":0.0,"max_hp_loss":0.0,"gold_gain":0.0,"event_name":"Mysterious Sphere","player_choice":"Fight","floor":48.0,"gold_loss":0.0,"damage_taken":0.0}],"is_beta":false,"boss_relics":[{"not_picked":["SlaversCollar","FrozenCore"],"picked":"Runic Pyramid"},{"not_picked":["Velvet Choker","Cursed Key"],"picked":"Fusion Hammer"}],"items_purged_floors":[12,41,54],"is_endless":false,"potions_floor_spawned":[1,4,10,16,20,22,27,31,38,39,45,48,55],"ascension_level":20}}