{"host":"8qkhzo0jjkmvsb7l","time":1609345278,"event":{"mods":["BaseMod","Conspire","Downfall","Minty Spire (QoL Compilation)","StSLib"],"gold_per_floor":[99,99,116,116,128,128,153,171,171,200,227,237,4,14,32,137,137,137,147,147,147,164,184,234,234,234,234],"floor_reached":25,"playtime":1228,"items_purged":["hexamod:Strike"],"score":203,"play_id":"5ed01911-543f-4e0b-97a4-e5faffd44dfc","local_time":"20201230192118","is_ascension_mode":false,"campfire_choices":[{"data":"hexamod:Float","floor":1,"key":"SMITH"},{"data":"hexamod:Sear","floor":6,"key":"SMITH"},{"data":"hexamod:GhostflameBarrier","floor":9,"key":"SMITH"},{"data":"hexamod:TimeOfNeed","floor":18,"key":"SMITH"}],"circlet_count":0,"master_deck":["hexamod:Strike","hexamod:Strike","hexamod:Defend","hexamod:Defend+1","hexamod:Defend","hexamod:Defend","hexamod:Sear+1","hexamod:Float+1","hexamod:FirstSeal","hexamod:GhostflameBarrier+1","hexamod:ThermalTransfer","hexamod:RecurringNightmare","hexamod:TimeOfNeed+1","hexamod:BurningTouch+1","hexamod:EtherealExpedition+1"],"relics":["hexamod:SpiritBrand","Eternal Feather","Pen Nib","Odd Mushroom","Potion Belt","Orichalcum","Snecko Eye","Enchiridion","PreservedInsect"],"acts_visited":["Exordium","TheCity"],"potions_floor_usage":[16,16,23,23,25],"damage_taken":[{"damage":5,"enemies":"Small Slimes","floor":3,"turns":4},{"damage":6,"enemies":"Jaw Worm","floor":5,"turns":4},{"damage":0,"enemies":"conspire:RoseBush","floor":8,"turns":4},{"damage":11,"enemies":"The Mushroom Lair","floor":10,"turns":5},{"damage":23,"enemies":"Gremlin Nob","floor":11,"turns":4},{"damage":8,"enemies":"3 Louse","floor":12,"turns":4},{"damage":0,"enemies":"downfall:FleeingMerchant","floor":13,"turns":4},{"damage":0,"enemies":"Large Slime","floor":14,"turns":9},{"damage":2,"enemies":"Lots of Slimes","floor":15,"turns":5},{"damage":22,"enemies":"downfall:Silent","floor":16,"turns":12},{"damage":13,"enemies":"Spheric Guardian","floor":19,"turns":6},{"damage":10,"enemies":"3 Byrds","floor":22,"turns":5},{"damage":12,"enemies":"Centurion and Healer","floor":23,"turns":8},{"damage":58,"enemies":"3 Cultists","floor":25,"turns":6}],"seed_played":"450913542249831420","potions_obtained":[{"floor":3,"key":"SneckoOil"},{"floor":5,"key":"hexamod:EctoCoolerPotion"},{"floor":14,"key":"Regen Potion"},{"floor":15,"key":"DuplicationPotion"},{"floor":23,"key":"Regen Potion"}],"is_trial":false,"path_per_floor":["R","?","M","T","M","R","T","M","R","?","E","M","$","M","M","B",null,"R","M","?","?","M","M","T","M"],"character_chosen":"THE_SPIRIT","items_purchased":["Orichalcum"],"campfire_rested":0,"item_purchase_floors":[13],"current_hp_per_floor":[77,82,77,77,78,82,82,82,82,71,48,47,54,61,66,44,82,82,69,53,45,35,38,38,0,0,0],"gold":234,"neow_bonus":"TEN_PERCENT_HP_BONUS","is_daily":false,"chose_seed":false,"campfire_upgraded":4,"win_rate":0.0,"timestamp":1609345278,"path_taken":["R","?","M","?","M","R","T","M","R","?","E","M","$","M","M","BOSS","R","M","?","?","?","M","T","M"],"items_purchased_type":["Relic"],"build_version":"2020-12-22","purchased_purges":1,"victory":false,"max_hp_per_floor":[77,82,82,82,82,82,82,82,82,82,82,82,82,82,82,82,82,82,82,82,82,82,82,82,82,82,82],"card_choices":[{"not_picked":["hexamod:FastForward","hexamod:HauntingEcho"],"picked":"hexamod:FirstSeal","floor":3},{"not_picked":["hexamod:Again","hexamod:NightmareStrike"],"picked":"hexamod:GhostflameBarrier","floor":5},{"not_picked":["hexamod:BacktrackSmack","hexamod:SpectersWail"],"picked":"hexamod:ThermalTransfer","floor":8},{"not_picked":["hexamod:FastForward","hexamod:CrushingStance","hexamod:SwordOfDarkness"],"picked":"SKIP","floor":11},{"not_picked":["hexamod:GhostOfSpireFuture","hexamod:FastForward","hexamod:SpectersWail"],"picked":"SKIP","floor":12},{"not_picked":["hexamod:EmpoweredFlame","hexamod:Hexaguard"],"picked":"hexamod:RecurringNightmare","floor":13},{"not_picked":["hexamod:NecessarySacrifice","hexamod:BacktrackSmack","hexamod:SpectersWail"],"picked":"SKIP","floor":14},{"not_picked":["hexamod:ThermalTransfer","hexamod:RecurringNightmare","hexamod:GhostLash"],"picked":"SKIP","floor":15},{"not_picked":["hexamod:GhostflameInferno","hexamod:WildfireWeapon"],"picked":"hexamod:TimeOfNeed","floor":16},{"not_picked":["hexamod:RainOfEmbers","hexamod:BacktrackSmack+1"],"picked":"hexamod:BurningTouch+1","floor":19},{"not_picked":["hexamod:PhantomFireball","hexamod:Firestarter"],"picked":"hexamod:EtherealExpedition+1","floor":22},{"not_picked":["hexamod:GhostShield","hexamod:SpectralAdrenaline","hexamod:TimeWarp"],"picked":"SKIP","floor":23}],"player_experience":213687,"relics_obtained":[{"floor":4,"key":"Eternal Feather"},{"floor":7,"key":"Pen Nib"},{"floor":10,"key":"Odd Mushroom"},{"floor":11,"key":"Potion Belt"},{"floor":20,"key":"Enchiridion"},{"floor":24,"key":"PreservedInsect"}],"event_choices":[{"damage_healed":0,"gold_gain":0,"player_choice":"Donut","damage_taken":0,"max_hp_gain":5,"max_hp_loss":0,"event_name":"Big Fish","floor":2,"gold_loss":0},{"damage_healed":0,"gold_gain":0,"player_choice":"Fought Mushrooms","damage_taken":0,"max_hp_gain":0,"max_hp_loss":0,"event_name":"Mushrooms","floor":10,"gold_loss":0}],"is_beta":false,"boss_relics":[{"not_picked":["Sozu","Runic Dome"],"picked":"Snecko Eye"}],"items_purged_floors":[13],"is_endless":false,"potions_floor_spawned":[3,5,14,15,23],"killed_by":"3 Cultists","ascension_level":0}}