{"host":"bg8va46pgqgvtzim","time":1609341606,"event":{"mods":["BaseMod","Minty Spire (QoL Compilation)","Quick Restart","StSLib","SuperFastMode"],"gold_per_floor":[112,123,123,73,73,102,102,149,149,163,163,174,188,204,204,301,301,315,315,156,170,45,45,79,79,79,79,96,96,106,116,116,215,215,228,228,238,238,254,254,286,305,329,362,85,85,35,51,51,51,51,51,1,34,34],"floor_reached":56,"playtime":1924,"items_purged":["Strike_G","Strike_G","Dagger Throw","Flechettes+1","Defend_G"],"score":1562,"play_id":"c94177ff-c274-470e-8124-ee56a0dc5763","local_time":"20201230232006","is_ascension_mode":true,"campfire_choices":[{"data":"Neutralize","floor":7.0,"key":"SMITH"},{"data":"Well Laid Plans","floor":11.0,"key":"SMITH"},{"data":"Flechettes","floor":15.0,"key":"SMITH"},{"data":"Acrobatics","floor":23.0,"key":"SMITH"},{"data":"Prepared","floor":25.0,"key":"SMITH"},{"data":"Impatience","floor":27.0,"key":"SMITH"},{"data":"Acrobatics","floor":29.0,"key":"SMITH"},{"data":"Reflex","floor":32.0,"key":"SMITH"},{"floor":40,"key":"RECALL"},{"data":"Eviscerate","floor":46,"key":"SMITH"},{"data":"Tools of the Trade","floor":49,"key":"SMITH"},{"data":"Survivor","floor":52,"key":"SMITH"}],"circlet_count":0,"master_deck":["Defend_G","Defend_G","Defend_G","Defend_G","Survivor+1","Neutralize+1","Infinite Blades","Well Laid Plans+1","Concentrate","Prepared+1","Tools of the Trade+1","Accuracy","Impatience+1","Acrobatics+1","Eviscerate+1","Acrobatics+1","Reflex+1","Prepared+1","Expertise+1"],"relics":["Ring of the Snake","Tough Bandages","Ancient Tea Set","Sundial","Potion Belt","Matryoshka","SlaversCollar","Blood Vial","Bag of Preparation","Incense Burner","Black Star","Oddly Smooth Stone","Smiling Mask","Bag of Marbles","Toxic Egg 2","MealTicket","Medical Kit","StoneCalendar","Ornamental Fan"],"acts_visited":["Exordium","TheCity","TheBeyond","TheEnding"],"potions_floor_usage":[55,55,55,55,55],"damage_taken":[{"damage":1.0,"enemies":"Small Slimes","floor":1.0,"turns":4.0},{"damage":0.0,"enemies":"2 Louse","floor":2.0,"turns":3.0},{"damage":24.0,"enemies":"Lagavulin","floor":6.0,"turns":11.0},{"damage":0.0,"enemies":"Cultist","floor":10.0,"turns":4.0},{"damage":0.0,"enemies":"Red Slaver","floor":12.0,"turns":6.0},{"damage":0.0,"enemies":"Exordium Thugs","floor":13.0,"turns":5.0},{"damage":0.0,"enemies":"Lots of Slimes","floor":14.0,"turns":2.0},{"damage":9.0,"enemies":"Hexaghost","floor":16.0,"turns":15.0},{"damage":0.0,"enemies":"Spheric Guardian","floor":18.0,"turns":5.0},{"damage":0.0,"enemies":"Shell Parasite","floor":21.0,"turns":5.0},{"damage":22.0,"enemies":"Slavers","floor":24.0,"turns":7.0},{"damage":0.0,"enemies":"Chosen and Byrds","floor":28.0,"turns":3.0},{"damage":0.0,"enemies":"Centurion and Healer","floor":30.0,"turns":2.0},{"damage":0.0,"enemies":"Cultist and Chosen","floor":31.0,"turns":3.0},{"damage":0.0,"enemies":"Automaton","floor":33.0,"turns":2.0},{"damage":0,"enemies":"3 Darklings","floor":35,"turns":2},{"damage":0,"enemies":"3 Shapes","floor":37,"turns":1},{"damage":0,"enemies":"3 Darklings","floor":39,"turns":2},{"damage":0,"enemies":"Reptomancer","floor":41,"turns":2},{"damage":0,"enemies":"Transient","floor":42,"turns":1},{"damage":0,"enemies":"Giant Head","floor":44,"turns":2},{"damage":0,"enemies":"Sphere and 2 Shapes","floor":48,"turns":1},{"damage":0,"enemies":"Awakened One","floor":50,"turns":2},{"damage":0,"enemies":"Shield and Spear","floor":54,"turns":1},{"damage":0,"enemies":"The Heart","floor":55,"turns":3}],"seed_played":"-2317279765671298983","potions_obtained":[{"floor":1.0,"key":"ColorlessPotion"},{"floor":6.0,"key":"Energy Potion"},{"floor":13.0,"key":"Explosive Potion"},{"floor":16.0,"key":"SneckoOil"},{"floor":30.0,"key":"SteroidPotion"},{"floor":33.0,"key":"ColorlessPotion"},{"floor":35,"key":"EssenceOfSteel"},{"floor":48,"key":"FearPotion"}],"is_trial":false,"path_per_floor":["M","M","?","?","?","E","R","T","T","M","R","M","M","M","R","B",null,"M","?","$","M","$","R","E","R","T","R","M","R","M","M","R","B",null,"M","?","M","?","M","R","E","M","T","E","$","R","$","M","R","B",null,"R","$","E","B",null],"character_chosen":"THE_SILENT","items_purchased":["Impatience","Acrobatics","Medical Kit","Expertise+1"],"campfire_rested":0,"item_purchase_floors":[20,22,45,45],"current_hp_per_floor":[48,48,41,41,38,14,14,14,14,14,14,14,14,14,14,5,70,70,70,70,70,70,70,48,48,48,48,50,50,52,54,54,56,70,70,70,70,66,66,66,66,66,66,66,66,66,66,66,66,66,66,66,66,66,66],"gold":34,"neow_bonus":"ONE_RARE_RELIC","is_daily":false,"chose_seed":false,"campfire_upgraded":11,"win_rate":0.0,"timestamp":1609341606,"path_taken":["M","M","?","?","?","E","R","?","T","?","R","M","M","M","R","BOSS","M","?","?","M","$","R","E","R","T","R","M","R","M","?","R","BOSS","M","?","M","?","?","R","E","?","T","E","$","R","$","M","R","BOSS","R","$","E","BOSS"],"items_purchased_type":["Card","Card","Relic","Card"],"build_version":"2020-12-22","purchased_purges":5,"victory":true,"max_hp_per_floor":[70,70,70,70,70,70,70,70,70,70,70,70,70,70,70,70,70,70,70,70,70,70,70,70,70,70,70,70,70,70,70,70,70,70,70,70,70,66,66,66,66,66,66,66,66,66,66,66,66,66,66,66,66,66,66],"card_choices":[{"not_picked":["Leg Sweep","All Out Attack"],"picked":"Infinite Blades","floor":1.0},{"not_picked":["Expertise","Dagger Spray"],"picked":"Well Laid Plans","floor":2.0},{"not_picked":["Heel Hook","Backflip"],"picked":"Concentrate","floor":6.0},{"not_picked":["Caltrops","Deflect"],"picked":"Dagger Throw","floor":10.0},{"not_picked":["Poisoned Stab","Slice"],"picked":"Flechettes","floor":12.0},{"not_picked":["Heel Hook","Dagger Throw"],"picked":"Prepared","floor":13.0},{"not_picked":["Slice","Quick Slash","Well Laid Plans"],"picked":"SKIP","floor":14.0},{"not_picked":["Grand Finale","Burst"],"picked":"Tools of the Trade","floor":16.0},{"not_picked":["PiercingWail+1","Quick Slash+1"],"picked":"Accuracy","floor":18.0},{"not_picked":["Quick Slash","Noxious Fumes","Outmaneuver+1"],"picked":"SKIP","floor":21.0},{"not_picked":["Slice+1","Quick Slash"],"picked":"Eviscerate","floor":24.0},{"not_picked":["Dash+1","Prepared"],"picked":"Acrobatics","floor":28.0},{"not_picked":["Slice","Backflip"],"picked":"Reflex","floor":30.0},{"not_picked":["Bane","PiercingWail+1","Infinite Blades"],"picked":"SKIP","floor":31.0},{"not_picked":["Cloak And Dagger+1","Dagger Spray"],"picked":"Prepared+1","floor":35},{"not_picked":["Poisoned Stab","Deadly Poison","Eviscerate"],"picked":"SKIP","floor":37},{"not_picked":["Cloak And Dagger+1","Crippling Poison","Blade Dance+1"],"picked":"SKIP","floor":39},{"not_picked":["Infinite Blades+1","Phantasmal Killer","Dagger Throw+1"],"picked":"SKIP","floor":41},{"not_picked":["Accuracy","Dagger Spray","Dagger Throw+1"],"picked":"SKIP","floor":42},{"not_picked":["Blur+1","Dagger Throw+1","Footwork+1"],"picked":"SKIP","floor":44},{"not_picked":["Cloak And Dagger+1","Sucker Punch","Dagger Spray"],"picked":"SKIP","floor":48},{"not_picked":["Skewer","Flying Knee+1","Deflect+1"],"picked":"SKIP","floor":54}],"player_experience":2202728,"relics_obtained":[{"floor":6.0,"key":"Sundial"},{"floor":8.0,"key":"Potion Belt"},{"floor":9.0,"key":"Matryoshka"},{"floor":24.0,"key":"Blood Vial"},{"floor":26.0,"key":"Bag of Preparation"},{"floor":26.0,"key":"Incense Burner"},{"floor":41,"key":"Oddly Smooth Stone"},{"floor":41,"key":"Smiling Mask"},{"floor":43,"key":"Bag of Marbles"},{"floor":44,"key":"Toxic Egg 2"},{"floor":44,"key":"MealTicket"},{"floor":54,"key":"StoneCalendar"},{"floor":54,"key":"Ornamental Fan"}],"event_choices":[{"cards_removed":["Strike_G"],"damage_healed":0.0,"max_hp_gain":0.0,"max_hp_loss":0.0,"gold_gain":0.0,"event_name":"Golden Wing","player_choice":"Card Removal","floor":3.0,"gold_loss":0.0,"damage_taken":7.0},{"cards_removed":["Strike_G"],"damage_healed":0.0,"max_hp_gain":0.0,"max_hp_loss":0.0,"gold_gain":0.0,"event_name":"The Cleric","player_choice":"Card Removal","floor":4.0,"gold_loss":50.0,"damage_taken":0.0},{"damage_healed":0.0,"max_hp_gain":0.0,"max_hp_loss":0.0,"gold_gain":0.0,"event_name":"Scrap Ooze","player_choice":"Success","floor":5.0,"gold_loss":0.0,"damage_taken":3.0,"relics_obtained":["Ancient Tea Set"]},{"cards_removed":["Strike_G"],"damage_healed":0.0,"max_hp_gain":0.0,"max_hp_loss":0.0,"gold_gain":0.0,"event_name":"Back to Basics","player_choice":"Elegance","floor":19.0,"gold_loss":0.0,"damage_taken":0.0},{"damage_healed":0,"gold_gain":0,"player_choice":"Ignored","damage_taken":0,"max_hp_gain":0,"max_hp_loss":0,"event_name":"Tomb of Lord Red Mask","floor":36,"gold_loss":0},{"damage_healed":0,"gold_gain":0,"player_choice":"Max HP","damage_taken":0,"max_hp_gain":0,"max_hp_loss":4,"event_name":"Winding Halls","floor":38,"gold_loss":0}],"is_beta":false,"boss_relics":[{"not_picked":["Snecko Eye","Busted Crown"],"picked":"SlaversCollar"},{"not_picked":["Pandora\u0027s Box","SacredBark"],"picked":"Black Star"}],"items_purged_floors":[20,22,45,47,53],"is_endless":false,"potions_floor_spawned":[1,6,13,16,30,33,35,48],"ascension_level":1}}