{"host":"y7b1p9nkx4idorr2","time":1609326865,"event":{"mods":["AchievementEnabler","Act Like it!","Aspiration","Bard","BaseMod","Beaked The Cultist","Better Altar","Better Match","Better Note","Better Sensory Stone","Better Skull","Better Third Choice","BetterRewards","CCEM","Colored Map","Conspire","Downfall","GifTheSpireLib","Googly Eyes","Halation","Hallownest","Hermit","Highlight Path","Hubris","Hunter ??","Infinite Spire","Jedi Mod","Jorbs\u0027s Wanderer Trilogy","Mad Scientist","Marisa????????","Mimic Mod","Minty Spire (QoL Compilation)","Permanent Neow","Replay The Spire","Shade Mod","Shop Mod","Spicy Shops","StSLib","Stuff the Spire","The Administrix","The Blackbeard","The Bug Knight","The Construct","The Cursed","The Disciple","The Gatherer","The Hierophant","The Jungle","The Mystic","The Necromancer","The Problem Sleuth","The Runesmith","The Servant 0.9.4","The Spell Scribe","The Witch","Unceasing Turn Reminder"],"gold_per_floor":[118,118,138,63,63,88,100,128,155,186,186,218,24,24,24,100,100,113,124,2,2,12,12,12,12,12],"floor_reached":25,"playtime":1862,"items_purged":["Strike_B","Strike_B"],"score":349,"play_id":"b604fe56-1e65-486e-bce3-799fb679d2dd","local_time":"20201230051425","is_ascension_mode":true,"campfire_choices":[{"floor":11,"key":"REST"},{"floor":15,"key":"REST"},{"data":"BasicCrystalCard","floor":23,"key":"SMITH"}],"circlet_count":0,"master_deck":["AscendersBane","Strike_B","Strike_B","Defend_B","Defend_B","Defend_B","Defend_B","Zap","Dualcast","Auto Shields","Sucker Punch","Compile Driver","Melter","hubris:PowerSurge+1","BasicCrystalCard+1","Coolheaded+1","FIFO Queue+1","jedi:BurstDark","Stack+1","Skim","Capacitor+1","Ball Lightning"],"relics":["Cracked Core","aspiration:Nostalgia","m_ChordRing","hubris:Icosahedron","Pantograph","Frozen Egg 2","Replay:Wax Seal","Blue Doll","Replay:Accelerometer","Hallownest:DreamNailRelic","SlaversCollar","CCEMRelics:BiPhaseBiplane","Bag of Marbles","hubris:MysteriousPyramids","hubris:ScarierMask"],"acts_visited":["Hallownest:Greenpath","TheCity"],"potions_floor_usage":[10,16,18,22,25],"damage_taken":[{"damage":7,"enemies":"Hallownest:monsterHuskGuard","floor":1,"turns":4},{"damage":0,"enemies":"Hallownest:monsterHuskWarrior","floor":3,"turns":4},{"damage":10,"enemies":"Hallownest:eliteCrystalGuardian","floor":6,"turns":6},{"damage":14,"enemies":"2_ Uuma","floor":7,"turns":7},{"damage":7,"enemies":"Hallownest:eliteVengeflyKing","floor":8,"turns":10},{"damage":12,"enemies":"Hallownest:eliteCrystalGuardian","floor":10,"turns":5},{"damage":21,"enemies":"Hallownest:eliteVengeflyKing","floor":12,"turns":10},{"damage":38,"enemies":"Hallownest:BossHornet","floor":16,"turns":15},{"damage":24,"enemies":"Shell Parasite","floor":18,"turns":4},{"damage":2,"enemies":"Spheric Guardian","floor":19,"turns":4},{"damage":16,"enemies":"Centurion and Healer","floor":22,"turns":14},{"damage":22,"enemies":"Snecko","floor":25,"turns":6}],"seed_played":"-8834842333195037740","potions_obtained":[{"floor":7,"key":"SpeedPotion"},{"floor":8,"key":"jedi:coolantleak"},{"floor":12,"key":"sneckomod:MuddlingPotion"},{"floor":18,"key":"ColorlessPotion"},{"floor":22,"key":"Block Potion"}],"is_trial":false,"path_per_floor":["M","?","M","$","?","E","M","E","T","E","R","E","$","?","R","B",null,"M","M","$","T","M","R","AVR","M"],"character_chosen":"DEFECT","items_purchased":["Coolheaded+1","FIFO Queue+1","Capacitor+1","CCEMRelics:BiPhaseBiplane"],"campfire_rested":2,"item_purchase_floors":[13,13,20,20],"current_hp_per_floor":[61,61,61,61,61,51,37,30,30,18,40,19,19,19,41,28,63,39,37,37,37,21,21,21,0,0],"gold":12,"neow_bonus":"NOSTALGIA","is_daily":false,"chose_seed":false,"campfire_upgraded":1,"win_rate":0.0,"timestamp":1609326865,"path_taken":["M","?","M","$","?","E","?","E","T","E","R","E","$","?","R","BOSS","M","M","?","?","M","R","AVR","M"],"items_purchased_type":["Card","Card","Card","Relic"],"build_version":"2020-12-22","purchased_purges":2,"victory":false,"max_hp_per_floor":[75,75,75,75,75,75,75,75,75,75,75,75,75,75,75,75,75,75,75,75,75,75,75,75,75,75],"card_choices":[{"not_picked":["Leg Sweep","bard:StudiedStrike"],"picked":"Auto Shields","floor":1},{"not_picked":["Stack","Panic Button"],"picked":"Sucker Punch","floor":3},{"not_picked":["bard:Thunderwave","Leap","All For One"],"picked":"SKIP","floor":6},{"not_picked":["Turbo","Steam"],"picked":"Compile Driver","floor":7},{"not_picked":["jedi:BurstFrost","jedi:BurstLightning"],"picked":"Melter","floor":8},{"not_picked":["Compile Driver","Heel Hook"],"picked":"hubris:PowerSurge+1","floor":10},{"not_picked":["jedi:darknesscall","StuffTheSpire:LoadUp"],"picked":"BasicCrystalCard","floor":12},{"not_picked":["Grand Finale","jedi:bruteforce"],"picked":"jedi:BurstDark","floor":16},{"not_picked":["Scrape","jedi:BurstFrost"],"picked":"Stack+1","floor":18},{"not_picked":["StuffTheSpire:Rend","Panic Button"],"picked":"Skim","floor":19},{"not_picked":["Turbo","Darkness"],"picked":"Ball Lightning","floor":22}],"player_experience":2196529,"relics_obtained":[{"floor":6,"key":"Pantograph"},{"floor":8,"key":"Frozen Egg 2"},{"floor":9,"key":"Replay:Wax Seal"},{"floor":10,"key":"Blue Doll"},{"floor":12,"key":"Replay:Accelerometer"},{"floor":21,"key":"Bag of Marbles"}],"event_choices":[],"is_beta":false,"boss_relics":[{"not_picked":["Honey Jar","construct:WeddingRing"],"picked":"SlaversCollar"}],"items_purged_floors":[4,13],"is_endless":false,"potions_floor_spawned":[7,8,12,18,22],"killed_by":"Snecko","ascension_level":13}}