{"host":"cbu6enf2xtq4r7r3","time":1609295380,"event":{"mods":["2.2 Compatiblity","AlwaysNeverKeys","BaseMod","Better Altar","Better Match","Better Note","Better Sensory Stone","Better Skull","Better Third Choice","Colored Map","Colored Powertips","Defuse TimeMaze Blight","Emptier Cage","Minty Spire (QoL Compilation)","Permanent Neow","Quick Restart","Random Character Button","Relic Sorter","Reorder Act Four","Shop Mod","StSLib"],"gold_per_floor":[117,117,117,133,133,161,174,187,236,268,268,287,287,300,300,397,397,397,397,397,397,397,397,397,397,397,397,322,322,322,322,322,322,322,322,322,184,184,184,184,87,87,87,87,87,0,0,0,0,0,0,0,0,0,0,0],"floor_reached":55,"playtime":2208,"items_purged":["Strike_G","Strike_G"],"score":1005,"play_id":"d008d05d-5cd2-4101-9489-0b96a98de843","local_time":"20201230032940","is_ascension_mode":false,"campfire_choices":[{"data":"Bouncing Flask","floor":11.0,"key":"SMITH"},{"data":"Catalyst","floor":15.0,"key":"SMITH"},{"data":"Catalyst","floor":23.0,"key":"SMITH"},{"data":"Crippling Poison","floor":25.0,"key":"SMITH"},{"data":"Malaise","floor":29.0,"key":"SMITH"},{"data":"Neutralize","floor":32.0,"key":"SMITH"},{"data":"Footwork","floor":49,"key":"SMITH"},{"data":"Leg Sweep","floor":53,"key":"SMITH"}],"circlet_count":0,"master_deck":["Strike_G+1","Strike_G+1","Defend_G","Defend_G","Defend_G","Defend_G","Defend_G","Survivor","Neutralize+1","Swift Strike","Bouncing Flask+1","Quick Slash","Catalyst+1","Crippling Poison+1","Catalyst+1","Backstab","Malaise+1","Conserve Battery+1","Blur+1","Die Die Die","Backflip+1","Escape Plan+1","Footwork+1","Blade Dance+1","Leg Sweep+1","Dodge and Roll+1","Backflip+1"],"relics":["Ring of the Snake","Mercury Hourglass","Lantern","Vajra","Pantograph","Ectoplasm","Enchiridion","Ninja Scroll","PreservedInsect","Ancient Tea Set","Gremlin Horn","SlaversCollar","InkBottle","MawBank","Blue Candle","Question Card","Red Mask","Blood Vial","Strawberry"],"acts_visited":["Exordium","TheCity","TheBeyond","TheEnding"],"potions_floor_usage":[35,39,55,55,55],"damage_taken":[{"damage":0.0,"enemies":"Small Slimes","floor":1.0,"turns":3.0},{"damage":1.0,"enemies":"Jaw Worm","floor":4.0,"turns":4.0},{"damage":23.0,"enemies":"3 Sentries","floor":6.0,"turns":11.0},{"damage":0.0,"enemies":"Cultist","floor":7.0,"turns":2.0},{"damage":2.0,"enemies":"Blue Slaver","floor":8.0,"turns":3.0},{"damage":0.0,"enemies":"Gremlin Nob","floor":10.0,"turns":2.0},{"damage":4.0,"enemies":"3 Louse","floor":12.0,"turns":2.0},{"damage":0.0,"enemies":"Exordium Thugs","floor":14.0,"turns":3.0},{"damage":29.0,"enemies":"Hexaghost","floor":16.0,"turns":4.0},{"damage":0.0,"enemies":"Chosen","floor":18.0,"turns":5.0},{"damage":0.0,"enemies":"3 Byrds","floor":19.0,"turns":3.0},{"damage":0.0,"enemies":"Snecko","floor":22.0,"turns":4.0},{"damage":4.0,"enemies":"Book of Stabbing","floor":24.0,"turns":4.0},{"damage":0.0,"enemies":"Gremlin Leader","floor":27.0,"turns":3.0},{"damage":2.0,"enemies":"Book of Stabbing","floor":30.0,"turns":4.0},{"damage":0.0,"enemies":"3 Cultists","floor":31.0,"turns":2.0},{"damage":1.0,"enemies":"Automaton","floor":33.0,"turns":5.0},{"damage":0,"enemies":"3 Shapes","floor":35,"turns":2},{"damage":0,"enemies":"Orb Walker","floor":38,"turns":2},{"damage":0,"enemies":"Maw","floor":39,"turns":5},{"damage":0,"enemies":"Nemesis","floor":40,"turns":5},{"damage":0,"enemies":"Giant Head","floor":42,"turns":4},{"damage":0,"enemies":"Transient","floor":44,"turns":5},{"damage":0,"enemies":"Reptomancer","floor":45,"turns":2},{"damage":0,"enemies":"Writhing Mass","floor":47,"turns":1},{"damage":0,"enemies":"Nemesis","floor":48,"turns":5},{"damage":14,"enemies":"Awakened One","floor":50,"turns":14},{"damage":0,"enemies":"Shield and Spear","floor":54,"turns":2},{"damage":81,"enemies":"The Heart","floor":55,"turns":11}],"seed_played":"1657692111595350691","potions_obtained":[{"floor":8.0,"key":"GamblersBrew"},{"floor":14.0,"key":"Explosive Potion"},{"floor":16.0,"key":"DistilledChaos"},{"floor":24.0,"key":"Swift Potion"},{"floor":30.0,"key":"Ancient Potion"},{"floor":31.0,"key":"Block Potion"},{"floor":38,"key":"PowerPotion"},{"floor":40,"key":"SteroidPotion"}],"is_trial":false,"path_per_floor":["M","?","?","M","?","E","M","M","T","E","R","M","?","M","R","B",null,"M","M","?","?","M","R","E","R","T","E","$","R","E","M","R","B",null,"M","?","$","M","M","E","$","E","T","M","E","?","M","E","R","B",null,"$","R","E","B"],"character_chosen":"THE_SILENT","items_purchased":["Footwork","CultistPotion"],"campfire_rested":0,"item_purchase_floors":[37,41],"current_hp_per_floor":[70,56,56,55,55,32,32,30,30,30,30,26,26,26,26,22,70,70,70,70,54,54,54,50,50,50,50,50,50,48,48,48,69,70,70,70,70,70,70,70,70,70,70,70,70,70,70,70,70,56,70,70,70,77,0,0],"gold":0,"neow_bonus":"RANDOM_COLORLESS","is_daily":false,"chose_seed":false,"campfire_upgraded":8,"win_rate":0.0,"timestamp":1609295380,"path_taken":["M","?","?","?","?","E","M","M","T","E","R","M","?","M","R","BOSS","M","M","?","?","M","R","E","R","T","E","$","R","E","M","R","BOSS","M","?","$","M","?","E","$","E","T","M","E","?","M","E","R","BOSS","$","R","E","BOSS"],"items_purchased_type":["Card","Potion"],"build_version":"2020-12-22","purchased_purges":2,"victory":false,"max_hp_per_floor":[70,70,70,70,70,70,70,70,70,70,70,70,70,70,70,70,70,70,70,70,70,70,70,70,70,70,70,70,70,70,70,70,70,70,70,70,70,70,70,70,70,70,70,70,70,70,70,70,70,70,70,70,70,77,77,77],"card_choices":[{"not_picked":["Panacea","Madness"],"picked":"Swift Strike","floor":0.0},{"not_picked":["Outmaneuver","Acrobatics","Blade Dance"],"picked":"SKIP","floor":1.0},{"not_picked":["Expertise","Leg Sweep"],"picked":"Quick Slash","floor":4.0},{"not_picked":["Cloak And Dagger","Underhanded Strike"],"picked":"Catalyst","floor":6.0},{"not_picked":["Reflex","Outmaneuver"],"picked":"Crippling Poison","floor":7.0},{"not_picked":["Dodge and Roll","Unload"],"picked":"Catalyst","floor":8.0},{"not_picked":["Dagger Throw","Acrobatics","Terror"],"picked":"SKIP","floor":10.0},{"not_picked":["Reflex","Dodge and Roll","Bouncing Flask"],"picked":"SKIP","floor":12.0},{"not_picked":["Blade Dance","Acrobatics"],"picked":"Backstab","floor":14.0},{"not_picked":["After Image","Grand Finale"],"picked":"Malaise","floor":16.0},{"not_picked":["Outmaneuver","Slice","Reflex"],"picked":"SKIP","floor":18.0},{"not_picked":["Escape Plan","Deadly Poison","Heel Hook"],"picked":"SKIP","floor":19.0},{"not_picked":["Expertise","Deflect"],"picked":"Blur+1","floor":22.0},{"not_picked":["Blade Dance","Masterful Stab"],"picked":"Die Die Die","floor":24.0},{"not_picked":["Bane","Riddle With Holes+1","Outmaneuver"],"picked":"SKIP","floor":27.0},{"not_picked":["Masterful Stab","Predator"],"picked":"Backflip+1","floor":30.0},{"not_picked":["Bane","Cloak And Dagger","Slice"],"picked":"SKIP","floor":31.0},{"not_picked":["Tactician","Calculated Gamble+1"],"picked":"Escape Plan+1","floor":35},{"not_picked":["Underhanded Strike","Dodge and Roll"],"picked":"Blade Dance+1","floor":38},{"not_picked":["Bane+1","Calculated Gamble+1","Riddle With Holes+1"],"picked":"SKIP","floor":39},{"not_picked":["Quick Slash","Bane+1"],"picked":"Leg Sweep","floor":40},{"not_picked":["Predator","Backflip","Prepared"],"picked":"SKIP","floor":42},{"not_picked":["Crippling Poison+1","Blur","Deflect"],"picked":"SKIP","floor":44},{"not_picked":["Glass Knife","Flying Knee","A Thousand Cuts"],"picked":"SKIP","floor":45},{"not_picked":["Endless Agony+1","Finisher","Terror+1"],"picked":"Dodge and Roll+1","floor":47},{"not_picked":["Terror+1","Leg Sweep","Dagger Spray+1"],"picked":"Backflip+1","floor":48},{"not_picked":["Backstab+1","Eviscerate","Distraction","Endless Agony"],"picked":"SKIP","floor":54}],"player_experience":52304,"relics_obtained":[{"floor":6.0,"key":"Mercury Hourglass"},{"floor":9.0,"key":"Lantern"},{"floor":10.0,"key":"Vajra"},{"floor":21.0,"key":"Enchiridion"},{"floor":24.0,"key":"Ninja Scroll"},{"floor":26.0,"key":"PreservedInsect"},{"floor":27.0,"key":"Ancient Tea Set"},{"floor":30.0,"key":"Gremlin Horn"},{"floor":40,"key":"InkBottle"},{"floor":42,"key":"MawBank"},{"floor":43,"key":"Blue Candle"},{"floor":45,"key":"Question Card"},{"floor":48,"key":"Blood Vial"},{"floor":54,"key":"Strawberry"}],"event_choices":[{"damage_healed":70.0,"max_hp_gain":0.0,"max_hp_loss":70.0,"gold_gain":0.0,"event_name":"betterThird:BetterShining","player_choice":"Upgrade","floor":2.0,"gold_loss":0.0,"damage_taken":14.0,"cards_upgraded":["Strike_G","Strike_G"]},{"damage_healed":0.0,"max_hp_gain":0.0,"max_hp_loss":0.0,"gold_gain":0.0,"cards_transformed":["Strike_G"],"event_name":"Transmorgrifier","player_choice":"Transformed","floor":3.0,"gold_loss":0.0,"damage_taken":0.0,"cards_obtained":["Bouncing Flask"]},{"damage_healed":0.0,"max_hp_gain":0.0,"max_hp_loss":0.0,"gold_gain":0.0,"event_name":"betterThird:BetterSerpent","player_choice":"Ignored","floor":5.0,"gold_loss":0.0,"damage_taken":133.0},{"damage_healed":0.0,"max_hp_gain":0.0,"max_hp_loss":0.0,"gold_gain":0.0,"event_name":"Dead Adventurer","player_choice":"Searched \u00271\u0027 times","floor":13.0,"gold_loss":0.0,"damage_taken":0.0,"relics_obtained":["Pantograph"]},{"cards_removed":["Malaise"],"damage_healed":0.0,"max_hp_gain":0.0,"max_hp_loss":0.0,"gold_gain":0.0,"event_name":"betterNote:BetterNote","player_choice":"Take \u0026 Give","floor":20.0,"gold_loss":0.0,"damage_taken":0.0,"cards_obtained":["Conserve Battery"]},{"damage_healed":0.0,"max_hp_gain":0.0,"max_hp_loss":0.0,"gold_gain":0.0,"event_name":"Cursed Tome","player_choice":"Obtained Book","floor":21.0,"gold_loss":0.0,"damage_taken":16.0},{"damage_healed":0,"gold_gain":0,"player_choice":"Bought 0 Potions","damage_taken":0,"max_hp_gain":0,"max_hp_loss":0,"event_name":"The Woman in Blue","floor":36,"gold_loss":0},{"damage_healed":0,"gold_gain":0,"player_choice":"Paid","damage_taken":0,"relics_obtained":["Red Mask"],"max_hp_gain":0,"max_hp_loss":0,"event_name":"Tomb of Lord Red Mask","floor":46,"gold_loss":87}],"is_beta":false,"boss_relics":[{"not_picked":["Tiny House","Ring of the Serpent"],"picked":"Ectoplasm"},{"not_picked":["Calling Bell","Fusion Hammer"],"picked":"SlaversCollar"}],"items_purged_floors":[28,37],"is_endless":false,"potions_floor_spawned":[8,14,16,24,30,31,38,40,44,47,54],"killed_by":"The Heart","ascension_level":0}}