{"host":"mjmsgaxkb56jw5c5","time":1609351115,"event":{"mods":["AchievementEnabler","Aspiration","BaseMod","Colored Map","Colored Powertips","Conspire","Downfall","Hubris","Minty Spire (QoL Compilation)","Replay The Spire","StSLib","The Jungle"],"gold_per_floor":[99,99,99,99,99,99,99,199,109,109,127,127,142,168,182,182,182,182],"floor_reached":16,"playtime":439,"items_purged":["Regret"],"score":96,"play_id":"17e16f49-d54f-45a1-8631-a3300a5f0ace","local_time":"20201230185835","is_ascension_mode":false,"campfire_choices":[{"floor":1,"key":"DIG"},{"data":"hexamod:HeatMetal","floor":10,"key":"SMITH"}],"circlet_count":0,"master_deck":["hexamod:Strike+1","hexamod:Strike+1","hexamod:Strike+1","hexamod:Strike+1","hexamod:Defend","hexamod:Defend","hexamod:Defend","hexamod:Defend+1","hexamod:Sear","hexamod:Float","hexamod:ExtraCrispy+1","hexamod:HeatMetal+1","hexamod:RadiantFlame","hexamod:HeatCrush","hexamod:SwordOfDarkness"],"relics":["hexamod:SpiritBrand","downfall:HeartsMalice","ReplayTheSpireMod:Ring of Exchange","ReplayTheSpireMod:Ring of Challenge","conspire:Dentures","hubris:Spice"],"acts_visited":["Exordium"],"potions_floor_usage":[14],"damage_taken":[{"damage":0,"enemies":"2 Louse","floor":2,"turns":1},{"damage":0,"enemies":"Jaw Worm","floor":3,"turns":1},{"damage":0,"enemies":"Small Slimes","floor":6,"turns":1},{"damage":4,"enemies":"downfall:FleeingMerchant","floor":9,"turns":4},{"damage":7,"enemies":"3 Louse","floor":11,"turns":4},{"damage":20,"enemies":"2 Fungi Beasts","floor":13,"turns":4},{"damage":20,"enemies":"Lagavulin","floor":14,"turns":6},{"damage":17,"enemies":"Lots of Slimes","floor":15,"turns":4},{"damage":23,"enemies":"downfall:Ironclad","floor":16,"turns":2}],"seed_played":"-46676407239860450","potions_obtained":[{"floor":11,"key":"Block Potion"},{"floor":15,"key":"Doom Potion"}],"is_trial":false,"path_per_floor":["R_BF","M","M","?","?","M","T","?","$","R","M","?","M","E","M","B"],"character_chosen":"THE_SPIRIT","items_purchased":[],"campfire_rested":0,"item_purchase_floors":[],"current_hp_per_floor":[70,70,70,70,70,70,70,70,66,66,59,59,39,27,10,0,0,0],"gold":182,"neow_bonus":"THREE_ENEMY_KILL","is_daily":false,"chose_seed":false,"campfire_upgraded":1,"win_rate":0.0,"timestamp":1609351115,"path_taken":["R_BF","M","M","?","?","M","T","?","?","R","M","?","M","E","M","BOSS"],"items_purchased_type":[],"build_version":"2020-12-22","purchased_purges":1,"victory":false,"max_hp_per_floor":[70,70,70,70,70,70,70,70,70,70,70,70,70,78,78,78,78,78],"card_choices":[{"not_picked":["hexamod:GhostOfSpirePast","hexamod:ThermalTransfer","hexamod:Rewind"],"picked":"SKIP","floor":2},{"not_picked":["hexamod:NecessarySacrifice","hexamod:ShieldOfDarkness"],"picked":"hexamod:ExtraCrispy","floor":3},{"not_picked":["hexamod:FirstSeal","hexamod:NightmareGuise"],"picked":"hexamod:HeatMetal","floor":6},{"not_picked":["hexamod:GhostShield","hexamod:InspiringFlames","hexamod:PhantomCloak"],"picked":"SKIP","floor":9},{"not_picked":["hexamod:SpectersWail","hexamod:GhostOfSpirePresent"],"picked":"hexamod:RadiantFlame","floor":11},{"not_picked":["hexamod:InspiringFlames","hexamod:HeatShield","hexamod:GhostShield"],"picked":"SKIP","floor":13},{"not_picked":["hexamod:TurnItUp","hexamod:EtherealExpedition"],"picked":"hexamod:HeatCrush","floor":14},{"not_picked":["hexamod:BacktrackSmack","hexamod:InspiringFlames"],"picked":"hexamod:SwordOfDarkness","floor":15}],"player_experience":234903,"relics_obtained":[{"floor":1,"key":"hubris:ToyBattleship"},{"floor":5,"key":"ReplayTheSpireMod:Ring of Exchange"},{"floor":5,"key":"ReplayTheSpireMod:Ring of Challenge"},{"floor":7,"key":"conspire:Dentures"},{"floor":14,"key":"hubris:Spice"}],"event_choices":[],"is_beta":false,"boss_relics":[],"items_purged_floors":[9],"is_endless":false,"potions_floor_spawned":[11,15],"killed_by":"downfall:Ironclad","ascension_level":0}}