{"host":"avjwtc49fhlk6kym","time":1609365569,"event":{"mods":["AchievementEnabler","BaseMod","Better Match","Better Note","Better Third Choice","Colored Map","Colored Powertips","Displayed Cursed Tome","Highlight Path","Minty Spire (QoL Compilation)","Permanent Neow","Quick Restart","StSLib"],"gold_per_floor":[115,131,144,0,13,45,60,60,60,60,86,99,114,114,114,214,214,232,232,0,13,31,31,31,31],"floor_reached":24,"playtime":1328,"items_purged":["Strike_P"],"score":260,"play_id":"4542625b-fef9-4940-9b49-dfa7a3805846","local_time":"20201230165929","is_ascension_mode":false,"campfire_choices":[{"floor":8,"key":"REST"},{"data":"Eruption","floor":10,"key":"SMITH"},{"data":"WheelKick","floor":15,"key":"SMITH"},{"floor":23,"key":"REST"}],"circlet_count":0,"master_deck":["Strike_P","Strike_P","Strike_P","Defend_P","Defend_P","Defend_P","Defend_P","Eruption+1","Vigilance","Consecrate","LikeWater","Evaluate","Enlightenment","Wish","LikeWater","FollowUp","Swivel","WheelKick+1","ThirdEye","CarveReality","Devotion","CutThroughFate","BattleHymn","FearNoEvil","ClearTheMind","WindmillStrike","CrushJoints"],"relics":["PureWater","Dream Catcher","Nunchaku","Vajra","Boot","Runic Pyramid"],"acts_visited":["Exordium","TheCity"],"potions_floor_usage":[12,13,18,18,21,22],"damage_taken":[{"damage":0,"enemies":"2 Louse","floor":1,"turns":2},{"damage":1,"enemies":"Cultist","floor":2,"turns":3},{"damage":0,"enemies":"Small Slimes","floor":3,"turns":4},{"damage":0,"enemies":"3 Louse","floor":5,"turns":4},{"damage":24,"enemies":"3 Sentries","floor":6,"turns":16},{"damage":0,"enemies":"2 Fungi Beasts","floor":7,"turns":5},{"damage":3,"enemies":"Lagavulin","floor":11,"turns":8},{"damage":1,"enemies":"Blue Slaver","floor":12,"turns":4},{"damage":3,"enemies":"Gremlin Gang","floor":13,"turns":3},{"damage":0,"enemies":"The Guardian","floor":16,"turns":16},{"damage":33,"enemies":"2 Thieves","floor":18,"turns":5},{"damage":5,"enemies":"Chosen","floor":21,"turns":7},{"damage":21,"enemies":"Centurion and Healer","floor":22,"turns":5},{"damage":58,"enemies":"Slavers","floor":24,"turns":3}],"seed_played":"7496538406286698136","potions_obtained":[{"floor":6,"key":"Energy Potion"},{"floor":7,"key":"DistilledChaos"},{"floor":12,"key":"AttackPotion"},{"floor":14,"key":"Regen Potion"},{"floor":14,"key":"Block Potion"},{"floor":21,"key":"Block Potion"}],"is_trial":false,"path_per_floor":["M","M","M","?","M","E","M","R","T","R","E","M","M","?","R","B",null,"M","T","$","M","M","R","E"],"character_chosen":"WATCHER","items_purchased":["BattleHymn","FearNoEvil"],"campfire_rested":2,"item_purchase_floors":[20,20],"current_hp_per_floor":[72,71,71,77,77,53,53,76,76,76,73,72,69,69,69,69,78,45,45,45,55,34,57,0,0],"gold":31,"neow_bonus":"RANDOM_COMMON_RELIC","is_daily":false,"chose_seed":false,"campfire_upgraded":2,"win_rate":0.0,"timestamp":1609365569,"path_taken":["M","M","M","?","M","E","M","R","T","R","E","M","M","?","R","BOSS","M","?","$","M","?","R","E"],"items_purchased_type":["Card","Card"],"build_version":"2020-12-22","purchased_purges":1,"victory":false,"max_hp_per_floor":[72,72,72,78,78,78,78,78,78,78,78,78,78,78,78,78,78,78,78,78,78,78,78,78,78],"card_choices":[{"not_picked":["BowlingBash","Weave"],"picked":"Consecrate","floor":1},{"not_picked":["Adaptation","EmptyBody"],"picked":"LikeWater","floor":2},{"not_picked":["Indignation","Halt"],"picked":"Evaluate","floor":3},{"not_picked":["WreathOfFlame","Halt"],"picked":"Wish","floor":5},{"not_picked":["Fasting2","ThirdEye"],"picked":"LikeWater","floor":6},{"not_picked":["EmptyFist","Prostrate"],"picked":"FollowUp","floor":7},{"not_picked":["ForeignInfluence","LikeWater"],"picked":"Swivel","floor":8},{"not_picked":["Fasting2","Crescendo"],"picked":"WheelKick","floor":11},{"not_picked":["FlurryOfBlows","Meditate"],"picked":"ThirdEye","floor":12},{"not_picked":["FlurryOfBlows","JustLucky"],"picked":"CarveReality","floor":13},{"not_picked":["Ragnarok","Wish"],"picked":"Devotion","floor":16},{"not_picked":["FlurryOfBlows","EmptyBody+1"],"picked":"CutThroughFate","floor":18},{"not_picked":["Swivel+1","Consecrate"],"picked":"ClearTheMind","floor":21},{"not_picked":["MentalFortress","Evaluate"],"picked":"WindmillStrike","floor":22},{"not_picked":["Wallop","Judgement"],"picked":"CrushJoints","floor":23}],"player_experience":357353,"relics_obtained":[{"floor":6,"key":"Nunchaku"},{"floor":9,"key":"Vajra"},{"floor":11,"key":"Boot"}],"event_choices":[{"damage_healed":0,"gold_gain":0,"player_choice":"RENOUNCE","damage_taken":144,"max_hp_gain":0,"max_hp_loss":0,"event_name":"betterThird:BetterSerpent","floor":4,"gold_loss":144,"cards_obtained":["Enlightenment"]},{"damage_healed":0,"gold_gain":0,"player_choice":"Got Potions","damage_taken":0,"max_hp_gain":0,"max_hp_loss":0,"event_name":"Lab","floor":14,"gold_loss":0}],"is_beta":false,"boss_relics":[{"not_picked":["Tiny House","Runic Dome"],"picked":"Runic Pyramid"}],"items_purged_floors":[20],"is_endless":false,"potions_floor_spawned":[6,7,12,21],"killed_by":"Slavers","ascension_level":0}}