{"host":"0nndazl0keusavit","time":1609294999,"event":{"mods":["BaseMod","Colored Map","Minty Spire (QoL Compilation)","Relic Stats"],"gold_per_floor":[112,129,53,128,148,148,181,13,81,106,106,117,133,98,98,177,177,194,194,208,12,62,62,62],"floor_reached":23,"playtime":987,"items_purged":["Strike_G"],"score":498,"play_id":"fdd36a59-9a7b-4b77-a17d-9500ab3b6aab","local_time":"20201229222319","is_ascension_mode":true,"campfire_choices":[{"data":"Poisoned Stab","floor":6.0,"key":"SMITH"},{"floor":11.0,"key":"REST"},{"floor":15.0,"key":"REST"}],"circlet_count":0,"master_deck":["AscendersBane","Strike_G","Strike_G","Strike_G","Strike_G","Defend_G","Defend_G","Defend_G","Defend_G","Defend_G","Survivor","Neutralize","Dagger Spray","Poisoned Stab+1","Caltrops","Backstab","Corpse Explosion","Well Laid Plans","Masterful Stab","Dash","Footwork","Night Terror","Noxious Fumes","Decay","Backflip+1","Deadly Poison"],"relics":["Velvet Choker","Potion Belt","Matryoshka","Happy Flower","Snecko Eye","Oddly Smooth Stone"],"acts_visited":["Exordium","TheCity"],"potions_floor_usage":[16],"damage_taken":[{"damage":1.0,"enemies":"Cultist","floor":1.0,"turns":4.0},{"damage":1.0,"enemies":"Small Slimes","floor":2.0,"turns":4.0},{"damage":7.0,"enemies":"Jaw Worm","floor":5.0,"turns":4.0},{"damage":26.0,"enemies":"Gremlin Nob","floor":7.0,"turns":4.0},{"damage":11.0,"enemies":"Lagavulin","floor":10.0,"turns":5.0},{"damage":3.0,"enemies":"Blue Slaver","floor":12.0,"turns":3.0},{"damage":8.0,"enemies":"Lots of Slimes","floor":13.0,"turns":3.0},{"damage":0,"enemies":"Slime Boss","floor":16,"turns":6},{"damage":18,"enemies":"2 Thieves","floor":18,"turns":4},{"damage":30,"enemies":"Spheric Guardian","floor":20,"turns":6},{"damage":15,"enemies":"Slavers","floor":23,"turns":1}],"seed_played":"-5703419562728646433","potions_obtained":[{"floor":2.0,"key":"Strength Potion"},{"floor":7.0,"key":"PowerPotion"},{"floor":10.0,"key":"CultistPotion"},{"floor":18,"key":"Dexterity Potion"}],"is_trial":false,"path_per_floor":["M","M","$","?","M","R","E","$","T","E","R","M","M","?","R","B",null,"M","?","M","$","?","E"],"character_chosen":"THE_SILENT","items_purchased":["Caltrops","Well Laid Plans","AttackPotion","Oddly Smooth Stone","Deadly Poison"],"campfire_rested":2,"item_purchase_floors":[3,8,8,21,21],"current_hp_per_floor":[58,57,57,46,39,39,13,13,13,2,21,18,10,26,45,45,61,43,43,13,13,13,0,0],"gold":62,"neow_bonus":"BOSS_RELIC","is_daily":false,"chose_seed":false,"campfire_upgraded":1,"win_rate":0.0,"timestamp":1609294999,"path_taken":["M","M","$","?","M","R","E","$","T","E","R","M","M","?","R","BOSS","M","?","M","$","?","E"],"items_purchased_type":["Card","Card","Potion","Relic","Card"],"build_version":"2020-12-22","purchased_purges":1,"victory":false,"max_hp_per_floor":[66,66,66,66,66,66,66,66,66,66,66,66,66,66,66,66,66,66,66,66,66,66,66,66],"relic_stats":{"Happy Flower":[7],"counters":[11,44],"Snecko Eye":[19,21,14,19],"obtain_stats":[{"Potion Belt":7,"Matryoshka":9,"Happy Flower":10,"Velvet Choker":0,"Snecko Eye":17,"Oddly Smooth Stone":21,"Ring of the Snake":0},{"Potion Belt":4,"Matryoshka":4,"Happy Flower":5,"Velvet Choker":0,"Snecko Eye":8,"Oddly Smooth Stone":10,"Ring of the Snake":0},{"Potion Belt":16,"Matryoshka":16,"Happy Flower":21,"Velvet Choker":0,"Snecko Eye":33,"Oddly Smooth Stone":43,"Ring of the Snake":0}]},"card_choices":[{"not_picked":["Acrobatics","Backflip"],"picked":"Dagger Spray","floor":1.0},{"not_picked":["Blade Dance","After Image"],"picked":"Poisoned Stab","floor":2.0},{"not_picked":["Deflect","Bane"],"picked":"Backstab","floor":5.0},{"not_picked":["Acrobatics","Prepared"],"picked":"Corpse Explosion","floor":7.0},{"not_picked":["Sucker Punch","Flechettes"],"picked":"Masterful Stab","floor":10.0},{"not_picked":["Acrobatics","Outmaneuver"],"picked":"Dash","floor":12.0},{"not_picked":["Slice","Flying Knee"],"picked":"Footwork","floor":13.0},{"not_picked":["Unload","Venomology"],"picked":"Night Terror","floor":16},{"not_picked":["Finisher","Dash"],"picked":"Noxious Fumes","floor":18},{"not_picked":["Dagger Throw","Flechettes+1"],"picked":"Backflip+1","floor":20}],"player_experience":853002,"relics_obtained":[{"floor":7.0,"key":"Potion Belt"},{"floor":9.0,"key":"Matryoshka"},{"floor":10.0,"key":"Happy Flower"}],"event_choices":[{"damage_healed":0.0,"max_hp_gain":0.0,"max_hp_loss":0.0,"gold_gain":75.0,"event_name":"World of Goop","player_choice":"Gather Gold","floor":4.0,"gold_loss":0.0,"damage_taken":11.0},{"damage_healed":16.0,"max_hp_gain":0.0,"max_hp_loss":0.0,"gold_gain":0.0,"event_name":"The Cleric","player_choice":"Healed","floor":14.0,"gold_loss":35.0,"damage_taken":0.0},{"damage_healed":0,"gold_gain":0,"player_choice":"Smashed Altar","damage_taken":0,"max_hp_gain":0,"max_hp_loss":0,"event_name":"Forgotten Altar","floor":19,"gold_loss":0,"cards_obtained":["Decay"]},{"damage_healed":0,"gold_gain":50,"player_choice":"Pray","damage_taken":0,"max_hp_gain":0,"max_hp_loss":0,"event_name":"Golden Shrine","floor":22,"gold_loss":0}],"is_beta":false,"boss_relics":[{"not_picked":["Runic Dome","Cursed Key"],"picked":"Snecko Eye"}],"items_purged_floors":[8],"is_endless":false,"potions_floor_spawned":[2,7,10,18],"killed_by":"Slavers","ascension_level":20}}