{"host":"ktoxvvst1mwxww91","time":1609348409,"event":{"mods":["BaseMod","Hermit","Minty Spire (QoL Compilation)","StSLib","The Hierophant","The Mystic","The Necromancer"],"gold_per_floor":[12,12,12,36,51,85,104,117,117,130,130,130,144,319,319,319,319],"floor_reached":16,"playtime":444,"items_purged":[],"score":163,"play_id":"45c4e590-8e52-4853-9f5a-dc7a05d22bae","local_time":"20201230181329","is_ascension_mode":true,"campfire_choices":[{"data":"Deadly Poison","floor":11,"key":"SMITH"},{"floor":15,"key":"REST"}],"circlet_count":0,"master_deck":["AscendersBane","Strike_G","Strike_G+1","Strike_G","Defend_G","Defend_G","Defend_G","Defend_G","Defend_G","Survivor","Neutralize+1","Endless Agony","Deadly Poison+1","Deflect+1","PiercingWail+1","Deflect+1","Doubt"],"relics":["Ring of the Snake","Golden Idol","Whetstone","Toxic Egg 2","Sundial","Bird Faced Urn"],"acts_visited":["Exordium"],"potions_floor_usage":[6,6],"damage_taken":[{"damage":2,"enemies":"2 Louse","floor":1,"turns":4},{"damage":7,"enemies":"Small Slimes","floor":5,"turns":4},{"damage":5,"enemies":"Lagavulin","floor":6,"turns":5},{"damage":0,"enemies":"Jaw Worm","floor":7,"turns":4},{"damage":0,"enemies":"Exordium Thugs","floor":8,"turns":7},{"damage":3,"enemies":"3 Louse","floor":10,"turns":4},{"damage":0,"enemies":"Looter","floor":13,"turns":4},{"damage":49,"enemies":"Slime Boss","floor":16,"turns":10}],"seed_played":"702105135191145334","potions_obtained":[{"floor":1,"key":"ColorlessPotion"},{"floor":5,"key":"SkillPotion"}],"is_trial":false,"path_per_floor":["M","?","?","T","M","E","M","M","T","M","R","?","M","?","R","B"],"character_chosen":"THE_SILENT","items_purchased":[],"campfire_rested":1,"item_purchase_floors":[],"current_hp_per_floor":[61,61,66,66,59,54,54,54,54,51,51,26,26,26,47,0,0],"gold":319,"neow_bonus":"REMOVE_TWO","is_daily":false,"chose_seed":false,"campfire_upgraded":1,"win_rate":0.0,"timestamp":1609348409,"path_taken":["M","?","?","?","M","E","?","M","T","M","R","?","M","?","R","BOSS"],"items_purchased_type":[],"build_version":"2020-12-22","purchased_purges":0,"victory":false,"max_hp_per_floor":[70,65,70,70,70,70,70,70,70,70,70,70,70,70,70,70,70],"card_choices":[{"not_picked":["Skewer","Dagger Spray"],"picked":"Endless Agony","floor":1},{"not_picked":["Underhanded Strike","Bane"],"picked":"Deadly Poison","floor":5},{"not_picked":["Predator","Slice"],"picked":"Deflect+1","floor":6},{"not_picked":["Acrobatics+1","Flechettes"],"picked":"PiercingWail+1","floor":7},{"not_picked":["Dagger Spray","Masterful Stab"],"picked":"Deflect+1","floor":8},{"not_picked":["Quick Slash","Acrobatics+1","Reflex+1"],"picked":"SKIP","floor":10},{"not_picked":["Heel Hook","Dodge and Roll+1","Dagger Spray"],"picked":"SKIP","floor":13}],"player_experience":946587,"relics_obtained":[{"floor":4,"key":"Whetstone"},{"floor":6,"key":"Toxic Egg 2"},{"floor":9,"key":"Sundial"}],"event_choices":[{"damage_healed":0,"gold_gain":0,"player_choice":"Lose Max HP","damage_taken":0,"relics_obtained":["Golden Idol"],"max_hp_gain":0,"max_hp_loss":5,"event_name":"Golden Idol","floor":2,"gold_loss":0},{"damage_healed":0,"gold_gain":0,"player_choice":"Donut","damage_taken":0,"max_hp_gain":5,"max_hp_loss":0,"event_name":"Big Fish","floor":3,"gold_loss":0},{"damage_healed":0,"gold_gain":0,"player_choice":"Success","damage_taken":25,"relics_obtained":["Bird Faced Urn"],"max_hp_gain":0,"max_hp_loss":0,"event_name":"Scrap Ooze","floor":12,"gold_loss":0},{"damage_healed":0,"gold_gain":175,"player_choice":"AGREE","damage_taken":0,"max_hp_gain":0,"max_hp_loss":0,"event_name":"Liars Game","floor":14,"gold_loss":0,"cards_obtained":["Doubt"]}],"is_beta":false,"boss_relics":[],"items_purged_floors":[],"is_endless":false,"potions_floor_spawned":[1,5],"killed_by":"Slime Boss","ascension_level":12}}