{"host":"dcj2yvrgcvh5dl2s","time":1609288734,"event":{"mods":["BaseMod","Better Note","Block Reminder","Colored Powertips","DeckTracker","Minty Spire (QoL Compilation)","Quick Restart","Rare Cards Sparkle","Relic Stats","StSLib"],"gold_per_floor":[117,127,146,221,238,238,238],"floor_reached":6,"playtime":222,"items_purged":[],"score":72,"play_id":"2c10bec0-9426-44d4-adc4-33ee5dd35126","local_time":"20201230103854","is_ascension_mode":true,"campfire_choices":[],"circlet_count":0,"master_deck":["AscendersBane","Strike_R","Strike_R","Strike_R","Defend_R","Defend_R","Defend_R","Defend_R","Bash","Injury","Fire Breathing","Feed","Body Slam","Body Slam","Heavy Blade","Flex"],"relics":["Burning Blood"],"acts_visited":["Exordium"],"potions_floor_usage":[5],"damage_taken":[{"damage":17,"enemies":"Cultist","floor":1,"turns":4},{"damage":8,"enemies":"2 Louse","floor":2,"turns":4},{"damage":31,"enemies":"Jaw Worm","floor":3,"turns":6},{"damage":16,"enemies":"Exordium Thugs","floor":5,"turns":4},{"damage":0,"enemies":"Lagavulin","floor":6,"turns":3}],"seed_played":"-6215867908084663823","potions_obtained":[{"floor":1,"key":"Fire Potion"},{"floor":3,"key":"FairyPotion"}],"is_trial":false,"path_per_floor":["M","M","M","?","M","E"],"character_chosen":"IRONCLAD","items_purchased":[],"campfire_rested":0,"item_purchase_floors":[],"current_hp_per_floor":[60,61,39,28,21,21,21],"gold":238,"neow_bonus":"TRANSFORM_TWO_CARDS","is_daily":false,"chose_seed":false,"campfire_upgraded":0,"win_rate":0.0,"timestamp":1609288734,"path_taken":["M","M","?","?","M","E"],"items_purchased_type":[],"build_version":"2020-12-22","purchased_purges":0,"victory":false,"max_hp_per_floor":[78,81,84,84,87,87,87],"relic_stats":{"counters":[5,21],"obtain_stats":[{"Burning Blood":0},{"Burning Blood":0},{"Burning Blood":0}],"Burning Blood":24},"card_choices":[{"not_picked":["Warcry","Entrench"],"picked":"Body Slam","floor":1},{"not_picked":["Clothesline","Dropkick"],"picked":"Body Slam","floor":2},{"not_picked":["Rupture","Armaments"],"picked":"Heavy Blade","floor":3},{"not_picked":["Rampage","Carnage"],"picked":"Flex","floor":5}],"player_experience":2105967,"relics_obtained":[],"event_choices":[{"damage_healed":0,"gold_gain":75,"player_choice":"Gather Gold","damage_taken":11,"max_hp_gain":0,"max_hp_loss":0,"event_name":"World of Goop","floor":4,"gold_loss":0}],"is_beta":false,"boss_relics":[],"items_purged_floors":[],"is_endless":false,"potions_floor_spawned":[1,3],"killed_by":"Lagavulin","ascension_level":18}}