{"host":"tq7pufgtqftqw8yr","time":1609342130,"event":{"mods":["BaseMod","Downfall","Minty Spire (QoL Compilation)","StSLib"],"gold_per_floor":[99,116,216,51,64,92,92,121,133,159,171,199,228,415,441,558,570,582,594,594,594],"floor_reached":19,"playtime":1533,"items_purged":[],"score":169,"play_id":"6004a291-0f91-430b-9060-6847f9fd0219","local_time":"20201230232850","is_ascension_mode":false,"campfire_choices":[{"data":"champ:Execute","floor":1.0,"key":"SMITH"},{"floor":9.0,"key":"REST"},{"data":"champ:StanceDance","floor":11.0,"key":"SMITH"},{"data":"champ:SteelEdge","floor":18.0,"key":"SMITH"}],"circlet_count":0,"master_deck":["champ:Strike","champ:Strike","champ:Strike","champ:Strike","champ:Defend","champ:Defend","champ:Defend","champ:Defend","champ:Execute+1","champ:Taunt","champ:StanceDance+1","champ:EnragedBash","champ:BerserkersShout","champ:GutPunch","champ:RisingSlash","champ:AdrenalArmor","champ:Backstep","champ:AdrenalArmor","Doubt","champ:LastStand","champ:SteelEdge+1"],"relics":["champ:ChampionCrown","Nunchaku","Thread and Needle","MawBank","SlaversCollar"],"acts_visited":["Exordium","TheCity"],"potions_floor_usage":[],"damage_taken":[{"damage":8.0,"enemies":"Jaw Worm","floor":2.0,"turns":3.0},{"damage":20.0,"enemies":"downfall:FleeingMerchant","floor":4.0,"turns":4.0},{"damage":8.0,"enemies":"2 Louse","floor":5.0,"turns":3.0},{"damage":57.0,"enemies":"Gremlin Nob","floor":6.0,"turns":5.0},{"damage":14.0,"enemies":"Small Slimes","floor":8.0,"turns":2.0},{"damage":22.0,"enemies":"2 Fungi Beasts","floor":10.0,"turns":3.0},{"damage":2.0,"enemies":"Exordium Wildlife","floor":12.0,"turns":2.0},{"damage":14.0,"enemies":"Blue Slaver","floor":13.0,"turns":3.0},{"damage":17.0,"enemies":"Red Slaver","floor":15.0,"turns":5.0},{"damage":87.0,"enemies":"downfall:Ironclad","floor":16.0,"turns":9.0},{"damage":0,"enemies":"Shell Parasite","floor":19,"turns":1}],"seed_played":"-5364818136890960561","potions_obtained":[{"floor":6.0,"key":"FearPotion"},{"floor":10.0,"key":"SteroidPotion"},{"floor":12.0,"key":"LiquidBronze"},{"floor":16.0,"key":"Dexterity Potion"}],"is_trial":false,"path_per_floor":["R","M","?","$","M","E","T","M","R","M","R","M","M","?","M","B",null,"R","M"],"character_chosen":"THE_CHAMP","items_purchased":["Nunchaku"],"campfire_rested":1,"item_purchase_floors":[4],"current_hp_per_floor":[99,96,96,86,84,44,44,43,72,71,71,69,69,69,69,31,99,99,99,99,99],"gold":594,"neow_bonus":"TEN_PERCENT_HP_BONUS","is_daily":false,"chose_seed":false,"campfire_upgraded":3,"win_rate":0.0,"timestamp":1609342130,"path_taken":["R","M","?","$","M","E","T","M","R","M","R","M","M","?","M","BOSS","R","M"],"items_purchased_type":["Relic"],"build_version":"2020-12-22","purchased_purges":0,"victory":false,"max_hp_per_floor":[99,99,99,99,99,99,99,99,99,99,99,99,99,99,99,99,99,99,99,99,99],"card_choices":[{"not_picked":["champ:DefensiveShout","champ:FanOfKnives"],"picked":"champ:StanceDance","floor":2.0},{"not_picked":["champ:BringItOn","champ:ViciousMockery"],"picked":"champ:EnragedBash","floor":4.0},{"not_picked":["champ:FlashCut","champ:FanOfKnives"],"picked":"champ:BerserkersShout","floor":5.0},{"not_picked":["champ:FocusedGladiator","champ:Backstep"],"picked":"champ:GutPunch","floor":6.0},{"not_picked":["champ:ViciousMockery","champ:Backstep"],"picked":"champ:RisingSlash","floor":8.0},{"not_picked":["champ:ViciousMockery","champ:EnragedBash"],"picked":"champ:AdrenalArmor","floor":10.0},{"not_picked":["champ:FalseCounter","champ:CrookedStrike"],"picked":"champ:Backstep","floor":12.0},{"not_picked":["champ:RisingSlash","champ:Haymaker"],"picked":"champ:AdrenalArmor","floor":13.0},{"not_picked":["champ:GladiatorsShout","champ:BerserkerStyle"],"picked":"champ:LastStand","floor":15.0},{"not_picked":["champ:PerfectForm","champ:DancingMaster"],"picked":"champ:SteelEdge","floor":16.0}],"player_experience":765661,"relics_obtained":[{"floor":6.0,"key":"Thread and Needle"},{"floor":7.0,"key":"MawBank"}],"event_choices":[],"is_beta":false,"boss_relics":[{"not_picked":["Sozu","Black Star"],"picked":"SlaversCollar"}],"items_purged_floors":[],"is_endless":false,"potions_floor_spawned":[6,10,12,16],"killed_by":"Shell Parasite","ascension_level":0}}