{"host":"gfybn4j1d26rvz5e","time":1609287834,"event":{"mods":["BaseMod","Better Altar","Better Match","Better Note","Better Sensory Stone","Better Skull","Better Third Choice","BetterRewards","Highlight Path","Minty Spire (QoL Compilation)","Random Character Button","Relic Stats","StSLib"],"gold_per_floor":[116,135,35,35,54,54,85,85,85,117,117,130,130,144,144,144,144],"floor_reached":16,"playtime":821,"items_purged":["Strike_B"],"score":240,"play_id":"1544e41a-f95a-4940-ae33-2aa07c8a4c1f","local_time":"20201229182354","is_ascension_mode":true,"campfire_choices":[{"data":"Zap","floor":6,"key":"SMITH"},{"data":"Ball Lightning","floor":8,"key":"SMITH"},{"floor":11,"key":"REST"},{"data":"Fission","floor":13,"key":"SMITH"},{"floor":15,"key":"REST"}],"circlet_count":0,"master_deck":["AscendersBane","Strike_B","Strike_B","Strike_B","Defend_B","Defend_B","Defend_B","Defend_B","Zap+1","Dualcast","Cold Snap","Seek","Ball Lightning+1","Glacier","Compile Driver","Genetic Algorithm","Capacitor","Fission+1","Beam Cell"],"relics":["Cracked Core","Bird Faced Urn","Bottled Lightning","Smiling Mask"],"acts_visited":["Exordium"],"potions_floor_usage":[16],"damage_taken":[{"damage":0,"enemies":"Cultist","floor":1,"turns":3},{"damage":7,"enemies":"2 Louse","floor":2,"turns":2},{"damage":1,"enemies":"Jaw Worm","floor":5,"turns":3},{"damage":17,"enemies":"Lagavulin","floor":7,"turns":8},{"damage":22,"enemies":"Gremlin Nob","floor":10,"turns":5},{"damage":24,"enemies":"Gremlin Gang","floor":12,"turns":5},{"damage":0,"enemies":"Exordium Thugs","floor":14,"turns":4},{"damage":0,"enemies":"The Guardian","floor":16,"turns":2}],"seed_played":"66314625910368049","potions_obtained":[{"floor":10,"key":"ColorlessPotion"},{"floor":12,"key":"Strength Potion"},{"floor":14,"key":"FocusPotion"}],"is_trial":false,"path_per_floor":["M","M","$","$","M","R","E","R","T","E","R","M","R","M","R","B"],"character_chosen":"DEFECT","items_purchased":["Cold Snap","Seek","Compile Driver"],"campfire_rested":2,"item_purchase_floors":[0,0,3],"current_hp_per_floor":[68,61,61,61,60,60,43,43,43,21,43,19,19,19,41,43,43],"gold":144,"neow_bonus":"","is_daily":false,"chose_seed":false,"campfire_upgraded":3,"win_rate":0.0,"timestamp":1609287834,"path_taken":["M","M","?","$","M","R","E","R","T","E","R","M","R","M","R","BOSS"],"items_purchased_type":["Card","Card","Card"],"build_version":"2020-12-22","purchased_purges":1,"victory":false,"max_hp_per_floor":[75,75,75,75,75,75,75,75,75,75,75,75,75,75,75,75,75],"relic_stats":{"counters":[47,199],"Bird Faced Urn":[2],"Smiling Mask":0,"obtain_stats":[{"Ice Cream":0,"Regal Pillow":46,"Enchiridion":29,"HoveringKite":34,"Juzu Bracelet":26,"Boot":43,"Smiling Mask":10,"Sozu":17,"Centennial Puzzle":11,"Dream Catcher":25,"Matryoshka":28,"Ninja Scroll":23,"Prayer Wheel":47,"InkBottle":7,"Ring of the Snake":0,"Potion Belt":9,"The Specimen":26,"PreservedInsect":9,"Letter Opener":25,"Mercury Hourglass":46,"Bird Faced Urn":7,"Snecko Eye":17,"Art of War":43,"Bottled Lightning":21,"Toy Ornithopter":8},{"Ice Cream":0,"Regal Pillow":18,"Enchiridion":13,"HoveringKite":15,"Juzu Bracelet":36,"Boot":18,"Smiling Mask":44,"Sozu":6,"Centennial Puzzle":28,"Dream Catcher":36,"Matryoshka":13,"Ninja Scroll":10,"Prayer Wheel":19,"InkBottle":2,"Ring of the Snake":0,"Potion Belt":3,"The Specimen":12,"PreservedInsect":27,"Letter Opener":12,"Mercury Hourglass":18,"Bird Faced Urn":43,"Snecko Eye":32,"Art of War":18,"Bottled Lightning":34,"Toy Ornithopter":27},{"Ice Cream":0,"Regal Pillow":81,"Enchiridion":56,"HoveringKite":69,"Juzu Bracelet":158,"Boot":81,"Smiling Mask":188,"Sozu":25,"Centennial Puzzle":126,"Dream Catcher":158,"Matryoshka":56,"Ninja Scroll":42,"Prayer Wheel":85,"InkBottle":11,"Ring of the Snake":0,"Potion Belt":13,"The Specimen":52,"PreservedInsect":122,"Letter Opener":52,"Mercury Hourglass":81,"Bird Faced Urn":183,"Snecko Eye":144,"Art of War":81,"Bottled Lightning":151,"Toy Ornithopter":122}]},"card_choices":[{"not_picked":["Glacier","Turbo"],"picked":"Ball Lightning","floor":1},{"not_picked":["Turbo","Streamline"],"picked":"Glacier","floor":2},{"not_picked":["Barrage","Beam Cell"],"picked":"Genetic Algorithm","floor":5},{"not_picked":["Hello World","Rainbow"],"picked":"Capacitor","floor":7},{"not_picked":["Stack","FTL"],"picked":"Fission","floor":10},{"not_picked":["Sweeping Beam","Beam Cell","Coolheaded"],"picked":"SKIP","floor":12},{"not_picked":["Leap","Beam Cell","Turbo"],"picked":"SKIP","floor":14},{"not_picked":["Leap","Turbo"],"picked":"Beam Cell","floor":14}],"player_experience":653283,"relics_obtained":[{"floor":7,"key":"Bird Faced Urn"},{"floor":9,"key":"Bottled Lightning"},{"floor":10,"key":"Smiling Mask"}],"event_choices":[],"is_beta":false,"boss_relics":[],"items_purged_floors":[3],"is_endless":false,"potions_floor_spawned":[10,12,14],"killed_by":"The Guardian","ascension_level":10}}