{"host":"waq1ashgqt0tulkv","time":1609312722,"event":{"mods":["BaseMod","Downfall","Hermit","Infinite Spire","Minty Spire (QoL Compilation)","Replay The Spire","StSLib"],"gold_per_floor":[99,99,99,9,29,14,14,14,34,47,47,79,79,97,117,117,117,117],"floor_reached":16,"playtime":1123,"items_purged":[],"score":125,"play_id":"b2b5f558-4a6c-4ada-a081-da9b56f7f152","local_time":"20201230001842","is_ascension_mode":false,"campfire_choices":[{"data":"champ:Taunt","floor":1,"key":"SMITH"},{"data":"champ:FanOfKnives","floor":8,"key":"SMITH"},{"data":"champ:CrookedStrike","floor":11,"key":"SMITH"},{"floor":13,"key":"REST"}],"circlet_count":0,"master_deck":["champ:Strike","champ:Strike","champ:Strike","champ:Strike","champ:Defend","champ:Defend","champ:Defend","champ:Defend","champ:Execute+1","champ:Taunt+1","champ:FanOfKnives+1","champ:ViciousMockery","champ:BerserkerStyle","champ:FlashCut","champ:CrookedStrike+1","champ:FocusedDefense","champ:EnragedBash+1","champ:Shatter+1"],"relics":["champ:ChampionCrown","Replay:Ringing Soul","Molten Egg 2"],"acts_visited":["Exordium"],"potions_floor_usage":[],"damage_taken":[{"damage":10,"enemies":"downfall:FleeingMerchant","floor":4,"turns":4},{"damage":14,"enemies":"Cultist","floor":5,"turns":5},{"damage":15,"enemies":"downfall:FleeingMerchant","floor":6,"turns":4},{"damage":7,"enemies":"Jaw Worm","floor":9,"turns":4},{"damage":7,"enemies":"2 Louse","floor":10,"turns":3},{"damage":42,"enemies":"Gremlin Nob","floor":12,"turns":6},{"damage":55,"enemies":"Exordium Thugs","floor":14,"turns":7},{"damage":42,"enemies":"Exordium Wildlife","floor":15,"turns":7},{"damage":41,"enemies":"downfall:Watcher","floor":16,"turns":5}],"seed_played":"3809164020801169266","potions_obtained":[{"floor":5,"key":"SkillPotion"},{"floor":9,"key":"Weak Potion"},{"floor":12,"key":"Doom Potion"}],"is_trial":false,"path_per_floor":["R","?","?","$","M","$","T","R","M","M","R","E","R","M","M","B"],"character_chosen":"THE_CHAMP","items_purchased":["champ:ViciousMockery"],"campfire_rested":1,"item_purchase_floors":[4],"current_hp_per_floor":[99,99,99,99,93,88,88,88,89,90,90,58,90,50,26,0,0,0],"gold":117,"neow_bonus":"TEN_PERCENT_HP_BONUS","is_daily":false,"chose_seed":false,"campfire_upgraded":3,"win_rate":0.0,"timestamp":1609312722,"path_taken":["R","?","?","$","?","$","T","R","M","?","R","E","R","M","M","BOSS"],"items_purchased_type":["Card"],"build_version":"2020-12-13","purchased_purges":0,"victory":false,"max_hp_per_floor":[99,99,99,99,99,99,99,99,102,105,105,108,108,111,114,114,114,114],"card_choices":[{"not_picked":["champ:DefensiveShout","champ:Haymaker"],"picked":"champ:FanOfKnives","floor":4},{"not_picked":["champ:StanceDance","champ:Circumvent","champ:Riposte"],"picked":"SKIP","floor":5},{"not_picked":["champ:FalseCounter","champ:GladiatorsShout"],"picked":"champ:BerserkerStyle","floor":6},{"not_picked":["champ:GutPunch","champ:IgnorePain"],"picked":"champ:FlashCut","floor":9},{"not_picked":["champ:FightOn","champ:GladiatorStyle"],"picked":"champ:CrookedStrike","floor":10},{"not_picked":["champ:StanceDance","champ:CalledShot"],"picked":"champ:FocusedDefense","floor":12},{"not_picked":["champ:BerserkersShout","champ:GutPunch+1"],"picked":"champ:EnragedBash+1","floor":14},{"not_picked":["champ:FlashCut+1","champ:FanOfKnives+1"],"picked":"champ:Shatter+1","floor":15}],"player_experience":3454,"relics_obtained":[{"floor":7,"key":"Replay:Ringing Soul"},{"floor":12,"key":"Molten Egg 2"}],"event_choices":[{"damage_healed":0,"gold_gain":0,"player_choice":"Upgraded","damage_taken":0,"max_hp_gain":0,"max_hp_loss":0,"event_name":"Upgrade Shrine","floor":3,"gold_loss":0,"cards_upgraded":["champ:Execute"]}],"is_beta":false,"boss_relics":[],"items_purged_floors":[],"is_endless":false,"potions_floor_spawned":[5,9,12,14],"killed_by":"downfall:Watcher","ascension_level":0}}