{"host":"cvi30shpqg1ukvbr","time":1609324658,"event":{"mods":["Act Like it!","BaseMod","Better Altar","Better Match","Better Note","Better Sensory Stone","Better Skull","Better Third Choice","Conspire","GifTheSpireLib","Hubris","Infinite Spire","Minty Spire (QoL Compilation)","Relic Stats","Replay The Spire","Shop Mod","Spicy Shops","StSLib","Stuff the Spire"],"gold_per_floor":[115,126,136,146,25,25,43,43,70,70,70,70,85,85,85,181,181,192,202,202,202,213,213,243,243,322,322,338,353,386,404,404,404,404],"floor_reached":33,"playtime":1311,"items_purged":[],"score":319,"play_id":"1a5ee11e-d08a-4edb-86cf-66aaf093121f","local_time":"20201230193738","is_ascension_mode":true,"campfire_choices":[{"data":"Fire Breathing","floor":6,"key":"SMITH"},{"data":"Bash","floor":8,"key":"SMITH"},{"data":"Metallicize","floor":11,"key":"SMITH"},{"data":"StuffTheSpire:Resist","floor":15,"key":"SMITH"},{"data":"infinitespire:NeuralNetwork","floor":23,"key":"SMITH"},{"floor":27,"key":"REST"},{"floor":32,"key":"REST"}],"circlet_count":0,"master_deck":["Strike_R","Strike_R","Strike_R","Strike_R","Defend_R","Defend_R","Defend_R","Bash+1","Metallicize+1","StuffTheSpire:Pyroclast","Heavy Blade","Bloodletting","StuffTheSpire:Incineration","Fire Breathing+1","Headbutt","Thunderclap","infinitespire:Collect","infinitespire:Collect","StuffTheSpire:Resist+1","Double Tap","StuffTheSpire:Incineration","infinitespire:OneForAll","infinitespire:NeuralNetwork+1","Berserk+1","Wild Strike","Blood for Blood","Writhe","Metallicize","StuffTheSpire:Incineration+1","Whirlwind"],"relics":["Burning Blood","Red Skull","hubris:ChampionShield","hubris:KleinBottle","DollysMirror","GremlinMask","hubris:ScarierMask","infinitespire:Satchel","StuffTheSpire:GrapeVine","Centennial Puzzle","Replay:Bottled Snecko","conspire:TopHat"],"acts_visited":["Exordium","TheCity"],"potions_floor_usage":[13,16,28,30,31,33],"damage_taken":[{"damage":5,"enemies":"conspire:RoseBush","floor":1,"turns":4},{"damage":4,"enemies":"2 Louse","floor":2,"turns":3},{"damage":3,"enemies":"Cultist","floor":3,"turns":3},{"damage":14,"enemies":"Gremlin Gang","floor":4,"turns":4},{"damage":11,"enemies":"3 Louse","floor":7,"turns":4},{"damage":10,"enemies":"Exordium Thugs","floor":13,"turns":3},{"damage":14,"enemies":"Slime Boss","floor":16,"turns":6},{"damage":20,"enemies":"Chosen","floor":18,"turns":5},{"damage":0,"enemies":"Spheric Guardian","floor":19,"turns":4},{"damage":36,"enemies":"Centurion and Healer","floor":22,"turns":4},{"damage":31,"enemies":"Book of Stabbing","floor":24,"turns":4},{"damage":28,"enemies":"Snake Plant","floor":28,"turns":3},{"damage":9,"enemies":"Snecko","floor":29,"turns":4},{"damage":3,"enemies":"Gremlin Leader","floor":30,"turns":4},{"damage":6,"enemies":"Centurion and Healer","floor":31,"turns":4},{"damage":45,"enemies":"Automaton","floor":33,"turns":6}],"seed_played":"7094193657931199234","potions_obtained":[{"floor":2,"key":"Weak Potion"},{"floor":3,"key":"BloodPotion"},{"floor":4,"key":"Dexterity Potion"},{"floor":7,"key":"BloodPotion"},{"floor":19,"key":"SkillPotion"},{"floor":24,"key":"DistilledChaos"},{"floor":28,"key":"Dexterity Potion"}],"is_trial":false,"path_per_floor":["M","M","M","M","$","R","M","R","T","?","R","$","M","?","R","B",null,"M","M","AVR","?","M","R","E","?","T","R","M","M","E","M","R","B"],"character_chosen":"IRONCLAD","items_purchased":["Red Skull","Headbutt","hubris:KleinBottle","DollysMirror"],"campfire_rested":2,"item_purchase_floors":[5,5,12,12],"current_hp_per_floor":[72,72,72,64,64,64,59,59,59,59,59,30,40,40,40,32,72,58,64,64,64,34,34,9,9,9,30,22,19,22,22,43,0,0],"gold":404,"neow_bonus":"TRANSFORM_TWO_CARDS","is_daily":false,"chose_seed":false,"campfire_upgraded":5,"win_rate":0.0,"timestamp":1609324658,"path_taken":["M","M","M","?","$","R","M","R","T","?","R","?","M","?","R","BOSS","M","M","AVR","?","M","R","E","?","T","R","M","M","E","M","R","BOSS"],"items_purchased_type":["Relic","Card","Relic","Relic"],"build_version":"2020-12-22","purchased_purges":0,"victory":false,"max_hp_per_floor":[72,72,72,72,72,72,72,72,72,72,72,72,72,72,72,72,72,72,72,72,72,72,72,72,72,72,72,72,72,72,72,72,72,72],"relic_stats":{"Centennial Puzzle":[14],"counters":[16,65],"obtain_stats":[{"hubris:KleinBottle":12,"Centennial Puzzle":25,"DollysMirror":12,"hubris:ScarierMask":17,"infinitespire:Satchel":20,"GremlinMask":14,"StuffTheSpire:GrapeVine":24,"Replay:Bottled Snecko":26,"hubris:ChampionShield":9,"Burning Blood":0,"Red Skull":5,"conspire:TopHat":30},{"hubris:KleinBottle":5,"Centennial Puzzle":11,"DollysMirror":5,"hubris:ScarierMask":7,"infinitespire:Satchel":9,"GremlinMask":6,"StuffTheSpire:GrapeVine":11,"Replay:Bottled Snecko":11,"hubris:ChampionShield":5,"Burning Blood":0,"Red Skull":4,"conspire:TopHat":14},{"hubris:KleinBottle":18,"Centennial Puzzle":44,"DollysMirror":18,"hubris:ScarierMask":27,"infinitespire:Satchel":36,"GremlinMask":21,"StuffTheSpire:GrapeVine":44,"Replay:Bottled Snecko":44,"hubris:ChampionShield":18,"Burning Blood":0,"Red Skull":14,"conspire:TopHat":55}],"Burning Blood":84},"card_choices":[{"not_picked":["Anger","hubris:ReadiedAction"],"picked":"Heavy Blade","floor":1},{"not_picked":["hubris:ReadiedAction","conspire:Purge"],"picked":"Bloodletting","floor":2},{"not_picked":["Sever Soul","Warcry"],"picked":"StuffTheSpire:Incineration","floor":3},{"not_picked":["Ghostly Armor","hubris:CleavingFinish"],"picked":"Fire Breathing","floor":4},{"not_picked":["Twin Strike","Headbutt"],"picked":"Thunderclap","floor":7},{"not_picked":["infinitespire:Punishment","ReplayTheSpireMod:Haul"],"picked":"infinitespire:Collect","floor":12},{"not_picked":["ReplayReversal","Iron Wave"],"picked":"StuffTheSpire:Resist","floor":13},{"not_picked":["Brutality","conspire:HitWhereItHurts"],"picked":"Double Tap","floor":16},{"not_picked":["Second Wind","Armaments"],"picked":"StuffTheSpire:Incineration","floor":18},{"not_picked":["Blood for Blood","Sever Soul+1"],"picked":"infinitespire:OneForAll","floor":19},{"not_picked":["StuffTheSpire:RockThrow","Thunderclap"],"picked":"Wild Strike","floor":22},{"not_picked":["Replay:Undeath\u0027s Touch","Warcry"],"picked":"Blood for Blood","floor":24},{"not_picked":["Shrug It Off","Thunderclap"],"picked":"Metallicize","floor":28},{"not_picked":["Run Through","Fiend Fire","Iron Wave"],"picked":"SKIP","floor":29},{"not_picked":["Carnage+1","StuffTheSpire:Slingshot"],"picked":"StuffTheSpire:Incineration+1","floor":30},{"not_picked":["Body Slam+1","Clash+1"],"picked":"Whirlwind","floor":31}],"player_experience":1787684,"relics_obtained":[{"floor":9,"key":"hubris:ChampionShield"},{"floor":24,"key":"StuffTheSpire:GrapeVine"},{"floor":26,"key":"Replay:Bottled Snecko"},{"floor":30,"key":"conspire:TopHat"}],"event_choices":[{"damage_healed":0,"gold_gain":0,"player_choice":"Bought 0 Potions","damage_taken":0,"max_hp_gain":0,"max_hp_loss":0,"event_name":"The Woman in Blue","floor":10,"gold_loss":0},{"damage_healed":0,"gold_gain":0,"player_choice":"Trade","damage_taken":0,"relics_obtained":["GremlinMask"],"max_hp_gain":0,"max_hp_loss":0,"event_name":"FaceTrader","floor":14,"gold_loss":0},{"cards_removed":["infinitespire:NeuralNetwork"],"damage_healed":0,"gold_gain":0,"player_choice":"Take \u0026 Give","damage_taken":0,"max_hp_gain":0,"max_hp_loss":0,"event_name":"betterNote:BetterNote","floor":21,"gold_loss":0,"cards_obtained":["Berserk"]},{"damage_healed":0,"gold_gain":0,"player_choice":"Opened","damage_taken":0,"relics_obtained":["Centennial Puzzle"],"max_hp_gain":0,"max_hp_loss":0,"event_name":"The Mausoleum","floor":25,"gold_loss":0,"cards_obtained":["Writhe"]}],"is_beta":false,"boss_relics":[{"not_picked":["conspire:SpecialSausage","Snecko Eye"],"picked":"hubris:ScarierMask"}],"items_purged_floors":[],"is_endless":false,"potions_floor_spawned":[2,3,4,7,19,24,28],"killed_by":"Automaton","ascension_level":1}}