{"host":"i0avyit1s6jb1siw","time":1609362068,"event":{"mods":["BaseMod","DeckTracker","Dota2Spire","Highlight Path","Minty Spire (QoL Compilation)","Quick Restart","Replay The Spire","StSLib","SuperFastMode"],"gold_per_floor":[117,192,207,224,240,240,254,254,254],"floor_reached":8,"playtime":177,"items_purged":[],"score":100,"play_id":"f5e471f4-1265-4fdc-a81a-9c53d6b1d165","local_time":"20201230220108","is_ascension_mode":true,"campfire_choices":[{"data":"Dagger Spray","floor":6.0,"key":"SMITH"}],"circlet_count":0,"master_deck":["AscendersBane","Strike_G","Strike_G","Strike_G","Strike_G","Strike_G","Defend_G","Defend_G","Defend_G","Defend_G","Defend_G","Survivor","Neutralize+1","Dagger Spray+1","Quick Slash","Reflex"],"relics":["Ring of the Snake"],"acts_visited":["Exordium"],"potions_floor_usage":[7],"damage_taken":[{"damage":6.0,"enemies":"Cultist","floor":1.0,"turns":5.0},{"damage":0.0,"enemies":"Jaw Worm","floor":3.0,"turns":5.0},{"damage":0.0,"enemies":"2 Louse","floor":4.0,"turns":3.0},{"damage":10.0,"enemies":"Lots of Slimes","floor":5.0,"turns":3.0},{"damage":0,"enemies":"Gremlin Gang","floor":7,"turns":1},{"damage":0,"enemies":"Lagavulin","floor":8,"turns":1}],"seed_played":"6981386395728141285","potions_obtained":[{"floor":1.0,"key":"Dota2Spire:Clarity"},{"floor":3.0,"key":"Poison Potion"},{"floor":4.0,"key":"SteroidPotion"},{"floor":5.0,"key":"FearPotion"}],"is_trial":false,"path_per_floor":["M","?","M","M","M","R","M","E"],"character_chosen":"THE_SILENT","items_purchased":[],"campfire_rested":0,"item_purchase_floors":[],"current_hp_per_floor":[53,42,42,42,32,32,32,32,32],"gold":254,"neow_bonus":"UPGRADE_CARD","is_daily":false,"chose_seed":false,"campfire_upgraded":1,"win_rate":0.0,"timestamp":1609362068,"path_taken":["M","?","M","M","M","R","M","E"],"items_purchased_type":[],"build_version":"2020-12-22","purchased_purges":0,"victory":false,"max_hp_per_floor":[66,66,66,66,66,66,66,66,66],"card_choices":[{"not_picked":["Setup","All Out Attack"],"picked":"Dagger Spray","floor":1.0},{"not_picked":["Draining Mist","Caltrops"],"picked":"Quick Slash","floor":3.0},{"not_picked":["Bane","ReplayTheSpireMod:The Works","Deflect"],"picked":"SKIP","floor":4.0},{"not_picked":["Backflip","Quick Slash"],"picked":"Reflex","floor":5.0},{"not_picked":["Poisoned Stab","Slice","ReplayTheSpireMod:Exploit Weakness"],"picked":"SKIP","floor":7}],"player_experience":2147257,"relics_obtained":[],"event_choices":[{"damage_healed":0.0,"max_hp_gain":0.0,"max_hp_loss":0.0,"gold_gain":75.0,"event_name":"World of Goop","player_choice":"Gather Gold","floor":2.0,"gold_loss":0.0,"damage_taken":11.0}],"is_beta":false,"boss_relics":[],"items_purged_floors":[],"is_endless":false,"potions_floor_spawned":[1,3,4,5],"killed_by":"Lagavulin","ascension_level":20}}