{"host":"y89x8uui45kcjy42","time":1609312872,"event":{"mods":["2.2 Compatiblity","BaseMod","CapriCore","Colored Map","Colored Powertips","Custom Start","Friendly Minions","Highlight Path","Keyboard Shortcuts","Minty Spire (QoL Compilation)","Relic Stats","Slay the Relics Exporter","StSLib","SuperFastMode","Waifu the Spire"],"gold_per_floor":[118,118,40,58,20,20,51,51,96,96,122,122,147,171,171,265,265,288,303,1,20,70,70,113,137,137,137,173,98,96,96,96,186,186,206,220,241,241,262,262,276,276,351,375,419,419,488,488,488,488,488],"floor_reached":52,"playtime":1714,"items_purged":["Strike_R","Defend_R"],"score":1861,"play_id":"0d8895be-8d4c-495c-a1b3-be459448527e","local_time":"20201230162112","is_ascension_mode":true,"campfire_choices":[{"data":"Metallicize","floor":6,"key":"SMITH"},{"data":"Bash","floor":8,"key":"SMITH"},{"data":"Feel No Pain","floor":10,"key":"SMITH"},{"data":"Pummel","floor":12,"key":"SMITH"},{"data":"Disarm","floor":15,"key":"SMITH"},{"data":"Exhume","floor":23,"key":"SMITH"},{"data":"Spot Weakness","floor":27,"key":"SMITH"},{"data":"Dark Embrace","floor":32,"key":"SMITH"},{"data":"Feel No Pain","floor":40,"key":"SMITH"},{"data":"Juggernaut","floor":42,"key":"SMITH"},{"data":"Evolve","floor":46,"key":"SMITH"},{"data":"Limit Break","floor":49,"key":"SMITH"}],"circlet_count":0,"master_deck":["Bash+1","Shrug It Off","Metallicize+1","Feel No Pain+1","Pummel+1","Bite+1","Bite+1","Disarm+1","Flame Barrier+1","Exhume+1","Feel No Pain","Evolve+1","Shockwave","Spot Weakness+1","Dark Embrace+1","Impervious","Limit Break+1","Metallicize+1","Power Through","Intimidate+1","Purity","Feel No Pain+1","Juggernaut+1"],"relics":["Burning Blood","Black Blood","Membership Card","Magic Flower","Golden Idol","Ornamental Fan","Odd Mushroom","Coffee Dripper","Bag of Marbles","TheAbacus","War Paint","Darkstone Periapt","CaptainsWheel","Oddly Smooth Stone","Omamori","Calling Bell","Anchor","Letter Opener","Turnip","Eternal Feather","Magic Flower","Unceasing Top"],"acts_visited":["Exordium","TheCity","TheBeyond"],"potions_floor_usage":[3,7,36],"damage_taken":[{"damage":12,"enemies":"Jaw Worm","floor":1,"turns":3},{"damage":5,"enemies":"Small Slimes","floor":4,"turns":5},{"damage":48,"enemies":"Gremlin Nob","floor":7,"turns":6},{"damage":54,"enemies":"The Mushroom Lair","floor":11,"turns":6},{"damage":9,"enemies":"2 Louse","floor":13,"turns":3},{"damage":17,"enemies":"Looter","floor":14,"turns":4},{"damage":66,"enemies":"The Guardian","floor":16,"turns":15},{"damage":12,"enemies":"Spheric Guardian","floor":18,"turns":7},{"damage":14,"enemies":"Shell Parasite","floor":19,"turns":5},{"damage":0,"enemies":"Snecko","floor":21,"turns":8},{"damage":103,"enemies":"Gremlin Leader","floor":24,"turns":11},{"damage":3,"enemies":"Cultist and Chosen","floor":25,"turns":9},{"damage":25,"enemies":"Book of Stabbing","floor":28,"turns":5},{"damage":43,"enemies":"Collector","floor":33,"turns":11},{"damage":21,"enemies":"Orb Walker","floor":35,"turns":4},{"damage":62,"enemies":"3 Shapes","floor":36,"turns":5},{"damage":85,"enemies":"Sphere and 2 Shapes","floor":37,"turns":7},{"damage":31,"enemies":"3 Darklings","floor":39,"turns":6},{"damage":22,"enemies":"4 Shapes","floor":41,"turns":6},{"damage":4,"enemies":"Spire Growth","floor":44,"turns":6},{"damage":46,"enemies":"Giant Head","floor":45,"turns":8},{"damage":71,"enemies":"2 Orb Walkers","floor":47,"turns":6},{"damage":46,"enemies":"Donu and Deca","floor":50,"turns":7},{"damage":41,"enemies":"Time Eater","floor":51,"turns":10}],"seed_played":"-4992111442586583583","potions_obtained":[{"floor":1,"key":"FearPotion"},{"floor":7,"key":"Dexterity Potion"},{"floor":14,"key":"BloodPotion"},{"floor":18,"key":"FairyPotion"},{"floor":36,"key":"Fruit Juice"},{"floor":41,"key":"Swift Potion"},{"floor":45,"key":"EssenceOfSteel"}],"is_trial":false,"path_per_floor":["M","?","$","M","$","R","E","R","T","R","?","R","M","M","R","B",null,"M","M","$","M","?","R","E","M","T","R","E","?","$","?","R","B",null,"M","M","M","?","M","R","M","R","T","M","E","R","?","?","R","B","B",null],"character_chosen":"IRONCLAD","items_purchased":["Fruit Juice","Metallicize","Bag of Marbles","TheAbacus","Evolve","Shockwave","Dark Embrace","Oddly Smooth Stone","Impervious"],"campfire_rested":0,"item_purchase_floors":[3,3,20,20,20,20,30,30,30],"current_hp_per_floor":[82,54,59,81,81,81,60,60,60,60,33,33,71,87,87,87,87,87,87,87,87,87,87,46,87,87,87,87,87,87,75,75,87,87,87,72,92,92,92,92,92,92,92,92,91,92,78,78,90,92,92],"gold":488,"neow_bonus":"TEN_PERCENT_HP_BONUS","is_daily":false,"chose_seed":false,"campfire_upgraded":12,"win_rate":0.0,"timestamp":1609312872,"path_taken":["M","?","$","M","$","R","E","R","T","R","?","R","M","M","R","BOSS","M","M","$","M","?","R","E","M","T","R","E","?","$","?","R","BOSS","M","?","M","?","?","R","M","R","T","M","E","R","?","?","R","BOSS","BOSS"],"items_purchased_type":["Potion","Card","Relic","Relic","Card","Card","Card","Relic","Card"],"build_version":"2020-12-22","purchased_purges":2,"victory":true,"max_hp_per_floor":[82,82,87,87,87,87,87,87,87,87,87,87,87,87,87,87,87,87,87,87,87,87,87,87,87,87,87,87,87,87,87,87,87,87,87,92,92,92,92,92,92,92,92,92,92,92,92,92,92,92,92],"relic_stats":{"Darkstone Periapt":0,"counters":[24,163],"Golden Idol":177,"Black Blood":369,"Magic Flower":[269],"Eternal Feather":13,"Letter Opener":[99],"War Paint":["Flame Barrier","Defend_R"],"Burning Blood":369,"TheAbacus":[324],"Ornamental Fan":[28],"Turnip":[7],"obtain_stats":[{"Darkstone Periapt":26,"Golden Idol":2,"Black Blood":0,"Magic Flower":1,"Oddly Smooth Stone":30,"Eternal Feather":43,"Omamori":34,"Letter Opener":34,"Odd Mushroom":11,"War Paint":24,"Burning Blood":0,"Calling Bell":34,"CaptainsWheel":28,"Anchor":34,"TheAbacus":20,"Ornamental Fan":7,"Turnip":34,"Coffee Dripper":17,"Bag of Marbles":20,"Membership Card":0,"Unceasing Top":47},{"Darkstone Periapt":12,"Golden Idol":1,"Black Blood":0,"Magic Flower":1,"Oddly Smooth Stone":13,"Eternal Feather":19,"Omamori":14,"Letter Opener":14,"Odd Mushroom":4,"War Paint":11,"Burning Blood":0,"Calling Bell":14,"CaptainsWheel":13,"Anchor":14,"TheAbacus":9,"Ornamental Fan":3,"Turnip":14,"Coffee Dripper":7,"Bag of Marbles":9,"Membership Card":0,"Unceasing Top":22},{"Darkstone Periapt":82,"Golden Idol":3,"Black Blood":0,"Magic Flower":2,"Oddly Smooth Stone":87,"Eternal Feather":126,"Omamori":98,"Letter Opener":98,"Odd Mushroom":20,"War Paint":73,"Burning Blood":0,"Calling Bell":98,"CaptainsWheel":87,"Anchor":98,"TheAbacus":54,"Ornamental Fan":14,"Turnip":98,"Coffee Dripper":42,"Bag of Marbles":54,"Membership Card":0,"Unceasing Top":146}],"Unceasing Top":[0]},"card_choices":[{"not_picked":["Reckless Charge","Searing Blow"],"picked":"Shrug It Off","floor":1},{"not_picked":["Clash","Clothesline"],"picked":"Feel No Pain","floor":4},{"not_picked":["Carnage","Cleave"],"picked":"Pummel","floor":7},{"not_picked":["Seeing Red","Twin Strike"],"picked":"Disarm","floor":13},{"not_picked":["Searing Blow","Thunderclap"],"picked":"Flame Barrier","floor":14},{"not_picked":["Reaper","Corruption"],"picked":"Exhume","floor":16},{"not_picked":["Headbutt+1","Searing Blow","Flame Barrier"],"picked":"SKIP","floor":18},{"not_picked":["Clash+1","Power Through"],"picked":"Feel No Pain","floor":19},{"not_picked":["Blood for Blood","Infernal Blade"],"picked":"Spot Weakness","floor":21},{"not_picked":["Heavy Blade","Wild Strike","Evolve"],"picked":"SKIP","floor":24},{"not_picked":["Twin Strike","Warcry","Havoc"],"picked":"SKIP","floor":25},{"not_picked":["Spot Weakness+1","Heavy Blade","Rage"],"picked":"SKIP","floor":28},{"not_picked":["Demon Form","Barricade"],"picked":"Limit Break","floor":33},{"not_picked":["Searing Blow","Ghostly Armor"],"picked":"Metallicize+1","floor":35},{"not_picked":["Clothesline+1","True Grit"],"picked":"Power Through","floor":36},{"not_picked":["Heavy Blade","Havoc"],"picked":"Intimidate+1","floor":37},{"not_picked":["Rage+1","Carnage"],"picked":"Feel No Pain","floor":39},{"not_picked":["Evolve","Cleave+1"],"picked":"Juggernaut","floor":41},{"not_picked":["Armaments","Searing Blow","Ghostly Armor+1"],"picked":"SKIP","floor":44},{"not_picked":["Pummel","Juggernaut","Cleave"],"picked":"SKIP","floor":45}],"player_experience":526702,"relics_obtained":[{"floor":7,"key":"Ornamental Fan"},{"floor":11,"key":"Odd Mushroom"},{"floor":24,"key":"War Paint"},{"floor":26,"key":"Darkstone Periapt"},{"floor":28,"key":"CaptainsWheel"},{"floor":34,"key":"Anchor"},{"floor":34,"key":"Letter Opener"},{"floor":34,"key":"Turnip"},{"floor":43,"key":"Eternal Feather"},{"floor":45,"key":"Magic Flower"},{"floor":47,"key":"Unceasing Top"}],"event_choices":[{"damage_healed":0,"gold_gain":0,"player_choice":"Take Damage","damage_taken":28,"relics_obtained":["Golden Idol"],"max_hp_gain":0,"max_hp_loss":0,"event_name":"Golden Idol","floor":2,"gold_loss":0},{"damage_healed":0,"gold_gain":0,"player_choice":"Fought Mushrooms","damage_taken":0,"max_hp_gain":0,"max_hp_loss":0,"event_name":"Mushrooms","floor":11,"gold_loss":0},{"damage_healed":0,"gold_gain":50,"player_choice":"Stole From Cult","damage_taken":0,"max_hp_gain":0,"max_hp_loss":0,"event_name":"Nest","floor":22,"gold_loss":0},{"cards_removed":["Defend_R"],"damage_healed":0,"gold_gain":0,"player_choice":"Gave Gold","damage_taken":0,"max_hp_gain":0,"max_hp_loss":0,"event_name":"Beggar","floor":29,"gold_loss":75},{"damage_healed":0,"gold_gain":0,"player_choice":"CARD ","damage_taken":12,"max_hp_gain":0,"max_hp_loss":0,"event_name":"Knowing Skull","floor":31,"potions_obtained":[],"gold_loss":0,"cards_obtained":["Dramatic Entrance"]},{"damage_healed":0,"gold_gain":0,"cards_transformed":["Dramatic Entrance"],"player_choice":"Transformed","damage_taken":0,"max_hp_gain":0,"max_hp_loss":0,"event_name":"Transmorgrifier","floor":38,"gold_loss":0,"cards_obtained":["Purity"]},{"damage_healed":0,"gold_gain":0,"player_choice":"Fight","damage_taken":0,"max_hp_gain":0,"max_hp_loss":0,"event_name":"Mysterious Sphere","floor":47,"gold_loss":0},{"damage_healed":0,"gold_gain":0,"player_choice":"0 cards matched","damage_taken":0,"max_hp_gain":0,"max_hp_loss":0,"event_name":"Match and Keep!","floor":48,"gold_loss":0,"cards_obtained":[]}],"is_beta":false,"boss_relics":[{"not_picked":["Fusion Hammer","Ectoplasm"],"picked":"Coffee Dripper"},{"not_picked":["Pandora\u0027s Box","Runic Pyramid"],"picked":"Calling Bell"}],"items_purged_floors":[5,20],"is_endless":false,"potions_floor_spawned":[1,7,14,18,24,28,36,41,45,47],"ascension_level":20}}