{"host":"w31as9kcl9qjbzmo","time":1609351614,"event":{"mods":["BaseMod","Friendly Minions","Lobotomy","Minty Spire (QoL Compilation)","StSLib"],"gold_per_floor":[112,187,187,137,148,177,193,212,212,212,212,245,245,263,263,263,263],"floor_reached":16,"playtime":1531,"items_purged":[],"score":135,"play_id":"f01d99ae-2791-4046-9133-2268d20bff9b","local_time":"20201231030654","is_ascension_mode":false,"campfire_choices":[{"floor":11,"key":"RECALL"}],"circlet_count":0,"master_deck":["SpecialBullet","SpecialBullet","SpecialBullet","SpecialBullet","SpecialBullet","SpecialBullet","SpecialBullet","SpecialBullet","SecurityCode","InformationCode","CentralCode","Wellcheers","Regret_ego+1","SomewhereSpear","OSAHOGD","BlueScar","WallGazer","Moonlight","FieryBird","Penitence","PunishingBird","Twilight","MHz","Horn","NakedNest","RedEyes"],"relics":["CogitoBucket","NeowsBlessing","Smiling Mask","White Beast Statue","BackwardClock"],"acts_visited":["Exordium"],"potions_floor_usage":[12,16,16,16],"damage_taken":[{"damage":0,"enemies":"Small Slimes","floor":1,"turns":1},{"damage":0,"enemies":"2 Louse","floor":5,"turns":1},{"damage":0,"enemies":"3 Sentries","floor":6,"turns":1},{"damage":2,"enemies":"Jaw Worm","floor":7,"turns":4},{"damage":12,"enemies":"Looter","floor":8,"turns":3},{"damage":18,"enemies":"Gremlin Nob","floor":12,"turns":4},{"damage":52,"enemies":"Gremlin Gang","floor":14,"turns":11},{"damage":41,"enemies":"Hexaghost","floor":16,"turns":7}],"seed_played":"3625450464015206712","potions_obtained":[{"floor":1,"key":"DuplicationPotion"},{"floor":7,"key":"BlessingOfTheForge"},{"floor":10,"key":"Energy Potion"},{"floor":10,"key":"EntropicBrew"}],"is_trial":false,"path_per_floor":["M","?","?","$","M","E","M","M","T","?","R","E","R","M","R","B"],"character_chosen":"Angela","items_purchased":["SomewhereSpear"],"campfire_rested":0,"item_purchase_floors":[4],"current_hp_per_floor":[70,59,45,45,53,61,67,66,66,66,66,59,59,34,34,0,0],"gold":263,"neow_bonus":"THREE_ENEMY_KILL","is_daily":false,"chose_seed":false,"campfire_upgraded":0,"win_rate":0.0,"timestamp":1609351614,"path_taken":["M","?","?","$","?","E","M","M","T","?","R","E","R","M","R","BOSS"],"items_purchased_type":["Card"],"build_version":"2020-12-22","purchased_purges":0,"victory":false,"max_hp_per_floor":[70,70,70,70,70,70,70,70,70,70,70,70,70,74,74,74,74],"card_choices":[{"not_picked":["BeautyBeast","Variant"],"picked":"Wellcheers","floor":1},{"not_picked":["Lamp"],"picked":"Regret_ego","floor":1},{"not_picked":["Yin","Funeral"],"picked":"OSAHOGD","floor":5},{"not_picked":["SomewhereSpear"],"picked":"BlueScar","floor":5},{"not_picked":["HappyTeddy","RedShoes"],"picked":"WallGazer","floor":6},{"not_picked":["Beak"],"picked":"Moonlight","floor":6},{"not_picked":["Murderer","OldLady"],"picked":"FieryBird","floor":7},{"not_picked":["FourthMatchFlame"],"picked":"Penitence","floor":7},{"not_picked":["FairyFestival","Mercenary"],"picked":"PunishingBird","floor":8},{"not_picked":["ShedSkin"],"picked":"Twilight","floor":8},{"not_picked":["SnowQueen","Murderer"],"picked":"MHz","floor":12},{"not_picked":["FourthMatchFlame"],"picked":"Horn","floor":12},{"not_picked":["WhitesApple","Variant"],"picked":"NakedNest","floor":14},{"not_picked":["SomewhereSpear"],"picked":"RedEyes","floor":14}],"player_experience":355098,"relics_obtained":[{"floor":6,"key":"Smiling Mask"},{"floor":12,"key":"White Beast Statue"}],"event_choices":[{"damage_healed":0,"gold_gain":75,"player_choice":"Gather Gold","damage_taken":11,"max_hp_gain":0,"max_hp_loss":0,"event_name":"World of Goop","floor":2,"gold_loss":0},{"damage_healed":0,"gold_gain":0,"player_choice":"Entered Light","damage_taken":14,"max_hp_gain":0,"max_hp_loss":0,"event_name":"Shining Light","floor":3,"gold_loss":0,"cards_upgraded":["Regret_ego"]},{"damage_healed":0,"gold_gain":0,"player_choice":"Got Potions","damage_taken":0,"max_hp_gain":0,"max_hp_loss":0,"event_name":"Lab","floor":10,"gold_loss":0}],"is_beta":false,"boss_relics":[],"items_purged_floors":[],"is_endless":false,"potions_floor_spawned":[1,7],"killed_by":"Hexaghost","ascension_level":0}}