{"host":"u0f5uy314yz7olfc","time":1609355873,"event":{"mods":["AchievementEnabler","Aspiration","BaseMod","Better Altar","Better Match","Better Note","Better Sensory Stone","Better Skull","Better Third Choice","BetterRewards","Block Reminder","Colored Map","Colored Powertips","DeckTracker","Dota2Spire","Emptier Cage","Gold Saver","Highlight Path","Hubris","Infinite Spire","Marked Mod","Mimic Mod","Minty Spire (QoL Compilation)","Permanent Neow","Quick Restart","Rare Cards Sparkle","Relic Sorter","Replay The Spire","Shop Mod","StSLib","The Bladedancer","The Blue Laboratory","Watcher Patcher"],"gold_per_floor":[838,838,38,53,53,53,78,78,104,115,115,133,221,241,241,344,344,361,361,372,352,369,369,388,388,412,46,46,46,46,57,57,162,162,181,181,181,196,7,7,7,32,58,58,58,58,71,90,90,90,90,90,18,46,46],"floor_reached":56,"playtime":3376,"items_purged":["hubris:Lust","infinitespire:Pacifist"],"score":1623,"play_id":"b9e7cf84-63fa-4c88-bf6b-9e092b4123e8","local_time":"20201231021753","is_ascension_mode":false,"campfire_choices":[{"floor":6.0,"key":"RECALL"},{"data":"Pot Of Greed","floor":8.0,"key":"SMITH"},{"data":"Pot Of Greed","floor":11.0,"key":"SMITH"},{"data":"Pot Of Greed","floor":15.0,"key":"SMITH"},{"data":"Pot Of Greed","floor":25,"key":"SMITH"},{"data":"DeusExMachina","floor":29,"key":"SMITH"},{"data":"blademaster:Havoc","floor":32,"key":"SMITH"},{"data":"blademaster:Flurry","floor":40,"key":"SMITH"},{"floor":46,"key":"REST"},{"data":"blademaster:Safeguard","floor":52,"key":"SMITH"}],"circlet_count":0,"master_deck":["blademaster:Strike","blademaster:Strike+1","blademaster:Strike","blademaster:Strike","blademaster:Defend","blademaster:Defend","blademaster:Defend","blademaster:Defend","blademaster:RagingBlow+1","blademaster:HighVoltage","blademaster:Safeguard+1","blademaster:AwakeningStrike","blademaster:Cut","Pot Of Greed+1","Pot Of Greed+1","blademaster:Cut+1","blademaster:RagingBlow","blademaster:Flurry+1","blademaster:Stability","blademaster:Gust","blademaster:Slice","blademaster:Momentum","blademaster:Cut","blademaster:Reversal","Pot Of Greed+1","blademaster:Vortex","blademaster:ThunderSlash","blademaster:Gust+1","blademaster:Rupture+1","blademaster:Frontflip+1","blademaster:AspectOfWind+1","DeusExMachina+1","blademaster:Havoc+1","blademaster:DaggerAndCloak+1","infinitespire:Starlight","FTL+1","Pot Of Greed+1","blademaster:BloodyBlow","blademaster:FuryOfTheElements","Double Energy+1","blademaster:LightningDraw","blademaster:DragonStrike+1","Replay:Fractal Strike+1","blademaster:Havoc","blademaster:DancingEdge","blademaster:Stability","blademaster:FuriousStrike+1","blademaster:Meditate+1","blademaster:DeadlyDance+1","blademaster:BrainBloom","blademaster:DaggerAndCloak","blademaster:DaggerAndCloak","Turbo"],"relics":["blademaster:DancersAmulet","MerchantsRug","FaceOfCleric","Grinning Jar","Dota2Spire:OctarineCore","Dota2Spire:Butterfly","Bottled Lightning","aspiration:DefectSkillbook","Regal Pillow","Happy Flower","hubris:Towel","Runic Pyramid","Orichalcum","aspiration:Lifesprig","Ancient Tea Set","hubris:FruitBowl","hubris:EvacipatedBox","Dota2Spire:BladeMail","Dota2Spire:PowerTreads","Art of War"],"acts_visited":["Exordium","TheCity","TheBeyond","TheEnding"],"potions_floor_usage":[22,22,24,24,33],"damage_taken":[{"damage":4.0,"enemies":"Cultist","floor":1.0,"turns":4.0},{"damage":0.0,"enemies":"Jaw Worm","floor":4.0,"turns":3.0},{"damage":2.0,"enemies":"Lagavulin","floor":7.0,"turns":5.0},{"damage":0.0,"enemies":"2 Louse","floor":10.0,"turns":2.0},{"damage":0.0,"enemies":"Blue Slaver","floor":12.0,"turns":1.0},{"damage":0.0,"enemies":"Exordium Wildlife","floor":14.0,"turns":3.0},{"damage":25.0,"enemies":"Hexaghost","floor":16.0,"turns":5.0},{"damage":0,"enemies":"2 Thieves","floor":18,"turns":1},{"damage":0,"enemies":"3 Byrds","floor":20,"turns":2},{"damage":0,"enemies":"Centurion and Healer","floor":22,"turns":2},{"damage":0,"enemies":"Snake Plant","floor":24,"turns":2},{"damage":0,"enemies":"Chosen and Byrds","floor":31,"turns":1},{"damage":6,"enemies":"Automaton","floor":33,"turns":3},{"damage":0,"enemies":"Orb Walker","floor":35,"turns":2},{"damage":0,"enemies":"3 Darklings","floor":38,"turns":1},{"damage":0,"enemies":"Reptomancer","floor":42,"turns":2},{"damage":6,"enemies":"Sphere and 2 Shapes","floor":47,"turns":1},{"damage":0,"enemies":"Transient","floor":48,"turns":3},{"damage":0,"enemies":"Awakened One","floor":50,"turns":2},{"damage":0,"enemies":"Shield and Spear","floor":54,"turns":2},{"damage":55,"enemies":"The Heart","floor":55,"turns":4}],"seed_played":"-3954203237162568356","potions_obtained":[{"floor":1.0,"key":"blueLaboratory:ExaltedPotion"},{"floor":4.0,"key":"SpeedPotion"},{"floor":10.0,"key":"blueLaboratory:FruitPunch"},{"floor":14.0,"key":"DuplicationPotion"},{"floor":20,"key":"blueLaboratory:BottledHope"},{"floor":21,"key":"EntropicBrew"},{"floor":22,"key":"SpeedPotion"},{"floor":24,"key":"FearPotion"},{"floor":33,"key":"blueLaboratory:HorrorPotion"},{"floor":38,"key":"FearPotion"},{"floor":47,"key":"blueLaboratory:PhilterOfMotion"}],"is_trial":false,"path_per_floor":["M","?","$","M","?","R","E","R","T","M","R","M","?","M","R","B",null,"M","?","M","?","M","AVR","M","R","T","$","?","R","?","M","R_BF","B",null,"M","?","T","M","$","R","AVR","E","T","$","?","R","M","M","R_BF","B",null,"R","$","E","B",null],"character_chosen":"THE_BLADEMASTER","items_purchased":["MerchantsRug","blademaster:Safeguard","blademaster:AwakeningStrike","blademaster:CombatPrep","Grinning Jar","blademaster:Cut+1","blademaster:RagingBlow","blademaster:Flurry","blademaster:Stability","Dota2Spire:OctarineCore","blademaster:Gust","blademaster:BloodyBlow","blademaster:FuryOfTheElements","Regal Pillow","Happy Flower","blademaster:DancingEdge","blademaster:Stability","hubris:FruitBowl","hubris:EvacipatedBox","Dota2Spire:BladeMail","Dota2Spire:PowerTreads","blademaster:BrainBloom","blademaster:DaggerAndCloak"],"campfire_rested":1,"item_purchase_floors":[0,0,0,0,3,3,3,3,3,3,3,27,27,27,27,39,39,44,44,44,44,53,53],"current_hp_per_floor":[71,71,71,72,72,72,71,71,71,78,78,79,79,80,80,58,83,84,84,85,85,86,86,87,87,87,87,87,87,87,88,88,89,89,90,90,90,91,91,91,91,92,92,34,34,76,87,94,94,95,95,95,95,96,67],"gold":46,"neow_bonus":"","is_daily":false,"chose_seed":false,"campfire_upgraded":8,"win_rate":0.0,"timestamp":1609355873,"path_taken":["M","?","?","M","?","R","E","R","T","M","R","?","?","M","R","BOSS","M","?","M","?","M","AVR","?","R","T","$","?","R","?","M","R_BF","BOSS","M","?","?","M","$","R","AVR","E","T","?","?","R","?","M","R_BF","BOSS","R","$","E","BOSS"],"items_purchased_type":["Relic","Card","Card","Card","Relic","Card","Card","Card","Card","Relic","Card","Card","Card","Relic","Relic","Card","Card","Relic","Relic","Relic","Relic","Card","Card"],"build_version":"2020-12-22","purchased_purges":2,"victory":true,"max_hp_per_floor":[75,75,75,76,76,76,77,77,77,78,78,79,79,80,80,83,83,84,84,85,85,86,86,87,87,87,87,87,87,87,88,88,89,89,90,90,90,91,91,91,91,92,92,92,92,92,93,94,94,95,95,95,95,96,97],"card_choices":[{"not_picked":["blademaster:AspectOfLightning","blademaster:ChargingUp"],"picked":"blademaster:Cut","floor":1.0},{"not_picked":["blademaster:AirSlash","blademaster:Blockade"],"picked":"blademaster:Slice","floor":4.0},{"not_picked":["blademaster:DaggerAndCloak","blademaster:Sharpen"],"picked":"blademaster:Momentum","floor":7.0},{"not_picked":["blademaster:AwakeningStrike","blademaster:Stormstrike"],"picked":"blademaster:Cut","floor":10.0},{"not_picked":["blademaster:Sharpen","blademaster:ThunderSlash"],"picked":"blademaster:CombatPrep","floor":12.0},{"not_picked":["blademaster:AspectOfWind","blademaster:FuriousStrike"],"picked":"blademaster:Reversal","floor":13.0},{"not_picked":["blademaster:AwakeningStrike","blademaster:Frontflip"],"picked":"blademaster:Vortex","floor":13.0},{"not_picked":["blademaster:DaggerAndCloak","blademaster:Sharpen"],"picked":"blademaster:ThunderSlash","floor":14.0},{"not_picked":["blademaster:Empower","blademaster:FuryOfTheElements"],"picked":"blademaster:EnchantedCuirass","floor":16.0},{"not_picked":["blademaster:Slice","blademaster:Discharge"],"picked":"blademaster:AspectOfWind+1","floor":18},{"not_picked":["blademaster:AwakeningDefend","blademaster:BrainBloom+1"],"picked":"blademaster:Havoc","floor":20},{"not_picked":["blademaster:Slice","blademaster:Frontflip"],"picked":"blademaster:DaggerAndCloak+1","floor":22},{"not_picked":["blademaster:AncestralHealing","Streamline","ReplayTheSpireMod:Calculation Training"],"picked":"FTL+1","floor":24},{"not_picked":["blademaster:Safeguard","Amplify","Leap+1"],"picked":"Double Energy+1","floor":31},{"not_picked":["All For One","Scrawl","Multi-Cast"],"picked":"blademaster:LightningDraw","floor":33},{"not_picked":["Rebound","Protect+1","BasicCrystalCard"],"picked":"blademaster:DragonStrike+1","floor":35},{"not_picked":["infinitespire:NeuralNetwork","ReplayTheSpireMod:Black Plague"],"picked":"Replay:Fractal Strike","floor":36},{"not_picked":["Panic Button+1","ReplayGash","blademaster:ChargingUp"],"picked":"blademaster:Havoc","floor":38},{"not_picked":["Buffer","hubris:DoWhile","Recycle"],"picked":"blademaster:FuriousStrike+1","floor":42},{"not_picked":["Melter","ReplaySort","blademaster:CloudOfSteel"],"picked":"blademaster:Meditate+1","floor":47},{"not_picked":["Protect","blademaster:ThunderSlash+1","BasicCrystalCard+1"],"picked":"blademaster:DeadlyDance+1","floor":48},{"not_picked":["BasicCrystalCard","blademaster:Bloodbath+1","blademaster:ThunderingOpener"],"picked":"Turbo","floor":54}],"player_experience":400350,"relics_obtained":[{"floor":7.0,"key":"Bottled Lightning"},{"floor":7.0,"key":"blademaster:StanceHealPerk"},{"floor":13.0,"key":"Whetstone"},{"floor":26,"key":"Vajra"},{"floor":37,"key":"Orichalcum"},{"floor":42,"key":"aspiration:Lifesprig"},{"floor":42,"key":"blademaster:OnAttackedChargePerk"},{"floor":43,"key":"Ancient Tea Set"},{"floor":54,"key":"Art of War"},{"floor":54,"key":"blademaster:FinisherDrawCardPerk"}],"event_choices":[{"damage_healed":0.0,"max_hp_gain":0.0,"max_hp_loss":0.0,"gold_gain":0.0,"event_name":"FaceTrader","player_choice":"Trade","floor":2.0,"gold_loss":0.0,"damage_taken":0.0,"relics_obtained":["FaceOfCleric"]},{"damage_healed":0.0,"max_hp_gain":0.0,"max_hp_loss":0.0,"gold_gain":0.0,"event_name":"WeMeetAgain","player_choice":"Gave Potion","floor":5.0,"gold_loss":0.0,"damage_taken":0.0,"relics_obtained":["Dota2Spire:Butterfly"]},{"cards_removed":["Pot Of Greed"],"damage_healed":0,"gold_gain":0,"player_choice":"Take \u0026 Give","damage_taken":0,"max_hp_gain":0,"max_hp_loss":0,"event_name":"betterNote:BetterNote","floor":19,"gold_loss":0,"cards_obtained":["DeusExMachina"]},{"damage_healed":0,"gold_gain":0,"player_choice":"Bought 1 Potion","damage_taken":0,"max_hp_gain":0,"max_hp_loss":0,"event_name":"The Woman in Blue","floor":21,"gold_loss":0},{"cards_removed":["Pot Of Greed"],"damage_healed":0,"gold_gain":0,"player_choice":"Purged","damage_taken":0,"max_hp_gain":0,"max_hp_loss":0,"event_name":"Purifier","floor":45,"gold_loss":0}],"is_beta":false,"boss_relics":[{"not_picked":["Snecko Eye","Replay:Wanted Poster"],"picked":"Astrolabe"},{"not_picked":["Runic Dome","hubris:Stopwatch"],"picked":"Runic Pyramid"}],"items_purged_floors":[39,41],"is_endless":false,"potions_floor_spawned":[1,4,10,14,20,22,24,33,38,47],"ascension_level":0}}