{"host":"kiauivt48syq9iz6","time":1609336443,"event":{"mods":["BaseMod","Conspire","Downfall","Hermit","Minty Spire (QoL Compilation)","Replay The Spire","SIMod","StSLib","The Animator","The Construct","The Cursed","The Runesmith","The Servant 0.9.4"],"gold_per_floor":[99,114,114,29,29,29,29,204,204,228,242,252,278,278,289,392,392,317,328,328,345,345,345,345,363,21,21,21,21],"floor_reached":27,"playtime":1213,"items_purged":[],"score":234,"play_id":"efeadc2b-2c23-47c8-acc6-a7b6700d09a6","local_time":"20201230065403","is_ascension_mode":false,"campfire_choices":[{"floor":1,"key":"RECALL"},{"data":"champ:ShieldWall","floor":6,"key":"SMITH"},{"data":"champ:BringItOn","floor":9,"key":"SMITH"}],"circlet_count":0,"master_deck":["champ:Strike","champ:Strike","champ:Strike","champ:Defend","champ:Defend","champ:Defend","champ:Defend","champ:Execute","champ:Taunt+1","champ:BringItOn+1","champ:DefensiveShout","champ:ShieldWall+1","Doubt","champ:AdrenalArmor","champ:ViciousMockery","champ:FanOfKnives","champ:CheapShot","champ:HeartStrike","champ:TornadoPunch+1","champ:FlashCut","Ghostly","Ghostly","Ghostly","Ghostly","Ghostly","Writhe","champ:Balance+1","champ:Circumvent","champ:EnchantShield+1","Mayhem","champ:Haymaker"],"relics":["champ:ChampionCrown","downfall:BrokenWingStatue","Centennial Puzzle","Pen Nib","MealTicket","Replay:Grab Bag","Runesmith:UraniumAnvil","conspire:RoyalGoblet","construct:ClawGrip","construct:WeddingRing","downfall:HeartBlessingRed","Ornamental Fan","Potion Belt"],"acts_visited":["Exordium","TheCity"],"potions_floor_usage":[13,13],"damage_taken":[{"damage":19,"enemies":"Jaw Worm","floor":2,"turns":5},{"damage":5,"enemies":"downfall:FleeingMerchant","floor":4,"turns":4},{"damage":5,"enemies":"conspire:RoseBush","floor":11,"turns":3},{"damage":8,"enemies":"Small Slimes","floor":12,"turns":4},{"damage":32,"enemies":"Lagavulin","floor":13,"turns":4},{"damage":26,"enemies":"Exordium Wildlife","floor":15,"turns":6},{"damage":40,"enemies":"downfall:Watcher","floor":16,"turns":15},{"damage":47,"enemies":"3 Byrds","floor":19,"turns":8},{"damage":13,"enemies":"conspire:FuzzyDice","floor":21,"turns":5},{"damage":28,"enemies":"Centurion and Healer","floor":25,"turns":11},{"damage":27,"enemies":"downfall:FleeingMerchant","floor":26,"turns":5},{"damage":52,"enemies":"conspire:SneckoGhost","floor":27,"turns":11}],"seed_played":"-4196993972708253114","potions_obtained":[{"floor":11,"key":"Death Potion"},{"floor":12,"key":"ColorlessPotion"},{"floor":16,"key":"Reflective Coating"}],"is_trial":false,"path_per_floor":["R","M","?","$","?","R","T","?","R","T","M","M","E","?","M","B",null,"R","M","?","M","?","?","T","M","$","E"],"character_chosen":"THE_CHAMP","items_purchased":["champ:ShieldWall","champ:EnchantShield+1","Mayhem","champ:Haymaker"],"campfire_rested":0,"item_purchase_floors":[4,26,26,26],"current_hp_per_floor":[90,79,79,79,79,79,79,79,79,79,79,71,46,46,31,10,90,90,64,59,59,45,45,45,32,30,0,0,0],"gold":21,"neow_bonus":"UPGRADE_CARD","is_daily":false,"chose_seed":false,"campfire_upgraded":2,"win_rate":0.0,"timestamp":1609336443,"path_taken":["R","M","?","?","?","R","T","?","R","?","M","?","E","?","M","BOSS","R","M","?","?","?","?","T","M","$","E"],"items_purchased_type":["Card","Card","Card","Card"],"build_version":"2020-12-22","purchased_purges":0,"victory":false,"max_hp_per_floor":[90,90,90,90,90,90,90,90,90,90,90,90,90,90,90,90,90,90,90,90,90,45,45,45,45,45,45,45,45],"card_choices":[{"not_picked":["champ:RageSigil","champ:PerfectedStrike"],"picked":"champ:BringItOn","floor":2},{"not_picked":["champ:RageSigil","champ:Backstep"],"picked":"champ:DefensiveShout","floor":4},{"not_picked":["champ:EndlessRage","champ:PerfectedStrike"],"picked":"champ:BladeFlurry","floor":11},{"not_picked":["champ:BerserkersShout","champ:Encircle"],"picked":"champ:AdrenalArmor","floor":12},{"not_picked":["champ:MurderStrike","champ:BringItOn"],"picked":"champ:ViciousMockery","floor":13},{"not_picked":["champ:DefensiveShout","champ:FightOn"],"picked":"champ:FanOfKnives","floor":15},{"not_picked":["champ:HeavySlash","champ:SwordThrow"],"picked":"champ:CheapShot","floor":16},{"not_picked":["champ:DefensiveShout+1","champ:FanOfKnives"],"picked":"champ:TornadoPunch+1","floor":19},{"not_picked":["champ:FaceSlap","champ:Backstep"],"picked":"champ:FlashCut","floor":21},{"not_picked":["champ:EnragedBash","champ:AdrenalArmor"],"picked":"champ:Balance+1","floor":25},{"not_picked":["champ:BringItOn","champ:EndlessRage+1"],"picked":"champ:Circumvent","floor":26}],"player_experience":117723,"relics_obtained":[{"floor":7,"key":"Centennial Puzzle"},{"floor":10,"key":"Pen Nib"},{"floor":13,"key":"MealTicket"},{"floor":24,"key":"Potion Belt"}],"event_choices":[{"cards_removed":["champ:Strike"],"damage_healed":0,"gold_gain":0,"player_choice":"Offered Basic","damage_taken":0,"max_hp_gain":0,"max_hp_loss":0,"event_name":"Bonfire Elementals","floor":3,"gold_loss":0},{"damage_healed":0,"gold_gain":0,"player_choice":"Ignored","damage_taken":0,"max_hp_gain":0,"max_hp_loss":0,"event_name":"NoteForYourself","floor":14,"gold_loss":0},{"damage_healed":0,"gold_gain":0,"player_choice":"Became a Ghost","damage_taken":0,"max_hp_gain":0,"max_hp_loss":45,"event_name":"Ghosts","floor":22,"gold_loss":0,"cards_obtained":["Ghostly","Ghostly","Ghostly","Ghostly","Ghostly"]}],"is_beta":false,"boss_relics":[{"not_picked":["SacredBark","conspire:SeveredTorchhead"],"picked":"Replay:Grab Bag"},{"not_picked":["Philosopher\u0027s Stone","Cursed Key"],"picked":"Runesmith:UraniumAnvil"},{"not_picked":["Runic Dome","ReplayTheSpireMod:DimensionalGlitch"],"picked":"conspire:RoyalGoblet"},{"not_picked":["conspire:SpecialSausage","Runic Pyramid"],"picked":"construct:ClawGrip"},{"not_picked":["Kintsugi","Black Star"],"picked":"construct:WeddingRing"}],"items_purged_floors":[],"is_endless":false,"potions_floor_spawned":[11,12,16],"killed_by":"conspire:SneckoGhost","ascension_level":0}}