{"host":"evok2ztcuz289k61","time":1609293244,"event":{"mods":["BaseMod","Colored Map","Downfall","Minty Spire (QoL Compilation)","StSLib"],"gold_per_floor":[99,117,117,137,154,164,164,183,194,179,208,219,229,242,262,359,359,284,294,306,49,68,102,114,126,63,75,87,113,142,184,209,323,335,272,303,328,359,371,402,414,186,216,236,236,266,266,5,22,22,22,50,50,50,50],"floor_reached":56,"playtime":4156,"items_purged":["Injury"],"score":1543,"play_id":"3c8b6946-adba-4dd9-9cce-ef73dbab3a8d","local_time":"20201229205404","is_ascension_mode":true,"campfire_choices":[{"floor":1,"key":"RECALL"},{"data":"Guardian:ShieldCharger","floor":18,"key":"SMITH"},{"data":"Guardian:Orbwalk","floor":26,"key":"SMITH"},{"data":"Guardian:BronzeArmor","floor":28,"key":"SMITH"},{"data":"Guardian:CompilePackage","floor":35,"key":"SMITH"},{"data":"Guardian:CompilePackage","floor":45,"key":"SMITH"},{"data":"Guardian:TimeCapacitor","floor":47,"key":"SMITH"},{"data":"Guardian:PrismaticBarrier","floor":54,"key":"SMITH"}],"circlet_count":0,"master_deck":["Guardian:Strike_Guardian","Guardian:Strike_Guardian","Guardian:Strike_Guardian","Guardian:Strike_Guardian","Guardian:Defend_Guardian","Guardian:Defend_Guardian","Guardian:Defend_Guardian","Guardian:Defend_Guardian+1","Guardian:CurlUp+1","Guardian:TwinSlam","Guardian:VentSteam","Guardian:Incinerate+1","Guardian:BronzeArmor+1","Guardian:ShieldCharger+1","Guardian:Reroute","Guardian:Suspension","Guardian:PrismaticBarrier+1","Guardian:Orbwalk+1","Guardian:Reroute+1","expansioncontent:CaCaw+1","Guardian:ShieldCharger+1","Slimebound:Icky","Guardian:MultiBeam+1","Guardian:CompilePackage+1","Guardian:WalkerClaw+1","Guardian:CompilePackage+1","Guardian:Planning+1","Injury","Guardian:FuturePlans+1","Guardian:TimeCapacitor+1","Guardian:CrystalBeam+1","Guardian:TemporalShield","Guardian:Emergency+1","Guardian:Repulse","expansioncontent:DonusPower"],"relics":["Guardian:ModeShifter","champ:DeflectingBracers","Bottled Lightning","Calipers","Cursed Key","downfall:HeartBlessingRed","champ:Barbells","MawBank","downfall:HeartBlessingBlue","Ice Cream","CaptainsWheel","Sozu","downfall:HeartBlessingGreen","Darkstone Periapt","HornCleat","White Beast Statue","Incense Burner","Strange Spoon","Bag of Preparation"],"acts_visited":["Exordium","TheCity","TheBeyond","TheEnding"],"potions_floor_usage":[11,16,31,50,55],"damage_taken":[{"damage":0,"enemies":"Jaw Worm","floor":2,"turns":4},{"damage":0,"enemies":"Cultist","floor":4,"turns":4},{"damage":2,"enemies":"Small Slimes","floor":5,"turns":5},{"damage":3,"enemies":"3 Louse","floor":6,"turns":4},{"damage":9,"enemies":"Red Slaver","floor":8,"turns":4},{"damage":0,"enemies":"2 Fungi Beasts","floor":9,"turns":4},{"damage":5,"enemies":"downfall:FleeingMerchant","floor":10,"turns":4},{"damage":0,"enemies":"Lagavulin","floor":11,"turns":4},{"damage":0,"enemies":"Large Slime","floor":12,"turns":5},{"damage":8,"enemies":"Exordium Wildlife","floor":13,"turns":4},{"damage":1,"enemies":"3 Louse","floor":14,"turns":3},{"damage":12,"enemies":"Blue Slaver","floor":15,"turns":3},{"damage":26,"enemies":"downfall:Defect","floor":16,"turns":6},{"damage":0,"enemies":"3 Byrds","floor":19,"turns":3},{"damage":4,"enemies":"Chosen","floor":20,"turns":4},{"damage":9,"enemies":"downfall:FleeingMerchant","floor":21,"turns":4},{"damage":8,"enemies":"Centurion and Healer","floor":22,"turns":5},{"damage":0,"enemies":"Book of Stabbing","floor":23,"turns":4},{"damage":13,"enemies":"Snake Plant","floor":29,"turns":4},{"damage":0,"enemies":"Snecko","floor":30,"turns":3},{"damage":34,"enemies":"Gremlin Leader","floor":31,"turns":10},{"damage":2,"enemies":"3 Cultists","floor":32,"turns":5},{"damage":0,"enemies":"downfall:Ironclad","floor":33,"turns":6},{"damage":0,"enemies":"3 Darklings","floor":36,"turns":4},{"damage":0,"enemies":"Orb Walker","floor":37,"turns":2},{"damage":6,"enemies":"Sphere and 2 Shapes","floor":38,"turns":5},{"damage":0,"enemies":"3 Darklings","floor":40,"turns":2},{"damage":8,"enemies":"downfall:FleeingMerchant","floor":42,"turns":4},{"damage":22,"enemies":"Reptomancer","floor":43,"turns":4},{"damage":0,"enemies":"4 Shapes","floor":44,"turns":2},{"damage":21,"enemies":"Nemesis","floor":46,"turns":5},{"damage":0,"enemies":"downfall:FleeingMerchant","floor":48,"turns":2},{"damage":3,"enemies":"Spire Growth","floor":49,"turns":3},{"damage":6,"enemies":"downfall:Silent","floor":50,"turns":8},{"damage":23,"enemies":"downfall:CharBossMerchant","floor":52,"turns":7},{"damage":0,"enemies":"downfall:NeowBoss","floor":55,"turns":16}],"seed_played":"7651536711333589311","potions_obtained":[{"floor":2,"key":"Fire Potion"},{"floor":5,"key":"FairyPotion"},{"floor":8,"key":"sneckomod:MuddlingPotion"},{"floor":11,"key":"champ:CounterPotion"},{"floor":16,"key":"FearPotion"},{"floor":19,"key":"Weak Potion"},{"floor":22,"key":"LiquidMemories"},{"floor":29,"key":"Energy Potion"},{"floor":33,"key":"Regen Potion"}],"is_trial":false,"path_per_floor":["R","M","?","M","M","M","T","M","M","$","E","M","M","M","M","B",null,"R","M","M","$","M","E","T","?","R","T","R","M","M","E","M","B",null,"R","M","M","M","?","M","T","$","E","M","R","E","R","$","M","B",null,"E","$","R","B",null],"character_chosen":"GUARDIAN","items_purchased":["champ:Barbells","expansioncontent:CaCaw","Guardian:TimeCapacitor","Guardian:Gem_Blue","Incense Burner","Guardian:Repulse","Strange Spoon","expansioncontent:DonusPower"],"campfire_rested":0,"item_purchase_floors":[21,21,42,42,48,48,48,48],"current_hp_per_floor":[72,72,72,72,70,67,67,58,58,53,53,53,45,44,32,6,72,72,72,68,59,51,51,51,38,48,48,48,35,35,1,26,26,87,87,87,87,81,81,81,81,73,51,51,51,30,30,30,27,30,87,64,64,64,64],"gold":50,"neow_bonus":"ONE_RARE_RELIC","is_daily":false,"chose_seed":false,"campfire_upgraded":7,"win_rate":0.0,"timestamp":1609293244,"path_taken":["R","M","?","M","?","M","T","M","M","$","E","M","M","M","M","BOSS","R","M","M","$","M","E","T","?","R","?","R","M","M","E","M","BOSS","R","M","M","M","?","M","T","$","E","?","R","E","R","$","M","BOSS","E","$","R","BOSS"],"items_purchased_type":["Relic","Card","Card","Card","Relic","Card","Relic","Card"],"build_version":"2020-12-22","purchased_purges":1,"victory":true,"max_hp_per_floor":[72,72,72,72,72,72,72,72,72,72,72,72,72,72,72,72,72,72,72,72,72,72,72,72,77,87,87,87,87,87,87,87,87,87,87,87,87,87,87,87,87,87,87,87,87,87,87,87,87,87,87,87,87,87,87],"card_choices":[{"not_picked":["Guardian:BronzeOrb","Guardian:TimeCapacitor"],"picked":"Guardian:Gem_White","floor":2},{"not_picked":["Guardian:Gem_Cyan","Guardian:RefractedBeam"],"picked":"Guardian:Gem_Fragmented","floor":4},{"not_picked":["Guardian:Gem_Red","Guardian:Recover"],"picked":"Guardian:VentSteam","floor":5},{"not_picked":["Guardian:TemporalShield","Guardian:PrimingBeam"],"picked":"Guardian:Incinerate","floor":6},{"not_picked":["Guardian:WalkerClaw","Guardian:Planning"],"picked":"Guardian:BronzeArmor","floor":8},{"not_picked":["Guardian:Recover","Guardian:PiercingHide"],"picked":"Guardian:Gem_Cyan","floor":9},{"not_picked":["Guardian:PiercingHide","Guardian:MultiBeam"],"picked":"Guardian:ShieldCharger","floor":10},{"not_picked":["Guardian:HyperBeam_Guardian","Guardian:MultiBeam"],"picked":"Guardian:Reroute","floor":11},{"not_picked":["Guardian:Gem_Green","Guardian:Gem_Lightblue"],"picked":"Guardian:Suspension","floor":12},{"not_picked":["Guardian:Suspension","Guardian:VentSteam"],"picked":"Guardian:PrismaticBarrier","floor":13},{"not_picked":["Guardian:PolyBeam","Guardian:Suspension"],"picked":"Guardian:Gem_Fragmented","floor":14},{"not_picked":["Guardian:TemporalShield","Guardian:TemporalStrike"],"picked":"Guardian:Gem_Cyan","floor":15},{"not_picked":["Guardian:FastForward","Guardian:SphericShield"],"picked":"Guardian:Gem_Orange","floor":16},{"not_picked":["Guardian:PolyBeam","Guardian:TemporalStrike+1"],"picked":"Guardian:Gem_Red","floor":19},{"not_picked":["Guardian:PrismaticBeam","Guardian:Recover"],"picked":"Guardian:Orbwalk","floor":20},{"not_picked":["Guardian:VentSteam","Guardian:PrimingBeam"],"picked":"Guardian:Reroute+1","floor":21},{"not_picked":["Guardian:Gem_Blue","Guardian:TemporalShield+1"],"picked":"Guardian:ShieldCharger","floor":22},{"not_picked":["Guardian:Planning","Guardian:Reroute"],"picked":"Guardian:Gem_Cyan","floor":23},{"not_picked":["Guardian:PiercingHide+1","Guardian:BaubleBeam"],"picked":"Guardian:Gem_Red","floor":29},{"not_picked":["Guardian:ShieldCharger","Guardian:RollAttack","Guardian:Reroute"],"picked":"SKIP","floor":30},{"not_picked":["Guardian:VentSteam","Guardian:Reroute"],"picked":"Guardian:Gem_Yellow","floor":31},{"not_picked":["Guardian:ShieldCharger","Guardian:VentSteam"],"picked":"Guardian:MultiBeam+1","floor":32},{"not_picked":["Guardian:ExploitGems","Guardian:SphericShield"],"picked":"Guardian:CompilePackage","floor":33},{"not_picked":["Guardian:Gem_Red","Guardian:TemporalStrike"],"picked":"Guardian:WalkerClaw+1","floor":36},{"not_picked":["Guardian:ChargeCore+1","Guardian:TemporalStrike"],"picked":"Guardian:Gem_Lightblue","floor":37},{"not_picked":["Guardian:MultiBeam","Guardian:PolyBeam"],"picked":"Guardian:CompilePackage","floor":38},{"not_picked":["Guardian:Gem_Yellow","Guardian:Gem_Green"],"picked":"Guardian:Planning","floor":40},{"not_picked":["Guardian:ShieldCharger","Guardian:Harden"],"picked":"Guardian:FuturePlans+1","floor":42},{"not_picked":["Guardian:Gem_Lightblue","Guardian:Harden"],"picked":"Guardian:CrystalBeam+1","floor":43},{"not_picked":["Guardian:PrimingBeam+1","Guardian:HyperBeam_Guardian"],"picked":"Guardian:TemporalShield","floor":44},{"not_picked":["Guardian:Reroute","Guardian:VentSteam"],"picked":"Guardian:Gem_Red","floor":46},{"not_picked":["Guardian:ChargeCore+1","Guardian:Gem_Yellow"],"picked":"Guardian:Emergency+1","floor":48},{"not_picked":["Guardian:TimeBomb+1","Guardian:Repulse","Guardian:RollAttack+1"],"picked":"SKIP","floor":49},{"not_picked":["Guardian:Gem_Fragmented","Guardian:Gem_Cyan","Guardian:StasisField"],"picked":"SKIP","floor":52}],"player_experience":334571,"relics_obtained":[{"floor":7,"key":"Bottled Lightning"},{"floor":11,"key":"Calipers"},{"floor":23,"key":"MawBank"},{"floor":27,"key":"Ice Cream"},{"floor":31,"key":"CaptainsWheel"},{"floor":41,"key":"Darkstone Periapt"},{"floor":43,"key":"HornCleat"},{"floor":46,"key":"White Beast Statue"},{"floor":52,"key":"Bag of Preparation"}],"event_choices":[],"is_beta":false,"boss_relics":[{"not_picked":["Fusion Hammer","Busted Crown"],"picked":"Cursed Key"},{"not_picked":["Coffee Dripper","Astrolabe"],"picked":"Sozu"}],"items_purged_floors":[42],"is_endless":false,"potions_floor_spawned":[2,5,8,11,12,13,16,19,22,29,33,36,37,38,44,48,49,52],"ascension_level":1}}