{"host":"cop8ymgpsji2w9by","time":1609295150,"event":{"mods":["2.2 Compatiblity","Act Like it!","Astrologer","Bard","BaseMod","Beaked The Cultist","Better Third Choice","BetterRewards","CapriCore","CatGirl Mod","ChefMod","Colored Map","Colored Powertips","Conspire","Curses Come First","DeckTracker","Downfall","Elementarium","Energized Spire","Fiend Mod","Friendly Minions","Gensokyo","Gremlin Mod","Hallownest","Hermit","Hubris","Infinite Spire","Mad Scientist","Marisa????????","Marked Mod","Menagerie","Mimic Mod","Minty Spire (QoL Compilation)","READ ME - Guardian Mod","Random Character Button","Rare Cards Sparkle","Replay The Spire","Robot Space Explorer","Shade Mod","Somnambulant","Spicy Shops","StSLib","The Accelerator","The Blackbeard","The Bladedancer","The Blue Laboratory","The Bug Knight","The Clintock","The Construct","The Cursed","The Death Knight","The Disciple","The Elementalist","The Factory","The Forsaken","The Gatherer","The Hayseed","The Hierophant","The Immortal","The Judge","The Jungle","The Marked","The Mystic","The Necromancer","The Poker Player","The Runesmith","The Servant 0.9.4","TheFirefly","TheSwordswoman","TheVacant","Wandering Minibosses","thorton"],"gold_per_floor":[111,111,131,149,162,162,188,62,62,79,79,89,11,43,43,149,149,165,177,177,189,189,189,206,206,206,206,249,249,249,282,282,386,386,407,421,421,421,433,474,474,511,511,511,523,539,576,595,595,599,599,599,15,54,72,72],"floor_reached":55,"playtime":4694,"items_purged":["hubris:Disease"],"score":1154,"play_id":"8d2cfcca-4a40-4e0e-a876-deb4a8ec916e","local_time":"20201229212550","is_ascension_mode":false,"campfire_choices":[{"floor":6,"key":"REST"},{"floor":11,"key":"RECALL"},{"floor":15,"key":"REST"},{"data":"Shade:GreaterAnimation","floor":23,"key":"SMITH"},{"data":"Shade:SensePrey","floor":25,"key":"SMITH"},{"data":"Shade:Bonestorm","floor":27,"key":"SMITH"},{"data":"Shade:PoundOfFlesh","floor":29,"key":"SMITH"},{"data":"infinitespire:TheBestDefense","floor":32,"key":"SMITH"},{"floor":41,"key":"REST"},{"floor":44,"key":"REST"},{"floor":49,"key":"REST"},{"data":"ReplayTheSpireMod:Chaos Vortex","floor":52,"key":"SMITH"}],"circlet_count":0,"master_deck":["Shade:Strike_Shade","Shade:Strike_Shade","Shade:Strike_Shade","Shade:Strike_Shade","Shade:Defend_Shade","Shade:Defend_Shade","Shade:Defend_Shade","Shade:Defend_Shade","Shade:AnimateDead","Shade:CarefulCut","Shade:Carnophage","Specialist+1","Shade:Bonestorm+1","Shade:FleshLikeOak","Shade:FeralStrike","Shade:Brains","Shade:FreshBones","Shade:Premonition","Shade:GraveStillness","Shade:GraveStillness","Shade:Tombstone","Shade:SensePrey+1","Shade:FreshBones","Shade:GreaterAnimation+1","Shade:CommandSoldier","Shade:FingerOfDeath+1","ReplayTheSpireMod:Chaos Vortex+1","ReplayTheSpireMod:Faulty Equipment","WordoMod:FoggyMind","infinitespire:TheBestDefense+1","Shade:FingerOfDeath","Shade:PoundOfFlesh+1","Shade:Premonition","Shade:Coordination","Shade:OpenGraves+1","Shade:Frenzy+1","Hallownest:curseDreamersLament","theForsaken:PlagueCurse","Shade:FleshOffering","Shade:FreshBones","Shade:FreshBones","Shade:GraveStillness","Shade:FleshToFlesh+1","Shade:Bonestorm+1","hubris:DuctTapeCard","Shade:AuraOfUnlife+1"],"relics":["Shade:YorickSkull","Replay:Rubber Ducky","ReplayTheSpireMod:CursedCoin","ReplayTheSpireMod:Lightbulb","conspire:DeflatedDodgeball","Centennial Puzzle","Pen Nib","infinitespire:Midas Blood","hubris:TinFlute","hubris:HollowSoul","Boot","Hallownest:NailmastersGloryRelic","Replay:Baseball","hubris:TerracottaHorce","Hallownest:BeastSealRelic","theForsaken:PlagueMask","Iron Hammer","Smiling Mask","Garlic","Du-Vu Doll","Counterbalance","Anchor","Orichalcum","hubris:DuctTape"],"acts_visited":["Exordium","Exordium","Hallownest:CityofTears","TheEnding"],"potions_floor_usage":[16,16,31,31,33,42,50,50,55,55],"damage_taken":[{"damage":0,"enemies":"2 Louse","floor":1,"turns":3},{"damage":0,"enemies":"Cultist","floor":3,"turns":3},{"damage":0,"enemies":"Jaw Worm","floor":4,"turns":3},{"damage":7,"enemies":"Exordium Thugs","floor":5,"turns":5},{"damage":0,"enemies":"Large Slime","floor":10,"turns":4},{"damage":0,"enemies":"2 Fungi Beasts","floor":12,"turns":3},{"damage":0,"enemies":"HollowMod:MossKnight","floor":14,"turns":6},{"damage":8,"enemies":"Fading Forest","floor":16,"turns":11},{"damage":0,"enemies":"Hallownest:Flukemon_and_Top","floor":18,"turns":4},{"damage":0,"enemies":"Hallownest:3_Youths","floor":19,"turns":3},{"damage":0,"enemies":"Hallownest:monsterShrumalOgre","floor":21,"turns":5},{"damage":0,"enemies":"Hallownest:3_Mistakes","floor":24,"turns":6},{"damage":0,"enemies":"Hallownest:Glutton_and_Coward","floor":28,"turns":5},{"damage":0,"enemies":"Hallownest:eliteWatcherKnight","floor":31,"turns":10},{"damage":2,"enemies":"Hallownest:BossMantisLord","floor":33,"turns":8},{"damage":23,"enemies":"Hallownest:3_Siblings","floor":35,"turns":7},{"damage":0,"enemies":"Hallownest:Shield_Heavy","floor":36,"turns":4},{"damage":0,"enemies":"Hallownest:Shield_Sturdy","floor":39,"turns":4},{"damage":4,"enemies":"Hallownest:eliteCollector","floor":40,"turns":8},{"damage":13,"enemies":"Hallownest:StalkingDevout","floor":42,"turns":5},{"damage":0,"enemies":"Hallownest:2_Wing_and_1_Kings","floor":45,"turns":4},{"damage":3,"enemies":"Hallownest:2_Wandering_and_1_Horned","floor":46,"turns":3},{"damage":5,"enemies":"Hallownest:eliteCollector","floor":47,"turns":9},{"damage":1,"enemies":"Hallownest:2_Soldiers_and_1_Guardian","floor":48,"turns":3},{"damage":3,"enemies":"Hallownest:BossGreyPrinceZote","floor":50,"turns":5},{"damage":24,"enemies":"Shield and Spear","floor":54,"turns":3},{"damage":15,"enemies":"The Heart","floor":55,"turns":5}],"seed_played":"4298805416713422484","potions_obtained":[{"floor":3,"key":"Swift Potion"},{"floor":5,"key":"blueLaboratory:LouseDecoction"},{"floor":10,"key":"SkillPotion"},{"floor":16,"key":"Energy Potion"},{"floor":28,"key":"sneckomod:MuddlingPotion"},{"floor":31,"key":"blueLaboratory:AbyssPotion"},{"floor":40,"key":"PowerPotion"},{"floor":45,"key":"blueLaboratory:BubblePotion"},{"floor":47,"key":"blueLaboratory:BottleOfRum"},{"floor":54,"key":"blueLaboratory:BottleOfVodka"}],"is_trial":false,"path_per_floor":["M","?","M","M","M","R","T","$","T","M","R","M","$","E","R","B",null,"M","M","AVR","M","?","R","M","R","T","R","M","R","?","E","R","B",null,"M","M","?","?","M","E","R","E","T","R","M","M","E","M","R","B",null,"R","$","E","B"],"character_chosen":"SHADE","items_purchased":["Replay:Rubber Ducky","ReplayTheSpireMod:CursedCoin","ReplayTheSpireMod:Lightbulb","conspire:DeflatedDodgeball","Centennial Puzzle","Shade:Carnophage","Specialist","Shade:Bonestorm","Shade:FleshLikeOak","Pen Nib","Shade:GraveStillness","Shade:SensePrey","Counterbalance","Anchor","Orichalcum"],"campfire_rested":5,"item_purchase_floors":[0,0,0,0,0,0,0,0,0,8,8,13,53,53,53],"current_hp_per_floor":[34,34,34,34,27,46,46,46,46,46,46,46,46,46,65,57,65,65,65,65,65,65,65,65,65,65,65,65,65,65,65,65,63,65,42,42,42,42,42,38,57,44,44,63,63,60,55,54,65,62,64,64,64,40,0,0],"gold":72,"neow_bonus":"","is_daily":false,"chose_seed":false,"campfire_upgraded":6,"win_rate":0.0,"timestamp":1609295150,"path_taken":["M","?","M","?","M","R","?","$","T","M","R","M","?","E","R","BOSS","M","M","AVR","M","?","R","M","R","T","R","M","R","?","E","R","BOSS","M","M","?","?","?","E","R","E","T","R","M","M","E","M","R","BOSS","R","$","E","BOSS"],"items_purchased_type":["Relic","Relic","Relic","Relic","Relic","Card","Card","Card","Card","Relic","Card","Card","Relic","Relic","Relic"],"build_version":"2020-12-22","purchased_purges":1,"victory":false,"max_hp_per_floor":[65,65,65,65,65,65,65,65,65,65,65,65,65,65,65,65,65,65,65,65,65,65,65,65,65,65,65,65,65,65,65,65,65,65,65,65,65,65,65,65,65,65,65,65,65,65,65,65,65,65,65,65,65,65,65,65],"card_choices":[{"not_picked":["Shade:CoffinDance","Shade:LyeBath"],"picked":"Shade:FeralStrike","floor":1},{"not_picked":["Shade:PotionOfRestlessness","Shade:Frenzy"],"picked":"Shade:Brains","floor":3},{"not_picked":["Shade:SanguineRitual","Shade:Bonestorm"],"picked":"Shade:FreshBones","floor":4},{"not_picked":["Shade:AncientSpear","Shade:Asphyxiate"],"picked":"Shade:Premonition","floor":5},{"not_picked":["Shade:FleshToFlesh","Shade:WallOfFlesh"],"picked":"Shade:GraveStillness","floor":10},{"not_picked":["Shade:CoffinDance","Shade:SanguineRitual"],"picked":"Shade:Tombstone","floor":12},{"not_picked":["Shade:FeralStrike","Shade:ClawBack"],"picked":"Shade:FreshBones","floor":14},{"not_picked":["Shade:DarkOfNight","Shade:OminousRitual"],"picked":"Shade:GreaterAnimation","floor":16},{"not_picked":["Shade:ClawBack+1","Shade:CoffinDance"],"picked":"Shade:CommandSoldier","floor":18},{"not_picked":["Shade:AncientSpear","Shade:Bite_Shade"],"picked":"Shade:FingerOfDeath+1","floor":19},{"not_picked":["Shade:RitualOffering+1","Shade:FingerOfDeath"],"picked":"Shade:FleshToFlesh+1","floor":21},{"not_picked":["infinitespire:SealOfDarkness+","infinitespire:Menacing"],"picked":"infinitespire:TheBestDefense","floor":22},{"not_picked":["Shade:Frenzy","Shade:SkeletonHug+1"],"picked":"Shade:FingerOfDeath","floor":24},{"not_picked":["Shade:Frenzy","Shade:AncientSpear+1"],"picked":"Shade:PoundOfFlesh","floor":28},{"not_picked":["Shade:Excise+1","Shade:Tombstone"],"picked":"Shade:Premonition","floor":31},{"not_picked":["Shade:LoseControl","Shade:SelfBurial"],"picked":"Shade:Coordination","floor":33},{"not_picked":["Shade:Excise+1","Shade:ExtraLimbs+1"],"picked":"Shade:OpenGraves+1","floor":35},{"not_picked":["Shade:RitualOffering","Shade:FuneraryArmor"],"picked":"Shade:Frenzy+1","floor":36},{"not_picked":["Shade:GoDigging","Shade:SkeletonHug"],"picked":"Shade:FleshOffering","floor":39},{"not_picked":["Shade:Trample","Shade:FleshLikeOak+1"],"picked":"Shade:LyeBath+1","floor":40},{"not_picked":["Shade:SpontaneousRitual+1","Shade:CommandSoldier"],"picked":"Shade:FreshBones","floor":42},{"not_picked":["Shade:Brains+1","Shade:Frenzy"],"picked":"Shade:FreshBones","floor":45},{"not_picked":["Shade:WallOfFlesh+1","Shade:GreyBargain+1"],"picked":"Shade:GraveStillness","floor":46},{"not_picked":["Shade:OfferingToTheBeyond","Shade:Brains+1"],"picked":"Shade:FleshToFlesh+1","floor":47},{"not_picked":["Shade:FuneraryArmor","Shade:CallWraith"],"picked":"Shade:Bonestorm+1","floor":48},{"not_picked":["Shade:ExtraLimbs+1","Shade:FuneraryArmor+1"],"picked":"Shade:AuraOfUnlife+1","floor":54}],"player_experience":405788,"relics_obtained":[{"floor":9,"key":"infinitespire:Midas Blood"},{"floor":14,"key":"hubris:TinFlute"},{"floor":26,"key":"Boot"},{"floor":31,"key":"Replay:Baseball"},{"floor":40,"key":"Iron Hammer"},{"floor":42,"key":"Smiling Mask"},{"floor":43,"key":"Garlic"},{"floor":47,"key":"Du-Vu Doll"},{"floor":54,"key":"hubris:DuctTape"}],"event_choices":[{"damage_healed":0,"gold_gain":0,"player_choice":"Upgraded","damage_taken":0,"max_hp_gain":0,"max_hp_loss":0,"event_name":"Upgrade Shrine","floor":2,"gold_loss":0,"cards_upgraded":["Specialist"]},{"damage_healed":0,"gold_gain":0,"player_choice":"Obtain Plague Curse","damage_taken":0,"max_hp_gain":0,"max_hp_loss":0,"event_name":"Plague Doctor","floor":38,"gold_loss":0,"cards_obtained":["theForsaken:PlagueCurse"]}],"is_beta":false,"boss_relics":[{"not_picked":["Ectoplasm","Velvet Choker"],"picked":"hubris:HollowSoul"},{"not_picked":["energizedSpire:StickyHand","SlaversCollar"],"picked":"hubris:TerracottaHorce"}],"items_purged_floors":[0],"is_endless":false,"potions_floor_spawned":[3,5,10,16,28,31,40,45,47,54],"killed_by":"The Heart","ascension_level":0}}