{"host":"aibqmozag2xz7y1n","time":1609362344,"event":{"mods":["AchievementEnabler","BaseMod","Colored Map","Marisa????????","Minty Spire (QoL Compilation)","StSLib","The Servant 0.9.4"],"gold_per_floor":[116,116,116,132,132,155,6,44,44,44,44],"floor_reached":10,"playtime":529,"items_purged":["Injury"],"score":66,"play_id":"d5a05091-f3d7-4cc6-946d-7796ea1a2ced","local_time":"20201230220544","is_ascension_mode":false,"campfire_choices":[],"circlet_count":0,"master_deck":["Strike_P","Strike_P","Strike_P","Strike_P","Defend_P","Defend_P","Defend_P","Defend_P","Eruption+1","Vigilance","Halt+1","BattleHymn","FollowUp","Worship","EmptyMind"],"relics":["PureWater","Golden Idol","Gremlin Horn","Toxic Egg 2"],"acts_visited":["Exordium"],"potions_floor_usage":[],"damage_taken":[{"damage":0,"enemies":"Small Slimes","floor":1,"turns":2},{"damage":2,"enemies":"2 Louse","floor":4,"turns":4},{"damage":0,"enemies":"Jaw Worm","floor":6,"turns":3},{"damage":16,"enemies":"3 Sentries","floor":8,"turns":9},{"damage":73,"enemies":"Gremlin Nob","floor":10,"turns":5}],"seed_played":"-2895711115195387046","potions_obtained":[{"floor":1,"key":"SteroidPotion"}],"is_trial":false,"path_per_floor":["M","?","?","M","?","M","$","E","T","E"],"character_chosen":"WATCHER","items_purchased":["Worship"],"campfire_rested":0,"item_purchase_floors":[7],"current_hp_per_floor":[72,77,77,75,75,75,75,59,59,0,0],"gold":44,"neow_bonus":"UPGRADE_CARD","is_daily":false,"chose_seed":false,"campfire_upgraded":0,"win_rate":0.0,"timestamp":1609362344,"path_taken":["M","?","?","M","?","M","?","E","T","E"],"items_purchased_type":["Card"],"build_version":"2020-12-22","purchased_purges":1,"victory":false,"max_hp_per_floor":[72,77,77,77,77,77,77,77,77,77,77],"card_choices":[{"not_picked":["Consecrate","BowlingBash"],"picked":"Halt","floor":1},{"not_picked":["Ragnarok","BowlingBash"],"picked":"BattleHymn","floor":4},{"not_picked":["EmptyFist","JustLucky"],"picked":"FollowUp","floor":6},{"not_picked":["Weave","ThirdEye"],"picked":"EmptyMind","floor":8}],"player_experience":193331,"relics_obtained":[{"floor":8,"key":"Gremlin Horn"},{"floor":9,"key":"Toxic Egg 2"}],"event_choices":[{"damage_healed":0,"gold_gain":0,"player_choice":"Donut","damage_taken":0,"max_hp_gain":5,"max_hp_loss":0,"event_name":"Big Fish","floor":2,"gold_loss":0},{"damage_healed":0,"gold_gain":0,"player_choice":"Grow","damage_taken":0,"max_hp_gain":0,"max_hp_loss":0,"event_name":"Living Wall","floor":3,"gold_loss":0,"cards_upgraded":["Halt"]},{"damage_healed":0,"gold_gain":0,"player_choice":"Take Wound","damage_taken":0,"relics_obtained":["Golden Idol"],"max_hp_gain":0,"max_hp_loss":0,"event_name":"Golden Idol","floor":5,"gold_loss":0,"cards_obtained":["Injury"]}],"is_beta":false,"boss_relics":[],"items_purged_floors":[7],"is_endless":false,"potions_floor_spawned":[1],"killed_by":"Gremlin Nob","ascension_level":0}}