{"host":"vddkjx04kiwje1tk","time":1609313576,"event":{"mods":["AchievementEnabler","BaseMod","Colored Map","Minty Spire (QoL Compilation)","Quick Restart","SuperFastMode"],"gold_per_floor":[109,59,59,59,69,69,69,81,136,155,170,187,198,216,216,216,216],"floor_reached":16,"playtime":284,"items_purged":[],"score":115,"play_id":"971b125f-aea4-46c4-846b-349af91051a2","local_time":"20201230163256","is_ascension_mode":true,"campfire_choices":[{"data":"Zap","floor":6,"key":"SMITH"},{"data":"Capacitor","floor":15,"key":"SMITH"}],"circlet_count":0,"master_deck":["Strike_B","Strike_B","Strike_B","Strike_B","Defend_B","Defend_B","Defend_B","Zap+1","Dualcast","Conserve Battery","Cold Snap","Capacitor+1","Skim","White Noise","Rebound","Cold Snap","Machine Learning"],"relics":["Coffee Dripper","Pen Nib","Boot"],"acts_visited":["Exordium"],"potions_floor_usage":[14,14],"damage_taken":[{"damage":2,"enemies":"Jaw Worm","floor":1,"turns":3},{"damage":2,"enemies":"Small Slimes","floor":5,"turns":3},{"damage":0,"enemies":"Cultist","floor":8,"turns":4},{"damage":17,"enemies":"Exordium Thugs","floor":10,"turns":5},{"damage":8,"enemies":"Blue Slaver","floor":11,"turns":4},{"damage":15,"enemies":"Large Slime","floor":12,"turns":5},{"damage":11,"enemies":"Red Slaver","floor":13,"turns":4},{"damage":0,"enemies":"2 Fungi Beasts","floor":14,"turns":2},{"damage":0,"enemies":"The Guardian","floor":16,"turns":1}],"seed_played":"-466260359782894379","potions_obtained":[{"floor":1,"key":"SkillPotion"},{"floor":5,"key":"DistilledChaos"},{"floor":12,"key":"Explosive Potion"}],"is_trial":false,"path_per_floor":["M","?","?","$","M","R","?","M","T","M","M","M","M","M","R","B"],"character_chosen":"DEFECT","items_purchased":[],"campfire_rested":0,"item_purchase_floors":[],"current_hp_per_floor":[73,73,66,66,64,64,69,69,69,52,44,29,18,18,18,18,18],"gold":216,"neow_bonus":"BOSS_RELIC","is_daily":false,"chose_seed":false,"campfire_upgraded":2,"win_rate":0.0,"timestamp":1609313576,"path_taken":["M","?","?","?","M","R","?","M","T","?","M","M","M","M","R","BOSS"],"items_purchased_type":[],"build_version":"2020-12-22","purchased_purges":0,"victory":false,"max_hp_per_floor":[75,75,75,75,75,75,80,80,80,80,80,80,80,80,80,80,80],"card_choices":[{"not_picked":["Auto Shields","Storm"],"picked":"Conserve Battery","floor":1},{"not_picked":["Chaos","Sunder"],"picked":"Cold Snap","floor":5},{"not_picked":["Coolheaded","Barrage"],"picked":"Capacitor","floor":8},{"not_picked":["Sweeping Beam","Melter"],"picked":"Skim","floor":10},{"not_picked":["Capacitor","Barrage"],"picked":"White Noise","floor":11},{"not_picked":["Lockon","Beam Cell"],"picked":"Rebound","floor":12},{"not_picked":["Turbo","Hologram"],"picked":"Cold Snap","floor":13},{"not_picked":["Cold Snap","Gash"],"picked":"Machine Learning","floor":14}],"player_experience":226310,"relics_obtained":[{"floor":9,"key":"Boot"}],"event_choices":[{"cards_removed":["Defend_B"],"damage_healed":0,"gold_gain":0,"player_choice":"Card Removal","damage_taken":0,"max_hp_gain":0,"max_hp_loss":0,"event_name":"The Cleric","floor":2,"gold_loss":50},{"damage_healed":0,"gold_gain":0,"player_choice":"Success","damage_taken":7,"relics_obtained":["Pen Nib"],"max_hp_gain":0,"max_hp_loss":0,"event_name":"Scrap Ooze","floor":3,"gold_loss":0},{"damage_healed":0,"gold_gain":0,"player_choice":"Donut","damage_taken":0,"max_hp_gain":5,"max_hp_loss":0,"event_name":"Big Fish","floor":7,"gold_loss":0}],"is_beta":false,"boss_relics":[],"items_purged_floors":[],"is_endless":false,"potions_floor_spawned":[1,5,12,13],"killed_by":"The Guardian","ascension_level":4}}