{"host":"c5j8t0wyh2hvx9ju","time":1609295922,"event":{"mods":["Astrologer","BaseMod","BetterRewards","HololiveMod","Minty Spire (QoL Compilation)","Prisma Mod","StSLib"],"gold_per_floor":[118,118,138,157,157,157,2,2,29,29,62,237,237,13,13,110,110,122,139,155,155,168,168,187,218,242,242,242],"floor_reached":27,"playtime":1669,"items_purged":["Doubt"],"score":222,"play_id":"dde0f585-f6af-4dbd-b71b-6b6fb7a6e8a7","local_time":"20201230113842","is_ascension_mode":true,"campfire_choices":[{"data":"Eruption","floor":6,"key":"SMITH"},{"data":"Vigilance","floor":10,"key":"SMITH"},{"data":"Halt","floor":13,"key":"SMITH"},{"data":"Halt","floor":15,"key":"SMITH"},{"floor":23,"key":"REST"}],"circlet_count":0,"master_deck":["Strike_P","Strike_P+1","Strike_P+1","Defend_P","Eruption+1","Vigilance+1","ForeignInfluence","EmptyBody","ClearTheMind","Halt+1","Halt+1","EmptyFist","Devotion","Worship","ClearTheMind+1","Omniscience"],"relics":["PureWater","Medical Kit","Boot","Potion Belt","Whetstone","Empty Cage","Red Mask","Omamori"],"acts_visited":["Exordium","TheCity"],"potions_floor_usage":[16,25,25,25],"damage_taken":[{"damage":0,"enemies":"2 Louse","floor":1,"turns":2},{"damage":3,"enemies":"Cultist","floor":3,"turns":6},{"damage":5,"enemies":"Small Slimes","floor":4,"turns":5},{"damage":16,"enemies":"Lagavulin","floor":11,"turns":10},{"damage":18,"enemies":"The Guardian","floor":16,"turns":13},{"damage":11,"enemies":"Chosen","floor":18,"turns":8},{"damage":12,"enemies":"Shell Parasite","floor":19,"turns":9},{"damage":35,"enemies":"Snake Plant","floor":20,"turns":6},{"damage":17,"enemies":"Centurion and Healer","floor":22,"turns":6},{"damage":0,"enemies":"Snecko","floor":24,"turns":4},{"damage":0,"enemies":"Masked Bandits","floor":25,"turns":4},{"damage":42,"enemies":"3 Cultists","floor":27,"turns":4}],"seed_played":"7375193551191022018","potions_obtained":[{"floor":16,"key":"LiquidBronze"},{"floor":22,"key":"DuplicationPotion"},{"floor":24,"key":"PowerPotion"}],"is_trial":false,"path_per_floor":["M","?","M","M","?","R","$","?","T","R","E","?","R","$","R","B",null,"M","M","M","?","M","R","M","?","T","M"],"character_chosen":"WATCHER","items_purchased":["ForeignInfluence","Medical Kit","EmptyFist","PowerPotion","SkillPotion"],"campfire_rested":1,"item_purchase_floors":[0,7,14,14,14],"current_hp_per_floor":[72,72,69,64,57,57,57,50,50,50,34,34,34,34,34,16,72,61,49,14,38,21,42,42,42,42,0,0],"gold":242,"neow_bonus":"","is_daily":false,"chose_seed":false,"campfire_upgraded":4,"win_rate":0.0,"timestamp":1609295922,"path_taken":["M","?","?","M","?","R","$","?","T","R","E","?","R","$","R","BOSS","M","M","M","?","M","R","M","?","T","M"],"items_purchased_type":["Card","Relic","Card","Potion","Potion"],"build_version":"2020-12-22","purchased_purges":1,"victory":false,"max_hp_per_floor":[72,72,72,72,72,72,72,72,72,72,72,72,72,72,72,72,72,72,72,72,72,72,72,72,72,72,72,72],"card_choices":[{"not_picked":["ThirdEye","Halt"],"picked":"EmptyBody","floor":1},{"not_picked":["Consecrate","BowlingBash"],"picked":"ClearTheMind","floor":3},{"not_picked":["Prostrate","Study"],"picked":"Halt","floor":4},{"not_picked":["Wallop","Worship"],"picked":"Halt","floor":11},{"not_picked":["Ragnarok","Blasphemy"],"picked":"Devotion","floor":16},{"not_picked":["BattleHymn","Prostrate"],"picked":"Worship","floor":18},{"not_picked":["PathToVictory","FollowUp"],"picked":"ClearTheMind+1","floor":19},{"not_picked":["Protect","EmptyFist"],"picked":"Omniscience","floor":20},{"not_picked":["ClearTheMind","PathToVictory","Scrawl"],"picked":"SKIP","floor":22},{"not_picked":["FlyingSleeves","Consecrate","Protect"],"picked":"SKIP","floor":24}],"player_experience":878392,"relics_obtained":[{"floor":9,"key":"Potion Belt"},{"floor":11,"key":"Whetstone"},{"floor":25,"key":"Red Mask"},{"floor":26,"key":"Omamori"}],"event_choices":[{"cards_removed":["Strike_P"],"damage_healed":0,"gold_gain":0,"player_choice":"Purged","damage_taken":0,"max_hp_gain":0,"max_hp_loss":0,"event_name":"Purifier","floor":2,"gold_loss":0},{"cards_removed":["Defend_P"],"damage_healed":0,"gold_gain":0,"player_choice":"Card Removal","damage_taken":7,"max_hp_gain":0,"max_hp_loss":0,"event_name":"Golden Wing","floor":5,"gold_loss":0},{"damage_healed":0,"gold_gain":0,"player_choice":"Success","damage_taken":7,"relics_obtained":["Boot"],"max_hp_gain":0,"max_hp_loss":0,"event_name":"Scrap Ooze","floor":8,"gold_loss":0},{"damage_healed":0,"gold_gain":175,"player_choice":"AGREE","damage_taken":0,"max_hp_gain":0,"max_hp_loss":0,"event_name":"Liars Game","floor":12,"gold_loss":0,"cards_obtained":["Doubt"]},{"damage_healed":24,"gold_gain":0,"player_choice":"Heal","damage_taken":0,"max_hp_gain":0,"max_hp_loss":0,"event_name":"The Library","floor":21,"gold_loss":0},{"damage_healed":0,"gold_gain":0,"player_choice":"Fought Bandits","damage_taken":0,"max_hp_gain":0,"max_hp_loss":0,"event_name":"Masked Bandits","floor":25,"gold_loss":0}],"is_beta":false,"boss_relics":[{"not_picked":["SlaversCollar","Hololive_TopUpMoneyS"],"picked":"Empty Cage"}],"items_purged_floors":[14],"is_endless":false,"potions_floor_spawned":[16,22,24],"killed_by":"3 Cultists","ascension_level":1}}