{"host":"l60rmjjsfi0fipmi","time":1609341773,"event":{"mods":["BaseMod","Colored Map","DeckTracker","Highlight Path","Minty Spire (QoL Compilation)"],"gold_per_floor":[117,130,7,27,39,39,74,74,99,99,130,148,148,158,158,263,263,278,26,42,53,72,107,107,124,124,124,143,143,173,190,190,295,295,307,182,182,232,252,252,68,68,68,68,98,123,138,90,90,90],"floor_reached":51,"playtime":5273,"items_purged":["Strike_B","Strike_B","Strike_B","Strike_B"],"score":657,"play_id":"58da496f-67ab-4de7-a64a-b476d90e7281","local_time":"20201230102253","is_ascension_mode":false,"campfire_choices":[{"data":"Zap","floor":6.0,"key":"SMITH"},{"floor":8.0,"key":"REST"},{"data":"Conserve Battery","floor":10.0,"key":"SMITH"},{"floor":15.0,"key":"REST"},{"floor":24.0,"key":"REST"},{"floor":27.0,"key":"REST"},{"data":"Dualcast","floor":29.0,"key":"SMITH"},{"floor":32.0,"key":"REST"},{"floor":40,"key":"DIG"},{"floor":42,"key":"DIG"},{"data":"Hello World","floor":44,"key":"SMITH"},{"floor":49,"key":"REST"}],"circlet_count":0,"master_deck":["Defend_B","Defend_B","Defend_B","Zap+1","Dualcast+1","Darkness","Redo","Rebound","Conserve Battery+1","Skim","Leap+1","Conserve Battery+1","Coolheaded","Electrodynamics","CurseOfTheBell","Hello World+1","Loop","Dramatic Entrance","BootSequence","Multi-Cast","Streamline","Buffer","Capacitor"],"relics":["SlaversCollar","PreservedInsect","Oddly Smooth Stone","Bronze Scales","Calling Bell","Anchor","Mercury Hourglass","Shovel","Toy Ornithopter","Ice Cream","Red Mask","Nuclear Battery","Girya","Bag of Marbles","FossilizedHelix","Eternal Feather","Blood Vial","War Paint"],"acts_visited":["Exordium","TheCity","TheBeyond"],"potions_floor_usage":[50,50],"damage_taken":[{"damage":1.0,"enemies":"2 Louse","floor":1.0,"turns":4.0},{"damage":7.0,"enemies":"Small Slimes","floor":2.0,"turns":4.0},{"damage":1.0,"enemies":"Jaw Worm","floor":4.0,"turns":3.0},{"damage":18.0,"enemies":"Exordium Wildlife","floor":5.0,"turns":5.0},{"damage":35.0,"enemies":"Lagavulin","floor":7.0,"turns":7.0},{"damage":22.0,"enemies":"Gremlin Nob","floor":11.0,"turns":4.0},{"damage":8.0,"enemies":"2 Fungi Beasts","floor":12.0,"turns":3.0},{"damage":0.0,"enemies":"Blue Slaver","floor":14.0,"turns":3.0},{"damage":18.0,"enemies":"Hexaghost","floor":16.0,"turns":9.0},{"damage":18.0,"enemies":"2 Thieves","floor":18.0,"turns":4.0},{"damage":5.0,"enemies":"3 Byrds","floor":20.0,"turns":3.0},{"damage":11.0,"enemies":"Snecko","floor":21.0,"turns":5.0},{"damage":15.0,"enemies":"Snake Plant","floor":22.0,"turns":5.0},{"damage":24.0,"enemies":"Slavers","floor":23.0,"turns":5.0},{"damage":0.0,"enemies":"Shelled Parasite and Fungi","floor":25.0,"turns":8.0},{"damage":1.0,"enemies":"Snecko","floor":28.0,"turns":6.0},{"damage":25.0,"enemies":"Masked Bandits","floor":30.0,"turns":4.0},{"damage":0.0,"enemies":"Chosen and Byrds","floor":31.0,"turns":3.0},{"damage":32.0,"enemies":"Automaton","floor":33.0,"turns":11.0},{"damage":2,"enemies":"3 Shapes","floor":35,"turns":3},{"damage":9,"enemies":"Mind Bloom Boss Battle","floor":38,"turns":9},{"damage":24,"enemies":"Orb Walker","floor":39,"turns":4},{"damage":26,"enemies":"Reptomancer","floor":45,"turns":5},{"damage":0,"enemies":"3 Darklings","floor":47,"turns":6},{"damage":16,"enemies":"Time Eater","floor":50,"turns":6}],"seed_played":"3205962583671504525","potions_obtained":[{"floor":1.0,"key":"DuplicationPotion"},{"floor":11.0,"key":"PowerPotion"},{"floor":12.0,"key":"Fire Potion"},{"floor":16.0,"key":"SpeedPotion"},{"floor":18.0,"key":"Ancient Potion"},{"floor":22.0,"key":"Ancient Potion"},{"floor":23.0,"key":"Fire Potion"},{"floor":28.0,"key":"Strength Potion"},{"floor":30.0,"key":"AttackPotion"},{"floor":38,"key":"FearPotion"},{"floor":45,"key":"Weak Potion"}],"is_trial":false,"path_per_floor":["M","M","$","M","M","R","E","R","T","R","E","M","?","M","R","B",null,"M","$","M","M","M","E","R","M","T","R","M","R","?","M","R","B",null,"M","$","?","?","M","R","$","R","T","R","E","T","M","$","R","B",null],"character_chosen":"DEFECT","items_purchased":["Explosive Potion","Loop","Dramatic Entrance","Capacitor","PowerPotion"],"campfire_rested":6,"item_purchase_floors":[3,19,19,41,48],"current_hp_per_floor":[74,67,67,66,48,48,13,35,35,35,13,5,5,5,27,9,75,57,57,52,41,26,2,24,29,29,51,50,50,25,25,47,25,75,73,73,73,64,40,40,40,40,40,52,26,26,28,28,62,58],"gold":90,"neow_bonus":"BOSS_RELIC","is_daily":false,"chose_seed":false,"campfire_upgraded":4,"win_rate":0.0,"timestamp":1609341773,"path_taken":["M","M","$","M","M","R","E","R","T","R","E","M","?","M","R","BOSS","M","$","M","M","M","E","R","M","T","R","M","R","?","M","R","BOSS","M","$","?","?","M","R","$","R","T","R","E","?","M","$","R","BOSS"],"items_purchased_type":["Potion","Card","Card","Card","Potion"],"build_version":"2020-12-22","purchased_purges":4,"victory":true,"max_hp_per_floor":[75,75,75,75,75,75,75,75,75,75,75,75,75,75,75,75,75,75,75,75,75,75,75,75,75,75,75,75,75,75,75,75,75,75,75,75,75,75,75,75,75,75,75,75,75,75,75,75,75,75],"card_choices":[{"not_picked":["Leap","Stack"],"picked":"Darkness","floor":1.0},{"not_picked":["Ball Lightning","Cold Snap"],"picked":"Redo","floor":2.0},{"not_picked":["Rip and Tear","Turbo"],"picked":"Rebound","floor":4.0},{"not_picked":["Compile Driver","Sweeping Beam"],"picked":"Conserve Battery","floor":5.0},{"not_picked":["Tempest","Amplify"],"picked":"Skim","floor":7.0},{"not_picked":["Chill","Go for the Eyes"],"picked":"Leap","floor":11.0},{"not_picked":["Lockon","Scrape"],"picked":"Conserve Battery","floor":12.0},{"not_picked":["Barrage","Capacitor"],"picked":"Coolheaded","floor":14.0},{"not_picked":["Amplify","Fission"],"picked":"Electrodynamics","floor":16.0},{"not_picked":["Rip and Tear","Cold Snap"],"picked":"Hello World","floor":18.0},{"not_picked":["Ball Lightning","Redo","Leap"],"picked":"SKIP","floor":20.0},{"not_picked":["Rebound","Conserve Battery+1","Hello World"],"picked":"SKIP","floor":21.0},{"not_picked":["Tempest+1","Conserve Battery","Coolheaded"],"picked":"SKIP","floor":22.0},{"not_picked":["Defragment","Go for the Eyes+1"],"picked":"BootSequence","floor":23.0},{"not_picked":["Reinforced Body+1","Sunder","Cold Snap"],"picked":"SKIP","floor":25.0},{"not_picked":["Glacier","Cold Snap"],"picked":"Multi-Cast","floor":28.0},{"not_picked":["Conserve Battery","Hologram"],"picked":"Streamline","floor":30.0},{"not_picked":["Heatsinks","Steam Power+1","Compile Driver"],"picked":"SKIP","floor":31.0},{"not_picked":["Fission","Echo Form"],"picked":"Buffer","floor":33.0},{"not_picked":["Blizzard","Rebound","Streamline"],"picked":"SKIP","floor":35},{"not_picked":["Ball Lightning","Doom and Gloom+1","Chaos"],"picked":"SKIP","floor":39},{"not_picked":["Sweeping Beam","FTL+1","Doom and Gloom+1"],"picked":"SKIP","floor":45},{"not_picked":["Doom and Gloom+1","Steam","Auto Shields+1"],"picked":"SKIP","floor":47}],"player_experience":104797,"relics_obtained":[{"floor":7.0,"key":"PreservedInsect"},{"floor":9.0,"key":"Oddly Smooth Stone"},{"floor":11.0,"key":"Bronze Scales"},{"floor":17.0,"key":"Anchor"},{"floor":17.0,"key":"Mercury Hourglass"},{"floor":17.0,"key":"Shovel"},{"floor":23.0,"key":"Toy Ornithopter"},{"floor":26.0,"key":"Ice Cream"},{"floor":30.0,"key":"Red Mask"},{"floor":38,"key":"Girya"},{"floor":40,"key":"Bag of Marbles"},{"floor":42,"key":"FossilizedHelix"},{"floor":43,"key":"Eternal Feather"},{"floor":45,"key":"Blood Vial"},{"floor":46,"key":"War Paint"}],"event_choices":[{"damage_healed":0.0,"max_hp_gain":0.0,"max_hp_loss":0.0,"gold_gain":0.0,"event_name":"Shining Light","player_choice":"Ignored","floor":13.0,"gold_loss":0.0,"damage_taken":0.0},{"damage_healed":0.0,"max_hp_gain":0.0,"max_hp_loss":0.0,"gold_gain":0.0,"event_name":"Masked Bandits","player_choice":"Fought Bandits","floor":30.0,"gold_loss":0.0,"damage_taken":0.0},{"cards_removed":["Defend_B"],"damage_healed":0,"gold_gain":0,"player_choice":"Removed Skill","damage_taken":0,"max_hp_gain":0,"max_hp_loss":0,"event_name":"Falling","floor":37,"gold_loss":0},{"damage_healed":0,"gold_gain":0,"player_choice":"Fight","damage_taken":0,"max_hp_gain":0,"max_hp_loss":0,"event_name":"MindBloom","floor":38,"gold_loss":0}],"is_beta":false,"boss_relics":[{"not_picked":["SacredBark","Runic Pyramid"],"picked":"Calling Bell"},{"not_picked":["Velvet Choker","Fusion Hammer"],"picked":"Nuclear Battery"}],"items_purged_floors":[3,19,36,41],"is_endless":false,"potions_floor_spawned":[1,11,12,16,18,22,23,28,30,31,38,45],"ascension_level":0}}