{"host":"6p0attdrtjqaih7v","time":1609354510,"event":{"mods":["2.2 Compatiblity","AchievementEnabler","Bard","BaseMod","Better Skull","Better Third Choice","Colored Powertips","Hermit","Highlight Path","Jorbs\u0027s Wanderer Trilogy","Key Reminder","Minty Spire (QoL Compilation)","Permanent Neow","Quick Restart","Random Character Button","Relic Stats","Replay The Spire","StSLib","The Construct"],"gold_per_floor":[111,111,130,306,49,49,79,79,155,155,168,219,238,263,263,334,334,346,45,45,241,257,257,274,285,311,311,321,37,37,37,37,111,111,124,124,137,153,153,182,182,214,214,247,0,0,0,0,0,0,0],"floor_reached":50,"playtime":2368,"items_purged":["Strike_R","Perfected Strike","Strike_R","Strike_R"],"score":1154,"play_id":"7d62e8b5-8645-4bbf-bcde-c5a2c9105ff1","local_time":"20201230135510","is_ascension_mode":true,"campfire_choices":[{"data":"Uppercut","floor":6,"key":"SMITH"},{"data":"Bash","floor":8,"key":"SMITH"},{"data":"Flame Barrier","floor":10,"key":"SMITH"},{"floor":15,"key":"REST"},{"data":"Uppercut","floor":23,"key":"SMITH"},{"floor":27,"key":"REST"},{"data":"Pommel Strike","floor":30,"key":"SMITH"},{"data":"Flash of Steel","floor":32,"key":"SMITH"},{"data":"Madness","floor":41,"key":"SMITH"},{"data":"Good Instincts","floor":47,"key":"SMITH"},{"floor":49,"key":"REST"}],"circlet_count":0,"master_deck":["AscendersBane","Strike_R","Strike_R","Defend_R","Defend_R","Defend_R+1","Defend_R","Bash+1","Uppercut+1","Flame Barrier+1","Thunderclap","Dropkick","Dropkick","Juggernaut+1","Feel No Pain+1","Offering","Inflame+1","ReplayTheSpireMod:Limb From Limb+1","Master of Strategy","Flash of Steel+1","Inflame+1","Uppercut+1","Pommel Strike+1","Shrug It Off","Reaper","Madness+1","Madness","Flex+1","Good Instincts+1","Sever Soul"],"relics":["Black Blood","Membership Card","Replay:Rubber Ducky","Frozen Egg 2","Omamori","keyreminder:keyreminder","Torii","Mummified Hand","ReplayTheSpireMod:ShopPack","Enchiridion","Bag of Marbles","Pear","Runic Pyramid","Charon\u0027s Ashes","Letter Opener","Centennial Puzzle","Orichalcum","Potion Belt"],"acts_visited":["Exordium","TheCity","TheBeyond"],"potions_floor_usage":[7,12,12,25,28,33,50,50],"damage_taken":[{"damage":21,"enemies":"Small Slimes","floor":1,"turns":6},{"damage":1,"enemies":"Cultist","floor":3,"turns":3},{"damage":9,"enemies":"3 Sentries","floor":7,"turns":13},{"damage":8,"enemies":"2 Louse","floor":11,"turns":3},{"damage":8,"enemies":"Gremlin Nob","floor":12,"turns":3},{"damage":1,"enemies":"2 Fungi Beasts","floor":13,"turns":3},{"damage":23,"enemies":"3 Sentries","floor":14,"turns":7},{"damage":33,"enemies":"Slime Boss","floor":16,"turns":11},{"damage":16,"enemies":"Shell Parasite","floor":18,"turns":6},{"damage":6,"enemies":"2 Thieves","floor":22,"turns":2},{"damage":6,"enemies":"Cultist and Chosen","floor":24,"turns":2},{"damage":6,"enemies":"Sentry and Sphere","floor":25,"turns":4},{"damage":8,"enemies":"Chosen and Byrds","floor":28,"turns":6},{"damage":6,"enemies":"Champ","floor":33,"turns":6},{"damage":0,"enemies":"Orb Walker","floor":35,"turns":3},{"damage":6,"enemies":"3 Shapes","floor":37,"turns":1},{"damage":16,"enemies":"3 Darklings","floor":38,"turns":3},{"damage":7,"enemies":"Nemesis","floor":40,"turns":3},{"damage":43,"enemies":"Reptomancer","floor":42,"turns":7},{"damage":12,"enemies":"Giant Head","floor":44,"turns":6},{"damage":127,"enemies":"Awakened One","floor":50,"turns":9}],"seed_played":"-2543777120996730026","potions_obtained":[{"floor":0,"key":"HeartOfIron"},{"floor":0,"key":"Adrenaline Potion"},{"floor":3,"key":"Fire Potion"},{"floor":7,"key":"ColorlessPotion"},{"floor":16,"key":"GamblersBrew"},{"floor":24,"key":"EssenceOfSteel"},{"floor":28,"key":"DuplicationPotion"},{"floor":33,"key":"PowerPotion"},{"floor":35,"key":"FearPotion"}],"is_trial":false,"path_per_floor":["M","?","M","?","$","R","E","R","T","R","M","E","M","E","R","B",null,"M","$","?","?","M","R","M","M","T","R","M","$","R","?","R","B",null,"M","?","M","M","?","E","R","E","T","E","$","?","R","$","R","B"],"character_chosen":"IRONCLAD","items_purchased":["Membership Card","Flame Barrier","Thunderclap","Mummified Hand","ReplayTheSpireMod:Limb From Limb","ReplayTheSpireMod:ShopPack","Pear","Shrug It Off","CultistPotion","Good Instincts","Sever Soul","Potion Belt"],"campfire_rested":3,"item_purchase_floors":[5,5,5,19,19,19,29,29,29,45,45,45],"current_hp_per_floor":[53,53,58,38,38,38,35,35,35,35,33,31,36,19,41,14,60,56,56,35,11,17,17,23,29,29,51,55,65,65,65,65,71,82,85,85,85,81,66,71,71,55,55,64,64,64,64,64,85,0,0],"gold":0,"neow_bonus":"THREE_SMALL_POTIONS","is_daily":false,"chose_seed":false,"campfire_upgraded":8,"win_rate":0.0,"timestamp":1609354510,"path_taken":["M","?","M","?","$","R","E","R","T","R","M","E","?","E","R","BOSS","M","$","?","?","M","R","?","M","T","R","M","$","R","?","R","BOSS","M","?","M","?","?","E","R","E","T","E","$","?","R","?","R","BOSS"],"items_purchased_type":["Relic","Card","Card","Relic","Card","Relic","Relic","Card","Potion","Card","Card","Relic"],"build_version":"2020-12-22","purchased_purges":4,"victory":false,"max_hp_per_floor":[75,75,75,75,75,75,75,75,75,75,75,75,75,75,75,75,75,75,75,75,75,75,75,75,75,75,75,75,85,85,85,85,85,85,85,85,85,85,85,85,85,85,85,85,85,85,85,85,85,85,85],"relic_stats":{"Centennial Puzzle":[6],"Torii":22,"counters":[21,107],"Mummified Hand":[68],"Black Blood":177,"Charon\u0027s Ashes":[119],"Letter Opener":[35],"Orichalcum":[18],"obtain_stats":[{"Potion Belt":45,"Pear":29,"Torii":14,"Black Blood":17,"Enchiridion":20,"Charon\u0027s Ashes":40,"Omamori":12,"Letter Opener":42,"Frozen Egg 2":9,"Orichalcum":44,"Burning Blood":0,"Replay:Rubber Ducky":7,"keyreminder:keyreminder":12,"Centennial Puzzle":43,"Mummified Hand":19,"Bag of Marbles":26,"Membership Card":5,"ReplayTheSpireMod:ShopPack":19,"Runic Pyramid":34},{"Potion Belt":20,"Pear":13,"Torii":7,"Black Blood":8,"Enchiridion":9,"Charon\u0027s Ashes":18,"Omamori":5,"Letter Opener":19,"Frozen Egg 2":3,"Orichalcum":20,"Burning Blood":0,"Replay:Rubber Ducky":3,"keyreminder:keyreminder":5,"Centennial Puzzle":19,"Mummified Hand":9,"Bag of Marbles":12,"Membership Card":2,"ReplayTheSpireMod:ShopPack":9,"Runic Pyramid":14},{"Potion Belt":98,"Pear":69,"Torii":38,"Black Blood":49,"Enchiridion":55,"Charon\u0027s Ashes":85,"Omamori":28,"Letter Opener":92,"Frozen Egg 2":22,"Orichalcum":98,"Burning Blood":0,"Replay:Rubber Ducky":22,"keyreminder:keyreminder":28,"Centennial Puzzle":92,"Mummified Hand":55,"Bag of Marbles":63,"Membership Card":9,"ReplayTheSpireMod:ShopPack":55,"Runic Pyramid":75}]},"card_choices":[{"not_picked":["Abandon","Cleave"],"picked":"Perfected Strike","floor":1},{"not_picked":["Armaments","Sentinel"],"picked":"Uppercut","floor":3},{"not_picked":["Twin Strike","Second Wind"],"picked":"Dropkick","floor":7},{"not_picked":["Iron Wave","Heavy Blade"],"picked":"Dropkick","floor":11},{"not_picked":["Heavy Blade","Whirlwind"],"picked":"Juggernaut+1","floor":12},{"not_picked":["Twin Strike","Carnage"],"picked":"Feel No Pain+1","floor":13},{"not_picked":["Heavy Blade","Thunderclap","Second Wind"],"picked":"SKIP","floor":14},{"not_picked":["Juggernaut+1","Exhume"],"picked":"Offering","floor":16},{"not_picked":["Spot Weakness","Warcry+1"],"picked":"Inflame+1","floor":18},{"not_picked":["Panache","Violence"],"picked":"Master of Strategy","floor":19},{"not_picked":["ReplayTheSpireMod:Private Reserves","Blind"],"picked":"Flash of Steel","floor":19},{"not_picked":["Intimidate","Warcry"],"picked":"Inflame+1","floor":21},{"not_picked":["Whirlwind","Bloodletting"],"picked":"Uppercut","floor":22},{"not_picked":["Flex","Dual Wield","Body Slam"],"picked":"SKIP","floor":24},{"not_picked":["Armaments+1","Anger","Clothesline"],"picked":"SKIP","floor":25},{"not_picked":["Armaments+1","Anger","Clothesline"],"picked":"SKIP","floor":25},{"not_picked":["Offering","Shockwave"],"picked":"Pommel Strike","floor":28},{"not_picked":["Bludgeon","Offering"],"picked":"Barricade+1","floor":33},{"not_picked":["Twin Strike","Clash","Headbutt"],"picked":"SKIP","floor":35},{"not_picked":["Sword Boomerang","Carnage"],"picked":"Reaper","floor":37},{"not_picked":["Clothesline","Sentinel","Heavy Blade"],"picked":"SKIP","floor":38},{"not_picked":["Anger+1","Twin Strike+1","Metallicize+1"],"picked":"SKIP","floor":40},{"not_picked":["Feel No Pain+1","Cleave","Carnage"],"picked":"SKIP","floor":42},{"not_picked":["Pommel Strike","Power Through"],"picked":"Flex+1","floor":44}],"player_experience":926438,"relics_obtained":[{"floor":7,"key":"Replay:Rubber Ducky"},{"floor":9,"key":"Frozen Egg 2"},{"floor":12,"key":"Omamori"},{"floor":14,"key":"Torii"},{"floor":20,"key":"Enchiridion"},{"floor":26,"key":"Bag of Marbles"},{"floor":40,"key":"Charon\u0027s Ashes"},{"floor":42,"key":"Letter Opener"},{"floor":43,"key":"Centennial Puzzle"},{"floor":44,"key":"Orichalcum"}],"event_choices":[{"damage_healed":0,"gold_gain":176,"player_choice":"GO GO ","damage_taken":22,"relics_obtained":[],"max_hp_gain":0,"max_hp_loss":0,"event_name":"betterSkull:BetterSkull","floor":4,"gold_loss":0,"cards_upgraded":[]},{"damage_healed":0,"gold_gain":0,"player_choice":"Obtained Book","damage_taken":21,"max_hp_gain":0,"max_hp_loss":0,"event_name":"Cursed Tome","floor":20,"gold_loss":0},{"damage_healed":0,"gold_gain":0,"player_choice":"Ignored","damage_taken":0,"max_hp_gain":0,"max_hp_loss":0,"event_name":"Ghosts","floor":31,"gold_loss":0},{"damage_healed":0,"gold_gain":0,"player_choice":"Forge","damage_taken":0,"max_hp_gain":0,"max_hp_loss":0,"event_name":"Accursed Blacksmith","floor":36,"gold_loss":0,"cards_upgraded":["ReplayTheSpireMod:Limb From Limb"]},{"damage_healed":0,"gold_gain":0,"player_choice":"Embrace Madness","damage_taken":15,"max_hp_gain":0,"max_hp_loss":0,"event_name":"Winding Halls","floor":39,"gold_loss":0,"cards_obtained":["Madness","Madness"]},{"cards_removed":["Barricade"],"damage_healed":0,"gold_gain":0,"player_choice":"Removed Power","damage_taken":0,"max_hp_gain":0,"max_hp_loss":0,"event_name":"Falling","floor":46,"gold_loss":0}],"is_beta":false,"boss_relics":[{"not_picked":["Ooze Armor","Ring of Chaos"],"picked":"Black Blood"},{"not_picked":["Calling Bell","SacredBark"],"picked":"Runic Pyramid"}],"items_purged_floors":[5,19,29,45],"is_endless":false,"potions_floor_spawned":[3,7,16,24,28,33,35,37,40],"killed_by":"Awakened One","ascension_level":18}}