{"host":"5gc11emcm5chfr5t","time":1609356408,"event":{"mods":["2.2 Compatiblity","AchievementEnabler","BaseMod","Bestiary","Better Note","Colored Map","Colored Powertips","Downfall","Googly Eyes","Minty Spire (QoL Compilation)","Rare Cards Sparkle","StSLib"],"gold_per_floor":[99,99,99,399,399,399,399,428,448,223,249,27,38,23,33,33,33],"floor_reached":16,"playtime":487,"items_purged":[],"score":262,"play_id":"55b7e835-a044-4fe2-922d-af4c99b0f7bc","local_time":"20201230142648","is_ascension_mode":true,"campfire_choices":[{"floor":1,"key":"RECALL"},{"floor":10,"key":"REST"}],"circlet_count":0,"master_deck":["AscendersBane","sneckomod:Strike","sneckomod:Strike","sneckomod:Strike+1","sneckomod:Defend","sneckomod:Defend","sneckomod:Defend","sneckomod:TailWhip","sneckomod:SnekBite","sneckomod:Unknown","sneckomod:Unknown","sneckomod:UnknownClassPURPLE","Slimebound:Icky","Slimebound:Icky","Slimebound:Icky","sneckomod:Unknown1Cost","sneckomod:Transmogrify","sneckomod:QuickBite","sneckomod:IronFang","sneckomod:DangerNoodle","sneckomod:SlitherStrike","sneckomod:UnknownColorless","Enlightenment","sneckomod:Nope","sneckomod:WideSting","sneckomod:UnknownCommonAttack"],"relics":["sneckomod:SneckoSoul","downfall:HeartsMalice","Bird Faced Urn","downfall:HeartBlessingBlue","downfall:HeartBlessingGreen","downfall:HeartBlessingRed","The Courier"],"acts_visited":["Exordium"],"potions_floor_usage":[13,16,16],"damage_taken":[{"damage":0,"enemies":"Small Slimes","floor":2,"turns":1},{"damage":0,"enemies":"Jaw Worm","floor":5,"turns":1},{"damage":0,"enemies":"Gremlin Nob","floor":8,"turns":1},{"damage":9,"enemies":"2 Louse","floor":9,"turns":2},{"damage":33,"enemies":"Lagavulin","floor":11,"turns":4},{"damage":10,"enemies":"downfall:FleeingMerchant","floor":12,"turns":4},{"damage":14,"enemies":"Red Slaver","floor":13,"turns":2},{"damage":0,"enemies":"downfall:FleeingMerchant","floor":14,"turns":4},{"damage":14,"enemies":"3 Louse","floor":15,"turns":3},{"damage":39,"enemies":"downfall:Silent","floor":16,"turns":6}],"seed_played":"-441180661502108107","potions_obtained":[{"floor":9,"key":"Fruit Juice"},{"floor":13,"key":"FearPotion"},{"floor":15,"key":"Energy Potion"}],"is_trial":false,"path_per_floor":["R","M","?","?","M","?","T","E","M","R","E","$","M","$","M","B"],"character_chosen":"THE_SNECKO","items_purchased":["sneckomod:UnknownColorless","Enlightenment"],"campfire_rested":1,"item_purchase_floors":[12,12],"current_hp_per_floor":[75,76,50,50,51,51,51,51,42,80,64,59,50,52,39,0,0],"gold":33,"neow_bonus":"THREE_ENEMY_KILL","is_daily":false,"chose_seed":false,"campfire_upgraded":0,"win_rate":0.0,"timestamp":1609356408,"path_taken":["R","M","?","?","M","?","T","E","M","R","E","$","M","$","M","BOSS"],"items_purchased_type":["Card","Card"],"build_version":"2020-12-22","purchased_purges":0,"victory":false,"max_hp_per_floor":[83,84,84,84,85,85,85,85,85,95,95,96,101,101,102,102,102],"card_choices":[{"not_picked":["sneckomod:UnknownCommonAttack","sneckomod:SoulDraw"],"picked":"sneckomod:UnknownClassPURPLE","floor":2},{"not_picked":["sneckomod:SoulDraw","sneckomod:UnknownClassRED"],"picked":"sneckomod:Unknown1Cost","floor":5},{"not_picked":["sneckomod:RainOfDice","sneckomod:UnknownVulnerable"],"picked":"sneckomod:QuickBite","floor":8},{"not_picked":["sneckomod:Unknown0Cost","sneckomod:UnknownX"],"picked":"sneckomod:IronFang","floor":9},{"not_picked":["sneckomod:UnknownClassGUARDIAN","sneckomod:SoulDraw"],"picked":"sneckomod:DangerNoodle","floor":11},{"not_picked":["sneckomod:Unknown1Cost","sneckomod:UnknownUncommonPower"],"picked":"sneckomod:SlitherStrike","floor":12},{"not_picked":["sneckomod:UnknownCommonSkill","sneckomod:UnknownBlock"],"picked":"sneckomod:Nope","floor":13},{"not_picked":["sneckomod:Rotation","sneckomod:QuickMove"],"picked":"sneckomod:WideSting","floor":14},{"not_picked":["sneckomod:SerpentMind","sneckomod:DiceCrush"],"picked":"sneckomod:UnknownCommonAttack","floor":15}],"player_experience":506091,"relics_obtained":[{"floor":8,"key":"Pantograph"},{"floor":11,"key":"The Courier"},{"floor":11,"key":"Bronze Scales"},{"floor":12,"key":"The Courier"},{"floor":14,"key":"The Courier"}],"event_choices":[{"damage_healed":0,"gold_gain":0,"player_choice":"Success","damage_taken":26,"relics_obtained":["Bird Faced Urn"],"max_hp_gain":0,"max_hp_loss":0,"event_name":"Scrap Ooze","floor":3,"gold_loss":0}],"is_beta":false,"boss_relics":[],"items_purged_floors":[],"is_endless":false,"potions_floor_spawned":[9,13,15],"killed_by":"downfall:Silent","ascension_level":20}}