{"host":"c95txy58ipbu969e","time":1609297400,"event":{"mods":["Act Like it!","BaseMod","Downfall","Minty Spire (QoL Compilation)","Quick Restart","StSLib"],"gold_per_floor":[99,99,99,99,99,99,99,126,145,163,194,205,205,224,236,236,236,236],"floor_reached":16,"playtime":814,"items_purged":[],"score":219,"play_id":"6906c534-6945-41ec-9f0f-65efa6653130","local_time":"20201230110320","is_ascension_mode":true,"campfire_choices":[{"data":"Slimebound:CorrosiveSpit","floor":1.0,"key":"SMITH"},{"data":"Slimebound:GoopSpray","floor":13.0,"key":"SMITH"}],"circlet_count":0,"master_deck":["Slimebound:Strike_Slimebound","Slimebound:Strike_Slimebound","Slimebound:Strike_Slimebound","Slimebound:Tackle","Slimebound:Defend_Slimebound","Slimebound:Defend_Slimebound","Slimebound:Defend_Slimebound","Slimebound:Defend_Slimebound","Slimebound:Split","Slimebound:CorrosiveSpit+1","Slimebound:SplitSpecialist","Slimebound:GoopSpray+1","Slimebound:LevelUp","Slimebound:SplitMire","Slimebound:Schlurp","Slimebound:MassFeed","Slimebound:SplitSpecialist"],"relics":["Slimebound:AbsorbEndCombat","downfall:HeartsMalice","Slimebound:SlimedSkullRelic","Blue Candle","Regal Pillow","FossilizedHelix"],"acts_visited":["Exordium"],"potions_floor_usage":[16],"damage_taken":[{"damage":0.0,"enemies":"2 Louse","floor":2.0,"turns":1.0},{"damage":0.0,"enemies":"Cultist","floor":3.0,"turns":1.0},{"damage":0.0,"enemies":"Small Slimes","floor":4.0,"turns":1.0},{"damage":8.0,"enemies":"Lagavulin","floor":8.0,"turns":5.0},{"damage":16.0,"enemies":"Blue Slaver","floor":9.0,"turns":3.0},{"damage":25.0,"enemies":"Large Slime","floor":10.0,"turns":4.0},{"damage":33.0,"enemies":"3 Sentries","floor":11.0,"turns":6.0},{"damage":0.0,"enemies":"3 Louse","floor":12.0,"turns":1.0},{"damage":22.0,"enemies":"2 Fungi Beasts","floor":14.0,"turns":5.0},{"damage":35.0,"enemies":"Lots of Slimes","floor":15.0,"turns":4.0},{"damage":62,"enemies":"downfall:Defect","floor":16,"turns":5}],"seed_played":"-8260475201248388337","potions_obtained":[{"floor":6.0,"key":"BlessingOfTheForge"},{"floor":6.0,"key":"LiquidMemories"},{"floor":6.0,"key":"Guardian:BlockOnCardUsePotion"},{"floor":8.0,"key":"Regen Potion"},{"floor":11.0,"key":"hexamod:EctoCoolerPotion"},{"floor":15.0,"key":"champ:CounterPotion"}],"is_trial":false,"path_per_floor":["R","M","M","M","?","?","T","E","M","M","E","M","R","M","M","B"],"character_chosen":"SLIMEBOUND","items_purchased":[],"campfire_rested":0,"item_purchase_floors":[],"current_hp_per_floor":[60,60,60,60,57,57,57,60,56,45,51,60,60,60,54,0,0,0],"gold":236,"neow_bonus":"THREE_ENEMY_KILL","is_daily":false,"chose_seed":false,"campfire_upgraded":2,"win_rate":0.0,"timestamp":1609297400,"path_taken":["R","M","M","M","?","?","T","E","M","?","E","M","R","?","M","BOSS"],"items_purchased_type":[],"build_version":"2020-12-22","purchased_purges":0,"victory":false,"max_hp_per_floor":[60,60,60,60,60,60,60,60,60,60,60,69,69,75,90,90,90,90],"card_choices":[{"not_picked":["Slimebound:SpikyOuterGoop","Slimebound:SplitAcid"],"picked":"Slimebound:SplitSpecialist","floor":2.0},{"not_picked":["Slimebound:FormOfPuddle","Slimebound:Recollect","Slimebound:SamplingLick"],"picked":"SKIP","floor":3.0},{"not_picked":["Slimebound:SplitMire","Slimebound:GoopTackle"],"picked":"Slimebound:GoopSpray","floor":4.0},{"not_picked":["Slimebound:Gluttony","Slimebound:LivingWall"],"picked":"Slimebound:LevelUp","floor":8.0},{"not_picked":["Slimebound:Replication","Slimebound:AcidTongue"],"picked":"Slimebound:SplitMire","floor":9.0},{"not_picked":["Slimebound:ComboTackle","Slimebound:SplitAcid"],"picked":"Slimebound:Schlurp","floor":10.0},{"not_picked":["Slimebound:SamplingLick","Slimebound:GrowthPunch"],"picked":"Slimebound:MassFeed","floor":11.0},{"not_picked":["Slimebound:SplitLeeching","Slimebound:DivideAndConquer","Slimebound:Prepare"],"picked":"SKIP","floor":12.0},{"not_picked":["Slimebound:Prepare","Slimebound:Nibble"],"picked":"Slimebound:SplitSpecialist","floor":14.0},{"not_picked":["Slimebound:Gluttony","Slimebound:Chomp","Slimebound:SlimeSpikes"],"picked":"SKIP","floor":15.0}],"player_experience":462292,"relics_obtained":[{"floor":7.0,"key":"Blue Candle"},{"floor":8.0,"key":"Regal Pillow"},{"floor":11.0,"key":"FossilizedHelix"}],"event_choices":[{"damage_healed":0.0,"max_hp_gain":0.0,"max_hp_loss":0.0,"gold_gain":0.0,"event_name":"Scrap Ooze","player_choice":"Success","floor":5.0,"gold_loss":0.0,"damage_taken":3.0,"relics_obtained":["Slimebound:SlimedSkullRelic"]},{"damage_healed":0.0,"max_hp_gain":0.0,"max_hp_loss":0.0,"gold_gain":0.0,"event_name":"Lab","player_choice":"Got Potions","floor":6.0,"gold_loss":0.0,"damage_taken":0.0}],"is_beta":false,"boss_relics":[],"items_purged_floors":[],"is_endless":false,"potions_floor_spawned":[8,9,10,11,15],"killed_by":"downfall:Defect","ascension_level":5}}