{"host":"e1gibo0yuvs2h8od","time":1609334744,"event":{"mods":["2.2 Compatiblity","Abigail Mod","Act Like it!","BaseMod","Block Reminder","DNKmod","DeckTracker","Friendly Minions","KinomotoSakuraMod(????)","Marisa????????","Minty Spire (QoL Compilation)","Pale of the Ancients","Prisma Mod","Quick Restart","Reimu??????","Remove Card Discount Mod","StSLib","The Disciple","The Jungle","The Senshi","The Servant 0.9.4","TheFirefly","Wandering Minibosses"],"gold_per_floor":[1019,1019,65,75,90,118,132,145,145,179,179,194,213,248,248,343,343,355,6,22,34,45,45,70,70,70,43,43,63,74,21,21,118,118,132,148,148,148,27,27,44,44,94,104,118,65,82,100,100,100,100,100,100,126,126],"floor_reached":56,"playtime":6041,"items_purged":["Poor:ReiMu","PrismaMod:MiyuCommonDefend","PrismaMod:MiyuCommonDefend","PrismaMod:MiyuCommonAttack","PrismaMod:MiyuCommonDefend","PrismaMod:MiyuCommonAttack","PrismaMod:MiyuCommonAttack","PrismaMod:MiyuCommonDefend","PrismaMod:MiyuCommonDefend","PrismaMod:MiyuCommonAttack","PrismaMod:MiyuCommonAttack","PrismaMod:MiyuCheapChannelAttack","PrismaMod:MiyuCheapChannelDefend","PrismaMod:MiyuCheapChannelDefend"],"score":1245,"play_id":"9fd0a7c4-b287-4e8d-aac1-b78effe234ef","local_time":"20201230132544","is_ascension_mode":false,"campfire_choices":[{"floor":11,"key":"RECALL"},{"data":"PrismaMod:MiyuOrbIncreasePerm","floor":15,"key":"SMITH"},{"data":"PrismaMod:MiyuDefendChannelDefend","floor":23,"key":"SMITH"},{"data":"PrismaMod:MiyuUncommonDexBuff","floor":25,"key":"SMITH"},{"data":"PrismaMod:MiyuOrbIncreasePerm","floor":28,"key":"SMITH"},{"data":"PrismaMod:MiyuUberAOEAttack","floor":32,"key":"SMITH"},{"data":"PrismaMod:MiyuCheapPlate","floor":40,"key":"SMITH"},{"data":"Madness","floor":42,"key":"SMITH"},{"data":"Madness","floor":49,"key":"SMITH"},{"data":"PrismaMod:MiyuDefendChannelDefend","floor":52,"key":"SMITH"}],"circlet_count":0,"master_deck":["Bandage Up","PrismaMod:MiyuChannelAttackEvoke","PrismaMod:MiyuCheapDefend1","PrismaMod:MiyuCheapPlate+1","PrismaMod:MiyuUncommonAttack","PrismaMod:MiyuUncommonDexBuff+1","PrismaMod:MiyuUberAOEAttack+1","PrismaMod:MiyuUberAttack","PrismaMod:MiyuUncommonAOEAttack","PrismaMod:MiyuUncommonAttack","PrismaMod:MiyuUberAttack","PrismaMod:MiyuCheapDexBuff+1","PrismaMod:MiyuOrbIncreasePerm+1","PrismaMod:MiyuCheapChannelHeal","Panacea","PrismaMod:MiyuCheapStrBuff+1","PrismaMod:MiyuEvokeAllAttack","PrismaMod:MiyuDefendChannelDefend+1","PrismaMod:MiyuOrbIncreasePerm+1","PrismaMod:MiyuUncommonDexBuff+1","PrismaMod:MiyuUncommonDefend","PrismaMod:MiyuUncommonDexBuff+1","PrismaMod:MiyuCheapStrBuff+1","PrismaMod:MiyuCheapStrBuff+1","PrismaMod:MiyuDefendChannelDefend+1","Bandage Up","Madness+1","Madness+1","PrismaMod:MiyuCheapPlate+1","PrismaMod:MiyuCheapDefend1","PrismaMod:MiyuUberAttack+1","PrismaMod:MiyuCheapPlate+1","PrismaMod:MiyuCheapStrBuff+1"],"relics":["PrismaMod:PrismaSapphire","YidongShenshe:ReiMu","Unceasing Top","Ice Cream","Frozen Egg 2","HornCleat","Runic Dome","Du-Vu Doll","Blue Candle","Sozu","Question Card","Strawberry","Orichalcum"],"acts_visited":["Exordium","TheCity","TheBeyond","TheEnding"],"potions_floor_usage":[],"damage_taken":[{"damage":0,"enemies":"Jaw Worm","floor":1,"turns":4},{"damage":0,"enemies":"Small Slimes","floor":4,"turns":4},{"damage":0,"enemies":"Cultist","floor":5,"turns":5},{"damage":0,"enemies":"Lagavulin","floor":6,"turns":9},{"damage":4,"enemies":"Lots of Slimes","floor":7,"turns":3},{"damage":7,"enemies":"3 Louse","floor":8,"turns":4},{"damage":4,"enemies":"3 Sentries","floor":10,"turns":5},{"damage":0,"enemies":"2 Fungi Beasts","floor":12,"turns":3},{"damage":0,"enemies":"Blue Slaver","floor":13,"turns":4},{"damage":0,"enemies":"Gremlin Nob","floor":14,"turns":3},{"damage":17,"enemies":"Slime Boss","floor":16,"turns":10},{"damage":0,"enemies":"Spheric Guardian","floor":18,"turns":4},{"damage":16,"enemies":"2 Thieves","floor":20,"turns":4},{"damage":0,"enemies":"3 Cultists","floor":21,"turns":5},{"damage":1,"enemies":"Snecko","floor":22,"turns":4},{"damage":42,"enemies":"Slavers","floor":24,"turns":4},{"damage":12,"enemies":"Centurion and Healer","floor":29,"turns":5},{"damage":11,"enemies":"Cultist and Chosen","floor":30,"turns":6},{"damage":3,"enemies":"Automaton","floor":33,"turns":7},{"damage":10,"enemies":"3 Darklings","floor":35,"turns":4},{"damage":0,"enemies":"3 Shapes","floor":36,"turns":7},{"damage":21,"enemies":"Writhing Mass","floor":41,"turns":5},{"damage":0,"enemies":"Spire Growth","floor":44,"turns":4},{"damage":0,"enemies":"Transient","floor":45,"turns":5},{"damage":7,"enemies":"4 Shapes","floor":47,"turns":4},{"damage":36,"enemies":"Writhing Mass","floor":48,"turns":5},{"damage":22,"enemies":"Donu and Deca","floor":50,"turns":9},{"damage":37,"enemies":"Shield and Spear","floor":54,"turns":6},{"damage":24,"enemies":"The Heart","floor":55,"turns":9}],"seed_played":"-999273458707206447","potions_obtained":[{"floor":1,"key":"DistilledChaos"},{"floor":5,"key":"Block Potion"},{"floor":13,"key":"EssenceOfSteel"}],"is_trial":false,"path_per_floor":["M","?","$","M","M","E","M","M","T","E","R","M","M","E","R","B",null,"M","$","M","M","M","R","E","R","T","$","R","M","M","$","R","B",null,"M","M","?","T","$","R","M","R","T","M","M","$","M","M","R","B",null,"R","$","E","B",null],"character_chosen":"MIYU","items_purchased":["Unceasing Top","Ice Cream","Bandage Up","PrismaMod:MiyuChannelAttackEvoke","PrismaMod:MiyuCheapDefend1","PrismaMod:MiyuCheapPlate","Panacea","PrismaMod:MiyuCheapStrBuff+1","PrismaMod:MiyuEvokeAllAttack","PrismaMod:MiyuDefendChannelDefend","PrismaMod:MiyuUncommonDexBuff+1","PrismaMod:MiyuCheapStrBuff+1","PrismaMod:MiyuCheapPlate+1","PrismaMod:MiyuCheapDefend1","PrismaMod:MiyuCheapStrBuff+1"],"campfire_rested":0,"item_purchase_floors":[3,3,3,3,3,3,19,19,19,19,27,31,39,39,46],"current_hp_per_floor":[110,110,110,110,110,110,106,103,103,107,107,110,110,110,110,97,110,110,110,110,110,110,110,76,76,76,76,76,81,83,83,83,97,110,104,110,100,100,100,100,100,100,107,117,117,117,110,94,94,97,117,117,117,95,96],"gold":126,"neow_bonus":"TEN_PERCENT_HP_BONUS","is_daily":false,"chose_seed":false,"campfire_upgraded":9,"win_rate":0.0,"timestamp":1609334744,"path_taken":["M","?","$","M","M","E","M","M","T","E","R","M","M","E","R","BOSS","M","$","M","M","M","R","E","R","T","$","R","M","M","$","R","BOSS","M","M","?","?","$","R","?","R","T","M","M","$","M","M","R","BOSS","R","$","E","BOSS"],"items_purchased_type":["Relic","Relic","Card","Card","Card","Card","Card","Card","Card","Card","Card","Card","Card","Card","Card"],"build_version":"2020-12-22","purchased_purges":14,"victory":true,"max_hp_per_floor":[110,110,110,110,110,110,110,110,110,110,110,110,110,110,110,110,110,110,110,110,110,110,110,110,110,110,110,110,110,110,110,110,110,110,110,110,110,110,110,110,110,110,117,117,117,117,117,117,117,117,117,117,117,117,117],"card_choices":[{"not_picked":["PrismaMod:MiyuCommonAOEAttack","PrismaMod:MiyuDefenseExplosion"],"picked":"PrismaMod:MiyuCheapChannelDefend","floor":1},{"not_picked":["PrismaMod:MiyuCommonAOEAttack","PrismaMod:MiyuAttackChannelAttack"],"picked":"PrismaMod:MiyuUncommonAttack","floor":4},{"not_picked":["PrismaMod:MiyuDefenseRemoval","PrismaMod:MiyuEvokeAllDefend"],"picked":"PrismaMod:MiyuUncommonDexBuff","floor":5},{"not_picked":["PrismaMod:MiyuDefenseExplosion","PrismaMod:MiyuCheapChannelRandom"],"picked":"PrismaMod:MiyuUberAOEAttack","floor":6},{"not_picked":["PrismaMod:MiyuChristmas","PrismaMod:MiyuCheapChannelWeak"],"picked":"PrismaMod:MiyuUberAttack","floor":7},{"not_picked":["PrismaMod:MiyuEvokeCheapDefend","PrismaMod:MiyuCheapAttack2"],"picked":"PrismaMod:MiyuUncommonAOEAttack","floor":8},{"not_picked":["PrismaMod:MiyuUberDefend","PrismaMod:MiyuAttackChannelWeak"],"picked":"PrismaMod:MiyuUncommonAttack","floor":10},{"not_picked":["PrismaMod:MiyuCheapChannelHeal","PrismaMod:MiyuUncommonAOEAttack"],"picked":"PrismaMod:MiyuUberAttack","floor":12},{"not_picked":["PrismaMod:MiyuUberAttack","PrismaMod:MiyuCommonAOEAttack"],"picked":"PrismaMod:MiyuCheapDexBuff+1","floor":13},{"not_picked":["PrismaMod:MiyuDevil","PrismaMod:MiyuUberAOEAttack"],"picked":"PrismaMod:MiyuOrbIncreasePerm","floor":14},{"not_picked":["PrismaMod:MiyuEvokeCheapDefend","PrismaMod:MiyuEvokeBuffStr+1"],"picked":"PrismaMod:MiyuCheapChannelHeal","floor":18},{"not_picked":["PrismaMod:MiyuChristmas+1","PrismaMod:MiyuCheapStrBuff+1"],"picked":"PrismaMod:MiyuOrbIncreasePerm","floor":20},{"not_picked":["PrismaMod:MiyuUncommonAttack","PrismaMod:MiyuCheapChannelWeak"],"picked":"PrismaMod:MiyuUncommonDexBuff+1","floor":21},{"not_picked":["PrismaMod:MiyuCheapChannelDefend","PrismaMod:MiyuDefenseExplosion"],"picked":"PrismaMod:MiyuUncommonDefend","floor":22},{"not_picked":["PrismaMod:MiyuCheapAttack1","PrismaMod:MiyuEvokeBuffDex","PrismaMod:MiyuChannelAttackEvoke"],"picked":"SKIP","floor":24},{"not_picked":["PrismaMod:MiyuAttackChannelVul","PrismaMod:MiyuEvokeCheapAttack","PrismaMod:MiyuDefenseExplosion+1"],"picked":"SKIP","floor":29},{"not_picked":["PrismaMod:MiyuUncommonAOEAttack","PrismaMod:MiyuEvokeBuffStr+1"],"picked":"PrismaMod:MiyuCheapStrBuff+1","floor":30},{"not_picked":["PrismaMod:MiyuBride","PrismaMod:MiyuUberDefend"],"picked":"PrismaMod:MiyuDefendChannelDefend","floor":33},{"not_picked":["PrismaMod:MiyuCheapAttack2+1","PrismaMod:MiyuCheapAttack1+1","PrismaMod:MiyuAttackChannelWeak"],"picked":"SKIP","floor":35},{"not_picked":["PrismaMod:MiyuEvokeCheapDefend+1","PrismaMod:MiyuCheapAttack2","PrismaMod:MiyuCommonAOEAttack"],"picked":"SKIP","floor":36},{"not_picked":["Transmutation","Impatience"],"picked":"Bandage Up","floor":37},{"not_picked":["HandOfGreed","Sadistic Nature+1"],"picked":"Madness","floor":37},{"not_picked":["Magnetism+1","PanicButton"],"picked":"Madness","floor":37},{"not_picked":["PrismaMod:MiyuCheapAttack2","PrismaMod:MiyuCheapChannelVul","PrismaMod:MiyuCheapPlate+1"],"picked":"PrismaMod:MiyuUberAttack+1","floor":41},{"not_picked":["PrismaMod:MiyuChristmas","PrismaMod:MiyuEvokeBuffDex+1","PrismaMod:MiyuUberAOEAttack+1","PrismaMod:MiyuEvokeCheapDefend+1"],"picked":"SKIP","floor":44},{"not_picked":["PrismaMod:MiyuDefenseExplosion+1","PrismaMod:MiyuEvokeAll","PrismaMod:MiyuUncommonDexBuff+1"],"picked":"PrismaMod:MiyuCheapPlate+1","floor":45},{"not_picked":["PrismaMod:MiyuEvokeCheapDefend+1","PrismaMod:MiyuEvokeBuffDex","PrismaMod:MiyuAttackChannelVul","PrismaMod:MiyuChannelDefendEvoke"],"picked":"SKIP","floor":47},{"not_picked":["PrismaMod:MiyuAttackChannelWeak","PrismaMod:MiyuCheapEvoke","PrismaMod:MiyuEvokeAll","PrismaMod:MiyuUberAttack"],"picked":"SKIP","floor":48},{"not_picked":["PrismaMod:MiyuCheapStrBuff+1","PrismaMod:MiyuEvokeCheapDefend+1","PrismaMod:MiyuEvokeCheapAttack","PrismaMod:MiyuCheapChannelHeal+1"],"picked":"SKIP","floor":54}],"player_experience":932802,"relics_obtained":[{"floor":6,"key":"Frozen Egg 2"},{"floor":10,"key":"HornCleat"},{"floor":24,"key":"Du-Vu Doll"},{"floor":26,"key":"Blue Candle"},{"floor":38,"key":"Question Card"},{"floor":43,"key":"Strawberry"},{"floor":54,"key":"Orichalcum"}],"event_choices":[{"damage_healed":0,"gold_gain":0,"player_choice":"Take Tiny Shrine away","damage_taken":0,"relics_obtained":["YidongShenshe:ReiMu"],"max_hp_gain":0,"max_hp_loss":0,"event_name":"yidonshenshe","floor":2,"gold_loss":0,"cards_obtained":["Poor:ReiMu"]},{"damage_healed":0,"gold_gain":0,"player_choice":"Memory 3","damage_taken":10,"max_hp_gain":0,"max_hp_loss":0,"event_name":"SensoryStone","floor":37,"gold_loss":0}],"is_beta":false,"boss_relics":[{"not_picked":["RedLine:ReiMu","Black Star"],"picked":"Runic Dome"},{"not_picked":["Velvet Choker","Pandora\u0027s Box"],"picked":"Sozu"}],"items_purged_floors":[3,3,3,3,3,3,3,19,19,19,19,39,39,39],"is_endless":false,"potions_floor_spawned":[1,5,10,13,14,18,20,24,30,33,35,44,48,54],"ascension_level":0}}