{"host":"1lloeivxlnw527r2","time":1609307453,"event":{"mods":["2.2 Compatiblity","AchievementEnabler","Act Like it!","Ascension Reborn","Aspiration","Astrologer","BaseMod","BetterRewards","Colored Map","Colored Powertips","Conspire","Downfall","Duelist Mod","Friendly Minions","Gensokyo","Hallownest","Highlight Path","HololiveMod","Hubris","Infinite Spire","Jorbs\u0027s Wanderer Trilogy","KinomotoSakuraMod(????)","Koishi","KomeijiMod","Marisa????????","Minty Spire (QoL Compilation)","Quick Restart","Rare Cards Sparkle","Reimu??????","Replay The Spire","Robot Space Explorer","Shop Mod","StSLib","SuperFastMode","The Administrix","The Bug Knight","The Construct","The Cursed","The Disciple","The Hierophant","The Jungle","The Necromancer","The Runesmith"],"gold_per_floor":[150,207,255,255,255,348,444,444,467,545,620,656,656,758,758,758,758],"floor_reached":16,"playtime":1006,"items_purged":[],"score":188,"play_id":"579c6a89-87fb-46e7-ba8f-6110345e6733","local_time":"20201229215053","daily_mods":["Vintage","Heirloom","Time Dilation","Flight","DeadlyEvents","Elite Swarm","Midas"],"is_ascension_mode":true,"campfire_choices":[{"floor":8,"key":"REST"},{"floor":13,"key":"REST"},{"data":"1","floor":15,"key":"LIFT"}],"circlet_count":0,"master_deck":["TheCursedMod:Strike_TheCursed","TheCursedMod:Strike_TheCursed","TheCursedMod:Defend_TheCursed","TheCursedMod:Defend_TheCursed","TheCursedMod:Defend_TheCursed","TheCursedMod:Defend_TheCursed","TheCursedMod:CursedWand","TheCursedMod:CleanUpWorkshop","TheCursedMod:Dregs","hubris:DuctTapeCard","TheCursedMod:CursedRelics","TheCursedMod:CursedRelics","TheCursedMod:DemonSword","TheCursedMod:AntiAging","TheCursedMod:DemonicPact"],"relics":["TheCursedMod:BlackMagic101","Girya","hubris:MysteriousPyramids","Thread and Needle","Oddly Smooth Stone","hubris:DuctTape","Nunchaku","aspiration:DSix","Regal Pillow","infinitespire:Joker Card","MealTicket","infinitespire:Bottled Soul"],"acts_visited":["Hallownest:Greenpath"],"potions_floor_usage":[16],"damage_taken":[{"damage":0,"enemies":"2_ Uuma","floor":1,"turns":5},{"damage":5,"enemies":"Hallownest:2_Tiktiks_and_1_Crawlid","floor":2,"turns":4},{"damage":0,"enemies":"Hallownest:monsterHuskGuard","floor":3,"turns":3},{"damage":8,"enemies":"Hallownest:eliteVengeflyKing","floor":6,"turns":8},{"damage":24,"enemies":"Hallownest:eliteCrystalGuardian","floor":7,"turns":7},{"damage":0,"enemies":"Hallownest:eliteVengeflyKing","floor":10,"turns":5},{"damage":18,"enemies":"Hallownest:eliteMossKnight","floor":11,"turns":5},{"damage":1,"enemies":"Hallownest:1_Baldur_1_Crawlid_1_Warrior","floor":12,"turns":2},{"damage":0,"enemies":"Hallownest:eliteCrystalGuardian","floor":14,"turns":5},{"damage":79,"enemies":"Hallownest:BossHornet","floor":16,"turns":7}],"seed_played":"-2139856978965347052","potions_obtained":[{"floor":6,"key":"conspire:TimeTravelPotion"},{"floor":10,"key":"ZuzhouPotion:ReiMu"},{"floor":12,"key":"champ:CounterPotion"},{"floor":14,"key":"EssenceOfSteel"}],"is_trial":true,"path_per_floor":["M","M","M","T","?","E","E","R","T","E","E","M","R","E","R_BF","B"],"character_chosen":"THE_CURSED","items_purchased":[],"campfire_rested":2,"item_purchase_floors":[],"current_hp_per_floor":[75,70,70,70,61,53,29,51,51,51,33,32,69,71,71,0,0],"gold":758,"neow_bonus":"","is_daily":false,"chose_seed":false,"campfire_upgraded":0,"win_rate":0.0,"timestamp":1609307453,"path_taken":["M","?","?","?","?","E","E","R","T","E","E","M","R","E","R_BF","BOSS"],"items_purchased_type":[],"build_version":"2020-12-22","purchased_purges":0,"victory":false,"max_hp_per_floor":[75,75,75,75,75,75,75,75,75,75,75,75,75,77,77,79,79],"card_choices":[{"not_picked":["TheCursedMod:DarkBarrier","TheCursedMod:Neurasthenia"],"picked":"TheCursedMod:CursedRelics","floor":6},{"not_picked":["TheCursedMod:StunningStrike","TheCursedMod:OutForBlood"],"picked":"TheCursedMod:CursedRelics","floor":7},{"not_picked":["TheCursedMod:UltimatePain","TheCursedMod:ParallelWorld"],"picked":"TheCursedMod:DemonSword","floor":10},{"not_picked":["TheCursedMod:CircleOfAbyss","TheCursedMod:ForbiddenAlchemy"],"picked":"TheCursedMod:AntiAging","floor":11},{"not_picked":["TheCursedMod:AntiAging","TheCursedMod:DemonSword"],"picked":"TheCursedMod:DemonicPact","floor":14}],"player_experience":36796,"relics_obtained":[{"floor":1,"key":"hubris:MysteriousPyramids"},{"floor":2,"key":"Thread and Needle"},{"floor":3,"key":"Oddly Smooth Stone"},{"floor":4,"key":"hubris:DuctTape"},{"floor":6,"key":"Nunchaku"},{"floor":7,"key":"aspiration:DSix"},{"floor":9,"key":"Regal Pillow"},{"floor":10,"key":"infinitespire:Joker Card"},{"floor":12,"key":"MealTicket"},{"floor":14,"key":"infinitespire:Bottled Soul"}],"event_choices":[],"is_beta":false,"boss_relics":[],"items_purged_floors":[],"is_endless":false,"potions_floor_spawned":[6,10,12,14],"killed_by":"Hallownest:BossHornet","ascension_level":0}}