{"host":"sc0o2qwpf9j16a4i","time":1609363320,"event":{"mods":["AchievementEnabler","BaseMod","BetterRewards","Block Reminder","Colored Map","Colored Powertips","Custom Start","Highlight Path","Minty Spire (QoL Compilation)","Relic Stats"],"gold_per_floor":[113,124,124,49,129,129,162,181,232,262,262,86,113,123,123,201,201,212,226,242,242,0,0,31,31,79,95,95,105,135,135,135,135,135],"floor_reached":33,"playtime":772,"items_purged":["Strike_R","Strike_R"],"score":756,"play_id":"3ab6770f-0e26-48a3-bb31-b90f4004e664","local_time":"20201230232200","is_ascension_mode":true,"campfire_choices":[{"data":"Bash","floor":6,"key":"SMITH"},{"floor":11,"key":"REST"},{"data":"Offering","floor":15,"key":"SMITH"},{"floor":23,"key":"REST"},{"floor":25,"key":"REST"},{"floor":32,"key":"REST"}],"circlet_count":0,"master_deck":["AscendersBane","Strike_R+1","Strike_R+1","Strike_R+1","Defend_R+1","Defend_R+1","Defend_R+1","Defend_R+1","Bash+1","Pommel Strike","Carnage+1","Twin Strike","Shrug It Off","Burning Pact","Clothesline","Offering+1","Shrug It Off+1","Inflame+1","Shockwave","Feel No Pain","Flame Barrier","Impervious"],"relics":["Philosopher\u0027s Stone","Paper Frog","Champion Belt","Happy Flower","Blue Candle","Bottled Lightning","Black Star","Bronze Scales","Dream Catcher","Art of War","Pen Nib","Nunchaku","Toy Ornithopter"],"acts_visited":["Exordium","TheCity"],"potions_floor_usage":[13,16,20,30,33],"damage_taken":[{"damage":1,"enemies":"Small Slimes","floor":1,"turns":3},{"damage":2,"enemies":"Cultist","floor":2,"turns":3},{"damage":0,"enemies":"Gremlin Nob","floor":7,"turns":2},{"damage":0,"enemies":"2 Louse","floor":8,"turns":2},{"damage":25,"enemies":"3 Sentries","floor":10,"turns":7},{"damage":0,"enemies":"Gremlin Nob","floor":13,"turns":2},{"damage":4,"enemies":"Blue Slaver","floor":14,"turns":2},{"damage":23,"enemies":"The Guardian","floor":16,"turns":6},{"damage":6,"enemies":"Chosen","floor":18,"turns":2},{"damage":12,"enemies":"2 Thieves","floor":19,"turns":3},{"damage":8,"enemies":"Centurion and Healer","floor":20,"turns":4},{"damage":12,"enemies":"Book of Stabbing","floor":24,"turns":5},{"damage":2,"enemies":"Snecko","floor":27,"turns":5},{"damage":7,"enemies":"Chosen and Byrds","floor":29,"turns":2},{"damage":23,"enemies":"Slavers","floor":30,"turns":4},{"damage":58,"enemies":"Collector","floor":33,"turns":7}],"seed_played":"-134595062999098303","potions_obtained":[{"floor":2,"key":"Ancient Potion"},{"floor":7,"key":"DistilledChaos"},{"floor":13,"key":"Strength Potion"},{"floor":14,"key":"DistilledChaos"},{"floor":18,"key":"ColorlessPotion"},{"floor":24,"key":"SpeedPotion"},{"floor":27,"key":"LiquidMemories"}],"is_trial":false,"path_per_floor":["M","M","?","$","T","R","E","M","T","E","R","$","E","M","R","B",null,"M","M","M","?","$","R","E","R","T","M","?","M","E","?","R","B"],"character_chosen":"IRONCLAD","items_purchased":["Burning Pact","Feel No Pain","Bronze Scales"],"campfire_rested":4,"item_purchase_floors":[12,22,22],"current_hp_per_floor":[67,65,65,65,65,65,65,65,65,40,62,62,62,58,58,35,65,59,47,39,39,39,61,49,71,71,69,48,41,18,18,42,0,0],"gold":135,"neow_bonus":"BOSS_RELIC","is_daily":false,"chose_seed":false,"campfire_upgraded":2,"win_rate":0.0,"timestamp":1609363320,"path_taken":["M","M","?","$","?","R","E","M","T","E","R","$","E","M","R","BOSS","M","M","M","?","$","R","E","R","T","M","?","M","E","?","R","BOSS"],"items_purchased_type":["Card","Card","Relic"],"build_version":"2020-12-22","purchased_purges":2,"victory":false,"max_hp_per_floor":[75,75,75,75,75,75,75,75,75,75,75,75,75,75,75,75,75,75,75,75,75,75,75,75,75,75,75,80,80,80,80,80,80,80],"relic_stats":{"Dream Catcher":2,"Nunchaku":[1],"Happy Flower":[16],"counters":[16,59],"Blue Candle":[0],"Bronze Scales":[90],"Pen Nib":[3],"Black Star":2,"Art of War":[1],"Champion Belt":[14],"obtain_stats":[{"Happy Flower":9,"Blue Candle":10,"Pen Nib":26,"Burning Blood":0,"Dream Catcher":24,"Nunchaku":30,"Bronze Scales":22,"Philosopher\u0027s Stone":0,"Black Star":17,"Art of War":24,"Champion Belt":7,"Bottled Lightning":13,"Toy Ornithopter":30,"Paper Frog":5},{"Happy Flower":4,"Blue Candle":5,"Pen Nib":12,"Burning Blood":0,"Dream Catcher":12,"Nunchaku":15,"Bronze Scales":11,"Philosopher\u0027s Stone":0,"Black Star":8,"Art of War":12,"Champion Belt":3,"Bottled Lightning":6,"Toy Ornithopter":15,"Paper Frog":2},{"Happy Flower":10,"Blue Candle":17,"Pen Nib":41,"Burning Blood":0,"Dream Catcher":41,"Nunchaku":52,"Bronze Scales":36,"Philosopher\u0027s Stone":0,"Black Star":27,"Art of War":41,"Champion Belt":8,"Bottled Lightning":19,"Toy Ornithopter":52,"Paper Frog":6}],"Toy Ornithopter":5},"card_choices":[{"not_picked":["Clash","Thunderclap"],"picked":"Pommel Strike","floor":1},{"not_picked":["Blood for Blood","Warcry"],"picked":"Carnage","floor":2},{"not_picked":["Searing Blow","Sword Boomerang","Fire Breathing"],"picked":"SKIP","floor":7},{"not_picked":["Flex","Sword Boomerang","Twin Strike"],"picked":"SKIP","floor":8},{"not_picked":["Flex","Sword Boomerang"],"picked":"Twin Strike","floor":8},{"not_picked":["Power Through","Dual Wield"],"picked":"Shrug It Off","floor":10},{"not_picked":["Flex","Clash"],"picked":"Clothesline","floor":13},{"not_picked":["Clash","Rupture"],"picked":"Offering","floor":14},{"not_picked":["Pommel Strike+1","Perfected Strike"],"picked":"Shrug It Off+1","floor":18},{"not_picked":["Havoc","Shrug It Off+1"],"picked":"Inflame+1","floor":19},{"not_picked":["Pummel","Feel No Pain"],"picked":"Shockwave","floor":20},{"not_picked":["Pummel","Wild Strike"],"picked":"Flame Barrier","floor":24},{"not_picked":["Power Through+1","True Grit","Iron Wave"],"picked":"SKIP","floor":27},{"not_picked":["Combust","Body Slam","Armaments"],"picked":"SKIP","floor":29},{"not_picked":["Metallicize","Berserk"],"picked":"Impervious","floor":30}],"player_experience":454914,"relics_obtained":[{"floor":5,"key":"Paper Frog"},{"floor":7,"key":"Champion Belt"},{"floor":9,"key":"Happy Flower"},{"floor":10,"key":"Blue Candle"},{"floor":13,"key":"Bottled Lightning"},{"floor":24,"key":"Dream Catcher"},{"floor":24,"key":"Art of War"},{"floor":26,"key":"Pen Nib"},{"floor":30,"key":"Nunchaku"},{"floor":30,"key":"Toy Ornithopter"}],"event_choices":[{"damage_healed":0,"gold_gain":0,"player_choice":"Upgraded","damage_taken":0,"max_hp_gain":0,"max_hp_loss":0,"event_name":"Upgrade Shrine","floor":3,"gold_loss":0,"cards_upgraded":["Carnage"]},{"damage_healed":0,"gold_gain":0,"player_choice":"Simplicity","damage_taken":0,"max_hp_gain":0,"max_hp_loss":0,"event_name":"Back to Basics","floor":21,"gold_loss":0,"cards_upgraded":["Strike_R","Strike_R","Strike_R","Defend_R","Defend_R","Defend_R","Defend_R"]},{"damage_healed":0,"gold_gain":0,"player_choice":"Shed Blood","damage_taken":26,"max_hp_gain":5,"max_hp_loss":0,"event_name":"Forgotten Altar","floor":28,"gold_loss":0},{"damage_healed":0,"gold_gain":0,"player_choice":"Ignored","damage_taken":0,"max_hp_gain":0,"max_hp_loss":0,"event_name":"The Mausoleum","floor":31,"gold_loss":0}],"is_beta":false,"boss_relics":[{"not_picked":["Mark of Pain","Sozu"],"picked":"Black Star"}],"items_purged_floors":[4,12],"is_endless":false,"potions_floor_spawned":[2,7,13,14,18,24,27],"killed_by":"Collector","ascension_level":20}}