{"host":"Alvar","time":1609349822,"event":{"mods":["AchievementEnabler","Aspiration","BaseMod","Minty Spire (QoL Compilation)","StSLib"],"gold_per_floor":[114,126,126,144,144,169,169,200,200,229,229,5,17,28,28,104,104,115,115,165,165,175,200,218,251,274,288,288,320,320,351,351,427,427,447,458,348,363,383,417,437,472,472,472,472,486,39,74,74,74,74,74,20,64,64,64],"floor_reached":55,"playtime":3028,"items_purged":[],"score":1717,"play_id":"4424a6bb-7caf-4e24-8711-cab2b54f9689","local_time":"20201231003702","is_ascension_mode":true,"campfire_choices":[{"data":"Skewer","floor":7.0,"key":"SMITH"},{"data":"A Thousand Cuts","floor":11.0,"key":"SMITH"},{"data":"Footwork","floor":15.0,"key":"SMITH"},{"floor":30.0,"key":"REST"},{"floor":32.0,"key":"RECALL"},{"floor":44,"key":"REST"},{"floor":49,"key":"REST"},{"floor":52,"key":"REST"}],"circlet_count":0,"master_deck":["AscendersBane","Strike_G","Strike_G","Strike_G","Defend_G","Defend_G+1","Defend_G+1","Defend_G","Defend_G","Survivor","Neutralize+1","Crippling Poison","Skewer+1","Dagger Spray","Footwork+1","A Thousand Cuts+1","Crippling Poison","Cloak And Dagger","Noxious Fumes","Adrenaline","Necronomicurse","Noxious Fumes","Escape Plan","PiercingWail","Calculated Gamble","Acrobatics","PiercingWail+1","Dodge and Roll","Noxious Fumes","Leg Sweep+1"],"relics":["Ring of the Snake","aspiration:Nostalgia","Burning Blood","PreservedInsect","Mummified Hand","Pen Nib","War Paint","Darkstone Periapt","Centennial Puzzle","Fusion Hammer","Necronomicon","Tingsha","Snake Skull","Ancient Tea Set","Matryoshka","aspiration:RunicSpoon","Happy Flower","Ginger","CeramicFish","aspiration:KaomsHeart"],"acts_visited":["Exordium","TheCity","TheBeyond","TheEnding"],"potions_floor_usage":[50,55,55],"damage_taken":[{"damage":5.0,"enemies":"2 Louse","floor":1.0,"turns":3.0},{"damage":1.0,"enemies":"Small Slimes","floor":2.0,"turns":4.0},{"damage":0.0,"enemies":"Cultist","floor":4.0,"turns":5.0},{"damage":17.0,"enemies":"Lagavulin","floor":6.0,"turns":5.0},{"damage":7.0,"enemies":"3 Sentries","floor":8.0,"turns":7.0},{"damage":3.0,"enemies":"Gremlin Nob","floor":10.0,"turns":3.0},{"damage":0.0,"enemies":"Looter","floor":13.0,"turns":4.0},{"damage":2.0,"enemies":"Red Slaver","floor":14.0,"turns":4.0},{"damage":24.0,"enemies":"Slime Boss","floor":16.0,"turns":8.0},{"damage":4.0,"enemies":"Shell Parasite","floor":18.0,"turns":5.0},{"damage":7.0,"enemies":"2 Thieves","floor":22.0,"turns":5.0},{"damage":6.0,"enemies":"Slavers","floor":23.0,"turns":4.0},{"damage":7.0,"enemies":"Snecko","floor":24.0,"turns":5.0},{"damage":4.0,"enemies":"Book of Stabbing","floor":25.0,"turns":3.0},{"damage":9.0,"enemies":"Snake Plant","floor":27.0,"turns":4.0},{"damage":1.0,"enemies":"Gremlin Leader","floor":29.0,"turns":2.0},{"damage":0.0,"enemies":"Slavers","floor":31.0,"turns":3.0},{"damage":64.0,"enemies":"Champ","floor":33.0,"turns":14.0},{"damage":0,"enemies":"3 Darklings","floor":35,"turns":3},{"damage":13,"enemies":"3 Shapes","floor":36,"turns":4},{"damage":5,"enemies":"3 Darklings","floor":38,"turns":2},{"damage":10,"enemies":"Maw","floor":39,"turns":7},{"damage":8,"enemies":"Nemesis","floor":40,"turns":7},{"damage":3,"enemies":"Sphere and 2 Shapes","floor":41,"turns":5},{"damage":22,"enemies":"Giant Head","floor":42,"turns":9},{"damage":0,"enemies":"4 Shapes","floor":46,"turns":2},{"damage":0,"enemies":"Reptomancer","floor":48,"turns":3},{"damage":114,"enemies":"Time Eater","floor":50,"turns":14},{"damage":78,"enemies":"Shield and Spear","floor":54,"turns":6},{"damage":103,"enemies":"The Heart","floor":55,"turns":6}],"seed_played":"138863447489299208","potions_obtained":[{"floor":4.0,"key":"DuplicationPotion"},{"floor":6.0,"key":"LiquidBronze"},{"floor":8.0,"key":"ColorlessPotion"},{"floor":18.0,"key":"AttackPotion"},{"floor":23.0,"key":"Poison Potion"},{"floor":25.0,"key":"BlessingOfTheForge"},{"floor":28.0,"key":"Swift Potion"},{"floor":29.0,"key":"Weak Potion"},{"floor":42,"key":"PowerPotion"}],"is_trial":false,"path_per_floor":["M","M","?","M","?","E","R","E","T","E","R","$","M","M","R","B",null,"M","?","?","?","M","E","M","E","T","M","?","E","R","E","R","B",null,"M","M","?","M","M","E","M","E","T","R","?","M","$","E","R","B",null,"R","$","E","B"],"character_chosen":"THE_SILENT","items_purchased":["Centennial Puzzle","Cloak And Dagger","aspiration:KaomsHeart","Weak Potion"],"campfire_rested":4,"item_purchase_floors":[12,12,47,53],"current_hp_per_floor":[60,65,58,64,59,48,48,47,47,50,50,50,56,60,60,42,60,62,47,47,41,40,40,39,41,41,38,38,43,64,70,70,12,57,63,56,56,57,53,51,54,38,38,59,59,65,165,171,172,64,145,172,172,100,0,0],"gold":64,"neow_bonus":"NOSTALGIA","is_daily":false,"chose_seed":false,"campfire_upgraded":3,"win_rate":0.0,"timestamp":1609349822,"path_taken":["M","M","?","M","?","E","R","E","T","E","R","$","M","M","R","BOSS","M","?","?","?","M","E","M","E","T","?","?","E","R","E","R","BOSS","M","M","?","?","M","E","M","E","T","R","?","M","$","E","R","BOSS","R","$","E","BOSS"],"items_purchased_type":["Relic","Card","Relic","Potion"],"build_version":"2020-12-18","purchased_purges":0,"victory":false,"max_hp_per_floor":[66,66,66,66,66,66,66,66,66,66,66,66,66,66,66,66,66,66,72,72,72,72,72,72,72,72,72,72,72,72,72,72,72,72,72,72,72,72,72,72,72,72,72,72,72,72,172,172,172,172,172,172,172,172,172,172],"card_choices":[{"not_picked":["Dagger Spray","Bane"],"picked":"Crippling Poison","floor":1.0},{"not_picked":["Leg Sweep","Dagger Spray"],"picked":"Skewer","floor":2.0},{"not_picked":["Blade Dance","Terror"],"picked":"Dagger Spray","floor":4.0},{"not_picked":["Outmaneuver","Quick Slash"],"picked":"Footwork","floor":6.0},{"not_picked":["Calculated Gamble","Prepared","A Thousand Cuts"],"picked":"SKIP","floor":8.0},{"not_picked":["Calculated Gamble","Prepared"],"picked":"A Thousand Cuts","floor":8.0},{"not_picked":["Eviscerate","Slice"],"picked":"Crippling Poison","floor":10.0},{"not_picked":["Backflip","Concentrate","Deadly Poison"],"picked":"SKIP","floor":13.0},{"not_picked":["Outmaneuver","Deflect"],"picked":"Noxious Fumes","floor":14.0},{"not_picked":["Night Terror","Storm of Steel"],"picked":"Adrenaline","floor":16.0},{"not_picked":["All Out Attack+1","Accuracy+1","Dagger Spray"],"picked":"SKIP","floor":18.0},{"not_picked":["Accuracy","Underhanded Strike"],"picked":"Noxious Fumes","floor":22.0},{"not_picked":["Sucker Punch","Caltrops"],"picked":"Escape Plan","floor":23.0},{"not_picked":["Eviscerate","Backstab"],"picked":"PiercingWail","floor":24.0},{"not_picked":["Finisher","Crippling Poison"],"picked":"Calculated Gamble","floor":25.0},{"not_picked":["Accuracy","Sucker Punch","Dodge and Roll"],"picked":"SKIP","floor":27.0},{"not_picked":["Deadly Poison","Prepared"],"picked":"Acrobatics","floor":29.0},{"not_picked":["Cloak And Dagger","Riddle With Holes","Skewer"],"picked":"SKIP","floor":31.0},{"not_picked":["Prepared+1","Blade Dance"],"picked":"Escape Plan+1","floor":35},{"not_picked":["Backstab+1","Caltrops","Concentrate"],"picked":"SKIP","floor":36},{"not_picked":["Poisoned Stab","Underhanded Strike+1"],"picked":"PiercingWail+1","floor":38},{"not_picked":["PiercingWail","Setup","Bane+1"],"picked":"SKIP","floor":39},{"not_picked":["Phantasmal Killer","Prepared+1"],"picked":"Dodge and Roll","floor":40},{"not_picked":["Blade Dance","Reflex","Outmaneuver"],"picked":"SKIP","floor":41},{"not_picked":["Poisoned Stab+1","Dagger Throw"],"picked":"Noxious Fumes","floor":42},{"not_picked":["Terror","Bouncing Flask","Prepared+1"],"picked":"SKIP","floor":46},{"not_picked":["Skewer","Bouncing Flask","Flechettes"],"picked":"SKIP","floor":48},{"not_picked":["Deflect+1","Crippling Poison"],"picked":"Leg Sweep+1","floor":54}],"player_experience":754119,"relics_obtained":[{"floor":6.0,"key":"Mummified Hand"},{"floor":8.0,"key":"Pen Nib"},{"floor":9.0,"key":"War Paint"},{"floor":10.0,"key":"Darkstone Periapt"},{"floor":19.0,"key":"Necronomicon"},{"floor":25.0,"key":"Tingsha"},{"floor":26.0,"key":"Snake Skull"},{"floor":29.0,"key":"Ancient Tea Set"},{"floor":31.0,"key":"Matryoshka"},{"floor":40,"key":"Happy Flower"},{"floor":42,"key":"Ginger"},{"floor":43,"key":"CeramicFish"},{"floor":48,"key":"aspiration:KMNothing"},{"floor":54,"key":"aspiration:KMNothing"}],"event_choices":[{"cards_removed":["Strike_G"],"damage_healed":0.0,"max_hp_gain":0.0,"max_hp_loss":0.0,"gold_gain":0.0,"event_name":"Golden Wing","player_choice":"Card Removal","floor":3.0,"gold_loss":0.0,"damage_taken":7.0},{"damage_healed":0.0,"max_hp_gain":0.0,"max_hp_loss":0.0,"gold_gain":0.0,"event_name":"Scrap Ooze","player_choice":"Success","floor":5.0,"gold_loss":0.0,"damage_taken":5.0,"relics_obtained":["PreservedInsect"]},{"damage_healed":0.0,"max_hp_gain":0.0,"max_hp_loss":0.0,"gold_gain":0.0,"event_name":"Cursed Tome","player_choice":"Obtained Book","floor":19.0,"gold_loss":0.0,"damage_taken":21.0},{"damage_healed":0.0,"max_hp_gain":0.0,"max_hp_loss":0.0,"gold_gain":50.0,"event_name":"Nest","player_choice":"Stole From Cult","floor":20.0,"gold_loss":0.0,"damage_taken":0.0},{"damage_healed":0.0,"max_hp_gain":0.0,"max_hp_loss":0.0,"gold_gain":0.0,"event_name":"Knowing Skull","player_choice":"","floor":21.0,"potions_obtained":[],"gold_loss":0.0,"damage_taken":6.0,"cards_obtained":[]},{"damage_healed":0.0,"max_hp_gain":0.0,"max_hp_loss":0.0,"gold_gain":0.0,"event_name":"Lab","player_choice":"Got Potions","floor":28.0,"gold_loss":0.0,"damage_taken":0.0},{"cards_removed":["Strike_G"],"damage_healed":0,"gold_gain":0,"player_choice":"Upgrade and Remove","damage_taken":0,"max_hp_gain":0,"max_hp_loss":0,"event_name":"Designer","floor":37,"gold_loss":110,"cards_upgraded":["Neutralize"]},{"cards_removed":["Escape Plan"],"damage_healed":0,"gold_gain":0,"player_choice":"Removed Skill","damage_taken":0,"max_hp_gain":0,"max_hp_loss":0,"event_name":"Falling","floor":45,"gold_loss":0}],"is_beta":true,"boss_relics":[{"not_picked":["Velvet Choker","Black Star"],"picked":"Fusion Hammer"},{"not_picked":["aspiration:IroncladSkillbook","aspiration:WatcherSkillbook"],"picked":"aspiration:RunicSpoon"}],"items_purged_floors":[],"is_endless":false,"potions_floor_spawned":[4,6,8,18,23,25,27,29,36,40,42,46,54],"killed_by":"The Heart","ascension_level":19}}