{"host":"cbnfbo28eyz4xcn1","time":1609348373,"event":{"mods":["BaseMod","Colored Map","Colored Powertips","Infinite Spire","Minty Spire (QoL Compilation)","Replay The Spire","StSLib"],"gold_per_floor":[117,131,51,51,51,77,77,96,121,135,135,135,44,107,107,182,182,197,212,224,237,248,248,282,282,282,344,356,81,51,51,51,129,129,140,190,209,227,227,227],"floor_reached":39,"playtime":2044,"items_purged":["Decay"],"score":737,"play_id":"d243ae2e-5e61-45e5-9460-cbbffa645a78","local_time":"20201230181253","is_ascension_mode":true,"campfire_choices":[{"data":"Twin Strike","floor":7.0,"key":"SMITH"},{"data":"Seeing Red","floor":11.0,"key":"SMITH"},{"floor":15.0,"key":"REST"},{"floor":23.0,"key":"REST"},{"floor":25.0,"key":"REST"},{"floor":28.0,"key":"REST"},{"data":"Demon Form","floor":32.0,"key":"SMITH"}],"circlet_count":0,"master_deck":["AscendersBane","Strike_R","Strike_R","Strike_R","Strike_R","Strike_R","Defend_R","Defend_R","Defend_R","Defend_R","Flex+1","Spot Weakness","Twin Strike+1","Whirlwind","Seeing Red+1","Dramatic Entrance","ReplayTheSpireMod:Muscle Training","Demon Form+1","Seeing Red","Wild Strike","Spot Weakness","Fire Breathing","Flex","Inflame","Infernal Blade","Pommel Strike","Feed","Whirlwind","Metallicize","Power Through"],"relics":["Burning Blood","infinitespire:Lucky Rock","ReplayTheSpireMod:TigerMarble","Potion Belt","SsserpentHead","Replay:Grab Bag","ChewingGum","Philosopher\u0027s Stone","Black Star","Runic Cube","infinitespire:CursedDice","Replay:Multitool","MawBank","Mark of Pain"],"acts_visited":["Exordium","TheCity","TheBeyond"],"potions_floor_usage":[],"damage_taken":[{"damage":0.0,"enemies":"infinitespire:Voidling","floor":1.0,"turns":3.0},{"damage":8.0,"enemies":"2 Louse","floor":2.0,"turns":3.0},{"damage":25.0,"enemies":"Gremlin Nob","floor":6.0,"turns":4.0},{"damage":1.0,"enemies":"Cultist","floor":8.0,"turns":3.0},{"damage":8.0,"enemies":"Blue Slaver","floor":10.0,"turns":3.0},{"damage":10.0,"enemies":"Lots of Slimes","floor":14.0,"turns":2.0},{"damage":12.0,"enemies":"Slime Boss","floor":16.0,"turns":7.0},{"damage":7.0,"enemies":"Spheric Guardian","floor":18.0,"turns":3.0},{"damage":5.0,"enemies":"Chosen","floor":19.0,"turns":3.0},{"damage":33.0,"enemies":"Snake Plant","floor":20.0,"turns":4.0},{"damage":18.0,"enemies":"Centurion and Healer","floor":21.0,"turns":3.0},{"damage":10.0,"enemies":"Shelled Parasite and Fungi","floor":22.0,"turns":2.0},{"damage":37.0,"enemies":"Slavers","floor":24.0,"turns":2.0},{"damage":0.0,"enemies":"Replay:Snechameleon","floor":31.0,"turns":1.0},{"damage":65.0,"enemies":"Champ","floor":33.0,"turns":8.0},{"damage":32.0,"enemies":"3 Shapes","floor":35.0,"turns":2.0},{"damage":17.0,"enemies":"Orb Walker","floor":37.0,"turns":3.0},{"damage":29.0,"enemies":"4 Shapes","floor":38.0,"turns":6.0},{"damage":42,"enemies":"Jaw Worm Horde","floor":39,"turns":2}],"seed_played":"7245115585459954392","potions_obtained":[{"floor":2.0,"key":"Adrenaline Potion"},{"floor":10.0,"key":"LifebloodPotion"},{"floor":14.0,"key":"SkillPotion"},{"floor":21.0,"key":"SmokeBomb"},{"floor":22.0,"key":"Ancient Potion"},{"floor":33.0,"key":"infinitespire:BlackPotion"},{"floor":37.0,"key":"Swift Potion"}],"is_trial":false,"path_per_floor":["M","M","$","?","?","E","R","M","T","M","R","?","$","M","R","B",null,"M","M","M","M","M","R","E","R","T","?","R","$","?","E","R","B",null,"M","?","M","M","M"],"character_chosen":"IRONCLAD","items_purchased":["Spot Weakness","Dramatic Entrance","Flex","Inflame","Infernal Blade","Pommel Strike"],"campfire_rested":4,"item_purchase_floors":[3,13,29,29,29,29],"current_hp_per_floor":[74,72,72,72,72,53,53,58,58,56,56,56,56,52,74,68,73,72,73,46,34,30,52,25,47,47,47,69,69,69,75,75,16,60,34,34,23,34,0,0],"gold":227,"neow_bonus":"RANDOM_COMMON_RELIC","is_daily":false,"chose_seed":false,"campfire_upgraded":3,"win_rate":0.0,"timestamp":1609348373,"path_taken":["M","?","$","?","?","E","R","?","T","M","R","?","$","?","R","BOSS","M","M","M","M","M","R","E","R","T","?","R","$","?","E","R","BOSS","M","?","M","M","M"],"items_purchased_type":["Card","Card","Card","Card","Card","Card"],"build_version":"2020-12-22","purchased_purges":1,"victory":false,"max_hp_per_floor":[75,75,75,75,75,75,75,75,75,75,75,75,75,75,75,75,75,75,75,75,75,75,75,75,75,75,75,75,75,75,75,75,75,75,75,75,75,78,78,78],"card_choices":[{"not_picked":["Warcry","True Grit","Sword Boomerang"],"picked":"SKIP","floor":1.0},{"not_picked":["Anger","Rupture"],"picked":"Flex","floor":2.0},{"not_picked":["Dual Wield","Life Link"],"picked":"Twin Strike","floor":6.0},{"not_picked":["Life Link","Inflame"],"picked":"Whirlwind","floor":8.0},{"not_picked":["Disarm","Rage"],"picked":"Seeing Red","floor":10.0},{"not_picked":["Headbutt","Uppercut"],"picked":"ReplayTheSpireMod:Muscle Training","floor":14.0},{"not_picked":["Exhume","Hemogenesis"],"picked":"Demon Form","floor":16.0},{"not_picked":["Uppercut","Havoc","Sword Boomerang"],"picked":"SKIP","floor":18.0},{"not_picked":["Sword Boomerang","Shrug It Off"],"picked":"Seeing Red","floor":19.0},{"not_picked":["Clash","ReplayTheSpireMod:Muscle Training"],"picked":"Wild Strike","floor":20.0},{"not_picked":["Sever Soul+1","Carnage"],"picked":"Spot Weakness","floor":21.0},{"not_picked":["Sword Boomerang","Entrench"],"picked":"Fire Breathing","floor":22.0},{"not_picked":["Havoc","Disarm","True Grit"],"picked":"SKIP","floor":24.0},{"not_picked":["Bludgeon","Eclipse"],"picked":"Feed","floor":33.0},{"not_picked":["Shrug It Off","Iron Wave+1"],"picked":"Whirlwind","floor":35.0},{"not_picked":["Clothesline","True Grit"],"picked":"Metallicize","floor":37.0},{"not_picked":["Dropkick","Twin Strike"],"picked":"Power Through","floor":38.0}],"player_experience":481617,"relics_obtained":[{"floor":6.0,"key":"ReplayTheSpireMod:TigerMarble"},{"floor":9.0,"key":"Potion Belt"},{"floor":24.0,"key":"infinitespire:CursedDice"},{"floor":24.0,"key":"Replay:Multitool"},{"floor":26.0,"key":"MawBank"}],"event_choices":[{"damage_healed":0.0,"max_hp_gain":0.0,"max_hp_loss":0.0,"gold_gain":0.0,"event_name":"Living Wall","player_choice":"Grow","floor":4.0,"gold_loss":0.0,"damage_taken":0.0,"cards_upgraded":["Flex"]},{"cards_removed":["Bash"],"damage_healed":0.0,"max_hp_gain":0.0,"max_hp_loss":0.0,"gold_gain":0.0,"event_name":"Bonfire Elementals","player_choice":"Offered Basic","floor":5.0,"gold_loss":0.0,"damage_taken":0.0},{"damage_healed":0.0,"max_hp_gain":0.0,"max_hp_loss":0.0,"gold_gain":0.0,"event_name":"FaceTrader","player_choice":"Trade","floor":12.0,"gold_loss":0.0,"damage_taken":0.0,"relics_obtained":["SsserpentHead"]},{"damage_healed":0.0,"max_hp_gain":0.0,"max_hp_loss":0.0,"gold_gain":0.0,"event_name":"Forgotten Altar","player_choice":"Smashed Altar","floor":27.0,"gold_loss":0.0,"damage_taken":0.0,"cards_obtained":["Decay"]},{"damage_healed":0.0,"max_hp_gain":0.0,"max_hp_loss":0.0,"gold_gain":0.0,"event_name":"Tomb of Lord Red Mask","player_choice":"Ignored","floor":36.0,"gold_loss":0.0,"damage_taken":0.0}],"is_beta":false,"boss_relics":[{"not_picked":["SacredBark","Ooze Armor"],"picked":"Replay:Grab Bag"},{"not_picked":["Busted Crown","Cursed Key"],"picked":"ChewingGum"},{"not_picked":["Runic Dome","Replay:Bronze Core"],"picked":"Philosopher\u0027s Stone"},{"not_picked":["Runic Pyramid","Astrolabe"],"picked":"Black Star"},{"not_picked":["Pandora\u0027s Box","Kintsugi"],"picked":"Runic Cube"},{"not_picked":["Painkiller Herb","Replay:Wanted Poster"],"picked":"Mark of Pain"}],"items_purged_floors":[29],"is_endless":false,"potions_floor_spawned":[2,10,14,21,22,33,37],"killed_by":"Jaw Worm Horde","ascension_level":15}}