{"host":"tiwza2kisyyrpq7h","time":1609362715,"event":{"mods":["BaseMod","Colored Powertips","Minty Spire (QoL Compilation)","Quick Restart","Rare Cards Sparkle","StSLib","SuperFastMode","The Servant 0.9.4","óô»ðÖ¸ÄÏ"],"gold_per_floor":[114,114,178,217,49,49,67,86,86,86,96,146,146,165,165,260,260,277,327,377,438,478,512,562,29,55,121,121,171,198,216,216,293,293,313,375,393,431,1480,639,664,694,719,23,75,75,100,120,120,120,120,120,120,33,59,59,59],"floor_reached":56,"playtime":3229,"items_purged":["Pain","Normality","Normality"],"score":2248,"play_id":"196b5a96-d075-4c42-8951-381a98a5a0a2","local_time":"20201231051155","is_ascension_mode":true,"campfire_choices":[{"data":"Magnetism","floor":6.0,"key":"SMITH"},{"data":"Blade Dance","floor":10.0,"key":"SMITH"},{"floor":13.0,"key":"REST"},{"data":"Setup","floor":15.0,"key":"SMITH"},{"floor":28.0,"key":"REST"},{"floor":32.0,"key":"REST"},{"floor":46.0,"key":"RECALL"},{"data":"A Thousand Cuts","floor":49.0,"key":"SMITH"},{"data":"Acrobatics","floor":53.0,"key":"SMITH"}],"circlet_count":0,"master_deck":["AscendersBane","Survivor+1","Neutralize","Magnetism+1","Setup+1","Infinite Blades","Acrobatics+1","Blade Dance+1","PiercingWail+1","Corpse Explosion+1","After Image+1","Doppelganger+1","Dodge and Roll+1","Unload","Dodge and Roll+1","Tactician+1","A Thousand Cuts+1","Infinite Blades","Quick Slash","Die Die Die","Acrobatics+1","Blur+1","Venomology+1","Backflip+1","Accuracy+1","Choke","Calculated Gamble+1","Dodge and Roll+1","Blade Dance+1","Outmaneuver+1","Leg Sweep+1","Burst+1","Footwork+1","Crippling Poison+1","Trip+1","Burst+1","Crippling Poison+1","Prepared+1","Underhanded Strike+1","Tools of the Trade+1","Deflect+1"],"relics":["Ring of the Snake","SsserpentHead","Oddly Smooth Stone","Toxic Egg 2","Darkstone Periapt","Pandora\u0027s Box","Pen Nib","WarpedTongs","Tingsha","Frozen Egg 2","Bronze Scales","Busted Crown","WingedGreaves","Sling","Eternal Feather","Strawberry","Regal Pillow","Ginger","TwistedFunnel","Snake Skull","Centennial Puzzle","War Paint"],"acts_visited":["Exordium","TheCity","TheBeyond","TheEnding"],"potions_floor_usage":[56,56,56],"damage_taken":[{"damage":1.0,"enemies":"Small Slimes","floor":1.0,"turns":5.0},{"damage":3.0,"enemies":"Cultist","floor":3.0,"turns":5.0},{"damage":1.0,"enemies":"Jaw Worm","floor":4.0,"turns":5.0},{"damage":10.0,"enemies":"Blue Slaver","floor":7.0,"turns":6.0},{"damage":11.0,"enemies":"Gremlin Gang","floor":8.0,"turns":6.0},{"damage":15.0,"enemies":"Exordium Thugs","floor":11.0,"turns":5.0},{"damage":0.0,"enemies":"Exordium Wildlife","floor":14.0,"turns":4.0},{"damage":26.0,"enemies":"Hexaghost","floor":16.0,"turns":10.0},{"damage":19.0,"enemies":"3 Byrds","floor":18.0,"turns":4.0},{"damage":0.0,"enemies":"Chosen","floor":21.0,"turns":6.0},{"damage":6.0,"enemies":"3 Cultists","floor":22.0,"turns":4.0},{"damage":0.0,"enemies":"Slavers","floor":23.0,"turns":4.0},{"damage":14.0,"enemies":"Snake Plant","floor":27.0,"turns":4.0},{"damage":7.0,"enemies":"Gremlin Leader","floor":30.0,"turns":5.0},{"damage":8.0,"enemies":"Shelled Parasite and Fungi","floor":31.0,"turns":3.0},{"damage":25.0,"enemies":"Collector","floor":33.0,"turns":6.0},{"damage":5.0,"enemies":"3 Darklings","floor":35.0,"turns":3.0},{"damage":0.0,"enemies":"Orb Walker","floor":36.0,"turns":4.0},{"damage":0.0,"enemies":"Jaw Worm Horde","floor":37.0,"turns":2.0},{"damage":1.0,"enemies":"3 Darklings","floor":38.0,"turns":4.0},{"damage":13.0,"enemies":"Giant Head","floor":41.0,"turns":6.0},{"damage":22.0,"enemies":"Nemesis","floor":42.0,"turns":6.0},{"damage":0.0,"enemies":"Giant Head","floor":45.0,"turns":4.0},{"damage":9.0,"enemies":"Nemesis","floor":47.0,"turns":5.0},{"damage":4.0,"enemies":"4 Shapes","floor":48.0,"turns":2.0},{"damage":26.0,"enemies":"Donu and Deca","floor":50.0,"turns":8.0},{"damage":37.0,"enemies":"Awakened One","floor":51.0,"turns":11.0},{"damage":51.0,"enemies":"Shield and Spear","floor":55.0,"turns":5.0},{"damage":46,"enemies":"The Heart","floor":56,"turns":3}],"seed_played":"-2683989221331136847","potions_obtained":[{"floor":1.0,"key":"FearPotion"},{"floor":4.0,"key":"SpeedPotion"},{"floor":14.0,"key":"LiquidBronze"},{"floor":22.0,"key":"DuplicationPotion"},{"floor":33.0,"key":"ColorlessPotion"},{"floor":35.0,"key":"Dexterity Potion"},{"floor":41.0,"key":"DuplicationPotion"}],"is_trial":false,"path_per_floor":["M","?","M","M","$","R","M","M","T","R","M","?","R","M","R","B",null,"M","?","?","M","M","E","?","$","T","M","R","T","E","M","R","B",null,"M","M","M","M","?","R","E","E","T","R","E","R","E","M","R","B","B",null,"R","$","E","B"],"character_chosen":"THE_SILENT","items_purchased":["Oddly Smooth Stone","Tingsha","Calculated Gamble+1","Dodge and Roll+1","WingedGreaves","Footwork+1","Crippling Poison+1","Trip+1","Sling","Ginger","TwistedFunnel","Prepared+1","Tools of the Trade+1"],"campfire_rested":3,"item_purchase_floors":[5,25,25,25,40,40,40,40,40,44,44,44,54],"current_hp_per_floor":[58,58,55,54,54,54,44,33,33,33,18,13,31,31,31,5,46,27,27,27,27,21,21,27,27,27,13,32,32,25,17,36,11,52,47,47,47,46,58,58,45,30,30,51,51,72,63,59,80,65,43,75,85,85,34,0,0],"gold":59,"neow_bonus":"RANDOM_COLORLESS_2","is_daily":false,"chose_seed":false,"campfire_upgraded":5,"win_rate":0.0,"timestamp":1609362715,"path_taken":["M","?","?","M","$","R","M","M","T","R","M","?","R","M","R","BOSS","M","?","?","?","M","E","?","$","T","?","R","?","E","M","R","BOSS","M","?","M","M","?","R","E","E","T","R","E","R","E","M","R","BOSS","BOSS","R","$","E","BOSS"],"items_purchased_type":["Relic","Relic","Card","Card","Relic","Card","Card","Card","Relic","Relic","Relic","Card","Card"],"build_version":"2020-12-22","purchased_purges":3,"victory":false,"max_hp_per_floor":[60,60,60,60,60,60,60,60,60,60,60,60,60,60,60,60,60,60,60,60,60,60,60,66,66,66,66,66,66,66,66,66,66,66,66,66,66,66,78,78,78,85,85,85,85,85,85,85,85,85,85,85,85,85,85,85,85],"card_choices":[{"not_picked":["Master of Strategy","The Bomb"],"picked":"Magnetism","floor":0.0},{"not_picked":["Deflect","Reflex"],"picked":"Setup","floor":1.0},{"not_picked":["PiercingWail","Quick Slash"],"picked":"Infinite Blades","floor":3.0},{"not_picked":["PiercingWail","Quick Slash"],"picked":"Acrobatics","floor":4.0},{"not_picked":["Slice","Poisoned Stab"],"picked":"Blade Dance","floor":7.0},{"not_picked":["Slice","Acrobatics"],"picked":"Expertise","floor":8.0},{"not_picked":["Bane","Flying Knee"],"picked":"PiercingWail+1","floor":11.0},{"not_picked":["PiercingWail+1","Calculated Gamble+1"],"picked":"Corpse Explosion+1","floor":14.0},{"not_picked":["Die Die Die","Malaise+1"],"picked":"After Image","floor":16.0},{"not_picked":["Poisoned Stab","Flying Knee"],"picked":"Acrobatics+1","floor":18.0},{"not_picked":["Expertise+1","PiercingWail+1"],"picked":"Backflip+1","floor":21.0},{"not_picked":["Deflect+1","Corpse Explosion+1"],"picked":"Accuracy+1","floor":22.0},{"not_picked":["Escape Plan+1","Quick Slash"],"picked":"Choke","floor":23.0},{"not_picked":["Noxious Fumes","Sucker Punch"],"picked":"Blade Dance+1","floor":27.0},{"not_picked":["Quick Slash+1","Backflip+1"],"picked":"Outmaneuver+1","floor":30.0},{"not_picked":["Infinite Blades+1","Cloak And Dagger+1"],"picked":"Leg Sweep+1","floor":31.0},{"not_picked":["Doppelganger+1","Venomology+1"],"picked":"Burst+1","floor":33.0},{"not_picked":["Blade Dance+1"],"picked":"SKIP","floor":35.0},{"not_picked":["Flying Knee"],"picked":"SKIP","floor":36.0},{"not_picked":["Heel Hook"],"picked":"SKIP","floor":37.0},{"not_picked":["Quick Slash"],"picked":"SKIP","floor":38.0},{"not_picked":[],"picked":"Burst+1","floor":41.0},{"not_picked":[],"picked":"Crippling Poison+1","floor":42.0},{"not_picked":["PiercingWail+1"],"picked":"SKIP","floor":45.0},{"not_picked":["Underhanded Strike+1"],"picked":"SKIP","floor":47.0},{"not_picked":[],"picked":"Underhanded Strike+1","floor":47.0},{"not_picked":["Dash+1"],"picked":"SKIP","floor":48.0},{"not_picked":[],"picked":"Deflect+1","floor":55.0}],"player_experience":896078,"relics_obtained":[{"floor":9.0,"key":"Toxic Egg 2"},{"floor":23.0,"key":"Pen Nib"},{"floor":29.0,"key":"Frozen Egg 2"},{"floor":30.0,"key":"Bronze Scales"},{"floor":41.0,"key":"Eternal Feather"},{"floor":42.0,"key":"Strawberry"},{"floor":43.0,"key":"Regal Pillow"},{"floor":45.0,"key":"Snake Skull"},{"floor":47.0,"key":"Centennial Puzzle"},{"floor":55.0,"key":"War Paint"}],"event_choices":[{"damage_healed":0.0,"max_hp_gain":0.0,"max_hp_loss":0.0,"gold_gain":0.0,"event_name":"FaceTrader","player_choice":"Trade","floor":2.0,"gold_loss":0.0,"damage_taken":0.0,"relics_obtained":["SsserpentHead"]},{"damage_healed":0.0,"max_hp_gain":0.0,"max_hp_loss":0.0,"gold_gain":0.0,"event_name":"Scrap Ooze","player_choice":"Success","floor":12.0,"gold_loss":0.0,"damage_taken":5.0,"relics_obtained":["Darkstone Periapt"]},{"damage_healed":0.0,"max_hp_gain":0.0,"max_hp_loss":0.0,"gold_gain":0.0,"cards_transformed":["Expertise","Dagger Spray"],"event_name":"Drug Dealer","player_choice":"Became Test Subject","floor":19.0,"gold_loss":0.0,"damage_taken":0.0,"cards_obtained":["Blur","Venomology"]},{"damage_healed":0.0,"max_hp_gain":0.0,"max_hp_loss":0.0,"gold_gain":0.0,"event_name":"Upgrade Shrine","player_choice":"Upgraded","floor":20.0,"gold_loss":0.0,"damage_taken":0.0,"cards_upgraded":["After Image"]},{"damage_healed":0.0,"max_hp_gain":0.0,"max_hp_loss":0.0,"gold_gain":0.0,"event_name":"Accursed Blacksmith","player_choice":"Rummage","floor":24.0,"gold_loss":0.0,"damage_taken":0.0,"relics_obtained":["WarpedTongs"],"cards_obtained":["Pain"]},{"damage_healed":0.0,"max_hp_gain":0.0,"max_hp_loss":0.0,"gold_gain":999.0,"event_name":"MindBloom","player_choice":"Gold","floor":39.0,"gold_loss":0.0,"damage_taken":0.0,"cards_obtained":["Normality","Normality"]}],"is_beta":false,"boss_relics":[{"not_picked":["Cursed Key","HoveringKite"],"picked":"Pandora\u0027s Box"},{"not_picked":["Empty Cage","Runic Pyramid"],"picked":"Busted Crown"}],"items_purged_floors":[25,40,44],"is_endless":false,"potions_floor_spawned":[1,4,14,21,22,33,35,41,48],"killed_by":"The Heart","ascension_level":20}}