{"host":"i0dqv19ybe2atd47","time":1609358196,"event":{"mods":["2.2 Compatiblity","AchievementEnabler","Act Like it!","Bard","BaseMod","Beaked The Cultist","Bestiary","BetterRewards","CapriCore","ChefMod","Colored Map","Conspire","Curses Come First","Dio Mod","Downfall","GungeonMod","Hallownest","Hermit","Kratos Character Expansion","Melee Mod","Minty Spire (QoL Compilation)","Quick Restart","RRrroohrrRGHHhhh!!","Rare Cards Sparkle","Replay The Spire","Robot Space Explorer","SCP261 Mod","Shade Mod","Spicy Shops","StSLib","The Blackbeard","The Bug Knight","The Caster","The Cursed","The Disciple","The Dragon Tamer","The Jungle","The Necromancer","The Runesmith","The Showman","The Trickster","The Wild Card","TheLocksmith","TheVacant"],"gold_per_floor":[115,127,146,146,146,146,160,160,188,188,270,270,348,369,369,408,408,538,538,552,70,70,84,105,136,136,161,161,181,204,184,208,223,223,346,346,346,346],"floor_reached":37,"playtime":5136,"items_purged":[],"score":451,"play_id":"b7ed7065-d5ce-4446-8723-2ef238c0e225","local_time":"20201230145636","is_ascension_mode":false,"campfire_choices":[{"data":"RobotSpaceExplorer:SurgingStrike","floor":8.0,"key":"SMITH"},{"floor":12.0,"key":"REST"},{"floor":17.0,"key":"REST"},{"data":"conspire:Banana","floor":26,"key":"SMITH"},{"floor":34,"key":"DIG"}],"circlet_count":0,"master_deck":["RobotSpaceExplorer:Strike","RobotSpaceExplorer:Strike","RobotSpaceExplorer:Strike","RobotSpaceExplorer:Strike","RobotSpaceExplorer:Defend","RobotSpaceExplorer:Defend","RobotSpaceExplorer:Defend","RobotSpaceExplorer:Defend","RobotSpaceExplorer:Scan","RobotSpaceExplorer:MiniLasers","RobotSpaceExplorer:ScrapMissile+1","RobotSpaceExplorer:MakeshiftVolley","RobotSpaceExplorer:StunGrenade","RobotSpaceExplorer:SurgingStrike+1","RobotSpaceExplorer:Counterblock","RobotSpaceExplorer:TrailblazerForm","RobotSpaceExplorer:SlimeMissile","RobotSpaceExplorer:Blitz","RobotSpaceExplorer:Comet","RobotSpaceExplorer:SwiftStep","conspire:Banana+1","RobotSpaceExplorer:FrostMissile","RobotSpaceExplorer:DroneSwarm","RobotSpaceExplorer:SurgingStrike","RobotSpaceExplorer:FranticSearch","RobotSpaceExplorer:IronShell","RobotSpaceExplorer:Pulsar+1","RobotSpaceExplorer:BigMissile","RobotSpaceExplorer:Smokescreen","RobotSpaceExplorer:GearShield","RobotSpaceExplorer:DoubleBlock","RobotSpaceExplorer:HighVoltage"],"relics":["RobotSpaceExplorer:RoboCore","Mercury Hourglass","Golden Idol","DemoMod:BlueGuonStone","Replay:Mystery Machine","HollowMod:LifeEnderRelic","Replay:Wax Seal","conspire:RoyalGoblet","Garlic","DemoMod:MonsterBlood","DemoMod:PartiallyEatenCheese","Bag of Preparation","conspire:SpecialSausage"],"acts_visited":["Exordium","TheCity","TheCity"],"potions_floor_usage":[27,33,35,35],"damage_taken":[{"damage":0.0,"enemies":"Small Slimes","floor":1.0,"turns":3.0},{"damage":0.0,"enemies":"Cultist","floor":2.0,"turns":4.0},{"damage":10.0,"enemies":"Jaw Worm","floor":3.0,"turns":2.0},{"damage":18.0,"enemies":"Exordium Thugs","floor":7.0,"turns":7.0},{"damage":6.0,"enemies":"Lagavulin","floor":9.0,"turns":5.0},{"damage":16.0,"enemies":"3 Sentries","floor":13.0,"turns":5.0},{"damage":2.0,"enemies":"3 Louse","floor":14.0,"turns":3.0},{"damage":7.0,"enemies":"3 Sentries","floor":16.0,"turns":5.0},{"damage":36.0,"enemies":"Slime Boss","floor":18.0,"turns":14.0},{"damage":0.0,"enemies":"3 Byrds","floor":20.0,"turns":4.0},{"damage":9,"enemies":"Shell Parasite","floor":23,"turns":5},{"damage":5,"enemies":"Snecko","floor":24,"turns":5},{"damage":7,"enemies":"conspire:Head Lice","floor":25,"turns":5},{"damage":5,"enemies":"Snake Plant","floor":27,"turns":5},{"damage":15,"enemies":"Centurion and Healer","floor":29,"turns":7},{"damage":6,"enemies":"conspire:HollyBat","floor":30,"turns":7},{"damage":0,"enemies":"Snake Plant","floor":32,"turns":3},{"damage":0,"enemies":"Chosen and Byrds","floor":33,"turns":5},{"damage":19,"enemies":"Automaton","floor":35,"turns":9},{"damage":59,"enemies":"Hallownest:3_Siblings","floor":37,"turns":10}],"seed_played":"8858661648567545417","potions_obtained":[{"floor":1.0,"key":"ColorlessPotion"},{"floor":2.0,"key":"Explosive Potion"},{"floor":3.0,"key":"Energy Potion"},{"floor":23,"key":"Fire Potion"},{"floor":29,"key":"RobotSpaceExplorer:PlasmaFlask"},{"floor":31,"key":"DemoMod:BlankPotion"},{"floor":33,"key":"SCP261:DewritoBlazePotion"}],"is_trial":false,"path_per_floor":["M","M","M","PTL","PTL","?","M","R","E","?","T","R","?","M","T","E","R","B",null,"M","$","?","M","M","E","R","M","T","M","M","?","M","M","R_BF","B",null,"M"],"character_chosen":"RobotSpaceExplorer","items_purchased":["conspire:Banana","RobotSpaceExplorer:FrostMissile","RobotSpaceExplorer:DroneSwarm","DemoMod:WeirdEgg"],"campfire_rested":2,"item_purchase_floors":[21,21,21,21],"current_hp_per_floor":[82,82,72,72,72,72,54,54,48,28,28,52,36,34,34,27,51,15,82,82,82,82,73,69,70,70,67,67,54,50,50,52,54,54,37,103,46,46],"gold":346,"neow_bonus":"TEN_PERCENT_HP_BONUS","is_daily":false,"chose_seed":false,"campfire_upgraded":2,"win_rate":0.0,"timestamp":1609358196,"path_taken":["M","M","M","PTL","PTL","?","?","R","E","?","T","R","?","M","?","E","R","BOSS","M","$","?","M","?","E","R","M","T","M","M","?","M","M","R_BF","BOSS","M"],"items_purchased_type":["Card","Card","Card","Relic"],"build_version":"2020-12-22","purchased_purges":0,"victory":false,"max_hp_per_floor":[82,82,82,82,82,82,82,82,82,82,82,82,82,82,82,82,82,82,82,82,82,82,82,83,91,91,93,93,95,97,97,99,101,101,103,103,105,105],"card_choices":[{"not_picked":["RobotSpaceExplorer:FreezeRay","RobotSpaceExplorer:ImprovisedAttack"],"picked":"RobotSpaceExplorer:ScrapMissile","floor":1.0},{"not_picked":["RobotSpaceExplorer:ScrapShield","RobotSpaceExplorer:GearShield"],"picked":"RobotSpaceExplorer:MakeshiftVolley","floor":2.0},{"not_picked":["RobotSpaceExplorer:GlueSpray","RobotSpaceExplorer:FranticSearch"],"picked":"RobotSpaceExplorer:StunGrenade","floor":3.0},{"not_picked":["RobotSpaceExplorer:ShockKick","RobotSpaceExplorer:MakeshiftVolley"],"picked":"RobotSpaceExplorer:SurgingStrike","floor":7.0},{"not_picked":["RobotSpaceExplorer:SurgingStrike","RobotSpaceExplorer:Probe"],"picked":"RobotSpaceExplorer:Counterblock","floor":9.0},{"not_picked":["RobotSpaceExplorer:JunkDive","RobotSpaceExplorer:StunGrenade"],"picked":"RobotSpaceExplorer:TrailblazerForm","floor":13.0},{"not_picked":["RobotSpaceExplorer:ShockKick","RobotSpaceExplorer:ImprovisedAttack"],"picked":"RobotSpaceExplorer:SlimeMissile","floor":14.0},{"not_picked":["RobotSpaceExplorer:JunkDive","RobotSpaceExplorer:FreezeRay"],"picked":"RobotSpaceExplorer:Blitz","floor":16.0},{"not_picked":["RobotSpaceExplorer:Scanner","RobotSpaceExplorer:Exploration"],"picked":"RobotSpaceExplorer:Comet","floor":18.0},{"not_picked":["RobotSpaceExplorer:FreezingShield","RobotSpaceExplorer:Probe"],"picked":"RobotSpaceExplorer:SwiftStep","floor":20.0},{"not_picked":["RobotSpaceExplorer:FreezingShield","RobotSpaceExplorer:Electroshield"],"picked":"RobotSpaceExplorer:SurgingStrike","floor":23},{"not_picked":["RobotSpaceExplorer:ImprovisedAttack","RobotSpaceExplorer:SurgingShield"],"picked":"RobotSpaceExplorer:FranticSearch","floor":24},{"not_picked":["RobotSpaceExplorer:SurgingStrike","RobotSpaceExplorer:Ammunition"],"picked":"RobotSpaceExplorer:IronShell","floor":25},{"not_picked":["RobotSpaceExplorer:ScrapToss","RobotSpaceExplorer:ExhaustFan"],"picked":"RobotSpaceExplorer:Pulsar+1","floor":27},{"not_picked":["RobotSpaceExplorer:ImprovisedAttack","RobotSpaceExplorer:DualCore+1"],"picked":"RobotSpaceExplorer:BigMissile","floor":29},{"not_picked":["RobotSpaceExplorer:SurgingStrike","RobotSpaceExplorer:StunGrenade"],"picked":"RobotSpaceExplorer:Smokescreen","floor":30},{"not_picked":["RobotSpaceExplorer:Probe","RobotSpaceExplorer:FreezingShield"],"picked":"RobotSpaceExplorer:GearShield","floor":32},{"not_picked":["RobotSpaceExplorer:Pulsar","RobotSpaceExplorer:ExhaustFan"],"picked":"RobotSpaceExplorer:DoubleBlock","floor":33},{"not_picked":["RobotSpaceExplorer:TrailblazerForm","RobotSpaceExplorer:Comet"],"picked":"RobotSpaceExplorer:HighVoltage","floor":35}],"player_experience":26606,"relics_obtained":[{"floor":9.0,"key":"Mercury Hourglass"},{"floor":11.0,"key":"DemoMod:BlueGuonStone"},{"floor":15.0,"key":"HollowMod:LifeEnderRelic"},{"floor":16.0,"key":"Replay:Wax Seal"},{"floor":25,"key":"DemoMod:MonsterBlood"},{"floor":28,"key":"DemoMod:PartiallyEatenCheese"},{"floor":34,"key":"Bag of Preparation"}],"event_choices":[{"damage_healed":0.0,"max_hp_gain":0.0,"max_hp_loss":0.0,"gold_gain":0.0,"event_name":"Accursed Blacksmith","player_choice":"Forge","floor":6.0,"gold_loss":0.0,"damage_taken":0.0,"cards_upgraded":["RobotSpaceExplorer:ScrapMissile"]},{"damage_healed":0.0,"max_hp_gain":0.0,"max_hp_loss":0.0,"gold_gain":0.0,"event_name":"Golden Idol","player_choice":"Take Damage","floor":10.0,"gold_loss":0.0,"damage_taken":20.0,"relics_obtained":["Golden Idol"]},{"damage_healed":0.0,"max_hp_gain":0.0,"max_hp_loss":0.0,"gold_gain":0.0,"event_name":"Dead Adventurer","player_choice":"Searched \u00272\u0027 times","floor":13.0,"gold_loss":0.0,"damage_taken":0.0,"relics_obtained":["Replay:Mystery Machine"]},{"damage_healed":0,"gold_gain":0,"player_choice":"Ignored","damage_taken":0,"max_hp_gain":0,"max_hp_loss":0,"event_name":"The Mausoleum","floor":22,"gold_loss":0},{"damage_healed":0,"gold_gain":0,"player_choice":"Bought 1 Potion","damage_taken":0,"max_hp_gain":0,"max_hp_loss":0,"event_name":"The Woman in Blue","floor":31,"gold_loss":0}],"is_beta":false,"boss_relics":[{"not_picked":["Replay:Fungal Core","Ectoplasm"],"picked":"conspire:RoyalGoblet"},{"not_picked":["Replay:Ancient Bell","Kintsugi"],"picked":"conspire:SpecialSausage"}],"items_purged_floors":[],"is_endless":false,"potions_floor_spawned":[1,2,3,7,23,29,33],"killed_by":"Hallownest:3_Siblings","ascension_level":0}}