{"host":"627up2rvtmm0cf0r","time":1609331864,"event":{"mods":["ATMod(阿瑾Mod)","Act Like it!","BaseMod","Better Vampires","CapriCore","Card Filter","Card Forge","Colored Powertips","DeckTracker","Dota2Spire","Friendly Minions","Highlight Path","Infinite Spire","Jedi Mod","Marked Mod","Mimic Mod","Minty Spire (QoL Compilation)","MostiFishMod","Permanent Neow","Practice Mode","Quick Restart","Relic Stats","Shop Mod","Spicy Shops","StSLib","SuperFastMode","TestMod","【遗物卡牌】REMEMod","残留之物","篝火指南"],"gold_per_floor":[112,37,37,49,49,77,77,135,217,246,259,288,308,336,336,410,410,428,428,428,444,554,580,629,658,658,686,461,487,487,487,17,92,92,106,160,172,188,198,328,328,358,358,23,33,333,349,377,90,90,90,90,90,7,38,18],"floor_reached":57,"playtime":1542,"items_purged":["Strike_P","Strike_P","Strike_P","Vigilance","Defend_P","Defend_P"],"score":3951,"play_id":"02ba26be-768b-4dfa-bbd7-39d66ab37ca0","local_time":"20201230203744","is_ascension_mode":true,"campfire_choices":[{"data":"AT_KingSlayer","floor":15.0,"key":"SMITH"},{"data":"AT_RealColorLess","floor":30.0,"key":"SMITH"},{"floor":41,"key":"RECALL"},{"data":"testmod-Dream","floor":53,"key":"SMITH"}],"circlet_count":0,"master_deck":["AscendersBane","Defend_P","Defend_P","Eruption","AT_RealColorLess+1","AT_KingSlayer+1","testmod-Dream+1"],"relics":["PureWater","Hammer of Thor","Seething Fire","Anvil of the Gods","DaveBox","testmod-TestBox","REME_ComplimentaryCards","AT_ATBox","testmod-ObsoleteBoomerang","Brimstone","SynthV:TestCard","Dream Catcher","AT_SeraphEmbrace","Shuriken","Toy Ornithopter","MarkedMod:AcupunctureKit","testmod-Antiphasic","testmod-Fanaticism","Bronze Scales","Regal Pillow","Red Mask","Boot","OriginationStaff","Dota2Spire:AssaultCuirass","xbg","BionicSphere","AT_GuinsooRageblade","infinitespire:PuzzleCube","Dota2Spire:MagicBottle","AT_BellDemon","CaptainsWheel","Dota2Spire:UrnOfShadows","AT_RedNoBalance","testmod-FatalChain","AT_BellowingDragoncrestRing","REME_OnlineShoppingPlatform","Dota2Spire:BladeMail","infinitespire:Lucky Rock"],"acts_visited":["Exordium","TheCity","TheBeyond","TheEnding"],"potions_floor_usage":[51,51,56],"damage_taken":[{"damage":0.0,"enemies":"Cultist","floor":1.0,"turns":2.0},{"damage":0.0,"enemies":"2 Louse","floor":4.0,"turns":1.0},{"damage":13.0,"enemies":"3 Sentries","floor":6.0,"turns":5.0},{"damage":0.0,"enemies":"Lagavulin","floor":8.0,"turns":2.0},{"damage":0.0,"enemies":"Gremlin Nob","floor":10.0,"turns":2.0},{"damage":0.0,"enemies":"Small Slimes","floor":11.0,"turns":2.0},{"damage":0.0,"enemies":"3 Sentries","floor":12.0,"turns":2.0},{"damage":0.0,"enemies":"3 Louse","floor":13.0,"turns":1.0},{"damage":0.0,"enemies":"Lagavulin","floor":14.0,"turns":1.0},{"damage":0.0,"enemies":"The Guardian","floor":16.0,"turns":2.0},{"damage":0.0,"enemies":"Chosen","floor":18.0,"turns":1.0},{"damage":0.0,"enemies":"3 Byrds","floor":21.0,"turns":1.0},{"damage":35.0,"enemies":"Centurion and Healer","floor":22.0,"turns":2.0},{"damage":4.0,"enemies":"Slavers","floor":23.0,"turns":2.0},{"damage":0.0,"enemies":"Snecko","floor":24.0,"turns":1.0},{"damage":0.0,"enemies":"Gremlin Leader","floor":25.0,"turns":1.0},{"damage":0.0,"enemies":"Masked Bandits","floor":27.0,"turns":2.0},{"damage":12.0,"enemies":"Slavers","floor":29.0,"turns":2.0},{"damage":0.0,"enemies":"Automaton","floor":33.0,"turns":1.0},{"damage":0,"enemies":"3 Darklings","floor":35,"turns":2},{"damage":0,"enemies":"2 Orb Walkers","floor":36,"turns":1},{"damage":0,"enemies":"Orb Walker","floor":37,"turns":1},{"damage":0,"enemies":"3 Darklings","floor":38,"turns":1},{"damage":0,"enemies":"Sphere and 2 Shapes","floor":39,"turns":1},{"damage":0,"enemies":"Giant Head","floor":40,"turns":1},{"damage":0,"enemies":"Reptomancer","floor":42,"turns":2},{"damage":0,"enemies":"Jaw Worm Horde","floor":45,"turns":1},{"damage":0,"enemies":"Spire Growth","floor":47,"turns":1},{"damage":0,"enemies":"Giant Head","floor":48,"turns":1},{"damage":0,"enemies":"Time Eater","floor":50,"turns":1},{"damage":0,"enemies":"Awakened One","floor":51,"turns":3},{"damage":0,"enemies":"Shield and Spear","floor":55,"turns":1},{"damage":33,"enemies":"The Heart","floor":56,"turns":4}],"seed_played":"-5077342549290134293","potions_obtained":[{"floor":6.0,"key":"REME_GoldPotion"},{"floor":10.0,"key":"Swift Potion"},{"floor":12.0,"key":"REME_GoldPotion"},{"floor":24.0,"key":"jedi:StrikingPotion"}],"is_trial":false,"path_per_floor":["M","$","?","M","$","E","$","E","T","E","M","E","M","E","R","B",null,"M","?","?","M","M","E","M","E","T","?","$","E","R","AVR","R","B",null,"M","?","M","M","M","E","R","E","T","R","M","?","M","E","R","B","B",null,"R","$","E","B",null],"character_chosen":"WATCHER","items_purchased":["Dota2Spire:AssaultCuirass","AT_BellDemon","AT_BellowingDragoncrestRing","REME_OnlineShoppingPlatform"],"campfire_rested":0,"item_purchase_floors":[32,44,49,54],"current_hp_per_floor":[61,61,61,61,61,48,48,48,48,48,48,48,48,48,48,48,59,59,59,59,59,67,63,67,67,67,67,67,57,57,57,57,57,65,65,65,65,65,65,65,65,65,65,65,65,65,65,65,65,33,58,65,65,65,33,72],"gold":18,"neow_bonus":"THREE_RARE_CARDS","is_daily":false,"chose_seed":false,"campfire_upgraded":3,"win_rate":0.0,"timestamp":1609331864,"path_taken":["M","?","?","?","$","E","$","E","T","E","M","E","M","E","R","BOSS","M","?","?","M","?","E","M","E","T","?","?","E","R","AVR","R","BOSS","M","?","M","M","M","E","R","E","T","R","M","?","M","E","R","BOSS","BOSS","R","$","E","BOSS"],"items_purchased_type":["Relic","Relic","Relic","Relic"],"build_version":"2020-12-22","purchased_purges":6,"victory":true,"max_hp_per_floor":[62,62,62,62,62,62,62,62,62,62,62,62,62,62,62,62,62,62,62,62,62,67,67,67,67,67,67,67,67,67,67,67,67,67,67,67,67,67,67,67,67,67,67,67,67,67,67,67,67,67,67,67,67,67,67,72],"relic_stats":{"Dream Catcher":0,"Regal Pillow":0,"counters":[33,54],"Shuriken":[15],"Bronze Scales":[57],"Boot":[5],"obtain_stats":[{"AT_SeraphEmbrace":27,"AT_BellDemon":44,"Regal Pillow":25,"AT_ATBox":0,"DaveBox":0,"Hammer of Thor":0,"AT_ArchangelStaff":8,"Boot":29,"MarkedMod:AcupunctureKit":12,"Dota2Spire:MagicBottle":43,"testmod-Fanaticism":17,"Dream Catcher":6,"Dota2Spire:BladeMail":55,"testmod-ObsoleteBoomerang":0,"Red Mask":27,"Dota2Spire:AssaultCuirass":32,"AT_RedNoBalance":55,"AT_GuinsooRageblade":40,"REME_OnlineShoppingPlatform":54,"testmod-TestBox":0,"Dota2Spire:UrnOfShadows":47,"testmod-FatalChain":48,"AT_SilverBalance":48,"Seething Fire":0,"infinitespire:Lucky Rock":55,"testmod-Antiphasic":14,"CaptainsWheel":45,"SynthV:TestCard":1,"AT_BellowingDragoncrestRing":49,"Anvil of the Gods":0,"Brimstone":0,"Shuriken":9,"Bronze Scales":23,"BionicSphere":36,"OriginationStaff":31,"PureWater":0,"xbg":34,"Toy Ornithopter":10,"infinitespire:PuzzleCube":42,"REME_ComplimentaryCards":0},{"AT_SeraphEmbrace":17,"AT_BellDemon":26,"Regal Pillow":16,"AT_ATBox":0,"DaveBox":0,"Hammer of Thor":0,"AT_ArchangelStaff":4,"Boot":18,"MarkedMod:AcupunctureKit":7,"Dota2Spire:MagicBottle":26,"testmod-Fanaticism":10,"Dream Catcher":3,"Dota2Spire:BladeMail":32,"testmod-ObsoleteBoomerang":0,"Red Mask":17,"Dota2Spire:AssaultCuirass":18,"AT_RedNoBalance":32,"AT_GuinsooRageblade":25,"REME_OnlineShoppingPlatform":31,"testmod-TestBox":0,"Dota2Spire:UrnOfShadows":28,"testmod-FatalChain":29,"AT_SilverBalance":29,"Seething Fire":0,"infinitespire:Lucky Rock":32,"testmod-Antiphasic":9,"CaptainsWheel":27,"SynthV:TestCard":1,"AT_BellowingDragoncrestRing":29,"Anvil of the Gods":0,"Brimstone":0,"Shuriken":4,"Bronze Scales":14,"BionicSphere":21,"OriginationStaff":18,"PureWater":0,"xbg":19,"Toy Ornithopter":5,"infinitespire:PuzzleCube":26,"REME_ComplimentaryCards":0},{"AT_SeraphEmbrace":30,"AT_BellDemon":42,"Regal Pillow":28,"AT_ATBox":0,"DaveBox":0,"Hammer of Thor":0,"AT_ArchangelStaff":10,"Boot":32,"MarkedMod:AcupunctureKit":16,"Dota2Spire:MagicBottle":42,"testmod-Fanaticism":20,"Dream Catcher":8,"Dota2Spire:BladeMail":50,"testmod-ObsoleteBoomerang":0,"Red Mask":30,"Dota2Spire:AssaultCuirass":32,"AT_RedNoBalance":49,"AT_GuinsooRageblade":40,"REME_OnlineShoppingPlatform":49,"testmod-TestBox":0,"Dota2Spire:UrnOfShadows":44,"testmod-FatalChain":45,"AT_SilverBalance":45,"Seething Fire":0,"infinitespire:Lucky Rock":50,"testmod-Antiphasic":18,"CaptainsWheel":43,"SynthV:TestCard":2,"AT_BellowingDragoncrestRing":45,"Anvil of the Gods":0,"Brimstone":0,"Shuriken":10,"Bronze Scales":26,"BionicSphere":36,"OriginationStaff":32,"PureWater":0,"xbg":33,"Toy Ornithopter":12,"infinitespire:PuzzleCube":42,"REME_ComplimentaryCards":0}],"Toy Ornithopter":19},"card_choices":[{"not_picked":["DevaForm","DeusExMachina"],"picked":"AT_RealColorLess","floor":0.0},{"not_picked":["LikeWater","Vengeance","AT_RealFormLess"],"picked":"SKIP","floor":1.0},{"not_picked":["PathToVictory","WindmillStrike","ThirdEye","MarkedMod:FirstStrike","FearNoEvil"],"picked":"SKIP","floor":4.0},{"not_picked":["Conclude","ThirdEye","MostiFishMod:Speedup","Protect","WreathOfFlame"],"picked":"SKIP","floor":6.0},{"not_picked":["BattleHymn","MarkedMod:PinPointDefense","CutThroughFate","Crescendo","AT_RealFormLess"],"picked":"SKIP","floor":8.0},{"not_picked":["AT_OneInchPunch","DeusExMachina","REME_Repentance","EmptyFist","Adaptation"],"picked":"SKIP","floor":10.0},{"not_picked":["REME_Repentance","AT_DivineConfetti","Wallop","EmptyFist","FollowUp"],"picked":"SKIP","floor":11.0},{"not_picked":["Vengeance","ThirdEye","AT_RealFormLess","FlyingSleeves","WaveOfTheHand"],"picked":"SKIP","floor":12.0},{"not_picked":["REME_EmptyShield","WaveOfTheHand","BowlingBash","MostiFishMod:Nomercy","Swivel"],"picked":"SKIP","floor":13.0},{"not_picked":["Prostrate","FearNoEvil","Crescendo","EmptyMind","EmptyBody"],"picked":"SKIP","floor":14.0},{"not_picked":["MarkedMod:FirstStrike","Evaluate","AT_RealFormLess","AT_OneInchPunch","FollowUp"],"picked":"SKIP","floor":18.0},{"not_picked":["CrushJoints","SashWhip","WreathOfFlame","Fasting2","ThirdEye"],"picked":"SKIP","floor":21.0},{"not_picked":["REME_Repentance+1","EmptyBody","MostiFishMod:Pointsdynamics","Indignation","Perseverance"],"picked":"SKIP","floor":22.0},{"not_picked":["WaveOfTheHand","REME_MusicOfDeath","FearNoEvil","BowlingBash","JustLucky"],"picked":"SKIP","floor":23.0},{"not_picked":["REME_Repentance","FlyingSleeves","Protect","Evaluate+1","Nirvana"],"picked":"SKIP","floor":24.0},{"not_picked":["ClearTheMind","Conclude+1","Indignation+1","WindmillStrike","JustLucky"],"picked":"SKIP","floor":25.0},{"not_picked":["ForeignInfluence","Evaluate","FlyingSleeves+1","DevaForm","FollowUp"],"picked":"SKIP","floor":29.0},{"not_picked":["Crescendo","WheelKick","DeceiveReality","FollowUp","AT_OneInchPunch"],"picked":"SKIP","floor":35},{"not_picked":["Halt","ReachHeaven","TalkToTheHand","EmptyFist","DeceiveReality"],"picked":"SKIP","floor":37},{"not_picked":["MarkedMod:Acupuncture","MostiFishMod:OutWit","FollowUp","WindmillStrike+1","Crescendo+1"],"picked":"SKIP","floor":38},{"not_picked":["MostiFishMod:Clarity","WreathOfFlame","BowlingBash","MarkedMod:Acupuncture","MarkedMod:GentlePulse"],"picked":"SKIP","floor":39},{"not_picked":["EmptyFist","FollowUp","Worship","MarkedMod:GentlePulse","Swivel"],"picked":"SKIP","floor":40},{"not_picked":["Evaluate+1","MostiFishMod:FlowState","MarkedMod:Acupuncture+1","Consecrate","Protect"],"picked":"SKIP","floor":42},{"not_picked":["FlyingSleeves","Wireheading","Swivel","ThirdEye","FollowUp"],"picked":"SKIP","floor":45},{"not_picked":["MostiFishMod:FlowState","FlyingSleeves","MarkedMod:GentlePulse","MostiFishMod:LegendTransform+1","Swivel"],"picked":"SKIP","floor":47},{"not_picked":["MostiFishMod:Disappear","CutThroughFate","PathToVictory+1","BowlingBash","EmptyFist"],"picked":"SKIP","floor":48},{"not_picked":["CutThroughFate+1","Halt","FlurryOfBlows","Evaluate","MarkedMod:Acupuncture"],"picked":"SKIP","floor":55}],"player_experience":68650,"relics_obtained":[{"floor":1.0,"key":"SynthV:TestCard"},{"floor":6.0,"key":"Dream Catcher"},{"floor":8.0,"key":"AT_ArchangelStaff"},{"floor":9.0,"key":"Shuriken"},{"floor":10.0,"key":"Toy Ornithopter"},{"floor":12.0,"key":"MarkedMod:AcupunctureKit"},{"floor":14.0,"key":"testmod-Antiphasic"},{"floor":23.0,"key":"Bronze Scales"},{"floor":25.0,"key":"Regal Pillow"},{"floor":27.0,"key":"Red Mask"},{"floor":29.0,"key":"Boot"},{"floor":36,"key":"BionicSphere"},{"floor":40,"key":"AT_GuinsooRageblade"},{"floor":42,"key":"infinitespire:PuzzleCube"},{"floor":43,"key":"Dota2Spire:MagicBottle"},{"floor":45,"key":"CaptainsWheel"},{"floor":47,"key":"Dota2Spire:UrnOfShadows"},{"floor":48,"key":"AT_SilverBalance"},{"floor":48,"key":"testmod-FatalChain"},{"floor":55,"key":"Dota2Spire:BladeMail"},{"floor":55,"key":"infinitespire:Lucky Rock"}],"event_choices":[{"cards_removed":["Strike_P"],"damage_healed":0.0,"max_hp_gain":0.0,"max_hp_loss":0.0,"gold_gain":0.0,"event_name":"Purifier","player_choice":"Purged","floor":3.0,"gold_loss":0.0,"damage_taken":0.0},{"damage_healed":0.0,"max_hp_gain":0.0,"max_hp_loss":0.0,"gold_gain":0.0,"event_name":"给自己的盒子","player_choice":"Ignored","floor":19.0,"gold_loss":0.0,"damage_taken":0.0},{"damage_healed":0.0,"max_hp_gain":0.0,"max_hp_loss":0.0,"gold_gain":0.0,"event_name":"Duplicator","player_choice":"Ignored","floor":20.0,"gold_loss":0.0,"damage_taken":0.0},{"damage_healed":0.0,"max_hp_gain":0.0,"max_hp_loss":0.0,"gold_gain":0.0,"event_name":"Masked Bandits","player_choice":"Fought Bandits","floor":27.0,"gold_loss":0.0,"damage_taken":0.0},{"damage_healed":0,"gold_gain":0,"player_choice":"Fight","damage_taken":0,"max_hp_gain":0,"max_hp_loss":0,"event_name":"Mysterious Sphere","floor":36,"gold_loss":0},{"damage_healed":0,"gold_gain":300,"player_choice":"Gold","damage_taken":0,"max_hp_gain":0,"max_hp_loss":0,"event_name":"Wheel of Change","floor":46,"gold_loss":0}],"is_beta":false,"boss_relics":[{"not_picked":["TakeMeEscape","Calling Bell"],"picked":"testmod-Fanaticism"},{"not_picked":["FrostBlade","BloodWine"],"picked":"xbg"}],"items_purged_floors":[2,28,28,31,32,44],"is_endless":false,"potions_floor_spawned":[6,10,12,13,14,21,24,25,27,36,38,40,42,48],"ascension_level":20}}