{"host":"nk1hwk2qadwaubm5","time":1609337461,"event":{"mods":["BaseMod","Hubris","Infinite Spire","Minty Spire (QoL Compilation)","Replay The Spire","StSLib"],"gold_per_floor":[114,46,46,71,91,91,129,129,129,170,170,170,184,227,227,352,352,370,37,76,101,116,156,177,177,177,23,23,44,67,67,67,203,203,240,240,42,73,73,73,102,142,142,142,187,223,262,319,319,319],"floor_reached":51,"playtime":7675,"items_purged":["Strike_B","Strike_B"],"score":863,"play_id":"e40f504d-72fa-4c07-a7b0-5e3b3f1f31f4","local_time":"20201230151101","is_ascension_mode":true,"campfire_choices":[{"data":"Zap","floor":6,"key":"SMITH"},{"floor":8,"key":"REST"},{"floor":15,"key":"REST"},{"data":"Double Energy","floor":25,"key":"SMITH"},{"data":"Mirror Shield","floor":28,"key":"SMITH"},{"floor":32,"key":"REST"},{"data":"Machine Learning","floor":40,"key":"SMITH"},{"floor":44,"key":"REST"},{"floor":49,"key":"REST"}],"circlet_count":0,"master_deck":["Strike_B","Strike_B","Defend_B+2","Defend_B","Defend_B+2","Defend_B","Zap+1","Dualcast","The Bomb+1","Reinforced Body+1","ReplayTheSpireMod:Omega Cannon","Coolheaded","Cold Snap","Sweeping Beam","Mirror Shield+1","Double Energy+1","Loop","Coolheaded","Ball Lightning","Ball Lightning","Coolheaded","Electrodynamics+1","Glacier","Coolheaded+1","Machine Learning+1","Apotheosis","BasicCrystalCard+1","Barrage","Consume+1","Echo Form","Meteor Strike"],"relics":["Cracked Core","Golden Idol","Potion Belt","Omamori","Ice Cream","War Paint","hubris:RGBLights","Replay:Mystery Machine","hubris:TerracottaHorce","Medical Kit","Red Mask","infinitespire:CursedDice","infinitespire:Beetle Shell","Nuclear Battery","Replay:Lucky Slots","infinitespire:EvilPickle","hubris:Backtick","Runic Capacitor","ReplayTheSpireMod:Lightbulb","Guide Book","hubris:MedicalManual","Cables","hubris:BallOfYels","Simple Rune"],"acts_visited":["Exordium","TheCity","TheBeyond"],"potions_floor_usage":[21,33,41,45,46,50,50,50,50],"damage_taken":[{"damage":3,"enemies":"Small Slimes","floor":1,"turns":3},{"damage":2,"enemies":"Jaw Worm","floor":5,"turns":2},{"damage":16,"enemies":"Gremlin Nob","floor":7,"turns":4},{"damage":16,"enemies":"Replay:BlueRogue","floor":10,"turns":5},{"damage":0,"enemies":"2 Louse","floor":13,"turns":2},{"damage":0,"enemies":"Lagavulin","floor":14,"turns":5},{"damage":0,"enemies":"Fading Forest","floor":16,"turns":11},{"damage":7,"enemies":"Shell Parasite","floor":18,"turns":3},{"damage":4,"enemies":"Masked Bandits","floor":20,"turns":3},{"damage":0,"enemies":"Chosen","floor":21,"turns":4},{"damage":23,"enemies":"Snake Plant","floor":22,"turns":4},{"damage":9,"enemies":"Replay:Snechameleon","floor":23,"turns":7},{"damage":2,"enemies":"Chosen and Byrds","floor":24,"turns":4},{"damage":8,"enemies":"Centurion and Healer","floor":29,"turns":3},{"damage":0,"enemies":"Snake Plant","floor":30,"turns":3},{"damage":23,"enemies":"Pondfish","floor":33,"turns":13},{"damage":8,"enemies":"Orb Walker","floor":35,"turns":2},{"damage":20,"enemies":"3 Darklings","floor":38,"turns":3},{"damage":5,"enemies":"Spire Growth","floor":41,"turns":4},{"damage":0,"enemies":"R_Hoarder","floor":42,"turns":6},{"damage":9,"enemies":"Nemesis","floor":45,"turns":5},{"damage":7,"enemies":"Jaw Worm Horde","floor":46,"turns":3},{"damage":3,"enemies":"4 Shapes","floor":47,"turns":3},{"damage":0,"enemies":"Giant Head","floor":48,"turns":6},{"damage":9,"enemies":"hubris:GrandSnecko","floor":50,"turns":8}],"seed_played":"-520979889891899646","potions_obtained":[{"floor":5,"key":"Dexterity Potion"},{"floor":10,"key":"Venom Potion"},{"floor":20,"key":"Swift Potion"},{"floor":22,"key":"Weak Potion"},{"floor":24,"key":"Dexterity Potion"},{"floor":29,"key":"SkillPotion"},{"floor":35,"key":"ColorlessPotion"},{"floor":45,"key":"ColorlessPotion"},{"floor":46,"key":"Block Potion"},{"floor":47,"key":"SteroidPotion"}],"is_trial":false,"path_per_floor":["M","$","?","T","M","R","E","R","T","E","?","T","M","E","R","B",null,"M","$","?","M","M","E","M","R","T","$","R","M","M","AVR","R","B",null,"M","?","$","M","AVR","R","M","E","T","R","E","M","M","E","R","B",null],"character_chosen":"DEFECT","items_purchased":["ReplayTheSpireMod:Omega Cannon","Double Energy","Medical Kit","Loop","Electrodynamics","ReplayTheSpireMod:Lightbulb"],"campfire_rested":5,"item_purchase_floors":[2,19,19,19,27,37],"current_hp_per_floor":[51,51,33,33,31,31,15,37,37,21,21,21,21,21,43,43,67,60,60,56,56,33,24,22,22,22,22,22,14,14,14,36,13,60,52,52,52,32,32,32,27,27,27,49,40,33,30,30,52,43],"gold":319,"neow_bonus":"RANDOM_COLORLESS_2","is_daily":false,"chose_seed":false,"campfire_upgraded":4,"win_rate":0.0,"timestamp":1609337461,"path_taken":["M","$","?","?","M","R","E","R","T","E","?","?","M","E","R","BOSS","M","$","?","M","M","E","M","R","T","?","R","M","?","AVR","R","BOSS","M","?","$","M","AVR","R","M","E","T","R","E","M","M","E","R","BOSS"],"items_purchased_type":["Card","Card","Relic","Card","Card","Relic"],"build_version":"2020-12-22","purchased_purges":2,"victory":true,"max_hp_per_floor":[75,75,75,75,75,75,75,75,75,75,75,75,75,75,75,75,75,75,75,75,75,75,75,75,75,75,75,75,75,75,75,75,75,75,75,75,75,75,75,75,75,75,75,75,75,75,75,75,75,75],"card_choices":[{"not_picked":["Midas Touch","Poisoned Strike"],"picked":"The Bomb","floor":0},{"not_picked":["Rebound","Leap"],"picked":"Reinforced Body","floor":1},{"not_picked":["Leap","Melter"],"picked":"Coolheaded","floor":5},{"not_picked":["Heatsinks","Panic Button","ReplaySolidLightProjector"],"picked":"SKIP","floor":7},{"not_picked":["Blizzard","Beam Cell"],"picked":"Cold Snap","floor":10},{"not_picked":["Turbo","Storm","Beam Cell"],"picked":"SKIP","floor":13},{"not_picked":["Streamline","ReplayTheSpireMod:Reroute Power"],"picked":"Sweeping Beam","floor":14},{"not_picked":["Multi-Cast","Meteor Strike"],"picked":"Mirror Shield","floor":16},{"not_picked":["ReplayGash","Chaos","hubris:PowerSurge"],"picked":"SKIP","floor":18},{"not_picked":["Stack","Aggregate"],"picked":"Coolheaded","floor":20},{"not_picked":["BootSequence","Steam Power"],"picked":"Ball Lightning","floor":21},{"not_picked":["Stack","Redo"],"picked":"Ball Lightning","floor":22},{"not_picked":["Hello World+1","hubris:Ukulele"],"picked":"Coolheaded","floor":23},{"not_picked":["Turbo","Conserve Battery","Rebound"],"picked":"SKIP","floor":24},{"not_picked":["ReplayTheSpireMod:Repulse","Rebound"],"picked":"Glacier","floor":29},{"not_picked":["Skim","Sweeping Beam"],"picked":"Coolheaded+1","floor":30},{"not_picked":["hubris:SpecializedCircuitry","Multi-Cast"],"picked":"Machine Learning","floor":33},{"not_picked":["ReplaySolidLightProjector+1","Stack","Gash"],"picked":"SKIP","floor":35},{"not_picked":["Replay:BasicMightCard","Dramatic Entrance"],"picked":"Apotheosis","floor":36},{"not_picked":["ReplayTheSpireMod:Repulse+1","Steam"],"picked":"BasicCrystalCard+1","floor":38},{"not_picked":["Go for the Eyes","Beam Cell+1"],"picked":"Barrage","floor":41},{"not_picked":["Tempest","Panic Button","Reprogram"],"picked":"SKIP","floor":42},{"not_picked":["Steam+1","Sweeping Beam"],"picked":"Consume+1","floor":45},{"not_picked":["Turbo","Amplify","Beam Cell+1"],"picked":"SKIP","floor":46},{"not_picked":["Fusion","Steam"],"picked":"Echo Form","floor":47},{"not_picked":["Panic Button+1","Rebound"],"picked":"Meteor Strike","floor":48}],"player_experience":96138,"relics_obtained":[{"floor":4,"key":"Potion Belt"},{"floor":7,"key":"Omamori"},{"floor":9,"key":"Ice Cream"},{"floor":10,"key":"War Paint"},{"floor":12,"key":"hubris:RGBLights"},{"floor":14,"key":"Replay:Mystery Machine"},{"floor":20,"key":"Red Mask"},{"floor":23,"key":"infinitespire:CursedDice"},{"floor":26,"key":"infinitespire:Beetle Shell"},{"floor":42,"key":"hubris:MedicalManual"},{"floor":43,"key":"Cables"},{"floor":45,"key":"hubris:BallOfYels"},{"floor":48,"key":"Simple Rune"}],"event_choices":[{"damage_healed":0,"gold_gain":0,"player_choice":"Take Damage","damage_taken":18,"relics_obtained":["Golden Idol"],"max_hp_gain":0,"max_hp_loss":0,"event_name":"Golden Idol","floor":3,"gold_loss":0},{"damage_healed":0,"gold_gain":0,"player_choice":"Fought Bandits","damage_taken":0,"max_hp_gain":0,"max_hp_loss":0,"event_name":"Masked Bandits","floor":20,"gold_loss":0},{"damage_healed":0,"gold_gain":0,"player_choice":"Memory 1","damage_taken":0,"max_hp_gain":0,"max_hp_loss":0,"event_name":"SensoryStone","floor":36,"gold_loss":0}],"is_beta":false,"boss_relics":[{"not_picked":["Empty Cage","Busted Crown"],"picked":"hubris:TerracottaHorce"},{"not_picked":["hubris:BlackHole","Kintsugi"],"picked":"hubris:Backtick"}],"items_purged_floors":[19,31],"is_endless":false,"potions_floor_spawned":[5,10,20,22,24,29,30,35,45,46,47],"ascension_level":4}}