{"host":"vumwfieg2b2mnrfl","time":1609294369,"event":{"mods":["AchievementEnabler","BaseMod","Minty Spire (QoL Compilation)","Rare Cards Sparkle","Relic Stats"],"gold_per_floor":[111,124,136,136,136,176,176,176,200,200,216,230,265,265,265,363,363,386,386,163,163,11,11,11],"floor_reached":23,"playtime":633,"items_purged":["Injury"],"score":345,"play_id":"5c590f2e-2d67-4808-a6cd-d1fcb8f93a78","local_time":"20201229201249","is_ascension_mode":true,"campfire_choices":[{"data":"Bash","floor":7,"key":"SMITH"},{"floor":10,"key":"REST"},{"floor":15,"key":"REST"}],"circlet_count":0,"master_deck":["AscendersBane","Strike_R","Strike_R","Strike_R","Strike_R","Defend_R","Defend_R","Defend_R","Defend_R","Bash+1","The Bomb","Rampage","Cleave","Metallicize","Flame Barrier","Shrug It Off","Barricade","Clothesline"],"relics":["Burning Blood","Golden Idol","Tiny Chest","WarpedTongs","Boot","Regal Pillow","Black Star","Letter Opener","Medical Kit","Anchor","HandDrill"],"acts_visited":["Exordium","TheCity"],"potions_floor_usage":[23,23],"damage_taken":[{"damage":4,"enemies":"Jaw Worm","floor":1,"turns":4},{"damage":1,"enemies":"2 Louse","floor":2,"turns":2},{"damage":0,"enemies":"Cultist","floor":3,"turns":3},{"damage":37,"enemies":"Gremlin Nob","floor":6,"turns":4},{"damage":15,"enemies":"Looter","floor":11,"turns":4},{"damage":1,"enemies":"3 Louse","floor":12,"turns":4},{"damage":17,"enemies":"Lagavulin","floor":13,"turns":7},{"damage":51,"enemies":"Hexaghost","floor":16,"turns":10},{"damage":23,"enemies":"Spheric Guardian","floor":18,"turns":6},{"damage":55,"enemies":"Book of Stabbing","floor":23,"turns":7}],"seed_played":"-419024367983056920","potions_obtained":[{"floor":1,"key":"BlessingOfTheForge"},{"floor":2,"key":"FearPotion"},{"floor":13,"key":"LiquidMemories"},{"floor":18,"key":"Regen Potion"}],"is_trial":false,"path_per_floor":["M","M","M","?","?","E","R","?","T","R","M","M","E","?","R","B",null,"M","T","$","T","$","E"],"character_chosen":"IRONCLAD","items_purchased":["Medical Kit","HandDrill"],"campfire_rested":2,"item_purchase_floors":[20,22],"current_hp_per_floor":[68,68,68,68,61,30,30,30,30,50,41,46,35,35,68,23,57,40,40,40,40,40,0,0],"gold":11,"neow_bonus":"RANDOM_COLORLESS_2","is_daily":false,"chose_seed":false,"campfire_upgraded":1,"win_rate":0.0,"timestamp":1609294369,"path_taken":["M","M","M","?","?","E","R","?","T","R","M","?","E","?","R","BOSS","M","?","?","?","$","E"],"items_purchased_type":["Relic","Relic"],"build_version":"2020-12-22","purchased_purges":1,"victory":false,"max_hp_per_floor":[68,68,68,68,68,68,68,68,68,68,68,68,68,68,68,68,68,68,68,68,68,68,68,68],"relic_stats":{"Regal Pillow":13,"counters":[10,51],"Golden Idol":46,"Tiny Chest":1,"Black Star":0,"HandDrill":[0],"Letter Opener":[0],"Boot":[1],"Medical Kit":[2],"obtain_stats":[{"Regal Pillow":13,"Anchor":21,"Golden Idol":4,"Tiny Chest":6,"Black Star":17,"HandDrill":22,"Letter Opener":19,"Boot":9,"Medical Kit":20,"Burning Blood":0,"WarpedTongs":8},{"Regal Pillow":7,"Anchor":9,"Golden Idol":3,"Tiny Chest":4,"Black Star":8,"HandDrill":9,"Letter Opener":9,"Boot":4,"Medical Kit":9,"Burning Blood":0,"WarpedTongs":4},{"Regal Pillow":28,"Anchor":44,"Golden Idol":9,"Tiny Chest":13,"Black Star":38,"HandDrill":44,"Letter Opener":44,"Boot":13,"Medical Kit":44,"Burning Blood":0,"WarpedTongs":13}],"Burning Blood":41,"WarpedTongs":[38]},"card_choices":[{"not_picked":["Sadistic Nature","Secret Weapon"],"picked":"The Bomb","floor":0},{"not_picked":["Thunderclap","Sword Boomerang"],"picked":"Rampage","floor":1},{"not_picked":["Iron Wave","Flex"],"picked":"Cleave","floor":2},{"not_picked":["Clash","Evolve","Twin Strike"],"picked":"SKIP","floor":3},{"not_picked":["Twin Strike","Rupture"],"picked":"Metallicize","floor":6},{"not_picked":["Body Slam","Carnage"],"picked":"Flame Barrier","floor":11},{"not_picked":["Brutality","Warcry","Anger"],"picked":"SKIP","floor":12},{"not_picked":["Anger","Impervious"],"picked":"Shrug It Off","floor":13},{"not_picked":["Limit Break","Berserk"],"picked":"Barricade","floor":16},{"not_picked":["Iron Wave+1","Sever Soul"],"picked":"Clothesline","floor":18}],"player_experience":329408,"relics_obtained":[{"floor":6,"key":"Tiny Chest"},{"floor":9,"key":"Boot"},{"floor":13,"key":"Regal Pillow"},{"floor":19,"key":"Letter Opener"},{"floor":21,"key":"Anchor"}],"event_choices":[{"damage_healed":0,"gold_gain":0,"player_choice":"Take Wound","damage_taken":0,"relics_obtained":["Golden Idol"],"max_hp_gain":0,"max_hp_loss":0,"event_name":"Golden Idol","floor":4,"gold_loss":0,"cards_obtained":["Injury"]},{"cards_removed":["Strike_R"],"damage_healed":0,"gold_gain":0,"player_choice":"Card Removal","damage_taken":7,"max_hp_gain":0,"max_hp_loss":0,"event_name":"Golden Wing","floor":5,"gold_loss":0},{"damage_healed":0,"gold_gain":0,"player_choice":"Rummage","damage_taken":0,"relics_obtained":["WarpedTongs"],"max_hp_gain":0,"max_hp_loss":0,"event_name":"Accursed Blacksmith","floor":8,"gold_loss":0,"cards_obtained":["Pain"]},{"cards_removed":["Pain"],"damage_healed":0,"gold_gain":0,"player_choice":"Forget","damage_taken":0,"max_hp_gain":0,"max_hp_loss":0,"event_name":"Living Wall","floor":14,"gold_loss":0}],"is_beta":false,"boss_relics":[{"not_picked":["Runic Cube","Fusion Hammer"],"picked":"Black Star"}],"items_purged_floors":[20],"is_endless":false,"potions_floor_spawned":[1,2,13,16,18],"killed_by":"Book of Stabbing","ascension_level":15}}