{"host":"yer03dsd277nstsn","time":1609317270,"event":{"mods":["BaseMod","Colored Powertips","Minty Spire (QoL Compilation)"],"gold_per_floor":[112,1,17,35,54,80,80,91,91,120,152,152,58,77,77,181,181,201,101,101,26,26,26,56,71,125,125,125,125],"floor_reached":28,"playtime":1122,"items_purged":["Strike_B","Tempest+1"],"score":322,"play_id":"6dc02ca2-95c4-4c21-9886-068885ffb8e3","local_time":"20201230023430","is_ascension_mode":true,"campfire_choices":[{"data":"Defragment","floor":7,"key":"SMITH"},{"floor":12,"key":"REST"},{"floor":15,"key":"REST"},{"data":"Capacitor","floor":23,"key":"SMITH"}],"circlet_count":0,"master_deck":["Defend_B","Defend_B","Zap","Dualcast","Ball Lightning","Conserve Battery","Doom and Gloom","Defragment+1","Turbo","Streamline","Cold Snap","Undo","Capacitor+1","Conserve Battery","Chill","Machine Learning","Hello World+1","Conserve Battery+1","Hologram+1"],"relics":["Cracked Core","Akabeko","Ornamental Fan","Odd Mushroom","Pear","Astrolabe","Symbiotic Virus","Dream Catcher"],"acts_visited":["Exordium","TheCity"],"potions_floor_usage":[11,11,27,28,28],"damage_taken":[{"damage":7,"enemies":"Jaw Worm","floor":1,"turns":3},{"damage":0,"enemies":"2 Louse","floor":3,"turns":2},{"damage":0,"enemies":"Small Slimes","floor":4,"turns":2},{"damage":0,"enemies":"3 Louse","floor":5,"turns":2},{"damage":27,"enemies":"Gremlin Nob","floor":6,"turns":4},{"damage":0,"enemies":"Gremlin Gang","floor":8,"turns":1},{"damage":12,"enemies":"The Mushroom Lair","floor":10,"turns":3},{"damage":17,"enemies":"Lagavulin","floor":11,"turns":7},{"damage":21,"enemies":"Exordium Thugs","floor":14,"turns":3},{"damage":12,"enemies":"Hexaghost","floor":16,"turns":9},{"damage":12,"enemies":"Shell Parasite","floor":18,"turns":7},{"damage":54,"enemies":"Slavers","floor":24,"turns":8},{"damage":1,"enemies":"Spheric Guardian","floor":25,"turns":4},{"damage":0,"enemies":"3 Cultists","floor":27,"turns":2},{"damage":13,"enemies":"Colosseum Slavers","floor":28,"turns":1}],"seed_played":"1183956876301838694","potions_obtained":[{"floor":3,"key":"EssenceOfSteel"},{"floor":8,"key":"Weak Potion"},{"floor":10,"key":"Weak Potion"},{"floor":11,"key":"Fire Potion"},{"floor":14,"key":"SteroidPotion"},{"floor":16,"key":"ColorlessPotion"},{"floor":18,"key":"SmokeBomb"}],"is_trial":false,"path_per_floor":["M","$","M","M","M","E","R","M","T","?","E","R","$","M","R","B",null,"M","$","?","?","$","R","E","M","T","M","?"],"character_chosen":"DEFECT","items_purchased":["Doom and Gloom","Capacitor","Conserve Battery"],"campfire_rested":2,"item_purchase_floors":[2,13,13],"current_hp_per_floor":[61,61,61,61,61,34,34,34,34,22,15,40,40,19,44,32,72,60,60,60,60,60,60,6,5,5,5,0,0],"gold":125,"neow_bonus":"THREE_CARDS","is_daily":false,"chose_seed":false,"campfire_upgraded":2,"win_rate":0.0,"timestamp":1609317270,"path_taken":["M","$","M","M","M","E","R","M","T","?","E","R","$","M","R","BOSS","M","$","?","?","?","R","E","M","T","M","?"],"items_purchased_type":["Card","Card","Card"],"build_version":"2020-12-22","purchased_purges":2,"victory":false,"max_hp_per_floor":[75,75,75,75,75,75,75,75,75,75,85,85,85,85,85,85,85,85,85,85,85,85,85,85,85,85,85,85,85],"card_choices":[{"not_picked":["Steam Power","Coolheaded"],"picked":"Ball Lightning","floor":0},{"not_picked":["Reinforced Body","Chaos"],"picked":"Conserve Battery","floor":1},{"not_picked":["Steam","Redo"],"picked":"Defragment","floor":3},{"not_picked":["FTL","Coolheaded"],"picked":"Turbo","floor":4},{"not_picked":["Go for the Eyes","Steam"],"picked":"Streamline","floor":5},{"not_picked":["Conserve Battery","Fusion"],"picked":"Cold Snap","floor":6},{"not_picked":["Force Field","Redo","Buffer"],"picked":"SKIP","floor":8},{"not_picked":["Sunder","Ball Lightning"],"picked":"Undo","floor":10},{"not_picked":["Cold Snap","Darkness","Sweeping Beam"],"picked":"SKIP","floor":11},{"not_picked":["BootSequence","Coolheaded"],"picked":"Chill","floor":14},{"not_picked":["Biased Cognition","Hyperbeam"],"picked":"Machine Learning","floor":16},{"not_picked":["Redo+1","Steam"],"picked":"Hologram+1","floor":18},{"not_picked":["Sunder","White Noise","Force Field"],"picked":"SKIP","floor":24},{"not_picked":["Conserve Battery","Chaos","Heatsinks+1"],"picked":"SKIP","floor":25}],"player_experience":400231,"relics_obtained":[{"floor":6,"key":"Akabeko"},{"floor":9,"key":"Ornamental Fan"},{"floor":10,"key":"Odd Mushroom"},{"floor":11,"key":"Pear"},{"floor":24,"key":"Symbiotic Virus"},{"floor":26,"key":"Dream Catcher"}],"event_choices":[{"damage_healed":0,"gold_gain":0,"player_choice":"Fought Mushrooms","damage_taken":0,"max_hp_gain":0,"max_hp_loss":0,"event_name":"Mushrooms","floor":10,"gold_loss":0},{"cards_removed":["Defend_B"],"damage_healed":0,"gold_gain":0,"player_choice":"Elegance","damage_taken":0,"max_hp_gain":0,"max_hp_loss":0,"event_name":"Back to Basics","floor":20,"gold_loss":0},{"cards_removed":["Defend_B"],"damage_healed":0,"gold_gain":0,"player_choice":"Gave Gold","damage_taken":0,"max_hp_gain":0,"max_hp_loss":0,"event_name":"Beggar","floor":21,"gold_loss":75},{"damage_healed":0,"gold_gain":0,"player_choice":"Fight","damage_taken":0,"max_hp_gain":0,"max_hp_loss":0,"event_name":"Colosseum","floor":28,"gold_loss":0}],"is_beta":false,"boss_relics":[{"not_picked":["Empty Cage","SlaversCollar"],"picked":"Astrolabe"}],"items_purged_floors":[2,19],"is_endless":false,"potions_floor_spawned":[3,8,10,11,14,16,18,27],"killed_by":"Colosseum Slavers","ascension_level":6}}