{"host":"hm3ikmf8oxbtqms2","time":1609346856,"event":{"mods":["BaseMod","Best Route Mod","Bestiary","Better Vampires","Block Reminder","Colored Map","Colored Powertips","Curses Come First","DeckTracker","Displayed Cursed Tome","Highlight Path","Minty Spire (QoL Compilation)","Quick Restart","StSLib"],"gold_per_floor":[116,116,131,142,159,159,190,190,190,219,233,408,13,33,33,138,138,150,164,164,164,12,12,12],"floor_reached":23,"playtime":2039,"items_purged":["Doubt","Decay"],"score":258,"play_id":"0332aed8-edd0-4070-80c1-63a83f0abe06","local_time":"20201230114736","is_ascension_mode":true,"campfire_choices":[{"data":"Neutralize","floor":6.0,"key":"SMITH"},{"data":"Blade Dance","floor":8.0,"key":"SMITH"},{"data":"Infinite Blades","floor":15.0,"key":"SMITH"}],"circlet_count":0,"master_deck":["Strike_G","Strike_G","Strike_G","Strike_G","Strike_G","Defend_G","Defend_G","Defend_G","Defend_G","Defend_G","Survivor","Neutralize+1","Deflect","Heel Hook","Blade Dance+1","Well Laid Plans","Bane","Blade Dance","Accuracy","Trip","Infinite Blades+1","Bouncing Flask","Adrenaline","Backflip","Outmaneuver","PiercingWail"],"relics":["Busted Crown","Darkstone Periapt","Eternal Feather","Bottled Flame","Pen Nib","Odd Mushroom","Black Star","Nilry\u0027s Codex"],"acts_visited":["Exordium","TheCity"],"potions_floor_usage":[23],"damage_taken":[{"damage":3.0,"enemies":"2 Louse","floor":1.0,"turns":2.0},{"damage":0.0,"enemies":"Cultist","floor":3.0,"turns":4.0},{"damage":0.0,"enemies":"Small Slimes","floor":4.0,"turns":3.0},{"damage":3.0,"enemies":"Blue Slaver","floor":5.0,"turns":4.0},{"damage":0.0,"enemies":"Gremlin Nob","floor":7.0,"turns":3.0},{"damage":7.0,"enemies":"Lagavulin","floor":10.0,"turns":7.0},{"damage":0.0,"enemies":"Large Slime","floor":11.0,"turns":2.0},{"damage":11.0,"enemies":"The Mushroom Lair","floor":14.0,"turns":3.0},{"damage":20.0,"enemies":"Hexaghost","floor":16.0,"turns":5.0},{"damage":16.0,"enemies":"Spheric Guardian","floor":18.0,"turns":4.0},{"damage":20.0,"enemies":"3 Byrds","floor":19.0,"turns":5.0},{"damage":33,"enemies":"Slavers","floor":23,"turns":3}],"seed_played":"-2971695995558782721","potions_obtained":[{"floor":2.0,"key":"CultistPotion"},{"floor":2.0,"key":"AttackPotion"},{"floor":2.0,"key":"BlessingOfTheForge"},{"floor":10.0,"key":"CunningPotion"},{"floor":11.0,"key":"Strength Potion"},{"floor":14.0,"key":"AttackPotion"},{"floor":16.0,"key":"Explosive Potion"},{"floor":19.0,"key":"LiquidBronze"}],"is_trial":false,"path_per_floor":["M","?","M","M","M","R","E","R","T","E","M","?","$","?","R","B",null,"M","M","?","?","$","E"],"character_chosen":"THE_SILENT","items_purchased":["Pen Nib","Trip","Infinite Blades","PiercingWail"],"campfire_rested":0,"item_purchase_floors":[13,13,13,22],"current_hp_per_floor":[67,67,67,67,64,64,64,64,64,57,57,63,63,52,64,44,76,60,40,24,30,30,0,0],"gold":12,"neow_bonus":"BOSS_RELIC","is_daily":false,"chose_seed":false,"campfire_upgraded":3,"win_rate":0.0,"timestamp":1609346856,"path_taken":["M","?","?","M","M","R","E","R","T","E","M","?","$","?","R","BOSS","M","M","?","?","$","E"],"items_purchased_type":["Relic","Card","Card","Card"],"build_version":"2020-12-22","purchased_purges":2,"victory":false,"max_hp_per_floor":[70,70,70,70,70,70,70,70,70,70,70,76,76,76,76,76,76,76,76,76,82,82,82,82],"card_choices":[{"not_picked":[],"picked":"Deflect","floor":1.0},{"not_picked":[],"picked":"Heel Hook","floor":3.0},{"not_picked":[],"picked":"Blade Dance","floor":4.0},{"not_picked":[],"picked":"Well Laid Plans","floor":5.0},{"not_picked":[],"picked":"Bane","floor":7.0},{"not_picked":[],"picked":"Blade Dance","floor":10.0},{"not_picked":[],"picked":"Accuracy","floor":11.0},{"not_picked":[],"picked":"Bouncing Flask","floor":14.0},{"not_picked":[],"picked":"Adrenaline","floor":16.0},{"not_picked":[],"picked":"Backflip","floor":18.0},{"not_picked":[],"picked":"Outmaneuver","floor":19.0}],"player_experience":243847,"relics_obtained":[{"floor":7.0,"key":"Darkstone Periapt"},{"floor":9.0,"key":"Eternal Feather"},{"floor":10.0,"key":"Bottled Flame"},{"floor":14.0,"key":"Odd Mushroom"}],"event_choices":[{"damage_healed":0.0,"max_hp_gain":0.0,"max_hp_loss":0.0,"gold_gain":0.0,"event_name":"Lab","player_choice":"Got Potions","floor":2.0,"gold_loss":0.0,"damage_taken":0.0},{"damage_healed":0.0,"max_hp_gain":0.0,"max_hp_loss":0.0,"gold_gain":175.0,"event_name":"Liars Game","player_choice":"AGREE","floor":12.0,"gold_loss":0.0,"damage_taken":0.0,"cards_obtained":["Doubt"]},{"damage_healed":0.0,"max_hp_gain":0.0,"max_hp_loss":0.0,"gold_gain":0.0,"event_name":"Mushrooms","player_choice":"Fought Mushrooms","floor":14.0,"gold_loss":0.0,"damage_taken":0.0},{"damage_healed":0.0,"max_hp_gain":0.0,"max_hp_loss":0.0,"gold_gain":0.0,"event_name":"Cursed Tome","player_choice":"Obtained Book","floor":20.0,"gold_loss":0.0,"damage_taken":16.0},{"damage_healed":0.0,"max_hp_gain":0.0,"max_hp_loss":0.0,"gold_gain":0.0,"event_name":"Forgotten Altar","player_choice":"Smashed Altar","floor":21.0,"gold_loss":0.0,"damage_taken":0.0,"cards_obtained":["Decay"]}],"is_beta":false,"boss_relics":[{"not_picked":["Runic Pyramid","Philosopher\u0027s Stone"],"picked":"Black Star"}],"items_purged_floors":[13,22],"is_endless":false,"potions_floor_spawned":[5,10,11,14,16,19],"killed_by":"Slavers","ascension_level":3}}