{"host":"93x13jgem5w43hjr","time":1609343704,"event":{"mods":["AchievementEnabler","BaseMod","Better Note","Colored Map","Colored Powertips","Downfall","Minty Spire (QoL Compilation)","Rare Cards Sparkle","Replay The Spire","StSLib","Waifu the Spire"],"gold_per_floor":[99,99,99,158,158,176,176,204,2,2,0,0,0,0,17,115,115,40,59,75,95,3,28,28,57,57,332,351,363,363,463,478,580,580,580,597,611,496,512,543,543,543,574,590,58,74,74,74,93,93],"floor_reached":51,"playtime":3379,"items_purged":["champ:Strike","champ:Execute","champ:ShieldSlam+1"],"score":804,"play_id":"0aa72946-3572-4e75-98fb-bc146fd681ec","local_time":"20201230085504","is_ascension_mode":true,"campfire_choices":[{"floor":1,"key":"RECALL"},{"data":"champ:DefensiveStyle","floor":10,"key":"SMITH"},{"data":"champ:Taunt","floor":13,"key":"SMITH"},{"data":"champ:FocusedDefense","floor":18,"key":"SMITH"},{"floor":26,"key":"REST"},{"floor":30,"key":"REST"},{"floor":35,"key":"DIG"},{"data":"champ:Control","floor":42,"key":"SMITH"},{"data":"Madness","floor":47,"key":"SMITH"}],"circlet_count":0,"master_deck":["champ:Strike+1","champ:Strike","champ:Strike","champ:Defend","champ:Defend","champ:Defend","champ:Defend+1","champ:Taunt+1","champ:BringItOn","champ:SwordSigil+1","champ:DefensiveStyle","champ:Control+1","champ:Balance","champ:CheapShot+1","champ:DefensiveStyle+1","champ:TornadoPunch+1","champ:TornadoPunch+1","champ:FocusedDefense+1","champ:ViciousMockery+1","champ:Circumvent","champ:DefensiveShout+1","champ:VampiricStrike+1","champ:FalseCounter+1","champ:EnGarde+1","champ:RisingSlash+1","Madness+1"],"relics":["champ:ChampionCrown","downfall:HeartsMalice","Ginger","Sundial","Molten Egg 2","Busted Crown","downfall:HeartBlessingRed","Replay:Bottled Snecko","Replay:Kaleidoscope","Shuriken","Toy Ornithopter","Empty Cage","Bird Faced Urn","Anchor","Toy Ornithopter","Garlic","BargainBundle","Replay:PocketPolymizer","Meat on the Bone"],"acts_visited":["Exordium","TheCity","TheBeyond"],"potions_floor_usage":[8,8,12,21,22,23,32,33,38,43,49],"damage_taken":[{"damage":0,"enemies":"Jaw Worm","floor":2,"turns":1},{"damage":0,"enemies":"Small Slimes","floor":3,"turns":1},{"damage":0,"enemies":"3 Sentries","floor":4,"turns":1},{"damage":5,"enemies":"Cultist","floor":6,"turns":3},{"damage":31,"enemies":"Gremlin Nob","floor":8,"turns":5},{"damage":19,"enemies":"downfall:FleeingMerchant","floor":9,"turns":4},{"damage":5,"enemies":"downfall:FleeingMerchant","floor":11,"turns":4},{"damage":0,"enemies":"The Mushroom Lair","floor":12,"turns":1},{"damage":1,"enemies":"3 Louse","floor":15,"turns":2},{"damage":11,"enemies":"downfall:Silent","floor":16,"turns":8},{"damage":5,"enemies":"Spheric Guardian","floor":19,"turns":2},{"damage":14,"enemies":"Shell Parasite","floor":20,"turns":4},{"damage":8,"enemies":"Chosen and Byrds","floor":21,"turns":4},{"damage":22,"enemies":"downfall:FleeingMerchant","floor":22,"turns":5},{"damage":5,"enemies":"Book of Stabbing","floor":23,"turns":5},{"damage":39,"enemies":"Slavers","floor":25,"turns":4},{"damage":17,"enemies":"Cultist and Chosen","floor":28,"turns":7},{"damage":12,"enemies":"Snecko","floor":29,"turns":4},{"damage":26,"enemies":"downfall:LadyInBlue","floor":31,"turns":9},{"damage":5,"enemies":"Shelled Parasite and Fungi","floor":32,"turns":3},{"damage":40,"enemies":"downfall:Watcher","floor":33,"turns":8},{"damage":0,"enemies":"3 Darklings","floor":36,"turns":4},{"damage":21,"enemies":"Orb Walker","floor":37,"turns":5},{"damage":18,"enemies":"downfall:FleeingMerchant","floor":38,"turns":5},{"damage":3,"enemies":"4 Shapes","floor":39,"turns":6},{"damage":1,"enemies":"R_Hoarder","floor":40,"turns":11},{"damage":25,"enemies":"Reptomancer","floor":43,"turns":6},{"damage":30,"enemies":"Spire Growth","floor":44,"turns":6},{"damage":0,"enemies":"downfall:FleeingMerchant","floor":45,"turns":4},{"damage":12,"enemies":"3 Darklings","floor":46,"turns":5},{"damage":11,"enemies":"Maw","floor":49,"turns":7},{"damage":13,"enemies":"downfall:Defect","floor":50,"turns":7}],"seed_played":"-6089443597585091802","potions_obtained":[{"floor":5,"key":"SmokeBomb"},{"floor":5,"key":"LiquidBronze"},{"floor":5,"key":"Adrenaline Potion"},{"floor":6,"key":"EssenceOfSteel"},{"floor":15,"key":"FairyPotion"},{"floor":16,"key":"champ:TechniquePotion"},{"floor":19,"key":"Fire Potion"},{"floor":25,"key":"Energy Potion"},{"floor":31,"key":"Guardian:BlockOnCardUsePotion"},{"floor":31,"key":"champ:TechniquePotion"},{"floor":32,"key":"CultistPotion"},{"floor":37,"key":"SkillPotion"},{"floor":43,"key":"Elixir"},{"floor":44,"key":"SpeedPotion"},{"floor":49,"key":"sneckomod:MuddlingPotion"}],"is_trial":false,"path_per_floor":["R_BF","M","M","?","?","M","T","E","$","R","$","?","R","?","M","B",null,"R","M","M","M","$","E","T","E","R","?","M","M","R","?","M","B",null,"R_BF","M","M","$","M","E","T","R","E","M","$","M","R","?","M","B",null],"character_chosen":"THE_CHAMP","items_purchased":["champ:DefensiveStyle","champ:TornadoPunch+1","EssenceOfSteel","BargainBundle","champ:RisingSlash+1","Madness","Block Potion","Replay:PocketPolymizer","Meat on the Bone"],"campfire_rested":2,"item_purchase_floors":[9,9,22,45,45,45,45,45,45],"current_hp_per_floor":[90,90,90,90,90,90,90,64,59,59,59,59,59,59,58,47,90,90,90,81,73,66,61,61,32,59,59,47,35,62,49,49,14,90,90,90,76,75,88,89,89,89,76,62,78,80,80,80,88,79],"gold":93,"neow_bonus":"THREE_ENEMY_KILL","is_daily":false,"chose_seed":false,"campfire_upgraded":5,"win_rate":0.0,"timestamp":1609343704,"path_taken":["R_BF","M","M","?","?","?","T","E","$","R","$","?","R","?","M","BOSS","R","M","M","M","$","E","T","E","R","?","M","?","R","?","M","BOSS","R_BF","M","M","$","?","E","T","R","E","M","$","?","R","?","M","BOSS"],"items_purchased_type":["Card","Card","Potion","Relic","Card","Card","Potion","Relic","Relic"],"build_version":"2020-12-22","purchased_purges":3,"victory":true,"max_hp_per_floor":[90,90,90,90,90,90,90,90,90,90,90,90,90,90,90,90,90,90,90,90,90,90,90,90,90,90,90,90,90,90,90,90,90,90,90,90,90,90,90,90,90,90,90,90,90,90,90,90,90,90],"card_choices":[{"not_picked":["champ:ShieldSigil","champ:Lariat"],"picked":"champ:BringItOn","floor":2},{"not_picked":["champ:Backstep","champ:Encircle"],"picked":"champ:SwordSigil","floor":3},{"not_picked":["champ:StanceDance","champ:FocusedGladiator"],"picked":"champ:DefensiveStyle","floor":4},{"not_picked":["champ:BerserkersShout","champ:EnGarde"],"picked":"champ:Control","floor":6},{"not_picked":["champ:BerserkerStyle","champ:RageSigil"],"picked":"champ:Balance","floor":8},{"not_picked":["champ:FocusedBerserking","champ:BladeFlurry+1"],"picked":"champ:CheapShot+1","floor":9},{"not_picked":["champ:Control","champ:BerserkerStyle","champ:Backstep"],"picked":"SKIP","floor":11},{"not_picked":["champ:GladiatorsShout","champ:EnGarde"],"picked":"champ:FocusedDefense","floor":15},{"not_picked":["champ:CheapShot+1","champ:VampiricStrike+1"],"picked":"champ:ShieldSlam+1","floor":16},{"not_picked":["champ:Aggression+1"],"picked":"SKIP","floor":19},{"not_picked":["champ:FaceSlap+1"],"picked":"SKIP","floor":20},{"not_picked":["champ:Haymaker+1"],"picked":"SKIP","floor":21},{"not_picked":["champ:HeavySlash+1"],"picked":"SKIP","floor":22},{"not_picked":["champ:StanceDance"],"picked":"SKIP","floor":23},{"not_picked":["champ:FlashCut+1"],"picked":"SKIP","floor":25},{"not_picked":[],"picked":"champ:ViciousMockery+1","floor":28},{"not_picked":[],"picked":"champ:Circumvent","floor":29},{"not_picked":["champ:FlashCut+1"],"picked":"SKIP","floor":32},{"not_picked":[],"picked":"champ:DefensiveShout+1","floor":36},{"not_picked":["champ:DeathBlow+1"],"picked":"SKIP","floor":37},{"not_picked":[],"picked":"champ:VampiricStrike+1","floor":38},{"not_picked":[],"picked":"champ:FalseCounter+1","floor":39},{"not_picked":["champ:FocusedBerserking+1"],"picked":"SKIP","floor":40},{"not_picked":["champ:FanOfKnives+1"],"picked":"SKIP","floor":43},{"not_picked":[],"picked":"champ:EnGarde+1","floor":44},{"not_picked":["champ:AdrenalArmor+1"],"picked":"SKIP","floor":45},{"not_picked":["champ:CrookedStrike+1"],"picked":"SKIP","floor":46},{"not_picked":["champ:FocusedBerserking+1"],"picked":"SKIP","floor":49}],"player_experience":148563,"relics_obtained":[{"floor":7,"key":"Sundial"},{"floor":8,"key":"Molten Egg 2"},{"floor":23,"key":"Replay:Bottled Snecko"},{"floor":24,"key":"Replay:Kaleidoscope"},{"floor":25,"key":"Shuriken"},{"floor":31,"key":"Toy Ornithopter"},{"floor":35,"key":"Bird Faced Urn"},{"floor":40,"key":"Anchor"},{"floor":41,"key":"Toy Ornithopter"},{"floor":43,"key":"Garlic"}],"event_choices":[{"damage_healed":0,"gold_gain":0,"player_choice":"Got Potions","damage_taken":0,"max_hp_gain":0,"max_hp_loss":0,"event_name":"Lab","floor":5,"gold_loss":0},{"damage_healed":0,"gold_gain":0,"player_choice":"Fought Mushrooms","damage_taken":0,"max_hp_gain":0,"max_hp_loss":0,"event_name":"Mushrooms","floor":12,"gold_loss":0},{"damage_healed":0,"gold_gain":0,"player_choice":"Ignored","damage_taken":0,"max_hp_gain":0,"max_hp_loss":0,"event_name":"Mysterious Sphere","floor":48,"gold_loss":0}],"is_beta":false,"boss_relics":[{"not_picked":["Runic Pyramid","Sozu"],"picked":"Busted Crown"},{"not_picked":["Replay:Grab Bag","Ring of Chaos"],"picked":"Empty Cage"}],"items_purged_floors":[9,38,45],"is_endless":false,"potions_floor_spawned":[6,12,15,16,19,20,25,32,37,43,44,46,49],"ascension_level":1}}