{"host":"w2kjv12xyhtt0cv2","time":1609347248,"event":{"mods":["Act Like it!","BaseMod","Colored Map","Friendly Minions","Gensokyo","Highlight Path","Hubris","Kiyohime（清姬）","Marisa（F雨　魔理沙）","Minty Spire (QoL Compilation)","Quick Restart","Reimu（博丽灵梦）","Relic Stats","Replay The Spire","RumiaBox-露米娅的神秘盒子","Shop Mod","Spicy Shops","StSLib","The Cursed","The Servant 0.9.4","UnlockEverythingMod","Waifu the Spire","[功能]功能增强和修复MOD","vexMod","【功能Mod】Neow奖励","【遗物卡牌】REMEMod","没有小屋子和绿帽子啦"],"gold_per_floor":[112,112,112,112,112,112,130,164,216,236,249,249,266,285,285,382,382,397,397,329,340,67,67,167,200,200,200,232,247,281,297,297,401,401,416,13,75,75,75,103,103,135,205,222,522,537,537,568,568,168],"floor_reached":51,"playtime":2765,"items_purged":["Strike_S"],"score":1815,"play_id":"bb9c123d-9b1c-4650-af55-825993de3ff5","local_time":"20201231005408","is_ascension_mode":true,"campfire_choices":[{"data":"Hyperbeam","floor":6.0,"key":"SMITH"},{"floor":15.0,"key":"DIG"},{"data":"SoulSculpture","floor":23.0,"key":"SMITH"},{"data":"InstantArmor","floor":27.0,"key":"SMITH"},{"data":"TheCursedMod:CircleOfBlood","floor":32.0,"key":"SMITH"},{"data":"Reprogram","floor":41.0,"key":"SMITH"},{"data":"hubris:DuctTapeCard","floor":49.0,"key":"SMITH"}],"circlet_count":0,"master_deck":["Strike_S","Defend_S","Defend_S","Defend_S","Defend_S","Hyperbeam+1","Reprogram+1","Reboot","SoulSculpture+1","Manipulate","TheWorld","BottledTime","InstantArmor+1","Finesse","Comet+1","Hyperbeam+1","TheWorld","Spin+1","TheCursedMod:CircleOfBlood+1","Embodiment","BottledTime+1","Spin+1","BottledTime","Sabotage+1","TheWorld","hubris:DuctTapeCard"],"relics":["Uniform","REME_ComplimentaryCards","hubris:Teleporter","hubris:Towel","vexMod:BarristanHead","MealTicket","Prayer Wheel","SoulBox","DollysMirror","Tiny Chest","Omamori","Replay:Baseball","hubris:DisguiseKit","hubris:ToyBattleship","hubris:Backtick","hubris:Zylophone","ReplayTheSpireMod:EnergyBall","vexMod:FocusSash","Blue Candle","Replay:Bottled Flurry","Lizard Tail","hubris:DuctTape","Pantograph","hubris:NiceRug","Sundial","REME_HandOfSuture","REME_OnlineShoppingPlatform","CrazyTorch:ReiMu","SSSystem","hubris:EmptyBottle","vexMod:Dragonfruit","Counterbalance"],"acts_visited":["Exordium","TheCity","TheBeyond"],"potions_floor_usage":[50,50,50,50,50,50,50,50,50,50,50,50,50,50,50,50,50,50,50,50],"damage_taken":[{"damage":0.0,"enemies":"Small Slimes","floor":1.0,"turns":1.0},{"damage":0.0,"enemies":"Cultist","floor":7.0,"turns":2.0},{"damage":4.0,"enemies":"3 Sentries","floor":8.0,"turns":2.0},{"damage":0.0,"enemies":"2 Louse","floor":10.0,"turns":2.0},{"damage":0.0,"enemies":"2 Fungi Beasts","floor":11.0,"turns":2.0},{"damage":0.0,"enemies":"3 Louse","floor":13.0,"turns":1.0},{"damage":0.0,"enemies":"Large Slime","floor":14.0,"turns":4.0},{"damage":8.0,"enemies":"Fading Forest","floor":16.0,"turns":11.0},{"damage":2.0,"enemies":"Shell Parasite","floor":18.0,"turns":4.0},{"damage":0.0,"enemies":"3 Byrds","floor":21.0,"turns":3.0},{"damage":0.0,"enemies":"Replay:Snechameleon","floor":25.0,"turns":3.0},{"damage":0.0,"enemies":"Gremlin Leader","floor":28.0,"turns":3.0},{"damage":0.0,"enemies":"Snecko","floor":29.0,"turns":5.0},{"damage":2.0,"enemies":"Slavers","floor":30.0,"turns":2.0},{"damage":0.0,"enemies":"Centurion and Healer","floor":31.0,"turns":2.0},{"damage":0.0,"enemies":"Pondfish","floor":33.0,"turns":8.0},{"damage":8.0,"enemies":"3 Darklings","floor":35.0,"turns":3.0},{"damage":0.0,"enemies":"Reptomancer","floor":40.0,"turns":3.0},{"damage":0.0,"enemies":"R_Hoarder","floor":42.0,"turns":5.0},{"damage":0.0,"enemies":"3 Shapes","floor":44.0,"turns":1.0},{"damage":6.0,"enemies":"hubris:Merchant","floor":45.0,"turns":4.0},{"damage":0.0,"enemies":"Nemesis","floor":46.0,"turns":5.0},{"damage":0.0,"enemies":"R_Hoarder","floor":48.0,"turns":5.0},{"damage":0,"enemies":"Time Eater","floor":50,"turns":2}],"seed_played":"-6792487429391830582","potions_obtained":[{"floor":7.0,"key":"GrandPatriotsElixir:ReiMu"},{"floor":8.0,"key":"Death Potion"},{"floor":10.0,"key":"Energy Potion"},{"floor":30.0,"key":"EssenceOfSteel"},{"floor":35.0,"key":"LiquidMemories"},{"floor":37.0,"key":"Elixir"},{"floor":40.0,"key":"EntropicBrew"},{"floor":42.0,"key":"Fruit Juice"}],"is_trial":false,"path_per_floor":["M","?","$","?","?","R","M","E","T","M","M","?","M","M","R_BF","B",null,"M","?","$","M","$","R","?","E","T","R","E","M","E","M","R","B",null,"M","$","?","$","T","E","R","E","T","M","$","E","?","E","R","B",null],"character_chosen":"THE_SERVANT","items_purchased":["DollysMirror","Tiny Chest","ReplayTheSpireMod:EnergyBall","vexMod:FocusSash"],"campfire_rested":0,"item_purchase_floors":[22,22,36,36],"current_hp_per_floor":[44,44,44,44,44,44,44,40,40,40,40,40,40,40,40,42,59,57,57,65,65,65,65,65,65,65,65,65,65,63,63,63,65,65,65,65,49,64,64,65,65,65,65,65,70,75,75,75,75,75],"gold":168,"neow_bonus":"ONE_RARE_RELIC","is_daily":false,"chose_seed":false,"campfire_upgraded":6,"win_rate":0.0,"timestamp":1609347248,"path_taken":["M","?","?","?","?","R","M","E","T","M","M","?","?","?","R_BF","BOSS","M","?","$","?","$","R","?","E","T","R","E","?","E","M","R","BOSS","M","$","?","$","?","E","R","E","T","M","$","E","?","E","R","BOSS"],"items_purchased_type":["Relic","Relic","Relic","Relic"],"build_version":"2020-12-22","purchased_purges":1,"victory":true,"max_hp_per_floor":[65,65,65,65,65,65,65,65,65,65,65,65,65,65,65,65,65,65,65,65,65,65,65,65,65,65,65,65,65,65,65,65,65,65,65,65,65,65,65,65,65,65,65,65,70,75,75,75,75,75],"relic_stats":{"Lizard Tail":0,"counters":[24,83],"Sundial":[0],"Blue Candle":[0],"Pantograph":0,"MealTicket":23,"Prayer Wheel":12,"Tiny Chest":1,"obtain_stats":[{"SSSystem":45,"SoulBox":17,"Uniform":0,"hubris:EmptyBottle":45,"ReplayTheSpireMod:EnergyBall":36,"Lizard Tail":40,"hubris:Backtick":34,"DollysMirror":22,"Sundial":45,"Pantograph":43,"MealTicket":9,"Prayer Wheel":15,"Tiny Chest":22,"Replay:Bottled Flurry":39,"REME_OnlineShoppingPlatform":45,"hubris:DisguiseKit":28,"hubris:Teleporter":0,"hubris:DuctTape":42,"Blue Candle":37,"Counterbalance":48,"Omamori":25,"vexMod:FocusSash":36,"hubris:Towel":5,"hubris:Zylophone":34,"vexMod:Dragonfruit":46,"Replay:Baseball":26,"vexMod:BarristanHead":8,"CrazyTorch:ReiMu":45,"REME_HandOfSuture":45,"hubris:ToyBattleship":30,"REME_ComplimentaryCards":0,"hubris:NiceRug":45},{"SSSystem":21,"SoulBox":8,"Uniform":0,"hubris:EmptyBottle":21,"ReplayTheSpireMod:EnergyBall":17,"Lizard Tail":18,"hubris:Backtick":16,"DollysMirror":10,"Sundial":21,"Pantograph":19,"MealTicket":3,"Prayer Wheel":7,"Tiny Chest":10,"Replay:Bottled Flurry":17,"REME_OnlineShoppingPlatform":21,"hubris:DisguiseKit":12,"hubris:Teleporter":0,"hubris:DuctTape":19,"Blue Candle":17,"Counterbalance":23,"Omamori":11,"vexMod:FocusSash":17,"hubris:Towel":1,"hubris:Zylophone":16,"vexMod:Dragonfruit":22,"Replay:Baseball":11,"vexMod:BarristanHead":3,"CrazyTorch:ReiMu":21,"REME_HandOfSuture":21,"hubris:ToyBattleship":14,"REME_ComplimentaryCards":0,"hubris:NiceRug":21},{"SSSystem":71,"SoulBox":25,"Uniform":0,"hubris:EmptyBottle":71,"ReplayTheSpireMod:EnergyBall":58,"Lizard Tail":61,"hubris:Backtick":55,"DollysMirror":32,"Sundial":71,"Pantograph":66,"MealTicket":5,"Prayer Wheel":14,"Tiny Chest":32,"Replay:Bottled Flurry":58,"REME_OnlineShoppingPlatform":71,"hubris:DisguiseKit":38,"hubris:Teleporter":0,"hubris:DuctTape":66,"Blue Candle":58,"Counterbalance":81,"Omamori":35,"vexMod:FocusSash":58,"hubris:Towel":1,"hubris:Zylophone":55,"vexMod:Dragonfruit":76,"Replay:Baseball":35,"vexMod:BarristanHead":5,"CrazyTorch:ReiMu":71,"REME_HandOfSuture":71,"hubris:ToyBattleship":45,"REME_ComplimentaryCards":0,"hubris:NiceRug":71}]},"card_choices":[{"not_picked":["ShatteredReality","Alleviate","Replace"],"picked":"SKIP","floor":1.0},{"not_picked":["Moondial","Replace","Potential"],"picked":"SKIP","floor":7.0},{"not_picked":["GearUp","Reset","PendulumOfEternity"],"picked":"SKIP","floor":8.0},{"not_picked":["Reset","Spin","Replace"],"picked":"SKIP","floor":10.0},{"not_picked":["SurpressingFire","TimeWarp"],"picked":"SoulSculpture","floor":11.0},{"not_picked":["Rearm","Revamp"],"picked":"Manipulate","floor":13.0},{"not_picked":["FastForward","Replace","SpecialFormula"],"picked":"SKIP","floor":14.0},{"not_picked":["SilverMatrix","ForgedInTime"],"picked":"TheWorld","floor":16.0},{"not_picked":["Revamp+1","Alleviate"],"picked":"BottledTime","floor":18.0},{"not_picked":["SpecialFormula+1","FanOfKnives"],"picked":"InstantArmor","floor":18.0},{"not_picked":["Contraction","MoonPhase"],"picked":"Comet+1","floor":21.0},{"not_picked":["ForgedInTime","Luminosity+1","DoubleEdge"],"picked":"SKIP","floor":21.0},{"not_picked":["Unruled","Moondial","Alleviate"],"picked":"SKIP","floor":25.0},{"not_picked":["Defy","ShatteredReality"],"picked":"TheWorld","floor":28.0},{"not_picked":["Orbit","Gouge","TheCursedMod:CursedStaff"],"picked":"Spin+1","floor":29.0},{"not_picked":["Potential","Revamp","DancingSilver","TheCursedMod:TroublousMinions"],"picked":"SKIP","floor":29.0},{"not_picked":["Alleviate+1","Rewind","Snipe+1","TheCursedMod:VitalStrike"],"picked":"SKIP","floor":30.0},{"not_picked":["Alleviate+1","Rewind","Snipe+1","TheCursedMod:VitalStrike"],"picked":"SKIP","floor":30.0},{"not_picked":["DancingSilver+1","Starlight","Spin"],"picked":"TheCursedMod:CircleOfBlood","floor":31.0},{"not_picked":["ShatteredReality","TimeWarp+1","Starlight","TheCursedMod:CursedBlade"],"picked":"SKIP","floor":31.0},{"not_picked":["MurderousAura","Solidify","TheCursedMod:ShockAndAwe"],"picked":"Embodiment","floor":33.0},{"not_picked":["ShatteredReality","Spin+1","TheCursedMod:VitalStrike"],"picked":"BottledTime+1","floor":35.0},{"not_picked":["Revamp+1","ShatteredReality","Potential+1","TheCursedMod:CursedAmulet"],"picked":"SKIP","floor":35.0},{"not_picked":["Revamp","Replace+1","TheCursedMod:CursedBlade"],"picked":"Spin+1","floor":40.0},{"not_picked":["Replace+1","Unruled","Sunlight","TheCursedMod:CursedBoomerang"],"picked":"SKIP","floor":42.0},{"not_picked":["DoubleEdge+1","RealityMarble","TheCursedMod:StingEye"],"picked":"BottledTime","floor":44.0},{"not_picked":["InstantArmor","FastForward+1","TheCursedMod:CursedAmulet"],"picked":"Sabotage+1","floor":44.0},{"not_picked":[],"picked":"TheWorld","floor":45.0},{"not_picked":["Unruled"],"picked":"SKIP","floor":45.0},{"not_picked":["Potential"],"picked":"SKIP","floor":45.0},{"not_picked":["Rewind"],"picked":"SKIP","floor":45.0},{"not_picked":["Luminosity"],"picked":"SKIP","floor":45.0},{"not_picked":["Enlightenment"],"picked":"SKIP","floor":45.0},{"not_picked":["Mayhem"],"picked":"SKIP","floor":45.0},{"not_picked":["FastForward","ShatteredReality+1","TimeWarp","TheCursedMod:HellfireBreathing"],"picked":"SKIP","floor":46.0},{"not_picked":["StarChef","Rearm+1","ShatteredReality","TheCursedMod:SpitefulStrike"],"picked":"SKIP","floor":48.0}],"player_experience":74007,"relics_obtained":[{"floor":8.0,"key":"vexMod:BarristanHead"},{"floor":9.0,"key":"MealTicket"},{"floor":15.0,"key":"Prayer Wheel"},{"floor":25.0,"key":"Omamori"},{"floor":26.0,"key":"Replay:Baseball"},{"floor":28.0,"key":"hubris:DisguiseKit"},{"floor":30.0,"key":"hubris:ToyBattleship"},{"floor":37.0,"key":"Blue Candle"},{"floor":39.0,"key":"Replay:Bottled Flurry"},{"floor":40.0,"key":"Lizard Tail"},{"floor":42.0,"key":"hubris:DuctTape"},{"floor":43.0,"key":"Pantograph"},{"floor":45.0,"key":"Sundial"},{"floor":45.0,"key":"REME_HandOfSuture"},{"floor":45.0,"key":"REME_OnlineShoppingPlatform"},{"floor":45.0,"key":"CrazyTorch:ReiMu"},{"floor":45.0,"key":"SSSystem"},{"floor":45.0,"key":"hubris:EmptyBottle"},{"floor":46.0,"key":"vexMod:Dragonfruit"},{"floor":48.0,"key":"Counterbalance"}],"event_choices":[{"damage_healed":0.0,"max_hp_gain":0.0,"max_hp_loss":0.0,"gold_gain":0.0,"cards_transformed":["Strike_S"],"event_name":"Transmorgrifier","player_choice":"Transformed","floor":2.0,"gold_loss":0.0,"damage_taken":0.0,"cards_obtained":["InstantArmor"]},{"cards_removed":["Strike_S"],"damage_healed":0.0,"max_hp_gain":0.0,"max_hp_loss":0.0,"gold_gain":0.0,"event_name":"Living Wall","player_choice":"Forget","floor":12.0,"gold_loss":0.0,"damage_taken":0.0},{"damage_healed":0.0,"max_hp_gain":0.0,"max_hp_loss":0.0,"gold_gain":0.0,"event_name":"Match and Keep!","player_choice":"2 cards matched","floor":19.0,"gold_loss":0.0,"damage_taken":0.0,"cards_obtained":["Finesse","InstantArmor"]},{"damage_healed":0.0,"max_hp_gain":0.0,"max_hp_loss":0.0,"gold_gain":100.0,"event_name":"Golden Shrine","player_choice":"Pray","floor":24.0,"gold_loss":0.0,"damage_taken":0.0}],"is_beta":false,"boss_relics":[{"not_picked":["hubris:TerracottaHorce","vexMod:MegatonBomb"],"picked":"SoulBox"},{"not_picked":["Pandora\u0027s Box","Velvet Choker"],"picked":"hubris:Backtick"}],"items_purged_floors":[20],"is_endless":false,"potions_floor_spawned":[7,8,10,21,28,30,31,35,40,42],"ascension_level":6}}