{"host":"jgqxb38yl0c1w101","time":1609286827,"event":{"mods":["BaseMod","Colored Map","Downfall","Minty Spire (QoL Compilation)","StSLib"],"gold_per_floor":[99,117,117,132,132,32,55,75,95,80,97,115,15,49,67,169,169,69,87,107,207,225,236,236,256,287,307,307,335,349,76,94,195,195,195,206,221,234,234,97,122,141,155,181,200,212,241,251,271,271,271,301,24,24,24],"floor_reached":56,"playtime":5643,"items_purged":["bronze:Mutator","bronze:Optimize"],"score":1288,"play_id":"5b56fddb-27e8-4669-b1a1-1daa5e3be768","local_time":"20201229190707","is_ascension_mode":false,"campfire_choices":[{"floor":1.0,"key":"RECALL"},{"data":"bronze:DelayedSlice","floor":6.0,"key":"SMITH"},{"data":"bronze:InfiniteBeams","floor":13.0,"key":"SMITH"},{"data":"bronze:TinkerersToolbox","floor":18.0,"key":"SMITH"},{"floor":28.0,"key":"REST"},{"floor":35.0,"key":"REST"},{"floor":54,"key":"REST"}],"circlet_count":0,"master_deck":["bronze:Replicate","bronze:Goto","bronze:ThunderWave","bronze:Safeguard+1","bronze:WhirlingStrike","bronze:DelayedSlice+1","bronze:Terminator","bronze:Constructor","bronze:Backtrace","bronze:InfiniteBeams+1","bronze:Backtrace","bronze:Format","bronze:Terminator","bronze:ForceShield","bronze:TinkerersToolbox+1","bronze:DelayedGuard","bronze:Constructor+1","bronze:InfiniteLoop","bronze:Terminator+1","bronze:CutThrough+1","bronze:DelayedSlice","bronze:FollowUp","bronze:Turbo","bronze:WhirlingStrike+1","bronze:Separator","bronze:Assembly","bronze:Turbo+1","bronze:Invalidate","bronze:GetLatest+1","Apotheosis","bronze:ChildClass+1","bronze:MaxOutput+1","bronze:Turbo+1","bronze:Repair+1","bronze:SpaghettiCode"],"relics":["bronze:BronzeCore","downfall:HeartBlessingRed","downfall:HeartBlessingBlue","The Courier","Pandora\u0027s Box","downfall:HeartBlessingGreen","White Beast Statue","InkBottle","Ginger","Bag of Marbles","Membership Card","Gremlin Horn","Fusion Hammer","Toy Ornithopter","bronze:Timepiece","champ:DeflectingBracers","Letter Opener","Bag of Preparation","Ancient Tea Set","Ornamental Fan","Dead Branch","Chemical X","Akabeko","Bottled Lightning"],"acts_visited":["Exordium","TheCity","TheBeyond","TheEnding"],"potions_floor_usage":[52,52],"damage_taken":[{"damage":0.0,"enemies":"Small Slimes","floor":2.0,"turns":4.0},{"damage":6.0,"enemies":"Cultist","floor":4.0,"turns":4.0},{"damage":4.0,"enemies":"Jaw Worm","floor":8.0,"turns":3.0},{"damage":6.0,"enemies":"Large Slime","floor":9.0,"turns":2.0},{"damage":0.0,"enemies":"downfall:FleeingMerchant","floor":10.0,"turns":4.0},{"damage":0.0,"enemies":"Lots of Slimes","floor":11.0,"turns":2.0},{"damage":0.0,"enemies":"Gremlin Gang","floor":12.0,"turns":3.0},{"damage":14.0,"enemies":"Gremlin Nob","floor":14.0,"turns":3.0},{"damage":0.0,"enemies":"Large Slime","floor":15.0,"turns":4.0},{"damage":41.0,"enemies":"downfall:Watcher","floor":16.0,"turns":7.0},{"damage":0.0,"enemies":"Shell Parasite","floor":19.0,"turns":3.0},{"damage":12.0,"enemies":"Centurion and Healer","floor":20.0,"turns":3.0},{"damage":0.0,"enemies":"downfall:LadyInBlue","floor":21.0,"turns":6.0},{"damage":7.0,"enemies":"Snake Plant","floor":22.0,"turns":1.0},{"damage":0.0,"enemies":"3 Cultists","floor":23.0,"turns":4.0},{"damage":0.0,"enemies":"Centurion and Healer","floor":25.0,"turns":3.0},{"damage":41.0,"enemies":"Gremlin Leader","floor":26.0,"turns":4.0},{"damage":0.0,"enemies":"Shelled Parasite and Fungi","floor":27.0,"turns":1.0},{"damage":19.0,"enemies":"Slavers","floor":29.0,"turns":5.0},{"damage":0.0,"enemies":"Sentry and Sphere","floor":30.0,"turns":3.0},{"damage":1.0,"enemies":"downfall:FleeingMerchant","floor":31.0,"turns":4.0},{"damage":0.0,"enemies":"Snake Plant","floor":32.0,"turns":1.0},{"damage":2.0,"enemies":"downfall:Ironclad","floor":33.0,"turns":4.0},{"damage":20.0,"enemies":"3 Shapes","floor":36.0,"turns":2.0},{"damage":0.0,"enemies":"Orb Walker","floor":37.0,"turns":2.0},{"damage":3.0,"enemies":"4 Shapes","floor":38.0,"turns":1.0},{"damage":0.0,"enemies":"downfall:FleeingMerchant","floor":40.0,"turns":1.0},{"damage":0.0,"enemies":"Spire Growth","floor":42.0,"turns":2.0},{"damage":0.0,"enemies":"Sphere and 2 Shapes","floor":43.0,"turns":1.0},{"damage":7.0,"enemies":"Giant Head","floor":44.0,"turns":4.0},{"damage":11.0,"enemies":"Writhing Mass","floor":45.0,"turns":2.0},{"damage":0,"enemies":"Transient","floor":46,"turns":5},{"damage":0,"enemies":"Reptomancer","floor":47,"turns":3},{"damage":14,"enemies":"Maw","floor":48,"turns":4},{"damage":0,"enemies":"Sphere and 2 Shapes","floor":49,"turns":1},{"damage":2,"enemies":"downfall:Silent","floor":50,"turns":6},{"damage":0,"enemies":"downfall:CharBossMerchant","floor":52,"turns":5},{"damage":4,"enemies":"downfall:NeowBoss","floor":55,"turns":14}],"seed_played":"7598408366744323801","potions_obtained":[{"floor":2.0,"key":"PowerPotion"},{"floor":4.0,"key":"bronze:BurnAndBuffPotion"},{"floor":11.0,"key":"bronze:FreeFunctionsPotion"},{"floor":12.0,"key":"Ancient Potion"},{"floor":14.0,"key":"BlessingOfTheForge"},{"floor":16.0,"key":"champ:CounterPotion"},{"floor":21.0,"key":"Dexterity Potion"},{"floor":22.0,"key":"bronze:CleanCodePotion"},{"floor":26.0,"key":"Strength Potion"},{"floor":27.0,"key":"Strength Potion"},{"floor":29.0,"key":"GamblersBrew"},{"floor":30.0,"key":"hexamod:EctoCoolerPotion"},{"floor":31.0,"key":"Fire Potion"},{"floor":32.0,"key":"EssenceOfSteel"},{"floor":33.0,"key":"Regen Potion"},{"floor":36.0,"key":"champ:CounterPotion"},{"floor":37.0,"key":"hexamod:EctoCoolerPotion"},{"floor":38.0,"key":"Slimebound:ThreeZeroPotion"},{"floor":44.0,"key":"Fire Potion"},{"floor":52,"key":"FearPotion"}],"is_trial":false,"path_per_floor":["R","M","?","M","?","R","T","M","M","$","M","M","R","E","M","B",null,"R","M","M","?","M","M","T","M","E","M","R","E","M","$","M","B",null,"R","M","M","M","?","$","T","M","M","E","M","M","E","M","M","B",null,"E","$","R","B",null],"character_chosen":"THE_AUTOMATON","items_purchased":["Membership Card","Gremlin Horn","Toy Ornithopter","bronze:Timepiece","champ:DeflectingBracers","Letter Opener","Apotheosis","Chemical X","Akabeko","Bottled Lightning"],"campfire_rested":3,"item_purchase_floors":[31,31,40,40,40,40,40,53,53,53],"current_hp_per_floor":[63,63,63,57,57,57,57,53,47,47,47,47,57,43,43,2,73,73,73,61,61,54,54,54,54,13,13,34,15,15,14,14,12,73,73,53,53,50,50,50,50,50,50,60,49,49,49,35,35,43,73,73,73,73,69],"gold":24,"neow_bonus":"TRANSFORM_TWO_CARDS","is_daily":false,"chose_seed":false,"campfire_upgraded":3,"win_rate":0.0,"timestamp":1609286827,"path_taken":["R","M","?","M","?","R","T","M","M","$","M","M","R","E","M","BOSS","R","M","M","?","M","?","T","?","E","M","R","E","M","$","M","BOSS","R","M","M","?","?","$","T","M","M","E","M","M","E","M","M","BOSS","E","$","R","BOSS"],"items_purchased_type":["Relic","Relic","Relic","Relic","Relic","Relic","Card","Relic","Relic","Relic"],"build_version":"2020-12-22","purchased_purges":2,"victory":true,"max_hp_per_floor":[63,63,63,63,63,63,63,63,63,63,63,63,73,73,73,73,73,73,73,73,73,73,73,73,73,73,73,73,73,73,73,73,73,73,73,73,73,73,73,73,73,73,73,73,73,73,73,73,73,73,73,73,73,73,73],"card_choices":[{"not_picked":["bronze:ChosenStrike","bronze:DarkDash"],"picked":"bronze:WhirlingStrike","floor":2.0},{"not_picked":["bronze:Branch","bronze:Deprecate"],"picked":"bronze:DelayedSlice","floor":4.0},{"not_picked":["bronze:MaxOutput","bronze:BronzeArmor"],"picked":"bronze:Terminator","floor":8.0},{"not_picked":["bronze:OilSpill","bronze:Safeguard"],"picked":"bronze:Optimize","floor":9.0},{"not_picked":["bronze:Return","bronze:Turbo"],"picked":"bronze:Constructor","floor":10.0},{"not_picked":["bronze:CloningBeam","bronze:FineTuning"],"picked":"bronze:Backtrace","floor":11.0},{"not_picked":["bronze:Shield","bronze:Frontload"],"picked":"bronze:InfiniteBeams","floor":12.0},{"not_picked":["bronze:Break","bronze:Invalidate"],"picked":"bronze:Backtrace","floor":14.0},{"not_picked":["bronze:Shield","bronze:Refactor","bronze:Turbo"],"picked":"SKIP","floor":15.0},{"not_picked":["bronze:Verify","bronze:CopyPaste"],"picked":"bronze:Format","floor":16.0},{"not_picked":["bronze:BronzeArmor+1","bronze:ChildClass"],"picked":"bronze:Constructor+1","floor":19.0},{"not_picked":["bronze:DelayedGuard","bronze:BugBarrage"],"picked":"bronze:InfiniteLoop","floor":20.0},{"not_picked":["bronze:Flail","bronze:WildBeam"],"picked":"bronze:Terminator+1","floor":21.0},{"not_picked":["bronze:Repulsor","bronze:DelayedGuard","bronze:Boost"],"picked":"SKIP","floor":22.0},{"not_picked":["bronze:Refactor","bronze:BitShift"],"picked":"bronze:CutThrough+1","floor":23.0},{"not_picked":["bronze:Constructor","bronze:DelayedGuard"],"picked":"bronze:DelayedSlice","floor":25.0},{"not_picked":["bronze:Terminator","bronze:OilSpill","bronze:ChosenStrike+1"],"picked":"SKIP","floor":26.0},{"not_picked":["bronze:FineTuning","bronze:Invalidate"],"picked":"bronze:FollowUp","floor":27.0},{"not_picked":["bronze:Safeguard","bronze:CleanCode"],"picked":"bronze:Turbo","floor":29.0},{"not_picked":["bronze:BugBarrage","bronze:DigitalCarnage+1"],"picked":"bronze:WhirlingStrike+1","floor":30.0},{"not_picked":["bronze:Backtrace","bronze:WildBeam","bronze:Constructor"],"picked":"SKIP","floor":31.0},{"not_picked":["bronze:Backtrace+1","bronze:Constructor+1"],"picked":"bronze:Separator","floor":32.0},{"not_picked":["bronze:HardenedForm","bronze:BurnOut"],"picked":"bronze:Assembly","floor":33.0},{"not_picked":["bronze:FollowUp","bronze:Overheat"],"picked":"bronze:Turbo+1","floor":36.0},{"not_picked":["bronze:DelayedSlice+1","bronze:Philosophize"],"picked":"bronze:Invalidate","floor":37.0},{"not_picked":["bronze:BronzeOrb+1","bronze:Separator"],"picked":"bronze:GetLatest+1","floor":38.0},{"not_picked":["bronze:DelayedSlice","bronze:Repulsor","bronze:DelayedGuard"],"picked":"SKIP","floor":40.0},{"not_picked":["bronze:FineTuning","bronze:BitShift+1"],"picked":"bronze:ChildClass+1","floor":42.0},{"not_picked":["bronze:ForceShield","bronze:Backtrace","bronze:Refactor+1"],"picked":"SKIP","floor":43.0},{"not_picked":["bronze:ChildClass","bronze:Overload+1"],"picked":"bronze:MaxOutput+1","floor":44.0},{"not_picked":["bronze:ForceShield+1","bronze:Flail","bronze:Overheat+1"],"picked":"SKIP","floor":45.0},{"not_picked":["bronze:Separator","bronze:ShipIt"],"picked":"bronze:Turbo+1","floor":46},{"not_picked":["bronze:Frontload+1","bronze:ForLoop","bronze:Terminator+1"],"picked":"SKIP","floor":47},{"not_picked":["bronze:RecursiveStrike","bronze:Frontload"],"picked":"bronze:Repair+1","floor":48},{"not_picked":["bronze:Invalidate+1","bronze:Constructor+1","bronze:DigitalCarnage+1"],"picked":"SKIP","floor":49},{"not_picked":["bronze:Deprecate","bronze:Constructor+1"],"picked":"bronze:SpaghettiCode","floor":52}],"player_experience":112939,"relics_obtained":[{"floor":14.0,"key":"The Courier"},{"floor":21.0,"key":"White Beast Statue"},{"floor":24.0,"key":"InkBottle"},{"floor":26.0,"key":"Ginger"},{"floor":29.0,"key":"Bag of Marbles"},{"floor":41.0,"key":"Bag of Preparation"},{"floor":44.0,"key":"Ancient Tea Set"},{"floor":47,"key":"Ornamental Fan"},{"floor":52,"key":"Dead Branch"}],"event_choices":[{"cards_removed":["Regret"],"damage_healed":0.0,"max_hp_gain":0.0,"max_hp_loss":0.0,"gold_gain":0.0,"event_name":"Living Wall","player_choice":"Forget","floor":5.0,"gold_loss":0.0,"damage_taken":0.0},{"cards_removed":["bronze:CleanCode"],"damage_healed":0.0,"max_hp_gain":0.0,"max_hp_loss":0.0,"gold_gain":0.0,"event_name":"Falling","player_choice":"Removed Power","floor":39.0,"gold_loss":0.0,"damage_taken":0.0}],"is_beta":false,"boss_relics":[{"not_picked":["Black Star","Calling Bell"],"picked":"Pandora\u0027s Box"},{"not_picked":["Astrolabe","bronze:ElectromagneticCoil"],"picked":"Fusion Hammer"}],"items_purged_floors":[31,53],"is_endless":false,"potions_floor_spawned":[2,4,11,12,14,16,19,22,23,25,26,27,29,30,31,32,33,36,37,38,40,42,43,44,45,46,47,48,49,52],"ascension_level":0}}