{"host":"dk10vuzdqf3wivcv","time":1609346835,"event":{"mods":["Aspiration","Astrologer","BaseMod","Colored Map","Conspire","Friendly Minions","Hubris","Minty Spire (QoL Compilation)","Replay The Spire","StSLib","SuperFastMode","Td1madao Mod","The Animator","The Cursed","The Gatherer","The Hierophant","The Jungle","The Marked","The Servant 0.9.4"],"gold_per_floor":[124,31,56,56,71,117,136,136,136,136,136,136,136,136],"floor_reached":13,"playtime":824,"items_purged":[],"score":87,"play_id":"3b5e333e-da85-45b2-a3f1-8380befce125","local_time":"20201230174715","is_ascension_mode":true,"campfire_choices":[],"circlet_count":0,"master_deck":["animator:Strike_Overlord","animator:Defend_Overlord","animator:Cocytus","animator:Demiurge","animator:MaesHughes","animator:Strike_GATE","animator:Strike_OwariNoSeraph","animator:Strike_AccelWorld","animator:Defend_HitsugiNoChaika","animator:Defend_NoGameNoLife","animator:Defend_Konosuba","animator:Shigure","Hallucinations","animator:Evileye","animator:Entoma"],"relics":["animator:LivingPicture","animator:TheMissingPiece","animator:PurgingStone","ReplayTheSpireMod:Ring of Sloth","ReplayTheSpireMod:Ring of Collecting","Blood Vial","Girya","ReplayTheSpireMod:Ring of Exchange","ReplayTheSpireMod:Ring of Challenge","Pondfish Scales"],"acts_visited":["Exordium"],"potions_floor_usage":[6,6],"damage_taken":[{"damage":12,"enemies":"Jaw Worm","floor":1,"turns":4},{"damage":2,"enemies":"Small Slimes","floor":3,"turns":4},{"damage":0,"enemies":"2 Louse","floor":5,"turns":2},{"damage":37,"enemies":"Gremlin Nob","floor":6,"turns":5},{"damage":13,"enemies":"2 Fungi Beasts","floor":7,"turns":6},{"damage":21,"enemies":"Lagavulin","floor":13,"turns":3}],"seed_played":"-3568146858184825709","potions_obtained":[{"floor":3,"key":"AttackPotion"},{"floor":5,"key":"Reflective Coating"}],"is_trial":false,"path_per_floor":["M","?","M","?","M","E","M","PTL","PTL","T","T","$","E"],"character_chosen":"THE_ANIMATOR","items_purchased":[],"campfire_rested":0,"item_purchase_floors":[],"current_hp_per_floor":[60,60,58,58,58,21,11,11,11,11,11,11,0,0],"gold":136,"neow_bonus":"TEN_PERCENT_HP_BONUS","is_daily":false,"chose_seed":false,"campfire_upgraded":0,"win_rate":0.0,"timestamp":1609346835,"path_taken":["M","?","M","?","M","E","M","PTL","PTL","?","T","?","E"],"items_purchased_type":[],"build_version":"2020-12-22","purchased_purges":0,"victory":false,"max_hp_per_floor":[72,72,72,72,72,72,73,73,73,73,73,73,73,73],"card_choices":[{"not_picked":["animator:RinTohsaka","animator:Emonzaemon"],"picked":"animator:MaesHughes","floor":1},{"not_picked":["animator:Bozes","animator:SakuraMatou"],"picked":"animator:Shigure","floor":3},{"not_picked":["animator:Fredrika","animator:TsurugaMeisai","animator:Viivi"],"picked":"SKIP","floor":5},{"not_picked":["animator:Cocytus","animator:PandorasActor"],"picked":"animator:Evileye","floor":6},{"not_picked":["animator:WinryRockbell","animator:Bozes"],"picked":"animator:Entoma","floor":7}],"player_experience":125705,"relics_obtained":[{"floor":4,"key":"ReplayTheSpireMod:Ring of Sloth"},{"floor":4,"key":"ReplayTheSpireMod:Ring of Collecting"},{"floor":6,"key":"Blood Vial"},{"floor":6,"key":"Girya"},{"floor":10,"key":"ReplayTheSpireMod:Ring of Exchange"},{"floor":11,"key":"ReplayTheSpireMod:Ring of Challenge"},{"floor":11,"key":"Pondfish Scales"}],"event_choices":[],"is_beta":false,"boss_relics":[],"items_purged_floors":[],"is_endless":false,"potions_floor_spawned":[3,5],"killed_by":"Lagavulin","ascension_level":1}}