{"host":"za9ilm1uiwmpmin1","time":1609292187,"event":{"mods":["AchievementEnabler","Act Like it!","BaseMod","CapriCore","Dota2Spire","Downfall","Friendly Minions","Gensokyo","KomeijiMod","Lobotomy","LobotomyExtend","Marisa（F雨　魔理沙）","Minty Spire (QoL Compilation)","MostiFishMod","Reorder Act Four","RumiaBox-露米娅的神秘盒子","StSLib","TestMod","The Alterego","The Immortal","Waifu the Spire","[IsaacMod]以撒尖塔","【功能Mod】混沌之环修复补丁"],"gold_per_floor":[14,31,46,69,87,113,113,113,113,142,142,162,175,208,208,303,303,320,320,320,320,330,365,385,414,441,456,456,456,556,556,556,651,651,944,944,1101,1101,1381,1553,1553,1553,1553,1443,1589,1606,1606,1623,1623,1623,1623,1623,1282,1282,1313,1313],"floor_reached":57,"playtime":2840,"items_purged":["MokouMod:Strike","MokouMod:Strike","MokouMod:Strike","MokouMod:Defend"],"score":2120,"play_id":"34ca3f48-0489-4bf2-83c1-0cfc69f993fd","local_time":"20201230093627","is_ascension_mode":false,"campfire_choices":[{"data":"MokouMod:Sear","floor":7.0,"key":"SMITH"},{"data":"MokouMod:BurningDraft","floor":15.0,"key":"SMITH"},{"data":"MokouMod:HouraiForge","floor":28.0,"key":"SMITH"},{"data":"MokouMod:FujiyamaVolcano","floor":32.0,"key":"SMITH"},{"data":"Gensokyo:MonkeysPaw","floor":42,"key":"SMITH"},{"data":"MokouMod:RisingSunBarrier","floor":47,"key":"SMITH"},{"floor":49,"key":"RECALL"},{"data":"MokouMod:Defend","floor":54,"key":"SMITH"}],"circlet_count":0,"master_deck":["MokouMod:Strike","MokouMod:Defend+1","MokouMod:Defend","MokouMod:ResonanceReactor+1","MokouMod:Sear+1","MokouMod:BurningDraft+1","alterego_mod:Birthday+1","Gensokyo:MonkeysPaw+1","Gensokyo:ShootingStar","MokouMod:FlickeringFlame+1","MokouMod:PhoenixFeathers+1","MokouMod:RisingSunBarrier+1"],"relics":["MokouMod:PhoenixFeather","DaveBox","HushsDoor","testmod-TestBox","testmod-IndustrialRevolution","GuppysHead","PatriotShield","testmod-CasingShield","LetterFromLob","Question Card","Dota2Spire:EtherealBlade","Turnip","Gensokyo:Mercy","testmod-EqualTreatment","Empty Cage","Gensokyo:MosesMiracle","Matryoshka","Happy Flower","Dota2Spire:DrumOfEndurance","Bag of Preparation","Gensokyo:RedStar","KyoryuNoHagoromo","ChiXiaoBlade","Gensokyo:EmptyGrave","Dota2Spire:LotusOrb","Juzu Bracelet","SynthV:C4","SalivaCoin","BookofShadows","Bottled Flame"],"acts_visited":["Exordium","Gensokyo:Gensokyo","Gensokyo:Gensokyoer","TheEnding"],"potions_floor_usage":[56,56],"damage_taken":[{"damage":0.0,"enemies":"Gensokyo:Python","floor":1.0,"turns":2.0},{"damage":0.0,"enemies":"Gensokyo:Gryphon","floor":2.0,"turns":1.0},{"damage":0.0,"enemies":"Gensokyo:2_Kodama","floor":3.0,"turns":1.0},{"damage":0.0,"enemies":"Gensokyo:5_Fairies","floor":5.0,"turns":6.0},{"damage":0.0,"enemies":"Gensokyo:Cirno","floor":6.0,"turns":7.0},{"damage":0.0,"enemies":"Gensokyo:Mamizou","floor":10.0,"turns":3.0},{"damage":0.0,"enemies":"Gensokyo:3_Kodama","floor":12.0,"turns":4.0},{"damage":0.0,"enemies":"Gensokyo:Python_and_Kodama","floor":13.0,"turns":2.0},{"damage":0.0,"enemies":"Gensokyo:Aya","floor":14.0,"turns":3.0},{"damage":0.0,"enemies":"Gensokyo:Yukari","floor":16.0,"turns":9.0},{"damage":0.0,"enemies":"Gensokyo:2_Gloops","floor":18.0,"turns":2.0},{"damage":0.0,"enemies":"Gensokyo:Chomper","floor":22.0,"turns":2.0},{"damage":0.0,"enemies":"Gensokyo:Koishi","floor":23.0,"turns":9.0},{"damage":0.0,"enemies":"Gensokyo:Slime_Group","floor":24.0,"turns":3.0},{"damage":0.0,"enemies":"Gensokyo:Reisen","floor":25.0,"turns":3.0},{"damage":0.0,"enemies":"Gensokyo:3_Gloops","floor":27.0,"turns":3.0},{"damage":0.0,"enemies":"Gensokyo:3_Gloops","floor":30.0,"turns":8.0},{"damage":0.0,"enemies":"Gensokyo:Kaguya","floor":33.0,"turns":4.0},{"damage":28.0,"enemies":"Gensokyo:3_Bats","floor":35.0,"turns":1.0},{"damage":14.0,"enemies":"Gensokyo:AncientGuardian","floor":37.0,"turns":1.0},{"damage":26.0,"enemies":"Gensokyo:SeedOfUnknown","floor":39.0,"turns":1.0},{"damage":14.0,"enemies":"Gensokyo:Doremy","floor":40.0,"turns":2.0},{"damage":9,"enemies":"Gensokyo:Marisa","floor":45,"turns":1},{"damage":0,"enemies":"Gensokyo:3_Boulders","floor":46,"turns":3},{"damage":0,"enemies":"Gensokyo:4_Bats","floor":48,"turns":1},{"damage":0,"enemies":"Gensokyo:Yuyuko","floor":50,"turns":4},{"damage":0,"enemies":"Shield and Spear","floor":55,"turns":3},{"damage":0,"enemies":"The Heart","floor":56,"turns":4}],"seed_played":"-3584353359139054176","potions_obtained":[{"floor":3.0,"key":"SkillPotion"},{"floor":6.0,"key":"DistilledChaos"},{"floor":13.0,"key":"Strength Potion"},{"floor":27.0,"key":"testmod-TimePotion"},{"floor":48,"key":"CultistPotion"}],"is_trial":false,"path_per_floor":["M","M","M","T","M","E","R","?","T","E","?","M","M","E","R","B",null,"M","M","?","?","M","E","M","E","T","M","R","?","?","?","R","B",null,"M","?","M","?","M","E","?","R","T","$","E","M","R","M","R","B",null,null,"$","R","E","B",null],"character_chosen":"MKU","items_purchased":["MokouMod:RisingSunBarrier","BookofShadows"],"campfire_rested":0,"item_purchase_floors":[44,53],"current_hp_per_floor":[75,75,75,75,75,75,75,75,75,75,75,75,75,75,75,75,70,70,70,70,70,70,70,70,70,70,70,70,70,70,63,63,63,56,28,28,14,26,26,15,15,15,15,15,9,12,12,15,15,15,15,52,52,52,52,52],"gold":1313,"neow_bonus":"ONE_RARE_RELIC","is_daily":false,"chose_seed":false,"campfire_upgraded":7,"win_rate":0.0,"timestamp":1609292187,"path_taken":["M","M","M","?","M","E","R","?","T","E","?","?","M","E","R","BOSS","M","M","?","?","M","E","M","E","T","M","R","?","?","?","R","BOSS","M","?","M","?","M","E","?","R","T","$","E","M","R","M","R","BOSS","$","R","E","BOSS"],"items_purchased_type":["Card","Relic"],"build_version":"2020-12-22","purchased_purges":4,"victory":true,"max_hp_per_floor":[75,75,75,75,75,75,75,75,75,75,75,75,75,75,75,75,70,70,70,70,70,70,70,70,70,70,70,70,70,70,63,63,63,56,56,52,52,52,52,52,52,52,52,52,52,52,52,52,52,52,52,52,52,52,52,52],"card_choices":[{"not_picked":["MokouMod:FujiyamaVolcano","MokouMod:ResonatingAura","MokouMod:CrimsonFlare"],"picked":"SKIP","floor":1.0},{"not_picked":["MokouMod:ControlledCombustion","MokouMod:Cataclysm"],"picked":"MokouMod:ResonanceReactor","floor":2.0},{"not_picked":["MokouMod:Stoke","MokouMod:HeartofFire","MokouMod:IgnitionBlast"],"picked":"SKIP","floor":3.0},{"not_picked":["MokouMod:SearingShot","MokouMod:Firecracker"],"picked":"MokouMod:Sear","floor":5.0},{"not_picked":["MokouMod:Burn","MokouMod:IgnitionBlast","MokouMod:GuidingSmoke"],"picked":"SKIP","floor":6.0},{"not_picked":["MokouMod:Ember","MokouMod:ResoluteFlare","MokouMod:Combust"],"picked":"MokouMod:BurningDraft","floor":10.0},{"not_picked":["MokouMod:GuidingSmoke","MokouMod:Firecracker","MokouMod:Sear","MokouMod:AdaptivePyromancy"],"picked":"SKIP","floor":12.0},{"not_picked":["MokouMod:DanceofFlames","MokouMod:Trailblazer","MokouMod:EternalBurstReactor","MokouMod:FlickeringFlame"],"picked":"SKIP","floor":13.0},{"not_picked":["MokouMod:Rekindle","MokouMod:FlickeringFlame","MokouMod:Scorch","MokouMod:DanceofFlames"],"picked":"SKIP","floor":14.0},{"not_picked":["MokouMod:Sear","MokouMod:Overheat","MokouMod:IndiscriminateIgnition","MokouMod:Geothermal"],"picked":"SKIP","floor":18.0},{"not_picked":["MokouMod:DanceofFlames","MokouMod:FlickeringFlame","MokouMod:EternalBurstReactor","MokouMod:RoaringFlare"],"picked":"SKIP","floor":22.0},{"not_picked":["MokouMod:SearingShot","MokouMod:ShiftIgnition","MokouMod:Sear+1","MokouMod:FlareStarter+1"],"picked":"SKIP","floor":23.0},{"not_picked":["MokouMod:ScorchingColumn","MokouMod:IndiscriminateIgnition+1","MokouMod:RetainTemperature","MokouMod:Firecracker"],"picked":"SKIP","floor":24.0},{"not_picked":["MokouMod:IgnitionBarrier+1","MokouMod:Stoke","MokouMod:SearingShot+1"],"picked":"MokouMod:HouraiForge","floor":25.0},{"not_picked":["MokouMod:Firecracker","MokouMod:Singe","MokouMod:DanceofFlames","MokouMod:Sear+1"],"picked":"SKIP","floor":27.0},{"not_picked":["MokouMod:TemporalFireSeal","MokouMod:AdaptivePyromancy","MokouMod:EternalBurstReactor"],"picked":"MokouMod:FujiyamaVolcano","floor":30.0},{"not_picked":["Gensokyo:RedCapeBlueCape","Gensokyo:MissMary","Gensokyo:Apocalypse"],"picked":"Gensokyo:MonkeysPaw","floor":31.0},{"not_picked":[],"picked":"Gensokyo:ShootingStar","floor":33.0},{"not_picked":["MokouMod:HeatTransfer+1","MokouMod:ResoluteFlare","MokouMod:GuidingSmoke","MokouMod:Ember+1"],"picked":"SKIP","floor":35.0},{"not_picked":["MokouMod:BlazingComet+1","MokouMod:UncontrollableSolarReaction+1","MokouMod:AdaptivePyromancy+1"],"picked":"MokouMod:FlickeringFlame+1","floor":37.0},{"not_picked":["MokouMod:Firecracker","MokouMod:ScorchedEarth","MokouMod:AdaptivePyromancy"],"picked":"MokouMod:PhoenixFeathers+1","floor":39.0},{"not_picked":["MokouMod:ScorchedEarth","MokouMod:BurningHiddenBullet","MokouMod:Firecracker+1","MokouMod:Stoke"],"picked":"SKIP","floor":40.0},{"not_picked":["MokouMod:FlamingFireTalons+1","MokouMod:FlickeringFlame","MokouMod:IndiscriminateIgnition+1","MokouMod:TemporalFireSeal+1"],"picked":"SKIP","floor":45},{"not_picked":["MokouMod:HeatTransfer","MokouMod:Overheat+1","MokouMod:UncontrollableSolarReaction+1","MokouMod:Singe+1"],"picked":"SKIP","floor":46},{"not_picked":["MokouMod:Meltdown+1","MokouMod:Combust","MokouMod:Scorch+1","MokouMod:FlareStarter+1"],"picked":"SKIP","floor":48},{"not_picked":["MokouMod:Afterburner","MokouMod:SearingShot","MokouMod:RetainTemperature","MokouMod:ResonanceReactor"],"picked":"SKIP","floor":55}],"player_experience":1209144,"relics_obtained":[{"floor":1.0,"key":"LetterFromLob"},{"floor":6.0,"key":"Question Card"},{"floor":9.0,"key":"Dota2Spire:EtherealBlade"},{"floor":10.0,"key":"Turnip"},{"floor":14.0,"key":"testmod-EqualTreatment"},{"floor":23.0,"key":"Matryoshka"},{"floor":24.0,"key":"Gensokyo:MosesMiracle"},{"floor":25.0,"key":"Happy Flower"},{"floor":26.0,"key":"Dota2Spire:DrumOfEndurance"},{"floor":26.0,"key":"Bag of Preparation"},{"floor":30.0,"key":"KyoryuNoHagoromo"},{"floor":40.0,"key":"Dota2Spire:LotusOrb"},{"floor":43,"key":"Juzu Bracelet"},{"floor":43,"key":"SynthV:C4"},{"floor":45,"key":"SalivaCoin"},{"floor":55,"key":"Bottled Flame"}],"event_choices":[{"damage_healed":0.0,"max_hp_gain":0.0,"max_hp_loss":0.0,"gold_gain":0.0,"event_name":"给自己的盒子","player_choice":"Swap Relic","floor":8.0,"relics_lost":["Technique"],"gold_loss":0.0,"damage_taken":0.0,"relics_obtained":["Technique"]}],"is_beta":false,"boss_relics":[{"not_picked":["testmod-HarvestTotem","TakeMeEscape"],"picked":"Empty Cage"},{"not_picked":[]},{"not_picked":["Coffee Dripper","Sozu"],"picked":"ChiXiaoBlade"},{"not_picked":[]}],"items_purged_floors":[17,34,44,53],"is_endless":false,"potions_floor_spawned":[3,6,13,16,24,27,33,39,48],"ascension_level":0}}