{"host":"j29osl8nelwi4hyu","time":1609303605,"event":{"mods":["BaseMod","Colored Powertips","Hubris","Infinite Spire","Minty Spire (QoL Compilation)","Replay The Spire","StSLib"],"gold_per_floor":[112,220,232,249,263,290,307,337,337,337,337,337,337],"floor_reached":12,"playtime":380,"items_purged":[],"score":117,"play_id":"b14f433b-b1fd-4694-8bfa-5cb468981a41","local_time":"20201229204645","is_ascension_mode":true,"campfire_choices":[],"circlet_count":0,"master_deck":["Strike_B","Strike_B","Strike_B","Strike_B","Defend_B","Defend_B","Defend_B","Defend_B","Zap","Dualcast","Electrodynamics","Conserve Battery","Loop","Sweeping Beam","Ball Lightning","Melter","Coolheaded","Cold Snap","Reboot"],"relics":["Cracked Core","Happy Flower","Quantum Egg","Turnip"],"acts_visited":["Exordium"],"potions_floor_usage":[6,8,12],"damage_taken":[{"damage":2,"enemies":"Jaw Worm","floor":1,"turns":3},{"damage":7,"enemies":"Small Slimes","floor":3,"turns":3},{"damage":0,"enemies":"2 Louse","floor":4,"turns":2},{"damage":2,"enemies":"2 Fungi Beasts","floor":5,"turns":3},{"damage":21,"enemies":"3 Sentries","floor":6,"turns":4},{"damage":5,"enemies":"3 Louse","floor":7,"turns":2},{"damage":3,"enemies":"Replay:BlueRogue","floor":8,"turns":6},{"damage":15,"enemies":"Lagavulin","floor":12,"turns":3}],"seed_played":"4322974001811994907","potions_obtained":[{"floor":1,"key":"Explosive Potion"},{"floor":4,"key":"FearPotion"},{"floor":7,"key":"Elixir"},{"floor":8,"key":"Reflective Coating"}],"is_trial":false,"path_per_floor":["M","?","M","M","M","E","M","E","T","PTL","PTL","E"],"character_chosen":"DEFECT","items_purchased":[],"campfire_rested":0,"item_purchase_floors":[],"current_hp_per_floor":[66,49,42,42,40,19,14,11,11,11,11,0,0],"gold":337,"neow_bonus":"THREE_RARE_CARDS","is_daily":false,"chose_seed":false,"campfire_upgraded":0,"win_rate":0.0,"timestamp":1609303605,"path_taken":["M","?","M","M","M","E","M","E","T","PTL","PTL","E"],"items_purchased_type":[],"build_version":"2020-12-22","purchased_purges":0,"victory":false,"max_hp_per_floor":[68,68,68,68,68,68,68,68,68,68,68,68,68],"card_choices":[{"not_picked":["Amplify","Echo Form"],"picked":"Electrodynamics","floor":0},{"not_picked":["Rebound","Chaos"],"picked":"Conserve Battery","floor":1},{"not_picked":["BootSequence","Undo"],"picked":"Loop","floor":2},{"not_picked":["Gash","Coolheaded"],"picked":"Sweeping Beam","floor":2},{"not_picked":["Steam","Leap"],"picked":"Ball Lightning","floor":3},{"not_picked":["Recycle","Scrape"],"picked":"Melter","floor":4},{"not_picked":["hubris:DoWhile","Barrage"],"picked":"Coolheaded","floor":5},{"not_picked":["Doom and Gloom","Go for the Eyes"],"picked":"Cold Snap","floor":6},{"not_picked":["Steam","ReplayGash","Consume"],"picked":"SKIP","floor":7},{"not_picked":["Compile Driver","Go for the Eyes"],"picked":"Reboot","floor":8}],"player_experience":287940,"relics_obtained":[{"floor":6,"key":"Happy Flower"},{"floor":8,"key":"Quantum Egg"},{"floor":9,"key":"Turnip"}],"event_choices":[],"is_beta":false,"boss_relics":[],"items_purged_floors":[],"is_endless":false,"potions_floor_spawned":[1,4,7,8],"killed_by":"Lagavulin","ascension_level":6}}