{"host":"m78cb9j8mt6kw0f2","time":1609305249,"event":{"mods":["Act Like it!","BaseMod","Best Route Mod","BetterRewards","Colored Powertips","Downfall","Friendly Minions","Highlight Path","Kiyohime£®«Âºß£©","Marisa£®ÏF”Í°°ƒß¿Ì…≥£©","Minty Spire (QoL Compilation)","Quick Restart","Random Character Button","Reimu£®≤©¿ˆ¡È√Œ£©","Remilia£®¿Ÿ√◊¿Ú—«£©","Replay The Spire","Shop Mod","StSLib","SuperFastMode","Synergy Search","Td1madao Mod","The Cursed","Youmu£®ªÍ∆«—˝√Œ£©","slay the spire mod where everything is the same but ironclad has a cowboy hat"],"gold_per_floor":[114,114,129,148,148,148,118,153,224,224,238,248,14,33,33,33,33],"floor_reached":16,"playtime":745,"items_purged":["Strike_C"],"score":152,"play_id":"f9c8b02d-f759-4316-9972-ac33542a5f32","local_time":"20201230131409","is_ascension_mode":false,"campfire_choices":[{"data":"Recovery Mechanism","floor":6.0,"key":"SMITH"},{"data":"Knight Kick","floor":10.0,"key":"SMITH"},{"data":"Afterwards","floor":15,"key":"SMITH"},{"data":"Fixing","floor":15,"key":"SMITH"}],"circlet_count":0,"master_deck":["Strike_C","Strike_C+1","Defend_C+1","Defend_C","Defend_C+1","Knight Kick+1","Chip","Recovery Mechanism+1","Fixing+1","Black Spear","Afterwards+1"],"relics":["Apod","MerchantsRug","Replay:Arrowhead"],"acts_visited":["Exordium"],"potions_floor_usage":[14],"damage_taken":[{"damage":7.0,"enemies":"2 Louse","floor":1.0,"turns":3.0},{"damage":0.0,"enemies":"Small Slimes","floor":3.0,"turns":4.0},{"damage":0.0,"enemies":"Jaw Worm","floor":4.0,"turns":6.0},{"damage":0.0,"enemies":"Looter","floor":7.0,"turns":4.0},{"damage":16.0,"enemies":"Gremlin Nob","floor":8.0,"turns":6.0},{"damage":6.0,"enemies":"Blue Slaver","floor":11.0,"turns":4.0},{"damage":0.0,"enemies":"Exordium Thugs","floor":12.0,"turns":4.0},{"damage":6,"enemies":"Large Slime","floor":14,"turns":4},{"damage":10,"enemies":"Hexaghost","floor":16,"turns":9}],"seed_played":"3339793996629713140","potions_obtained":[{"floor":1.0,"key":"Swift Potion"},{"floor":4.0,"key":"PowerPotion"},{"floor":11.0,"key":"Regen Potion"}],"is_trial":false,"path_per_floor":["M","?","M","M","?","R","M","E","T","R","M","M","$","M","R","B"],"character_chosen":"TD1MADAO_CLASS","items_purchased":["MerchantsRug","Replay:Arrowhead"],"campfire_rested":0,"item_purchase_floors":[0,13],"current_hp_per_floor":[54,40,40,40,33,33,33,17,17,17,11,11,11,14,14,4,4],"gold":33,"neow_bonus":"","is_daily":false,"chose_seed":false,"campfire_upgraded":4,"win_rate":0.0,"timestamp":1609305249,"path_taken":["M","?","M","M","?","R","M","E","T","R","M","M","$","M","R","BOSS"],"items_purchased_type":["Relic","Relic"],"build_version":"2020-12-22","purchased_purges":1,"victory":false,"max_hp_per_floor":[70,70,70,70,70,70,70,70,70,70,70,70,70,70,70,70,70],"card_choices":[{"not_picked":["Resistance","Bugfix","Black Shadow"],"picked":"SKIP","floor":1.0},{"not_picked":["Machining","Three Hit","Floating Even"],"picked":"SKIP","floor":3.0},{"not_picked":["Provocative","Fire Blade"],"picked":"Recovery Mechanism","floor":4.0},{"not_picked":["Floating Swing Kick","Provocative"],"picked":"Fixing","floor":7.0},{"not_picked":["Trader","White Contract","Provocative"],"picked":"SKIP","floor":8.0},{"not_picked":["Black Spear","Twin Teeth","Black Shadow"],"picked":"SKIP","floor":11.0},{"not_picked":["Twin Teeth","Black Shadow"],"picked":"Black Spear","floor":11.0},{"not_picked":["Black Shadow","Oblique Hack","Cursed Blade"],"picked":"SKIP","floor":12.0},{"not_picked":["De Ware Chip","New Defend Magic"],"picked":"Afterwards","floor":14}],"player_experience":253574,"relics_obtained":[{"floor":8.0,"key":"Simple Rune"}],"event_choices":[{"damage_healed":0.0,"max_hp_gain":0.0,"max_hp_loss":0.0,"gold_gain":0.0,"event_name":"Shining Light","player_choice":"Entered Light","floor":2.0,"gold_loss":0.0,"damage_taken":14.0,"cards_upgraded":["Defend_C","Defend_C"]},{"cards_removed":["Defend_C"],"damage_healed":0.0,"max_hp_gain":0.0,"max_hp_loss":0.0,"gold_gain":0.0,"event_name":"Golden Wing","player_choice":"Card Removal","floor":5.0,"gold_loss":0.0,"damage_taken":7.0}],"is_beta":false,"boss_relics":[],"items_purged_floors":[0],"is_endless":false,"potions_floor_spawned":[1,4,11],"killed_by":"Hexaghost","ascension_level":0}}