{"host":"mttmnrdvbvzz8cuy","time":1609300670,"event":{"mods":["BaseMod","Bestiary","Colored Map","Colored Powertips","Infinite Spire","Minty Spire (QoL Compilation)","StSLib"],"gold_per_floor":[113,133,146,146,158,192,192,209,236,271,271,271,271],"floor_reached":12,"playtime":637,"items_purged":[],"score":99,"play_id":"9fff016b-1e7b-4139-8360-f050ef84833e","local_time":"20201230145750","is_ascension_mode":true,"campfire_choices":[{"floor":7,"key":"REST"}],"circlet_count":0,"master_deck":["Strike_B","Strike_B","Strike_B","Strike_B","Defend_B","Defend_B","Defend_B","Defend_B","Zap","Dualcast","Stack","Conserve Battery","Regret","Undo","Beam Cell","Fission"],"relics":["Busted Crown","Pocketwatch","Potion Belt","Happy Flower","infinitespire:PuzzleCube","Ornamental Fan"],"acts_visited":["Exordium"],"potions_floor_usage":[12],"damage_taken":[{"damage":0,"enemies":"Cultist","floor":1,"turns":3},{"damage":8,"enemies":"Jaw Worm","floor":2,"turns":4},{"damage":2,"enemies":"2 Louse","floor":3,"turns":2},{"damage":34,"enemies":"Gremlin Gang","floor":5,"turns":6},{"damage":14,"enemies":"3 Sentries","floor":6,"turns":10},{"damage":0,"enemies":"2 Fungi Beasts","floor":8,"turns":3},{"damage":14,"enemies":"Lagavulin","floor":10,"turns":8},{"damage":27,"enemies":"3 Sentries","floor":12,"turns":8}],"seed_played":"-8581301240342755732","potions_obtained":[{"floor":5,"key":"Block Potion"},{"floor":6,"key":"BlessingOfTheForge"}],"is_trial":false,"path_per_floor":["M","M","M","?","M","E","R","M","T","E","T","E"],"character_chosen":"DEFECT","items_purchased":[],"campfire_rested":1,"item_purchase_floors":[],"current_hp_per_floor":[75,67,65,65,31,17,39,39,39,25,25,0,0],"gold":271,"neow_bonus":"BOSS_RELIC","is_daily":false,"chose_seed":false,"campfire_upgraded":0,"win_rate":0.0,"timestamp":1609300670,"path_taken":["M","M","M","?","M","E","R","M","T","E","?","E"],"items_purchased_type":[],"build_version":"2020-12-22","purchased_purges":0,"victory":false,"max_hp_per_floor":[75,75,75,75,75,75,75,75,75,75,75,75,75],"card_choices":[{"not_picked":[],"picked":"Stack","floor":1},{"not_picked":["Blizzard"],"picked":"SKIP","floor":2},{"not_picked":[],"picked":"Conserve Battery","floor":3},{"not_picked":[],"picked":"Undo","floor":5},{"not_picked":[],"picked":"Beam Cell","floor":6},{"not_picked":["Coolheaded"],"picked":"SKIP","floor":8},{"not_picked":[],"picked":"Fission","floor":10}],"player_experience":113653,"relics_obtained":[{"floor":6,"key":"Potion Belt"},{"floor":9,"key":"Happy Flower"},{"floor":10,"key":"infinitespire:PuzzleCube"},{"floor":11,"key":"Ornamental Fan"}],"event_choices":[{"damage_healed":0,"gold_gain":0,"player_choice":"Box","damage_taken":0,"relics_obtained":["Pocketwatch"],"max_hp_gain":0,"max_hp_loss":0,"event_name":"Big Fish","floor":4,"gold_loss":0,"cards_obtained":["Regret"]}],"is_beta":false,"boss_relics":[],"items_purged_floors":[],"is_endless":false,"potions_floor_spawned":[5,6],"killed_by":"3 Sentries","ascension_level":2}}