{"host":"Nexxot","time":1609365986,"event":{"mods":["AchievementEnabler","BaseMod","Colored Map","Downfall","Highlight Path","Jorbs\u0027s Wanderer Trilogy","Minty Spire (QoL Compilation)","Relic Stats","StSLib"],"gold_per_floor":[99,109,126,126,142,142,168,183,20,20,52,3,3,16,28,129,129,54,54,39,55,55,78,78,3,22,22,22,34,34,51,65,161,161,86,105,122,122,122,122,122,122,8,34,50,50,79,91,101,101,101],"floor_reached":50,"playtime":3065,"items_purged":["sneckomod:Strike"],"score":579,"play_id":"93443b50-3496-48fd-a8ab-a3a318b9c016","local_time":"20201230230626","is_ascension_mode":false,"campfire_choices":[{"data":"sneckomod:Unknown","floor":1,"key":"SMITH"},{"data":"sneckomod:PureSnecko","floor":6,"key":"SMITH"},{"data":"sneckomod:CheapStock","floor":10,"key":"SMITH"},{"data":"sneckomod:MasterEye","floor":13,"key":"SMITH"},{"floor":18,"key":"RECALL"},{"data":"sneckomod:UnknownRarePower","floor":25,"key":"SMITH"},{"floor":30,"key":"REST"},{"data":"sneckomod:Restock","floor":35,"key":"SMITH"},{"floor":40,"key":"REST"},{"data":"expansioncontent:CaCaw","floor":46,"key":"SMITH"}],"circlet_count":0,"master_deck":["sneckomod:TailWhip+1","sneckomod:SnekBite+1","sneckomod:Unknown+1","sneckomod:Unknown+1","sneckomod:WideSting+1","sneckomod:QuickBite+1","sneckomod:PureSnecko+1","sneckomod:Unknown1Cost+1","sneckomod:UnknownClassGUARDIAN+1","sneckomod:CheapStock+1","sneckomod:Nope+1","sneckomod:Cheat+1","sneckomod:MasterEye+1","sneckomod:QuickBite+1","sneckomod:Unknown0Cost+1","sneckomod:UnknownRarePower+1","sneckomod:Bewildered","sneckomod:UnknownClassRED+1","sneckomod:Nope+1","Ghostly+1","Ghostly+1","Ghostly+1","Ghostly+1","Ghostly+1","sneckomod:UnknownCommonSkill+1","Regret","sneckomod:Unknown1Cost+1","sneckomod:UnknownUncommonAttack+1","sneckomod:UnknownRarePower+1","sneckomod:Unknown0Cost+1","sneckomod:UnknownWeak+1","sneckomod:UnknownUncommonPower+1","sneckomod:Restock+1","sneckomod:UnknownUncommonSkill+1","sneckomod:Unknown0Cost+1","expansioncontent:PrepareCrush","sneckomod:ImprovisedGuard+1","expansioncontent:CaCaw+1","sneckomod:SnekBeam+1","sneckomod:DiceBlock+1","sneckomod:SnakeSap+1"],"relics":["sneckomod:SneckoSoul","MealTicket","Pocketwatch","Cursed Key","sneckomod:BabySnecko","downfall:RedIOU","Philosopher\u0027s Stone","Sundial","Pen Nib","Bottled Tornado"],"acts_visited":["Exordium","TheCity","TheBeyond"],"potions_floor_usage":[16,16,26,33,47,50,50],"damage_taken":[{"damage":6,"enemies":"2 Louse","floor":2,"turns":2},{"damage":0,"enemies":"Cultist","floor":3,"turns":4},{"damage":5,"enemies":"Small Slimes","floor":5,"turns":3},{"damage":0,"enemies":"Large Slime","floor":8,"turns":4},{"damage":10,"enemies":"downfall:FleeingMerchant","floor":9,"turns":4},{"damage":23,"enemies":"3 Sentries","floor":11,"turns":5},{"damage":0,"enemies":"downfall:FleeingMerchant","floor":12,"turns":4},{"damage":16,"enemies":"3 Louse","floor":14,"turns":4},{"damage":8,"enemies":"Exordium Wildlife","floor":15,"turns":3},{"damage":36,"enemies":"downfall:Ironclad","floor":16,"turns":6},{"damage":15,"enemies":"downfall:FleeingMerchant","floor":20,"turns":4},{"damage":2,"enemies":"Shell Parasite","floor":21,"turns":5},{"damage":10,"enemies":"3 Byrds","floor":23,"turns":5},{"damage":5,"enemies":"Snake Plant","floor":26,"turns":3},{"damage":20,"enemies":"3 Cultists","floor":29,"turns":5},{"damage":4,"enemies":"Centurion and Healer","floor":31,"turns":5},{"damage":0,"enemies":"Snecko","floor":32,"turns":3},{"damage":43,"enemies":"downfall:Watcher","floor":33,"turns":9},{"damage":19,"enemies":"3 Darklings","floor":36,"turns":7},{"damage":0,"enemies":"Orb Walker","floor":37,"turns":2},{"damage":0,"enemies":"downfall:FleeingMerchant","floor":43,"turns":3},{"damage":8,"enemies":"Giant Head","floor":44,"turns":6},{"damage":9,"enemies":"4 Shapes","floor":45,"turns":5},{"damage":23,"enemies":"Reptomancer","floor":47,"turns":6},{"damage":0,"enemies":"Jaw Worm Horde","floor":48,"turns":4},{"damage":15,"enemies":"Writhing Mass","floor":49,"turns":5},{"damage":59,"enemies":"downfall:Defect","floor":50,"turns":10}],"seed_played":"-8475103461652156641","potions_obtained":[{"floor":2,"key":"CultistPotion"},{"floor":8,"key":"GamblersBrew"},{"floor":15,"key":"ColorlessPotion"},{"floor":23,"key":"hexamod:EctoCoolerPotion"},{"floor":26,"key":"SteroidPotion"},{"floor":33,"key":"SpeedPotion"},{"floor":45,"key":"sneckomod:OffclassReductionPotion"},{"floor":47,"key":"FairyPotion"},{"floor":49,"key":"Dexterity Potion"}],"is_trial":false,"path_per_floor":["R","M","M","?","M","R","T","M","$","R","E","$","R","M","M","B",null,"R","?","$","M","?","M","T","R","M","?","?","M","R","M","M","B",null,"R","M","M","?","?","R","T","?","$","E","M","R","E","M","M","B"],"character_chosen":"THE_SNECKO","items_purchased":["sneckomod:CheapStock","sneckomod:MasterEye","expansioncontent:CaCaw","Sundial","Slimebound:ThreeZeroPotion"],"campfire_rested":2,"item_purchase_floors":[9,12,43,43,43],"current_hp_per_floor":[90,84,84,84,79,79,79,80,82,82,59,74,74,58,51,16,94,94,94,80,78,47,38,38,48,48,48,52,32,50,46,47,5,65,65,47,48,48,48,67,67,67,67,63,54,54,31,31,31,0,0],"gold":101,"neow_bonus":"RANDOM_COMMON_RELIC","is_daily":false,"chose_seed":false,"campfire_upgraded":7,"win_rate":0.0,"timestamp":1609365986,"path_taken":["R","M","M","?","M","R","T","M","$","R","E","?","R","M","M","BOSS","R","?","$","M","?","M","T","R","M","?","?","M","R","M","M","BOSS","R","M","M","?","?","R","T","?","$","E","M","R","E","?","M","BOSS"],"items_purchased_type":["Card","Card","Card","Relic","Potion"],"build_version":"2020-12-18","purchased_purges":1,"victory":false,"max_hp_per_floor":[90,90,90,90,90,90,90,91,92,92,92,92,92,92,93,94,94,94,94,95,95,47,48,48,58,59,59,63,63,63,63,64,65,65,65,66,67,67,67,67,67,67,67,67,67,67,67,67,67,67,67],"relic_stats":{"counters":[27,125],"Sundial":[2],"MealTicket":26,"Pen Nib":[4],"Cursed Key":1,"obtain_stats":[{"Lantern":7,"downfall:HeartBlessingRed":35,"downfall:HeartBlessingGreen":18,"Pen Nib":44,"Bottled Tornado":47,"sneckomod:SneckoSoul":0,"Cursed Key":17,"sneckomod:BabySnecko":19,"downfall:HeartBlessingBlue":25,"Sundial":43,"MealTicket":0,"Philosopher\u0027s Stone":34,"downfall:RedIOU":27,"Pocketwatch":11},{"Lantern":3,"downfall:HeartBlessingRed":18,"downfall:HeartBlessingGreen":10,"Pen Nib":22,"Bottled Tornado":24,"sneckomod:SneckoSoul":0,"Cursed Key":10,"sneckomod:BabySnecko":10,"downfall:HeartBlessingBlue":13,"Sundial":21,"MealTicket":0,"Philosopher\u0027s Stone":18,"downfall:RedIOU":14,"Pocketwatch":6},{"Lantern":9,"downfall:HeartBlessingRed":77,"downfall:HeartBlessingGreen":38,"Pen Nib":95,"Bottled Tornado":106,"sneckomod:SneckoSoul":0,"Cursed Key":38,"sneckomod:BabySnecko":38,"downfall:HeartBlessingBlue":52,"Sundial":89,"MealTicket":0,"Philosopher\u0027s Stone":77,"downfall:RedIOU":55,"Pocketwatch":21}],"Pocketwatch":[30]},"card_choices":[{"not_picked":["sneckomod:UnknownVulnerable","sneckomod:UnknownExhaust"],"picked":"sneckomod:WideSting","floor":2},{"not_picked":["sneckomod:DiceCrush","sneckomod:UnlimitedRolls"],"picked":"sneckomod:QuickBite","floor":3},{"not_picked":["sneckomod:Rotation","sneckomod:RainOfDice"],"picked":"sneckomod:PureSnecko","floor":5},{"not_picked":["sneckomod:UnknownVulnerable","sneckomod:SlitherStrike"],"picked":"sneckomod:Unknown1Cost","floor":8},{"not_picked":["sneckomod:UnknownStrike","sneckomod:SoulCleanse"],"picked":"sneckomod:UnknownClassGUARDIAN","floor":9},{"not_picked":["sneckomod:UnknownBlock","sneckomod:Unknown0Cost"],"picked":"sneckomod:Nope","floor":11},{"not_picked":["sneckomod:UnknownWeak","sneckomod:QuickMove"],"picked":"sneckomod:Cheat","floor":12},{"not_picked":["sneckomod:UnknownStrike","sneckomod:UnknownX"],"picked":"sneckomod:QuickBite","floor":14},{"not_picked":["sneckomod:ImprovisedGuard","sneckomod:RainOfDice"],"picked":"sneckomod:Unknown0Cost","floor":15},{"not_picked":["sneckomod:SoulExchange","sneckomod:UnknownRareAttack"],"picked":"sneckomod:UnknownRarePower","floor":16},{"not_picked":["sneckomod:QuickMove","sneckomod:SoulCleanse+1"],"picked":"sneckomod:UnknownClassRED+1","floor":20},{"not_picked":["sneckomod:Unknown1Cost","sneckomod:DangerNoodle"],"picked":"sneckomod:Nope","floor":21},{"not_picked":["sneckomod:SoulDraw+1","sneckomod:UnknownStrike+1"],"picked":"sneckomod:UnknownCommonSkill+1","floor":23},{"not_picked":["sneckomod:SoulRoll","sneckomod:WideSting"],"picked":"sneckomod:Unknown1Cost+1","floor":26},{"not_picked":["sneckomod:QuickBite+1","sneckomod:UnknownExhaust","sneckomod:SoulDraw"],"picked":"SKIP","floor":29},{"not_picked":["sneckomod:UnknownWeak","sneckomod:UnknownX","sneckomod:UnknownCommonSkill"],"picked":"SKIP","floor":31},{"not_picked":["sneckomod:UnknownClassRED","sneckomod:Cheat"],"picked":"sneckomod:UnknownUncommonPower","floor":32},{"not_picked":["sneckomod:Mudshield","sneckomod:DangerNoodle"],"picked":"sneckomod:Restock","floor":33},{"not_picked":["sneckomod:UnknownVulnerable+1","sneckomod:WideSting+1"],"picked":"sneckomod:UnknownUncommonSkill+1","floor":36},{"not_picked":["sneckomod:UnknownVulnerable","sneckomod:RainOfDice+1"],"picked":"sneckomod:Unknown0Cost","floor":37},{"not_picked":["expansioncontent:FaceSlap","expansioncontent:Hexaburn"],"picked":"expansioncontent:PrepareCrush","floor":42},{"not_picked":["sneckomod:SnakeSap","sneckomod:UnknownClassRED"],"picked":"sneckomod:ImprovisedGuard+1","floor":43},{"not_picked":["sneckomod:UnknownUncommonSkill","sneckomod:SoulDraw+1"],"picked":"sneckomod:SnekBeam+1","floor":44},{"not_picked":["sneckomod:IronFang+1","sneckomod:UnknownX"],"picked":"sneckomod:DiceBlock+1","floor":45},{"not_picked":["sneckomod:Unknown1Cost","sneckomod:UnknownStrike","sneckomod:UnknownCommonAttack"],"picked":"SKIP","floor":47},{"not_picked":["sneckomod:UnknownVulnerable","sneckomod:Unknown1Cost","sneckomod:UnknownX+1"],"picked":"SKIP","floor":48},{"not_picked":["sneckomod:UnknownClassCULL_RED_COLOR+1","sneckomod:QuickMove+1"],"picked":"sneckomod:SnakeSap+1","floor":49}],"player_experience":380132,"relics_obtained":[{"floor":7,"key":"Lantern"},{"floor":11,"key":"Pocketwatch"},{"floor":44,"key":"Pen Nib"},{"floor":47,"key":"Bottled Tornado"}],"event_choices":[{"cards_removed":["sneckomod:Strike"],"damage_healed":0,"gold_gain":0,"player_choice":"Purged","damage_taken":0,"max_hp_gain":0,"max_hp_loss":0,"event_name":"Purifier","floor":4,"gold_loss":0},{"damage_healed":0,"gold_gain":0,"player_choice":"Became a Ghost","damage_taken":0,"max_hp_gain":0,"max_hp_loss":48,"event_name":"Ghosts","floor":22,"gold_loss":0,"cards_obtained":["Ghostly","Ghostly","Ghostly","Ghostly","Ghostly"]}],"is_beta":true,"boss_relics":[{"not_picked":["Busted Crown","Runic Dome"],"picked":"Cursed Key"},{"not_picked":["Pandora\u0027s Box","Tiny House"],"picked":"Philosopher\u0027s Stone"}],"items_purged_floors":[9],"is_endless":false,"potions_floor_spawned":[2,8,15,23,26,33,45,47,49],"killed_by":"downfall:Defect","ascension_level":0}}