{"host":"utqe55yv0jihe4d6","time":1609305326,"event":{"mods":["2.2 Compatiblity","AchievementEnabler","BaseMod","Block Reminder","Colored Map","Colored Powertips","Minty Spire (QoL Compilation)","Quick Restart","Rare Cards Sparkle","Relic Stats","SuperFastMode"],"gold_per_floor":[365,365,34,52,63,89,109,109,161,193,193,212,232,263,263,341,341,385,385,385,425,435,435,476,502,502,522,522,522,54,117,117,117,117],"floor_reached":33,"playtime":1392,"items_purged":["Strike_P"],"score":764,"play_id":"473b71a4-c5a6-435b-8762-5bf25db4e7b7","local_time":"20201230001526","is_ascension_mode":true,"campfire_choices":[{"data":"MentalFortress","floor":8.0,"key":"SMITH"},{"data":"Tantrum","floor":11.0,"key":"SMITH"},{"data":"MentalFortress","floor":15.0,"key":"SMITH"},{"floor":23,"key":"REST"},{"floor":29,"key":"REST"},{"data":"Wallop","floor":32,"key":"SMITH"}],"circlet_count":0,"master_deck":["AscendersBane","Strike_P","Strike_P","Strike_P","Defend_P","Defend_P","Defend_P","Defend_P","Eruption+1","Vigilance","EmptyFist","Tantrum+1","MentalFortress+1","ClearTheMind","SashWhip","WaveOfTheHand+1","ThirdEye+1","MentalFortress+1","Halt+1","Meditate+1","Evaluate+1","Wish+1","Sanctity+1","Ghostly+1","Ghostly+1","Ghostly+1","ClearTheMind+1","DevaForm","SandsOfTime","Halt+1","Wallop+1"],"relics":["PureWater","Lantern","Toxic Egg 2","PreservedInsect","Happy Flower","Unceasing Top","Black Star","Smiling Mask","Damaru","Prayer Wheel","Toy Ornithopter","Centennial Puzzle","Potion Belt","Strawberry"],"acts_visited":["Exordium","TheCity"],"potions_floor_usage":[25,31,33,33],"damage_taken":[{"damage":6.0,"enemies":"Jaw Worm","floor":1.0,"turns":6.0},{"damage":2.0,"enemies":"Cultist","floor":4.0,"turns":3.0},{"damage":1.0,"enemies":"2 Louse","floor":5.0,"turns":2.0},{"damage":18.0,"enemies":"Lagavulin","floor":6.0,"turns":5.0},{"damage":0.0,"enemies":"Exordium Thugs","floor":7.0,"turns":4.0},{"damage":0.0,"enemies":"Gremlin Nob","floor":10.0,"turns":3.0},{"damage":8.0,"enemies":"Blue Slaver","floor":12.0,"turns":3.0},{"damage":6.0,"enemies":"Looter","floor":13.0,"turns":2.0},{"damage":0.0,"enemies":"Lagavulin","floor":14.0,"turns":7.0},{"damage":26.0,"enemies":"Slime Boss","floor":16.0,"turns":12.0},{"damage":16,"enemies":"Shell Parasite","floor":18,"turns":5},{"damage":12,"enemies":"3 Byrds","floor":21,"turns":7},{"damage":10,"enemies":"Cultist and Chosen","floor":22,"turns":11},{"damage":1,"enemies":"Snecko","floor":24,"turns":11},{"damage":2,"enemies":"Book of Stabbing","floor":25,"turns":5},{"damage":12,"enemies":"Snake Plant","floor":27,"turns":5},{"damage":0,"enemies":"Gremlin Leader","floor":31,"turns":10},{"damage":82,"enemies":"Automaton","floor":33,"turns":6}],"seed_played":"3993556516215943247","potions_obtained":[{"floor":6.0,"key":"FairyPotion"},{"floor":10.0,"key":"Strength Potion"},{"floor":16.0,"key":"Explosive Potion"},{"floor":27,"key":"Swift Potion"},{"floor":31,"key":"BlessingOfTheForge"}],"is_trial":false,"path_per_floor":["M","?","$","M","M","E","M","R","T","E","R","M","M","E","R","B",null,"M","?","?","M","M","R","M","E","T","M","?","R","$","E","R","B"],"character_chosen":"WATCHER","items_purchased":["Tantrum","MentalFortress","Lantern","Toy Ornithopter","BottledMiracle","Centennial Puzzle","Halt+1"],"campfire_rested":2,"item_purchase_floors":[3,3,3,30,30,30,30],"current_hp_per_floor":[55,55,55,53,52,34,34,34,34,34,34,26,20,20,20,18,51,35,31,31,19,9,18,17,15,15,3,3,12,12,24,24,0,0],"gold":117,"neow_bonus":"TWO_FIFTY_GOLD","is_daily":false,"chose_seed":false,"campfire_upgraded":4,"win_rate":0.0,"timestamp":1609305326,"path_taken":["M","?","$","M","M","E","M","R","T","E","R","?","M","E","R","BOSS","M","?","?","?","M","R","M","E","T","M","?","R","$","E","R","BOSS"],"items_purchased_type":["Card","Card","Relic","Relic","Potion","Relic","Card"],"build_version":"2020-12-22","purchased_purges":1,"victory":false,"max_hp_per_floor":[62,62,62,62,62,62,62,62,62,62,62,62,62,62,62,62,62,62,31,31,31,31,31,31,31,31,31,31,31,31,38,38,38,38],"relic_stats":{"Centennial Puzzle":[3],"Happy Flower":[28],"counters":[18,107],"Prayer Wheel":1,"PreservedInsect":140,"Black Star":2,"Smiling Mask":25,"obtain_stats":[{"Potion Belt":31,"Lantern":3,"Happy Flower":10,"Damaru":25,"PreservedInsect":9,"Smiling Mask":25,"Centennial Puzzle":30,"Strawberry":31,"Prayer Wheel":26,"Black Star":17,"PureWater":0,"Toxic Egg 2":6,"Unceasing Top":14,"Toy Ornithopter":30},{"Potion Belt":17,"Lantern":1,"Happy Flower":6,"Damaru":15,"PreservedInsect":5,"Smiling Mask":15,"Centennial Puzzle":16,"Strawberry":17,"Prayer Wheel":15,"Black Star":10,"PureWater":0,"Toxic Egg 2":4,"Unceasing Top":9,"Toy Ornithopter":16},{"Potion Belt":101,"Lantern":6,"Happy Flower":23,"Damaru":86,"PreservedInsect":20,"Smiling Mask":86,"Centennial Puzzle":91,"Strawberry":101,"Prayer Wheel":86,"Black Star":47,"PureWater":0,"Toxic Egg 2":16,"Unceasing Top":35,"Toy Ornithopter":91}],"Unceasing Top":[5],"Toy Ornithopter":15},"card_choices":[{"not_picked":["ClearTheMind","DeceiveReality"],"picked":"EmptyFist","floor":1.0},{"not_picked":["EmptyBody","Pray"],"picked":"ClearTheMind","floor":4.0},{"not_picked":["Tantrum","Pray"],"picked":"SashWhip","floor":5.0},{"not_picked":["BowlingBash","Collect+1"],"picked":"WaveOfTheHand+1","floor":6.0},{"not_picked":["ForeignInfluence+1","FollowUp"],"picked":"ThirdEye+1","floor":7.0},{"not_picked":["InnerPeace+1","BowlingBash"],"picked":"MentalFortress","floor":10.0},{"not_picked":["BowlingBash","EmptyBody+1"],"picked":"Halt+1","floor":12.0},{"not_picked":["Adaptation","FlyingSleeves"],"picked":"Meditate+1","floor":13.0},{"not_picked":["EmptyFist","ConjureBlade+1"],"picked":"Evaluate+1","floor":14.0},{"not_picked":["Devotion","LessonLearned"],"picked":"Wish+1","floor":16.0},{"not_picked":["Evaluate+1","WreathOfFlame+1"],"picked":"Sanctity+1","floor":18},{"not_picked":["InnerPeace+1","PathToVictory+1","Evaluate+1"],"picked":"SKIP","floor":21},{"not_picked":["BowlingBash","EmptyFist","SashWhip"],"picked":"SKIP","floor":22},{"not_picked":["CrushJoints","SashWhip"],"picked":"ClearTheMind+1","floor":24},{"not_picked":["Judgement+1","MentalFortress"],"picked":"DevaForm","floor":25},{"not_picked":["ClearTheMind+1","JustLucky"],"picked":"SandsOfTime","floor":27},{"not_picked":["BowlingBash","Indignation+1","FollowUp"],"picked":"SKIP","floor":27},{"not_picked":["Wireheading","Nirvana+1"],"picked":"Wallop","floor":31}],"player_experience":2912162,"relics_obtained":[{"floor":6.0,"key":"Toxic Egg 2"},{"floor":9.0,"key":"PreservedInsect"},{"floor":10.0,"key":"Happy Flower"},{"floor":14.0,"key":"Unceasing Top"},{"floor":25,"key":"Smiling Mask"},{"floor":25,"key":"Damaru"},{"floor":26,"key":"Prayer Wheel"},{"floor":31,"key":"Potion Belt"},{"floor":31,"key":"Strawberry"}],"event_choices":[{"damage_healed":0.0,"max_hp_gain":0.0,"max_hp_loss":0.0,"gold_gain":0.0,"event_name":"Upgrade Shrine","player_choice":"Upgraded","floor":2.0,"gold_loss":0.0,"damage_taken":0.0,"cards_upgraded":["Eruption"]},{"damage_healed":0,"gold_gain":0,"player_choice":"Became a Ghost","damage_taken":0,"max_hp_gain":0,"max_hp_loss":31,"event_name":"Ghosts","floor":19,"gold_loss":0,"cards_obtained":["Ghostly","Ghostly","Ghostly"]},{"damage_healed":0,"gold_gain":0,"player_choice":"Ignored","damage_taken":0,"max_hp_gain":0,"max_hp_loss":0,"event_name":"Cursed Tome","floor":20,"gold_loss":0},{"damage_healed":0,"gold_gain":0,"player_choice":"Ignored","damage_taken":0,"max_hp_gain":0,"max_hp_loss":0,"event_name":"Vampires","floor":28,"gold_loss":0}],"is_beta":false,"boss_relics":[{"not_picked":["Calling Bell","Philosopher\u0027s Stone"],"picked":"Black Star"}],"items_purged_floors":[30],"is_endless":false,"potions_floor_spawned":[6,10,12,14,16,18,22,27,31],"killed_by":"Automaton","ascension_level":20}}