{"host":"mi24dmma43d7mlws","time":1609362830,"event":{"mods":["2.2 Compatiblity","Astrologer","Bard","BaseMod","Beaked The Cultist","Bestiary","CatGirl Mod","Colored Map","Colored Powertips","Custom Start","Downfall","Fiend Mod","Fireblade Mod","Hermit","Highlight Path","JesterMod","Jorbs\u0027s Wanderer Trilogy","Mad Scientist","Magitek Elite","Minty Spire (QoL Compilation)","Potionbrewer","QueenMod","Quick Restart","Rare Cards Sparkle","Relic Stats","Shade Mod","Somnambulant","StSLib","Td1madao Mod","The Accelerator","The Blackbeard","The Bladedancer","The Bug Knight","The Clintock","The Construct","The Cursed","The Death Knight","The Disciple","The Elementalist","The Florist","The Forsaken","The Gatherer","The Hayseed","The Hierophant","The Judge","The Juggle","The Mystic","The Necromancer","The Problem Sleuth","The Runesmith","The Sage","The Senshi","The Servant 0.9.4","The Showman","The Spell Scribe","The Trickster","The Valiant","The Vixen","The Wild Card","TheArtist","TheBandit","TheFirefly","TheHeartMod","TheHero","TheLocksmith","everything is the same but u backflip on backflip","slay the spire mod where everything is the same but ironclad has a cowboy hat","thorton"],"gold_per_floor":[113,15,30,48,123,123,148,148,148,148,161,190,210,223,223,322,322,335,335,351,251,271,290,290,315,315,326,326,358,358,23,23,128,128,143,143,143,143,162,191,204,7,7,7,7,7,7,20,20,20,20,20],"floor_reached":50,"playtime":3183,"items_purged":["theSleuth:OglogMRubbit","hexamod:FlamesFromBeyond","hexamod:Strike"],"score":572,"play_id":"0b139ee5-8021-46e5-b515-6dc4923be4fb","local_time":"20201230211350","is_ascension_mode":true,"campfire_choices":[{"data":"hexamod:BurningTouch","floor":6,"key":"SMITH"},{"data":"hexamod:BurningTouch","floor":8,"key":"SMITH"},{"floor":10,"key":"REST"},{"data":"hexamod:HeatShield","floor":15,"key":"SMITH"},{"data":"hexamod:GhostflameInferno","floor":24,"key":"SMITH"},{"floor":32,"key":"REST"},{"floor":44,"key":"RECALL"},{"floor":46,"key":"REST"},{"data":"Apotheosis","floor":49,"key":"SMITH"}],"circlet_count":0,"master_deck":["elementalist:Fire_Emblem","hexamod:Strike","hexamod:Strike","hexamod:Defend","hexamod:Defend","hexamod:Defend","hexamod:Defend","hexamod:Sear","hexamod:Float","hexamod:BurningTouch+1","hexamod:NightmareStrike","hexamod:BurningTouch+1","hexamod:SpectralSpark","hexamod:ThermalTransfer","hexamod:WildfireWeapon","hexamod:ShieldOfDarkness","hexamod:HeatShield+1","hexamod:GhostflameInferno+1","hexamod:ThermalTransfer","hexamod:FirstSeal","hexamod:EmpoweredFlame","hexamod:FastForward+1","hexamod:HeatCrush","hexamod:GiftsFromTheDead","elementalist:Fire_Emblem","Good Instincts","Panacea","Apotheosis+1","hexamod:ShieldOfDarkness+1","hexamod:SixthSeal","hexamod:FastForward+1"],"relics":["hexamod:SpiritBrand","Archangels Feather","TungstenRod","Ribbon","construct:ClawGrip","theForsaken:HumbleEgg","potionbrewer:WarMedal","Boot","Nilry\u0027s Codex","Membership Card","PreservedInsect","Regal Pillow","Runic Pyramid","Smiling Mask","MealTicket","Strawberry","theForsaken:ScaryMask","theSenshi:FeatherClipsRelic"],"acts_visited":["Exordium","TheCity","TheBeyond"],"potions_floor_usage":[25,27,27,33,39,40],"damage_taken":[{"damage":2,"enemies":"2 Louse","floor":1,"turns":2},{"damage":0,"enemies":"Small Slimes","floor":3,"turns":3},{"damage":0,"enemies":"Cultist","floor":4,"turns":3},{"damage":19,"enemies":"3 Sentries","floor":7,"turns":6},{"damage":0,"enemies":"Exordium Thugs","floor":11,"turns":3},{"damage":9,"enemies":"Gremlin Nob","floor":12,"turns":3},{"damage":5,"enemies":"2 Fungi Beasts","floor":13,"turns":3},{"damage":0,"enemies":"Blue Slaver","floor":14,"turns":3},{"damage":16,"enemies":"The Guardian","floor":16,"turns":9},{"damage":0,"enemies":"Shell Parasite","floor":18,"turns":4},{"damage":12,"enemies":"Spheric Guardian","floor":20,"turns":5},{"damage":6,"enemies":"Chosen and Byrds","floor":22,"turns":5},{"damage":10,"enemies":"Sentry and Sphere","floor":23,"turns":5},{"damage":18,"enemies":"Slavers","floor":25,"turns":5},{"damage":9,"enemies":"Snake Plant","floor":27,"turns":3},{"damage":19,"enemies":"Gremlin Leader","floor":29,"turns":6},{"damage":54,"enemies":"Collector","floor":33,"turns":9},{"damage":11,"enemies":"Orb Walker","floor":35,"turns":4},{"damage":27,"enemies":"3 Darklings","floor":39,"turns":8},{"damage":19,"enemies":"Nemesis","floor":40,"turns":5},{"damage":17,"enemies":"4 Shapes","floor":41,"turns":7},{"damage":2,"enemies":"Maw","floor":48,"turns":8},{"damage":81,"enemies":"Awakened One","floor":50,"turns":5}],"seed_played":"7558958813239327715","potions_obtained":[{"floor":1,"key":"DeathKnight:RimePotion"},{"floor":7,"key":"potionbrewer:DiscountPotion"},{"floor":12,"key":"hexamod:DoubleChargePotion"},{"floor":18,"key":"potionbrewer:NoxiousPotion"},{"floor":23,"key":"Energy Potion"},{"floor":29,"key":"Fire Potion"},{"floor":33,"key":"AttackPotion"},{"floor":35,"key":"DuplicationPotion"}],"is_trial":false,"path_per_floor":["M","$","M","M","?","R","E","R","T","R","M","E","M","M","R","B",null,"M","?","M","$","M","M","R","E","T","M","?","E","?","$","R","B",null,"M","?","?","?","M","E","M","$","T","R","T","R","?","M","R","B"],"character_chosen":"THE_SPIRIT","items_purchased":["hexamod:BurningTouch","Membership Card","PreservedInsect","Regal Pillow","hexamod:HeatCrush","MealTicket","Strawberry"],"campfire_rested":3,"item_purchase_floors":[2,31,31,31,31,42,42],"current_hp_per_floor":[68,68,70,70,59,59,48,48,48,69,70,61,62,70,70,54,70,70,64,54,54,56,59,59,56,56,66,66,51,39,39,70,16,70,66,66,57,57,46,42,40,47,47,47,47,73,73,73,73,0,0,0],"gold":20,"neow_bonus":"ONE_RARE_RELIC","is_daily":false,"chose_seed":false,"campfire_upgraded":5,"win_rate":0.0,"timestamp":1609362830,"path_taken":["M","$","M","M","?","R","E","R","T","R","M","E","M","M","R","BOSS","M","?","M","?","M","M","R","E","T","?","?","E","?","$","R","BOSS","M","?","?","?","M","E","M","$","T","R","?","R","?","M","R","BOSS"],"items_purchased_type":["Card","Relic","Relic","Relic","Card","Relic","Relic"],"build_version":"2020-12-22","purchased_purges":3,"victory":false,"max_hp_per_floor":[70,70,70,70,70,70,70,70,70,70,70,70,70,70,70,70,70,70,70,70,70,70,70,70,70,70,70,70,70,70,70,70,70,70,70,70,70,66,66,66,66,73,73,73,73,73,73,73,73,73,73,73],"relic_stats":{"Regal Pillow":15,"counters":[23,114],"MealTicket":0,"PreservedInsect":47,"Boot":[4],"Smiling Mask":13,"obtain_stats":[{"construct:ClawGrip":17,"potionbrewer:WarMedal":26,"Regal Pillow":31,"theForsaken:ScaryMask":43,"Nilry\u0027s Codex":30,"PreservedInsect":31,"theSenshi:FeatherClipsRelic":45,"Boot":29,"Smiling Mask":40,"theForsaken:HumbleEgg":25,"Archangels Feather":0,"Ribbon":12,"Strawberry":42,"MealTicket":42,"Membership Card":31,"hexamod:SpiritBrand":0,"TungstenRod":7,"Runic Pyramid":34},{"construct:ClawGrip":9,"potionbrewer:WarMedal":14,"Regal Pillow":16,"theForsaken:ScaryMask":21,"Nilry\u0027s Codex":16,"PreservedInsect":16,"theSenshi:FeatherClipsRelic":21,"Boot":16,"Smiling Mask":20,"theForsaken:HumbleEgg":14,"Archangels Feather":0,"Ribbon":6,"Strawberry":21,"MealTicket":21,"Membership Card":16,"hexamod:SpiritBrand":0,"TungstenRod":4,"Runic Pyramid":17},{"construct:ClawGrip":35,"potionbrewer:WarMedal":59,"Regal Pillow":68,"theForsaken:ScaryMask":101,"Nilry\u0027s Codex":68,"PreservedInsect":68,"theSenshi:FeatherClipsRelic":101,"Boot":68,"Smiling Mask":94,"theForsaken:HumbleEgg":59,"Archangels Feather":0,"Ribbon":20,"Strawberry":101,"MealTicket":101,"Membership Card":68,"hexamod:SpiritBrand":0,"TungstenRod":14,"Runic Pyramid":77}],"TungstenRod":53},"card_choices":[{"not_picked":["hexamod:HeatShield","hexamod:ShieldOfDarkness"],"picked":"hexamod:FlamesFromBeyond","floor":1},{"not_picked":["hexamod:Again","hexamod:InspiringFlames"],"picked":"hexamod:NightmareStrike","floor":3},{"not_picked":["hexamod:SkipABeat","hexamod:HauntingEcho"],"picked":"hexamod:BurningTouch","floor":4},{"not_picked":["hexamod:Incineration","hexamod:GhostShield"],"picked":"hexamod:SpectralSpark","floor":7},{"not_picked":["hexamod:InspiringFlames","hexamod:GhostShield"],"picked":"hexamod:ThermalTransfer","floor":11},{"not_picked":["hexamod:SoulSteal","hexamod:SkipABeat"],"picked":"hexamod:WildfireWeapon","floor":12},{"not_picked":["hexamod:ThermalTransfer","hexamod:Rewind"],"picked":"hexamod:ShieldOfDarkness","floor":13},{"not_picked":["hexamod:DynamicBlow","hexamod:BurningTouch"],"picked":"hexamod:HeatShield","floor":14},{"not_picked":["hexamod:UnleashSpirits","hexamod:ParanormalForm"],"picked":"hexamod:GhostflameInferno","floor":16},{"not_picked":["hexamod:BacktrackSmack","hexamod:NightmareStrike","hexamod:RetreatToShadows"],"picked":"SKIP","floor":18},{"not_picked":["hexamod:Again","hexamod:FlamesFromBeyond"],"picked":"hexamod:ThermalTransfer","floor":20},{"not_picked":["hexamod:Firestarter","hexamod:SwordOfDarkness+1"],"picked":"hexamod:FirstSeal","floor":22},{"not_picked":["hexamod:InspiringFlames","hexamod:ApocalypseNow"],"picked":"hexamod:EmpoweredFlame","floor":23},{"not_picked":["hexamod:CatchUp","hexamod:Hexaguard+1"],"picked":"hexamod:FastForward+1","floor":25},{"not_picked":["hexamod:Firestarter+1","hexamod:NightmareStrike+1","hexamod:BacktrackSmack+1"],"picked":"SKIP","floor":27},{"not_picked":["hexamod:RainOfEmbers+1","hexamod:ThermalTransfer+1","hexamod:ChargedBarrage"],"picked":"SKIP","floor":29},{"not_picked":["hexamod:HexaLevel","hexamod:UnlimitedPower"],"picked":"hexamod:GiftsFromTheDead","floor":33},{"not_picked":["hexamod:InspiringFlames+1","hexamod:AdvancingGuard+1","hexamod:Haunt"],"picked":"SKIP","floor":35},{"not_picked":["Master of Strategy","Impatience"],"picked":"Good Instincts","floor":37},{"not_picked":["expansioncontent:LastStand","Secret Technique"],"picked":"Panacea","floor":37},{"not_picked":["expansioncontent:DecasProtection","Forethought"],"picked":"Apotheosis","floor":37},{"not_picked":["hexamod:NecessarySacrifice","hexamod:InspiringFlames+1"],"picked":"hexamod:ShieldOfDarkness+1","floor":39},{"not_picked":["hexamod:ThermalTransfer+1","hexamod:RecurringNightmare+1","hexamod:Hexaguard+1"],"picked":"SKIP","floor":40},{"not_picked":["hexamod:ThermalTransfer+1","hexamod:ShieldOfDarkness+1","hexamod:SecondSeal"],"picked":"SKIP","floor":41},{"not_picked":["hexamod:BacktrackSmack+1","hexamod:HeatMetal","hexamod:AdvancingGuard+1"],"picked":"SKIP","floor":48}],"player_experience":1032480,"relics_obtained":[{"floor":7,"key":"TungstenRod"},{"floor":12,"key":"Ribbon"},{"floor":25,"key":"theForsaken:HumbleEgg"},{"floor":26,"key":"potionbrewer:WarMedal"},{"floor":29,"key":"Boot"},{"floor":30,"key":"Nilry\u0027s Codex"},{"floor":40,"key":"Smiling Mask"},{"floor":43,"key":"theForsaken:ScaryMask"},{"floor":45,"key":"theSenshi:FeatherClipsRelic"}],"event_choices":[{"damage_healed":0,"gold_gain":75,"player_choice":"Gather Gold","damage_taken":11,"max_hp_gain":0,"max_hp_loss":0,"event_name":"World of Goop","floor":5,"gold_loss":0},{"damage_healed":0,"gold_gain":0,"player_choice":"Damaged","damage_taken":7,"max_hp_gain":0,"max_hp_loss":0,"event_name":"Wheel of Change","floor":19,"gold_loss":0},{"damage_healed":0,"gold_gain":0,"player_choice":"Obtained Book","damage_taken":16,"max_hp_gain":0,"max_hp_loss":0,"event_name":"Cursed Tome","floor":30,"gold_loss":0},{"damage_healed":0,"gold_gain":0,"player_choice":"Memory 3","damage_taken":10,"max_hp_gain":0,"max_hp_loss":0,"event_name":"SensoryStone","floor":37,"gold_loss":0},{"damage_healed":0,"gold_gain":0,"player_choice":"Max HP","damage_taken":0,"max_hp_gain":0,"max_hp_loss":4,"event_name":"Winding Halls","floor":38,"gold_loss":0},{"damage_healed":0,"gold_gain":0,"cards_transformed":["hexamod:Strike"],"player_choice":"Transformed","damage_taken":0,"max_hp_gain":0,"max_hp_loss":0,"event_name":"Transmorgrifier","floor":47,"gold_loss":0,"cards_obtained":["hexamod:SixthSeal"]}],"is_beta":false,"boss_relics":[{"not_picked":["beaked:SacredDeck","Velvet Choker"],"picked":"construct:ClawGrip"},{"not_picked":["Runic Dome","Black Star"],"picked":"Runic Pyramid"}],"items_purged_floors":[2,21,42],"is_endless":false,"potions_floor_spawned":[1,7,12,16,18,20,23,29,33,35],"killed_by":"Awakened One","ascension_level":1}}