{"host":"ixqzyafodex1tsi5","time":1609302335,"event":{"mods":["AchievementEnabler","Act Like it!","BaseMod","Downfall","Gensokyo","GifTheSpireLib","Lobotomy","LobotomyExtend","Minty Spire (QoL Compilation)","Relic Stats","Replay The Spire","RumiaBox-露米娅的神秘盒子","Spicy Shops","StSLib","【功能Mod】混沌之环修复补丁"],"gold_per_floor":[110,122,134,134,152,152,184,184,184,54,81,101,118,146,146,244,244,244,68,68,68,68,68,68,68,68,6,6,6,6,6,6,6,6,6,6],"floor_reached":35,"playtime":1845,"items_purged":["SpecialBullet"],"score":441,"play_id":"bbbfd203-7419-47ff-9c3c-89fd7f7f01d8","local_time":"20201230122535","is_ascension_mode":true,"campfire_choices":[],"circlet_count":0,"master_deck":["SpecialBullet","SpecialBullet","SpecialBullet","SpecialBullet","SpecialBullet","SpecialBullet","ExtractionCode","SecurityCode","InformationCode","CrumblingArmor","Reverberation","Reverberation+1","GreedKing","GrinderMk4+1","BigBird","Beak+1","Hornet+1","Justitia+1","Twilight+1","CherryBlossom+1","RedShoes","Regret_ego+1","Woodsman","ControlCode","RedEyes+1","Slimebound:CheckThePlaybook+1","TT2Protocol","RapturousDream+1","Pleasure+1","FieryBird","CENSORED_ego+1"],"relics":["CogitoBucket","RabbitCall","LetterFromLob","Chameleon Ring","MagicDraw2","Divine Protection","Replay:WaspNest","ReplayTheSpireMod:Ninjato","Ectoplasm","GodSword3","Theresia","MutagenicStrength","Omamori","ZombieArmy","Gaze_r","MagicBullet_r","Gremlin Horn","EasyGame_NEW"],"acts_visited":["Exordium","TheCity","TheBeyond"],"potions_floor_usage":[16],"damage_taken":[{"damage":0.0,"enemies":"Small Slimes","floor":1.0,"turns":2.0},{"damage":6.0,"enemies":"Cultist","floor":2.0,"turns":3.0},{"damage":11.0,"enemies":"Jaw Worm","floor":3.0,"turns":2.0},{"damage":18.0,"enemies":"Exordium Wildlife","floor":5.0,"turns":3.0},{"damage":27.0,"enemies":"3 Sentries","floor":7.0,"turns":6.0},{"damage":10.0,"enemies":"Lagavulin","floor":11.0,"turns":5.0},{"damage":29.0,"enemies":"Large Slime","floor":12.0,"turns":4.0},{"damage":2.0,"enemies":"Looter","floor":13.0,"turns":2.0},{"damage":0.0,"enemies":"Gremlin Nob","floor":14.0,"turns":3.0},{"damage":22,"enemies":"Hexaghost","floor":16,"turns":3},{"damage":0,"enemies":"Chosen","floor":18,"turns":3},{"damage":58,"enemies":"3 Byrds","floor":20,"turns":5},{"damage":0,"enemies":"3 Cultists","floor":21,"turns":3},{"damage":0,"enemies":"Gremlin Leader","floor":28,"turns":2},{"damage":37,"enemies":"Snake Plant","floor":30,"turns":4},{"damage":12,"enemies":"Gremlin Leader","floor":31,"turns":2},{"damage":42,"enemies":"Collector","floor":33,"turns":3},{"damage":85,"enemies":"3 Shapes","floor":35,"turns":3}],"seed_played":"-422791172838265881","potions_obtained":[{"floor":2.0,"key":"champ:CounterPotion"},{"floor":3.0,"key":"DuplicationPotion"}],"is_trial":false,"path_per_floor":["M","M","M","?","M","R","E","R","T","$","E","M","M","E","R","B",null,"M","$","M","M","?","R","?","R","T","$","E","?","M","E","R","B",null,"M"],"character_chosen":"Angela","items_purchased":["Divine Protection","GodSword3","RedEyes+1"],"campfire_rested":0,"item_purchase_floors":[10,19,27],"current_hp_per_floor":[70,70,67,70,60,60,41,41,41,41,43,26,36,48,48,38,70,70,70,28,44,44,44,44,44,44,44,78,78,59,82,82,64,82,0,0],"gold":6,"neow_bonus":"REMOVE_CARD","is_daily":false,"chose_seed":false,"campfire_upgraded":0,"win_rate":0.0,"timestamp":1609302335,"path_taken":["M","M","M","?","M","R","E","R","T","$","E","M","?","E","R","BOSS","M","$","M","M","?","R","?","R","T","?","E","?","M","E","R","BOSS","M"],"items_purchased_type":["Relic","Relic","Card"],"build_version":"2020-12-22","purchased_purges":1,"victory":false,"max_hp_per_floor":[70,70,70,70,70,70,70,70,70,70,70,70,70,70,70,70,70,70,70,74,78,78,78,78,78,78,78,78,78,78,82,82,82,82,82,82],"relic_stats":{"Gremlin Horn":[3,3],"counters":[21,61],"Ectoplasm":239,"obtain_stats":[{"RabbitCall":0,"Divine Protection":10,"ReplayTheSpireMod:Ninjato":14,"MagicBullet_r":28,"Gremlin Horn":31,"Replay:WaspNest":11,"Omamori":24,"MagicDraw2":9,"Gaze_r":28,"CogitoBucket":0,"Chameleon Ring":7,"MutagenicStrength":22,"Ectoplasm":17,"LetterFromLob":1,"GodSword3":19,"Theresia":20,"EasyGame_NEW":34,"ZombieArmy":26},{"RabbitCall":0,"Divine Protection":5,"ReplayTheSpireMod:Ninjato":10,"MagicBullet_r":16,"Gremlin Horn":18,"Replay:WaspNest":6,"Omamori":15,"MagicDraw2":5,"Gaze_r":16,"CogitoBucket":0,"Chameleon Ring":5,"MutagenicStrength":15,"Ectoplasm":11,"LetterFromLob":1,"GodSword3":12,"Theresia":14,"EasyGame_NEW":19,"ZombieArmy":15},{"RabbitCall":0,"Divine Protection":16,"ReplayTheSpireMod:Ninjato":31,"MagicBullet_r":48,"Gremlin Horn":54,"Replay:WaspNest":21,"Omamori":46,"MagicDraw2":16,"Gaze_r":48,"CogitoBucket":0,"Chameleon Ring":16,"MutagenicStrength":46,"Ectoplasm":34,"LetterFromLob":2,"GodSword3":37,"Theresia":43,"EasyGame_NEW":57,"ZombieArmy":46}]},"card_choices":[{"not_picked":["Soda","Penitence"],"picked":"SKIP","floor":1.0},{"not_picked":["Soda","Penitence"],"picked":"SKIP","floor":1.0},{"not_picked":["Lantern","SoundOfStar"],"picked":"SKIP","floor":2.0},{"not_picked":["Freischutz","ShyLook"],"picked":"CrumblingArmor","floor":3.0},{"not_picked":["Heaven","Regret_ego"],"picked":"SKIP","floor":3.0},{"not_picked":["Harmony","Soda"],"picked":"Reverberation","floor":5.0},{"not_picked":["PunishingBird","BigBadWolf","Wellcheers"],"picked":"Singing Bowl","floor":7.0},{"not_picked":["SomewhereSpear","Lantern","Tough"],"picked":"SKIP","floor":7.0},{"not_picked":["BearPaw+1","RapturousDream+1"],"picked":"Reverberation+1","floor":11.0},{"not_picked":["Bloodbath","Wellcheers"],"picked":"GreedKing","floor":11.0},{"not_picked":["VoidDream","LaLuna","NakedNest"],"picked":"Singing Bowl","floor":12.0},{"not_picked":["TodaysExpression+1","Logging+1"],"picked":"GrinderMk4+1","floor":12.0},{"not_picked":["MHz","DespairKnight","WallGazer"],"picked":"Singing Bowl","floor":13.0},{"not_picked":["MHz","QueenBee"],"picked":"BigBird","floor":13.0},{"not_picked":["CUTE+1","Tough+1"],"picked":"Beak+1","floor":13.0},{"not_picked":["LittlePrince","FieryBird","SnowQueen"],"picked":"Singing Bowl","floor":14.0},{"not_picked":["ParadiseLost+1","FeatherOfHonor+1"],"picked":"Hornet+1","floor":14.0},{"not_picked":["Loneliness+1","Lantern+1","Tough+1"],"picked":"SKIP","floor":14.0},{"not_picked":["SoundOfStar+1","Pinks+1"],"picked":"Justitia+1","floor":16},{"not_picked":["VoidDream","Scorched","GalaxyChild"],"picked":"Singing Bowl","floor":16},{"not_picked":["Justitia+1","ParadiseLost+1"],"picked":"Twilight+1","floor":16},{"not_picked":["BigBadWolf","SpiderBud","WhitesApple"],"picked":"Singing Bowl","floor":18},{"not_picked":["TheSmile+1","CUTE+1"],"picked":"CherryBlossom+1","floor":18},{"not_picked":["Lantern+1","InTheNameOfLoveAndHate+1","Soda+1"],"picked":"SKIP","floor":18},{"not_picked":["DespairKnight","HappyTeddy"],"picked":"RedShoes","floor":20},{"not_picked":["FeatherOfHonor+1","Discord+1"],"picked":"Regret_ego+1","floor":20},{"not_picked":["Amita+1","Laetitia_ego+1","FeatherOfHonor+1"],"picked":"SKIP","floor":20},{"not_picked":["Laetitia","HeroicMonk"],"picked":"Woodsman","floor":21},{"not_picked":["Horn+1","Discord+1","CUTE+1"],"picked":"SKIP","floor":21},{"not_picked":["LaLuna","Yin","Scarecrow"],"picked":"Singing Bowl","floor":30},{"not_picked":["FourthMatchFlame+1","CUTE+1"],"picked":"RapturousDream+1","floor":30},{"not_picked":["Galaxy+1","CherryBlossom+1"],"picked":"Pleasure+1","floor":31},{"not_picked":["DespairKnight","LittleHelper","BeautyBeast"],"picked":"Singing Bowl","floor":31},{"not_picked":["OSAHOGD","Funeral"],"picked":"FieryBird","floor":31},{"not_picked":["Horn+1","Penitence+1","SwordSharpenedByTears+1"],"picked":"SKIP","floor":31},{"not_picked":["Scarecrow","SingingMachine","Murderer"],"picked":"Singing Bowl","floor":33},{"not_picked":["Twilight+1","ParadiseLost+1"],"picked":"CENSORED_ego+1","floor":33}],"player_experience":145500,"relics_obtained":[{"floor":1.0,"key":"LetterFromLob"},{"floor":7.0,"key":"Chameleon Ring"},{"floor":9.0,"key":"MagicDraw2"},{"floor":11.0,"key":"Replay:WaspNest"},{"floor":14.0,"key":"ReplayTheSpireMod:Ninjato"},{"floor":26,"key":"ZombieArmy"},{"floor":31,"key":"Gremlin Horn"}],"event_choices":[{"damage_healed":3.0,"max_hp_gain":0.0,"max_hp_loss":0.0,"gold_gain":0.0,"event_name":"Wheel of Change","player_choice":"Full Heal","floor":4.0,"gold_loss":0.0,"damage_taken":0.0},{"damage_healed":0,"gold_gain":0,"player_choice":"Inject Mutagens","damage_taken":0,"relics_obtained":["MutagenicStrength"],"max_hp_gain":0,"max_hp_loss":0,"event_name":"Drug Dealer","floor":22,"gold_loss":0},{"damage_healed":0,"gold_gain":0,"player_choice":"Stole Relic","damage_taken":0,"relics_obtained":["Omamori"],"max_hp_gain":0,"max_hp_loss":0,"event_name":"Addict","floor":24,"gold_loss":0,"cards_obtained":["Shame"]}],"is_beta":false,"boss_relics":[{"not_picked":["Honey Jar","SacredBark"],"picked":"Ectoplasm"},{"not_picked":["Astrolabe","Kintsugi"],"picked":"EasyGame_NEW"}],"items_purged_floors":[19],"is_endless":false,"potions_floor_spawned":[2,3,28],"killed_by":"3 Shapes","ascension_level":1}}