{"host":"dh4nu8nelr2izibb","time":1609288029,"event":{"mods":["Act Like it!","BaseMod","Better Third Choice","Card Forge","Curses Come First","Displayed Cursed Tome","Evolution","HololiveMod","Marisa????????","Minty Spire (QoL Compilation)","Puzzle Mod","Quick Restart","Relic Filter","StSLib","The Marked","The Poker Player","The Servant 0.9.4","WarShipGirlsR/????R mod","Yakumo Yukari mod"],"gold_per_floor":[13,13,29,29,40,40,40,56,56,75,89,125,125,148,148,274,274,287,287,95,109,208,226,226,226,226,226,226,237,251,278,278,376,376,394,447,465,168,188,219,219,219,264,283,298,348,368,396,396,396],"floor_reached":51,"playtime":2203,"items_purged":["Strike_G","Strike_G+1"],"score":881,"play_id":"92348b7c-6834-4404-92f4-6ef6acfb564a","local_time":"20201229192709","is_ascension_mode":false,"campfire_choices":[{"data":"Envenom","floor":6,"key":"SMITH"},{"data":"Footwork","floor":15,"key":"SMITH"},{"data":"Bane","floor":25,"key":"SMITH"},{"data":"Dagger Spray","floor":28,"key":"SMITH"},{"data":"Acrobatics","floor":32,"key":"SMITH"},{"data":"Leg Sweep","floor":41,"key":"SMITH"},{"data":"Cloak And Dagger","floor":49,"key":"SMITH"}],"circlet_count":0,"master_deck":["Strike_G+1","Strike_G+1","Defend_G+1","Defend_G+1","Defend_G+1","Survivor","Neutralize+1","Envenom+1","Dagger Throw+1","Dash+1","Flying Knee+1","Backflip","Sucker Punch+1","Footwork+1","Endless Agony","Dagger Spray+1","Malaise+1","Bane+1","Terror+1","Riddle With Holes+1","Slice","Acrobatics+1","Cloak And Dagger+1","Deflect","Backflip+1","PiercingWail","Leg Sweep+1","Cloak And Dagger+1"],"relics":["Ring of the Snake","Hammer of Thor","Seething Fire","Anvil of the Gods","EVO:Axolotl","Bloody Idol","Matryoshka","Ancient Tea Set","HoveringKite","MutagenicStrength","Kunai","Torii","Whetstone","Hololive_Finger","Gambling Chip","Happy Flower","Calipers","Potion Belt","Bag of Preparation","Tingsha","Anchor"],"acts_visited":["Exordium","TheCity","TheBeyond"],"potions_floor_usage":[11,16,31,36,40,40,46,47],"damage_taken":[{"damage":0,"enemies":"2 Louse","floor":1,"turns":3},{"damage":0,"enemies":"Small Slimes","floor":3,"turns":3},{"damage":0,"enemies":"Jaw Worm","floor":5,"turns":3},{"damage":0,"enemies":"Looter","floor":8,"turns":3},{"damage":0,"enemies":"2 Fungi Beasts","floor":10,"turns":3},{"damage":0,"enemies":"Large Slime","floor":11,"turns":4},{"damage":10,"enemies":"Gremlin Nob","floor":12,"turns":4},{"damage":3,"enemies":"3 Louse","floor":14,"turns":3},{"damage":0,"enemies":"Hexaghost","floor":16,"turns":9},{"damage":0,"enemies":"3 Byrds","floor":18,"turns":5},{"damage":16,"enemies":"2 Thieves","floor":21,"turns":4},{"damage":5,"enemies":"Centurion and Healer","floor":23,"turns":9},{"damage":0,"enemies":"Sentry and Sphere","floor":29,"turns":4},{"damage":2,"enemies":"Shelled Parasite and Fungi","floor":30,"turns":5},{"damage":1,"enemies":"Book of Stabbing","floor":31,"turns":5},{"damage":2,"enemies":"Champ","floor":33,"turns":11},{"damage":2,"enemies":"3 Shapes","floor":35,"turns":4},{"damage":1,"enemies":"2 Orb Walkers","floor":36,"turns":5},{"damage":0,"enemies":"3 Darklings","floor":37,"turns":4},{"damage":1,"enemies":"Sphere and 2 Shapes","floor":39,"turns":5},{"damage":0,"enemies":"Nemesis","floor":40,"turns":5},{"damage":0,"enemies":"4 Shapes","floor":44,"turns":6},{"damage":0,"enemies":"Jaw Worm Horde","floor":45,"turns":5},{"damage":0,"enemies":"Mind Bloom Boss Battle","floor":46,"turns":2},{"damage":0,"enemies":"3 Darklings","floor":47,"turns":3},{"damage":0,"enemies":"Reptomancer","floor":48,"turns":6},{"damage":8,"enemies":"Awakened One","floor":50,"turns":16}],"seed_played":"6133824176529082399","potions_obtained":[{"floor":1,"key":"Block Potion"},{"floor":8,"key":"Strength Potion"},{"floor":10,"key":"Explosive Potion"},{"floor":12,"key":"GamblersBrew"},{"floor":30,"key":"Fire Potion"},{"floor":33,"key":"GamblersBrew"},{"floor":36,"key":"ColorlessPotion"},{"floor":40,"key":"SkillPotion"},{"floor":44,"key":"SpeedPotion"},{"floor":46,"key":"Fruit Juice"}],"is_trial":false,"path_per_floor":["M","$","M","?","M","R","?","M","T","M","M","E","?","M","R","B",null,"M","?","$","M","?","M","?","R","T","?","R","M","M","E","R","B",null,"M","?","M","$","M","E","R","?","T","M","M","?","M","E","R","B",null],"character_chosen":"THE_SILENT","items_purchased":["Bane","Terror","Happy Flower","PiercingWail"],"campfire_rested":0,"item_purchase_floors":[20,20,38,38],"current_hp_per_floor":[70,70,70,56,56,56,39,39,39,39,39,29,52,49,49,49,70,70,70,70,54,54,49,49,49,49,49,49,54,57,61,61,64,70,70,70,70,70,70,70,70,70,70,70,70,75,75,75,75,67],"gold":396,"neow_bonus":"THREE_RARE_CARDS","is_daily":false,"chose_seed":false,"campfire_upgraded":7,"win_rate":0.0,"timestamp":1609288029,"path_taken":["M","$","M","?","M","R","?","M","T","M","M","E","?","M","R","BOSS","M","?","$","M","?","M","?","R","T","?","R","M","M","E","R","BOSS","M","?","M","$","M","E","R","?","T","M","?","?","M","E","R","BOSS"],"items_purchased_type":["Card","Card","Relic","Card"],"build_version":"2020-12-22","purchased_purges":2,"victory":true,"max_hp_per_floor":[70,70,70,70,70,70,70,70,70,70,70,70,70,70,70,70,70,70,70,70,70,70,70,70,70,70,70,70,70,70,70,70,70,70,70,70,70,70,70,70,70,70,70,70,70,75,75,75,75,75],"card_choices":[{"not_picked":["Unload","After Image"],"picked":"Envenom","floor":0},{"not_picked":["Heel Hook","Slice"],"picked":"Dagger Throw","floor":1},{"not_picked":["Backflip","Cloak And Dagger"],"picked":"Dash","floor":3},{"not_picked":["Quick Slash","Poisoned Stab"],"picked":"Flying Knee","floor":5},{"not_picked":["Sucker Punch","Caltrops"],"picked":"Backflip","floor":8},{"not_picked":["Quick Slash","Flying Knee"],"picked":"Sucker Punch","floor":10},{"not_picked":["Cloak And Dagger","Night Terror"],"picked":"Footwork","floor":11},{"not_picked":["Night Terror","Sucker Punch"],"picked":"Endless Agony","floor":12},{"not_picked":["Sucker Punch","Dash"],"picked":"Dagger Spray","floor":14},{"not_picked":["Corpse Explosion","Grand Finale"],"picked":"Malaise","floor":16},{"not_picked":["Predator","Outmaneuver","Sucker Punch"],"picked":"SKIP","floor":18},{"not_picked":["Prepared","PiercingWail"],"picked":"Riddle With Holes","floor":21},{"not_picked":["Flying Knee+1","Deadly Poison","Concentrate"],"picked":"SKIP","floor":23},{"not_picked":["Bane+1","Flechettes+1"],"picked":"Slice","floor":29},{"not_picked":["Caltrops","All Out Attack"],"picked":"Acrobatics","floor":30},{"not_picked":["Deadly Poison","Malaise"],"picked":"Cloak And Dagger+1","floor":31},{"not_picked":["Flying Knee","Dagger Spray+1"],"picked":"Deflect","floor":35},{"not_picked":["Prepared+1","Flechettes+1"],"picked":"Backflip+1","floor":36},{"not_picked":["Doppelganger","Poisoned Stab","Dagger Spray+1"],"picked":"SKIP","floor":37},{"not_picked":["Deflect","PiercingWail"],"picked":"Leg Sweep","floor":39},{"not_picked":["Deadly Poison+1","Terror+1","Outmaneuver"],"picked":"SKIP","floor":40},{"not_picked":["Poisoned Stab+1","Deflect+1","Sucker Punch+1"],"picked":"SKIP","floor":44},{"not_picked":["Concentrate+1","Corpse Explosion"],"picked":"Cloak And Dagger","floor":45},{"not_picked":["Dagger Throw+1","Distraction+1","Caltrops+1"],"picked":"SKIP","floor":47},{"not_picked":["Outmaneuver","Grand Finale","Deadly Poison"],"picked":"SKIP","floor":48}],"player_experience":1129482,"relics_obtained":[{"floor":9,"key":"Matryoshka"},{"floor":12,"key":"Ancient Tea Set"},{"floor":26,"key":"Kunai"},{"floor":26,"key":"Torii"},{"floor":31,"key":"Whetstone"},{"floor":36,"key":"Gambling Chip"},{"floor":40,"key":"Calipers"},{"floor":43,"key":"Potion Belt"},{"floor":43,"key":"Bag of Preparation"},{"floor":46,"key":"Tingsha"},{"floor":48,"key":"Anchor"}],"event_choices":[{"damage_healed":70,"gold_gain":0,"player_choice":"Upgrade","damage_taken":14,"max_hp_gain":0,"max_hp_loss":70,"event_name":"betterThird:BetterShining","floor":4,"gold_loss":0,"cards_upgraded":["Dagger Throw","Dash"]},{"damage_healed":0,"gold_gain":0,"player_choice":"Take Damage","damage_taken":17,"relics_obtained":["Golden Idol"],"max_hp_gain":0,"max_hp_loss":0,"event_name":"Golden Idol","floor":7,"gold_loss":0},{"damage_healed":23,"gold_gain":0,"player_choice":"Banana","damage_taken":0,"max_hp_gain":0,"max_hp_loss":0,"event_name":"Big Fish","floor":13,"gold_loss":0},{"damage_healed":0,"gold_gain":0,"player_choice":"Inject Mutagens","damage_taken":0,"relics_obtained":["MutagenicStrength"],"max_hp_gain":0,"max_hp_loss":0,"event_name":"Drug Dealer","floor":19,"gold_loss":0},{"damage_healed":0,"gold_gain":99,"player_choice":"Steal","damage_taken":0,"max_hp_gain":0,"max_hp_loss":0,"event_name":"betterThird:BetterNest","floor":22,"gold_loss":0},{"damage_healed":0,"gold_gain":0,"player_choice":"Simplicity","damage_taken":0,"max_hp_gain":0,"max_hp_loss":7,"event_name":"betterThird:BetterWriting","floor":24,"gold_loss":0},{"damage_healed":0,"gold_gain":0,"player_choice":"Gave Idol","damage_taken":0,"relics_obtained":["Bloody Idol"],"max_hp_gain":0,"max_hp_loss":0,"event_name":"Forgotten Altar","floor":27,"relics_lost":["Golden Idol"],"gold_loss":0},{"damage_healed":0,"gold_gain":0,"player_choice":"Fight","damage_taken":0,"max_hp_gain":0,"max_hp_loss":0,"event_name":"Mysterious Sphere","floor":36,"gold_loss":0},{"cards_removed":["Defend_G"],"damage_healed":0,"gold_gain":0,"player_choice":"Card Removal","damage_taken":0,"max_hp_gain":0,"max_hp_loss":0,"event_name":"Wheel of Change","floor":42,"gold_loss":0},{"damage_healed":0,"gold_gain":0,"player_choice":"Fight","damage_taken":0,"max_hp_gain":0,"max_hp_loss":0,"event_name":"MindBloom","floor":46,"gold_loss":0}],"is_beta":false,"boss_relics":[{"not_picked":["Runic Dome","Calling Bell"],"picked":"HoveringKite"},{"not_picked":["Velvet Choker","Astrolabe"],"picked":"Hololive_Finger"}],"items_purged_floors":[20,38],"is_endless":false,"potions_floor_spawned":[1,8,10,12,30,33,36,39,40,44,46],"ascension_level":0}}