{"host":"x205naxbihvu3p76","time":1609300691,"event":{"mods":["AchievementEnabler","BaseMod","Minty Spire (QoL Compilation)","StSLib","SuperFastMode"],"gold_per_floor":[112,112,37,47,347,375,375,410,410,425,425,425,350,364,364,443,443,462,387,400,417,417,450,151,171,171,171,189,189,200,75,75,154,154,172,122,139,159,173,173,173],"floor_reached":40,"playtime":1031,"items_purged":["Strike_B","Writhe","Rip and Tear"],"score":842,"play_id":"1a64b2b0-4f0c-45d8-8a1f-4e8550b4079c","local_time":"20201230125811","is_ascension_mode":true,"campfire_choices":[{"data":"Beam Cell","floor":7,"key":"SMITH"},{"data":"Zap","floor":11,"key":"SMITH"},{"floor":15,"key":"REST"},{"floor":27,"key":"REST"},{"floor":29,"key":"REST"},{"floor":32,"key":"REST"}],"circlet_count":0,"master_deck":["AscendersBane","Defend_B","Defend_B","Defend_B","Zap+1","Dualcast","Ball Lightning","Beam Cell+1","Undo","Echo Form","Reboot+1","Thunder Strike+1","Defragment+1","Leap","Force Field","Turbo","Tempest","Hologram","Force Field","Redo+1","Defragment","Seek","Buffer","Fusion+1"],"relics":["Cracked Core","NeowsBlessing","Old Coin","Pear","Pocketwatch","Ornamental Fan","Du-Vu Doll","Astrolabe","Girya","Blood Vial","Orrery","Bronze Scales","Sozu"],"acts_visited":["Exordium","TheCity","TheBeyond"],"potions_floor_usage":[23,23,33,39],"damage_taken":[{"damage":0,"enemies":"Jaw Worm","floor":1,"turns":1},{"damage":0,"enemies":"Cultist","floor":4,"turns":1},{"damage":0,"enemies":"3 Sentries","floor":6,"turns":1},{"damage":38,"enemies":"Gremlin Nob","floor":8,"turns":4},{"damage":2,"enemies":"Small Slimes","floor":10,"turns":3},{"damage":0,"enemies":"Blue Slaver","floor":14,"turns":2},{"damage":1,"enemies":"The Guardian","floor":16,"turns":10},{"damage":0,"enemies":"Spheric Guardian","floor":18,"turns":3},{"damage":24,"enemies":"2 Thieves","floor":20,"turns":3},{"damage":8,"enemies":"Snecko","floor":21,"turns":3},{"damage":26,"enemies":"Gremlin Leader","floor":23,"turns":5},{"damage":16,"enemies":"Snake Plant","floor":25,"turns":3},{"damage":26,"enemies":"Centurion and Healer","floor":28,"turns":7},{"damage":34,"enemies":"Snecko","floor":30,"turns":6},{"damage":34,"enemies":"Champ","floor":33,"turns":9},{"damage":4,"enemies":"Orb Walker","floor":35,"turns":3},{"damage":15,"enemies":"3 Darklings","floor":37,"turns":4},{"damage":11,"enemies":"Maw","floor":38,"turns":7},{"damage":1,"enemies":"Transient","floor":39,"turns":6},{"damage":56,"enemies":"Reptomancer","floor":40,"turns":2}],"seed_played":"-8925263901140308527","potions_obtained":[{"floor":1,"key":"Block Potion"},{"floor":10,"key":"Fire Potion"},{"floor":14,"key":"Regen Potion"},{"floor":25,"key":"Energy Potion"},{"floor":28,"key":"Block Potion"},{"floor":33,"key":"Fire Potion"}],"is_trial":false,"path_per_floor":["M","?","$","M","?","E","R","E","T","M","R","?","?","M","R","B",null,"M","?","M","M","?","E","$","M","T","R","M","R","M","$","R","B",null,"M","?","M","M","M","E"],"character_chosen":"DEFECT","items_purchased":["Orrery","Defragment"],"campfire_rested":4,"item_purchase_floors":[24,24],"current_hp_per_floor":[64,69,69,69,69,79,79,41,41,39,39,28,28,28,53,52,78,78,78,54,46,46,32,32,18,18,43,19,44,12,12,37,5,66,64,64,51,42,43,0,0],"gold":173,"neow_bonus":"THREE_ENEMY_KILL","is_daily":false,"chose_seed":false,"campfire_upgraded":2,"win_rate":0.0,"timestamp":1609300691,"path_taken":["M","?","$","M","?","E","R","E","T","?","R","?","?","M","R","BOSS","M","?","M","M","?","E","$","M","T","R","M","R","M","$","R","BOSS","M","?","M","M","?","E"],"items_purchased_type":["Relic","Card"],"build_version":"2020-12-22","purchased_purges":3,"victory":false,"max_hp_per_floor":[71,76,76,76,76,86,86,86,86,86,86,86,86,86,86,86,86,86,86,86,86,86,86,86,86,86,86,86,86,86,86,86,86,86,86,86,86,86,86,86,86],"card_choices":[{"not_picked":["Leap","Coolheaded"],"picked":"Sweeping Beam","floor":1},{"not_picked":["Hologram","Turbo"],"picked":"Ball Lightning","floor":4},{"not_picked":["White Noise","Heatsinks"],"picked":"Beam Cell","floor":6},{"not_picked":["Coolheaded","Consume"],"picked":"Undo","floor":8},{"not_picked":["Go for the Eyes","Undo","Sweeping Beam"],"picked":"SKIP","floor":10},{"not_picked":["Scrape","Rebound"],"picked":"Rip and Tear","floor":14},{"not_picked":["All For One","Rainbow"],"picked":"Echo Form","floor":16},{"not_picked":["Darkness","Static Discharge","Streamline"],"picked":"SKIP","floor":18},{"not_picked":["Fusion","Static Discharge"],"picked":"Leap","floor":20},{"not_picked":["Leap","Static Discharge","Skim"],"picked":"SKIP","floor":21},{"not_picked":["Hologram","Rebound"],"picked":"Force Field","floor":23},{"not_picked":["Rebound","Cold Snap"],"picked":"Turbo","floor":24},{"not_picked":["Streamline+1","Go for the Eyes"],"picked":"Tempest","floor":24},{"not_picked":["Stack","Turbo"],"picked":"Hologram","floor":24},{"not_picked":["Coolheaded","Stack"],"picked":"Force Field","floor":24},{"not_picked":["Barrage","Meteor Strike"],"picked":"Redo+1","floor":24},{"not_picked":["Stack","Conserve Battery","Turbo"],"picked":"SKIP","floor":25},{"not_picked":["Darkness","Cold Snap"],"picked":"Seek","floor":28},{"not_picked":["Rebound","Undo+1","Steam+1"],"picked":"SKIP","floor":30},{"not_picked":["Rainbow","Echo Form"],"picked":"Buffer","floor":33},{"not_picked":["Sweeping Beam","Hologram+1"],"picked":"Fusion","floor":35},{"not_picked":["Rip and Tear","Cold Snap+1","Darkness+1"],"picked":"SKIP","floor":37},{"not_picked":["Rip and Tear","Cold Snap+1","Darkness+1"],"picked":"SKIP","floor":37},{"not_picked":["Compile Driver","Ball Lightning","Tempest"],"picked":"SKIP","floor":38},{"not_picked":["Steam","Sunder","Stack"],"picked":"SKIP","floor":39}],"player_experience":937097,"relics_obtained":[{"floor":6,"key":"Pear"},{"floor":8,"key":"Pocketwatch"},{"floor":9,"key":"Ornamental Fan"},{"floor":23,"key":"Blood Vial"},{"floor":26,"key":"Bronze Scales"}],"event_choices":[{"damage_healed":0,"gold_gain":0,"player_choice":"Donut","damage_taken":0,"max_hp_gain":5,"max_hp_loss":0,"event_name":"Big Fish","floor":2,"gold_loss":0},{"damage_healed":0,"gold_gain":0,"player_choice":"Gave Potion","damage_taken":0,"relics_obtained":["Old Coin"],"max_hp_gain":0,"max_hp_loss":0,"event_name":"WeMeetAgain","floor":5,"gold_loss":0},{"damage_healed":0,"gold_gain":0,"player_choice":"Success","damage_taken":11,"relics_obtained":["Du-Vu Doll"],"max_hp_gain":0,"max_hp_loss":0,"event_name":"Scrap Ooze","floor":12,"gold_loss":0},{"cards_removed":["Strike_B"],"damage_healed":0,"gold_gain":0,"player_choice":"Card Removal","damage_taken":0,"max_hp_gain":0,"max_hp_loss":0,"event_name":"The Cleric","floor":13,"gold_loss":75},{"cards_removed":["Sweeping Beam"],"damage_healed":0,"gold_gain":0,"player_choice":"Gave Gold","damage_taken":0,"max_hp_gain":0,"max_hp_loss":0,"event_name":"Beggar","floor":19,"gold_loss":75},{"damage_healed":0,"gold_gain":0,"player_choice":"Opened","damage_taken":0,"relics_obtained":["Girya"],"max_hp_gain":0,"max_hp_loss":0,"event_name":"The Mausoleum","floor":22,"gold_loss":0,"cards_obtained":["Writhe"]},{"damage_healed":0,"gold_gain":0,"player_choice":"Upgrade","damage_taken":0,"max_hp_gain":0,"max_hp_loss":0,"event_name":"Designer","floor":36,"gold_loss":50,"cards_upgraded":["Fusion"]}],"is_beta":false,"boss_relics":[{"not_picked":["Pandora\u0027s Box","SacredBark"],"picked":"Astrolabe"},{"not_picked":["FrozenCore","SlaversCollar"],"picked":"Sozu"}],"items_purged_floors":[3,24,31],"is_endless":false,"potions_floor_spawned":[1,10,14,25,28,30,33,35],"killed_by":"Reptomancer","ascension_level":18}}