{"host":"s9znsjs818tlhh47","time":1609365472,"event":{"mods":["2.2 Compatiblity","AchievementEnabler","Act Like it!","BaseMod","Bestiary","Better Note","Better Skull","Better Third Choice","Better Vampires","Card Forge","Colored Powertips","Force Act Four","Gensokyo","Ironclad Rager","Marked Mod","Minty Spire (QoL Compilation)","Permanent Neow","Quick Restart","RumiaBox-露米娅的神秘盒子","StSLib","TheWitcher","【功能Mod】混沌之环修复补丁","残留之物"],"gold_per_floor":[16,35,46,60,70,97,97,126,149,70,70,70,87,101,101,176,176,189,189,205,216,52,83,83,113,140,175,193,210,239,255,255,331,331,341,357,376,376,390,421,421,421,447,473,486,516,527,527,527,527,527,527,527,93,122,122],"floor_reached":57,"playtime":3337,"items_purged":["Poisoned Stab+1"],"score":3251,"play_id":"e3ce612d-c303-4581-b07b-c64b573233bd","local_time":"20201230165752","is_ascension_mode":true,"campfire_choices":[{"floor":7,"key":"REST"},{"data":"Infinite Blades","floor":11,"key":"SMITH"},{"data":"Catalyst","floor":15,"key":"SMITH"},{"floor":24,"key":"REST"},{"floor":32,"key":"DIG"},{"floor":41,"key":"DIG"},{"floor":49,"key":"RECALL"},{"floor":53,"key":"DIG"}],"circlet_count":0,"master_deck":["AscendersBane","Survivor+1","Neutralize+1","Poisoned Stab+1","Poisoned Stab+1","Poisoned Stab+1","Dodge and Roll+1","Dodge and Roll+1","Dodge and Roll+1","Dodge and Roll+1","Crippling Poison+1","Acrobatics+1","Cloak And Dagger+1","Storm of Steel+1","Backstab+1","Reflex+1","Escape Plan+1","Tactician+1","Blade Dance+1","Well Laid Plans+1","After Image+1","Finisher+1","Accuracy+1","Accuracy+1","Footwork+1","Panache+1","Purity+1"],"relics":["Ring of the Snake","Hammer of Thor","Seething Fire","Anvil of the Gods","Snake Skull","Dead Branch","Fusion Hammer","Vajra","Bag of Marbles","Art of War","Shovel","Juzu Bracelet","GodSword4","PlaceholderMod:LiveLive","PreservedInsect","Bag of Preparation","PlaceholderMod:DeVermisMysteriis","Paper Crane","Frozen Egg 2","Bottled Tornado","OrangePellets","GodSword6","SSSystem"],"acts_visited":["Exordium","TheCity","TheBeyond","TheEnding"],"potions_floor_usage":[6,6,25,37,38,50],"damage_taken":[{"damage":0,"enemies":"Cultist","floor":1,"turns":3},{"damage":0,"enemies":"Small Slimes","floor":2,"turns":2},{"damage":6,"enemies":"Jaw Worm","floor":3,"turns":3},{"damage":2,"enemies":"Exordium Wildlife","floor":4,"turns":4},{"damage":0,"enemies":"Looter","floor":5,"turns":3},{"damage":4,"enemies":"Lagavulin","floor":6,"turns":4},{"damage":3,"enemies":"3 Sentries","floor":8,"turns":8},{"damage":1,"enemies":"Lots of Slimes","floor":13,"turns":2},{"damage":0,"enemies":"2 Fungi Beasts","floor":14,"turns":3},{"damage":0,"enemies":"Slime Boss","floor":16,"turns":3},{"damage":8,"enemies":"3 Byrds","floor":18,"turns":3},{"damage":11,"enemies":"2 Thieves","floor":20,"turns":4},{"damage":9,"enemies":"Shelled Parasite and Fungi","floor":21,"turns":2},{"damage":0,"enemies":"Gremlin Leader","floor":23,"turns":4},{"damage":13,"enemies":"Slavers","floor":25,"turns":5},{"damage":10,"enemies":"Book of Stabbing","floor":27,"turns":4},{"damage":0,"enemies":"Chosen and Byrds","floor":28,"turns":2},{"damage":1,"enemies":"Sentry and Sphere","floor":29,"turns":4},{"damage":0,"enemies":"Gremlin Leader","floor":30,"turns":3},{"damage":5,"enemies":"Snecko","floor":31,"turns":4},{"damage":1,"enemies":"Collector","floor":33,"turns":5},{"damage":0,"enemies":"Orb Walker","floor":35,"turns":1},{"damage":0,"enemies":"3 Darklings","floor":36,"turns":1},{"damage":0,"enemies":"Jaw Worm Horde","floor":37,"turns":1},{"damage":2,"enemies":"Writhing Mass","floor":39,"turns":3},{"damage":0,"enemies":"Nemesis","floor":40,"turns":3},{"damage":0,"enemies":"Reptomancer","floor":44,"turns":1},{"damage":0,"enemies":"3 Darklings","floor":45,"turns":2},{"damage":0,"enemies":"Nemesis","floor":46,"turns":3},{"damage":0,"enemies":"Jaw Worm Horde","floor":47,"turns":2},{"damage":5,"enemies":"Time Eater","floor":50,"turns":8},{"damage":14,"enemies":"Awakened One","floor":51,"turns":6},{"damage":0,"enemies":"Shield and Spear","floor":55,"turns":2},{"damage":4,"enemies":"The Heart","floor":56,"turns":6}],"seed_played":"7535428851548370045","potions_obtained":[{"floor":1,"key":"PowerPotion"},{"floor":3,"key":"EntropicBrew"},{"floor":14,"key":"AttackPotion"},{"floor":25,"key":"Explosive Potion"},{"floor":28,"key":"Regen Potion"},{"floor":30,"key":"FearPotion"},{"floor":37,"key":"Fruit Juice"},{"floor":38,"key":"PowerPotion"},{"floor":55,"key":"BlessingOfTheForge"}],"is_trial":false,"path_per_floor":["M","M","M","M","M","E","R","E","T","$","R","?","M","M","R","B",null,"M","?","M","M","$","E","R","E","T","E","M","M","E","M","R","B",null,"M","M","M","?","M","E","R","?","T","E","M","E","M","?","R","B","B",null,"R","$","E","B",null],"character_chosen":"THE_SILENT","items_purchased":["Infinite Blades","Reflex","OrangePellets","GodSword6"],"campfire_rested":2,"item_purchase_floors":[10,22,54,54],"current_hp_per_floor":[44,44,38,36,36,32,50,47,47,47,47,47,46,46,46,46,57,49,49,38,29,29,29,47,34,34,24,24,23,23,18,18,17,49,49,49,49,54,52,52,52,52,52,52,52,52,52,42,42,37,23,52,52,52,52,48],"gold":122,"neow_bonus":"SILENT_ASSASSIN","is_daily":false,"chose_seed":false,"campfire_upgraded":2,"win_rate":0.0,"timestamp":1609365472,"path_taken":["M","M","?","M","M","E","R","E","T","$","R","?","M","?","R","BOSS","M","?","M","M","$","E","R","E","T","E","M","M","E","M","R","BOSS","M","M","M","?","M","E","R","?","T","E","M","E","M","?","R","BOSS","BOSS","R","$","E","BOSS"],"items_purchased_type":["Card","Card","Relic","Relic"],"build_version":"2020-12-22","purchased_purges":1,"victory":true,"max_hp_per_floor":[60,60,60,60,60,60,60,60,60,60,60,60,60,60,60,60,60,60,60,60,60,60,60,60,60,60,60,60,60,60,60,60,60,60,60,60,60,65,65,65,65,62,62,62,62,62,62,62,62,62,62,62,62,62,62,62],"card_choices":[{"not_picked":["Choke","Cloak And Dagger"],"picked":"Crippling Poison","floor":1},{"not_picked":["Flying Knee","Dash","Deadly Poison"],"picked":"SKIP","floor":2},{"not_picked":["Backflip","Underhanded Strike"],"picked":"Bouncing Flask","floor":3},{"not_picked":["Dagger Throw","Distraction"],"picked":"Acrobatics","floor":4},{"not_picked":["Noxious Fumes","PiercingWail","Dodge and Roll"],"picked":"SKIP","floor":5},{"not_picked":["Dagger Spray","Flying Knee","Backflip"],"picked":"SKIP","floor":6},{"not_picked":["Doppelganger","Underhanded Strike"],"picked":"Cloak And Dagger","floor":8},{"not_picked":["Cloak And Dagger","Choke","Acrobatics"],"picked":"SKIP","floor":13},{"not_picked":["Underhanded Strike","Masterful Stab"],"picked":"Catalyst","floor":14},{"not_picked":["Venomology","Night Terror"],"picked":"Storm of Steel","floor":16},{"not_picked":["Outmaneuver+1","Bane","Backflip"],"picked":"SKIP","floor":18},{"not_picked":["Acrobatics","Flechettes","Flying Knee"],"picked":"SKIP","floor":20},{"not_picked":["Dagger Spray","Caltrops"],"picked":"Backstab+1","floor":21},{"not_picked":["Eviscerate","Cloak And Dagger","Dagger Spray"],"picked":"SKIP","floor":23},{"not_picked":["Underhanded Strike","Slice"],"picked":"Escape Plan","floor":25},{"not_picked":["Prepared","Dagger Spray+1"],"picked":"Tactician","floor":27},{"not_picked":["Backstab","Tactician+1","Slice"],"picked":"SKIP","floor":28},{"not_picked":["Slice","Outmaneuver"],"picked":"Blade Dance","floor":29},{"not_picked":["Storm of Steel","Catalyst","Acrobatics"],"picked":"SKIP","floor":30},{"not_picked":["Acrobatics","Dagger Throw"],"picked":"Well Laid Plans","floor":31},{"not_picked":["Tools of the Trade","Die Die Die"],"picked":"After Image","floor":33},{"not_picked":["Sucker Punch","Slice"],"picked":"Finisher","floor":35},{"not_picked":["Dodge and Roll","Backflip","Noxious Fumes"],"picked":"SKIP","floor":36},{"not_picked":["Dash","ICR:Vanish","Cloak And Dagger"],"picked":"SKIP","floor":37},{"not_picked":["ICR:Vanish","Infinite Blades","Bane"],"picked":"SKIP","floor":39},{"not_picked":["All Out Attack","Eviscerate"],"picked":"Accuracy","floor":40},{"not_picked":["ICR:Cloudkill","Reflex","Expertise"],"picked":"SKIP","floor":44},{"not_picked":["Deadly Poison","Sucker Punch","Backstab+1"],"picked":"SKIP","floor":45},{"not_picked":["Riddle With Holes+1","Concentrate"],"picked":"Accuracy+1","floor":46},{"not_picked":["Dodge and Roll","Prepared"],"picked":"Footwork+1","floor":47},{"not_picked":["Jack Of All Trades","Mind Blast"],"picked":"Panache+1","floor":48},{"not_picked":["Enlightenment","Magnetism+1"],"picked":"Purity","floor":48},{"not_picked":["Grand Finale","Underhanded Strike","Distraction"],"picked":"SKIP","floor":55}],"player_experience":310731,"relics_obtained":[{"floor":6,"key":"Snake Skull"},{"floor":8,"key":"Dead Branch"},{"floor":23,"key":"Vajra"},{"floor":25,"key":"Bag of Marbles"},{"floor":26,"key":"Art of War"},{"floor":27,"key":"Shovel"},{"floor":30,"key":"Juzu Bracelet"},{"floor":32,"key":"GodSword4"},{"floor":40,"key":"PreservedInsect"},{"floor":41,"key":"Bag of Preparation"},{"floor":43,"key":"PlaceholderMod:DeVermisMysteriis"},{"floor":44,"key":"Paper Crane"},{"floor":46,"key":"Frozen Egg 2"},{"floor":53,"key":"Bottled Tornado"},{"floor":55,"key":"SSSystem"}],"event_choices":[{"damage_healed":0,"gold_gain":0,"player_choice":"Ignored","damage_taken":0,"max_hp_gain":0,"max_hp_loss":0,"event_name":"Upgrade Shrine","floor":12,"gold_loss":0},{"cards_removed":["Bouncing Flask"],"damage_healed":0,"gold_gain":0,"player_choice":"Give","damage_taken":0,"max_hp_gain":0,"max_hp_loss":0,"event_name":"betterNote:BetterNote","floor":19,"gold_loss":0,"cards_obtained":["Vigilance"]},{"damage_healed":0,"gold_gain":0,"player_choice":"Got Potions","damage_taken":0,"max_hp_gain":0,"max_hp_loss":0,"event_name":"Lab","floor":38,"gold_loss":0},{"damage_healed":0,"gold_gain":0,"player_choice":"Max HP","damage_taken":0,"max_hp_gain":0,"max_hp_loss":3,"event_name":"Winding Halls","floor":42,"gold_loss":0},{"damage_healed":0,"gold_gain":0,"player_choice":"Memory 3","damage_taken":10,"max_hp_gain":0,"max_hp_loss":0,"event_name":"SensoryStone","floor":48,"gold_loss":0}],"is_beta":false,"boss_relics":[{"not_picked":["HoveringKite","Ectoplasm"],"picked":"Fusion Hammer"},{"not_picked":["Empty Cage","SlaversCollar"],"picked":"PlaceholderMod:LiveLive"}],"items_purged_floors":[22],"is_endless":false,"potions_floor_spawned":[1,3,5,14,21,25,28,30,31,36,37,45,46,47,55],"ascension_level":20}}