{"host":"jpzdg3po3tjxdjri","time":1609361592,"event":{"mods":["BaseMod","Better Third Choice","Colored Map","Colored Powertips","Minty Spire (QoL Compilation)","StSLib"],"gold_per_floor":[114,131,131,131,7,7,7,32,59,59,79,29,29,50,50,139,139,158,65,65,38,53,68,68,108,135,135,135],"floor_reached":27,"playtime":742,"items_purged":[],"score":378,"play_id":"594fb3cc-c1d3-41ae-a22f-211fcbcf3871","local_time":"20201230205312","is_ascension_mode":true,"campfire_choices":[{"data":"Deadly Poison","floor":6,"key":"SMITH"},{"floor":10,"key":"REST"},{"floor":15,"key":"REST"},{"data":"Footwork","floor":24,"key":"SMITH"}],"circlet_count":0,"master_deck":["AscendersBane","Strike_G","Defend_G","Defend_G","Defend_G","Defend_G","Defend_G","Survivor","Neutralize","Terror+1","Footwork+1","Deadly Poison+1","Infinite Blades","Blade Dance+1","Dagger Spray","Blade Dance","Dodge and Roll","Tools of the Trade","Sucker Punch+1","Dash+1","Die Die Die+1","Accuracy","Deadly Poison","Deadly Poison+1","Sucker Punch","Dagger Throw","Cloak And Dagger"],"relics":["Ring of the Snake","Orichalcum","Vajra","Golden Idol","Astrolabe","Unceasing Top","Omamori"],"acts_visited":["Exordium","TheCity"],"potions_floor_usage":[8,16,23,25,25],"damage_taken":[{"damage":6,"enemies":"Small Slimes","floor":1,"turns":5},{"damage":0,"enemies":"Jaw Worm","floor":2,"turns":5},{"damage":38,"enemies":"3 Sentries","floor":8,"turns":7},{"damage":2,"enemies":"2 Louse","floor":11,"turns":3},{"damage":12,"enemies":"Red Slaver","floor":14,"turns":4},{"damage":21,"enemies":"Hexaghost","floor":16,"turns":10},{"damage":1,"enemies":"3 Byrds","floor":18,"turns":3},{"damage":7,"enemies":"Chosen","floor":22,"turns":3},{"damage":11,"enemies":"Centurion and Healer","floor":23,"turns":7},{"damage":38,"enemies":"Slavers","floor":25,"turns":6},{"damage":9,"enemies":"Book of Stabbing","floor":27,"turns":1}],"seed_played":"3397790223730007792","potions_obtained":[{"floor":2,"key":"LiquidMemories"},{"floor":8,"key":"GamblersBrew"},{"floor":16,"key":"ColorlessPotion"},{"floor":22,"key":"ColorlessPotion"},{"floor":23,"key":"BlessingOfTheForge"}],"is_trial":false,"path_per_floor":["M","M","?","?","$","R","?","E","T","R","M","?","?","M","R","B",null,"M","$","?","$","M","M","R","E","T","E"],"character_chosen":"THE_SILENT","items_purchased":["Infinite Blades","Blade Dance","Accuracy","Deadly Poison","Sucker Punch"],"campfire_rested":2,"item_purchase_floors":[5,5,19,19,21],"current_hp_per_floor":[57,57,57,62,62,62,62,24,24,46,44,44,26,14,36,15,60,59,59,59,59,52,41,41,3,3,0,0],"gold":135,"neow_bonus":"THREE_CARDS","is_daily":false,"chose_seed":false,"campfire_upgraded":2,"win_rate":0.0,"timestamp":1609361592,"path_taken":["M","M","?","?","$","R","?","E","T","R","?","?","?","M","R","BOSS","M","$","?","$","M","?","R","E","T","E"],"items_purchased_type":["Card","Card","Card","Card","Card"],"build_version":"2020-12-22","purchased_purges":0,"victory":false,"max_hp_per_floor":[70,70,70,75,75,75,75,75,75,75,75,75,75,75,75,75,75,75,75,75,75,75,75,75,75,75,75,75],"card_choices":[{"not_picked":["Dodge and Roll","PiercingWail"],"picked":"Terror","floor":0},{"not_picked":["Flying Knee","Cloak And Dagger"],"picked":"Footwork","floor":1},{"not_picked":["PiercingWail","Escape Plan"],"picked":"Deadly Poison","floor":2},{"not_picked":["Acrobatics","Eviscerate"],"picked":"Dagger Spray","floor":8},{"not_picked":["Underhanded Strike","Die Die Die"],"picked":"Blade Dance","floor":11},{"not_picked":["Quick Slash","Infinite Blades"],"picked":"Dodge and Roll","floor":14},{"not_picked":["Night Terror","Burst"],"picked":"Tools of the Trade","floor":16},{"not_picked":["Deflect","PiercingWail","Acrobatics"],"picked":"SKIP","floor":18},{"not_picked":["Calculated Gamble","Deflect","Eviscerate+1"],"picked":"SKIP","floor":22},{"not_picked":["Slice","Riddle With Holes"],"picked":"Dagger Throw","floor":23},{"not_picked":["Deflect","Outmaneuver"],"picked":"Cloak And Dagger","floor":25}],"player_experience":814428,"relics_obtained":[{"floor":8,"key":"Orichalcum"},{"floor":9,"key":"Vajra"},{"floor":25,"key":"Unceasing Top"},{"floor":26,"key":"Omamori"}],"event_choices":[{"damage_healed":0,"gold_gain":0,"player_choice":"Grow","damage_taken":0,"max_hp_gain":0,"max_hp_loss":0,"event_name":"Living Wall","floor":3,"gold_loss":0,"cards_upgraded":["Terror"]},{"damage_healed":0,"gold_gain":0,"player_choice":"Donut","damage_taken":0,"max_hp_gain":5,"max_hp_loss":0,"event_name":"Big Fish","floor":4,"gold_loss":0},{"damage_healed":0,"gold_gain":0,"player_choice":"Upgraded","damage_taken":0,"max_hp_gain":0,"max_hp_loss":0,"event_name":"Upgrade Shrine","floor":7,"gold_loss":0,"cards_upgraded":["Blade Dance"]},{"cards_removed":["Strike_G"],"damage_healed":0,"gold_gain":0,"player_choice":"Card Removal","damage_taken":0,"max_hp_gain":0,"max_hp_loss":0,"event_name":"The Cleric","floor":12,"gold_loss":50},{"damage_healed":0,"gold_gain":0,"player_choice":"Take Damage","damage_taken":18,"relics_obtained":["Golden Idol"],"max_hp_gain":0,"max_hp_loss":0,"event_name":"Golden Idol","floor":13,"gold_loss":0},{"damage_healed":0,"gold_gain":0,"player_choice":"Copied","damage_taken":0,"max_hp_gain":0,"max_hp_loss":0,"event_name":"Duplicator","floor":20,"gold_loss":0,"cards_obtained":["Deadly Poison"]}],"is_beta":false,"boss_relics":[{"not_picked":["Coffee Dripper","Fusion Hammer"],"picked":"Astrolabe"}],"items_purged_floors":[],"is_endless":false,"potions_floor_spawned":[2,8,16,22,23],"killed_by":"Book of Stabbing","ascension_level":13}}