{"host":"j0a1jfichhxu8b8p","time":1609330976,"event":{"mods":["BaseMod","Colored Map","DeckTracker","Keyboard Shortcuts","Minty Spire (QoL Compilation)","Permanent Neow","StSLib","The Dragon Tamer"],"gold_per_floor":[116,129,129,204,220,264,264,279,306,306,320,61,102,127,127,127,127],"floor_reached":16,"playtime":616,"items_purged":[],"score":190,"play_id":"bad5a60a-457d-49aa-bbcb-76588d0254b1","local_time":"20201230212256","is_ascension_mode":true,"campfire_choices":[{"data":"Poisoned Stab","floor":7.0,"key":"SMITH"},{"data":"Cloak And Dagger","floor":10,"key":"SMITH"},{"data":"Envenom","floor":15,"key":"SMITH"}],"circlet_count":0,"master_deck":["AscendersBane","Strike_G","Strike_G","Strike_G","Strike_G","Defend_G","Defend_G","Defend_G","Defend_G","Defend_G","Survivor","Neutralize","Predator","Escape Plan","Poisoned Stab+1","Backflip","Adrenaline","Cloak And Dagger+1","Dagger Spray","Envenom+1","Caltrops"],"relics":["Ring of the Snake","Golden Idol","Potion Belt","Art of War","Kunai","Anchor"],"acts_visited":["Exordium"],"potions_floor_usage":[8,16],"damage_taken":[{"damage":1.0,"enemies":"Jaw Worm","floor":1.0,"turns":5.0},{"damage":0.0,"enemies":"2 Louse","floor":2.0,"turns":2.0},{"damage":0.0,"enemies":"Cultist","floor":5.0,"turns":3.0},{"damage":15.0,"enemies":"Lagavulin","floor":6.0,"turns":5.0},{"damage":6,"enemies":"Exordium Thugs","floor":8,"turns":6},{"damage":0,"enemies":"2 Fungi Beasts","floor":11,"turns":3},{"damage":14,"enemies":"Gremlin Nob","floor":13,"turns":4},{"damage":0,"enemies":"Blue Slaver","floor":14,"turns":3},{"damage":32,"enemies":"Slime Boss","floor":16,"turns":6}],"seed_played":"-4252988797535985258","potions_obtained":[{"floor":1.0,"key":"DuplicationPotion"},{"floor":5.0,"key":"AttackPotion"},{"floor":11,"key":"Energy Potion"},{"floor":14,"key":"FearPotion"}],"is_trial":false,"path_per_floor":["M","M","?","?","M","E","R","M","T","R","M","$","E","M","R","B"],"character_chosen":"THE_SILENT","items_purchased":["Kunai"],"campfire_rested":0,"item_purchase_floors":[12],"current_hp_per_floor":[58,58,58,52,52,37,37,31,31,31,31,31,17,17,17,0,0],"gold":127,"neow_bonus":"TRANSFORM_CARD","is_daily":false,"chose_seed":false,"campfire_upgraded":3,"win_rate":0.0,"timestamp":1609330976,"path_taken":["M","M","?","?","M","E","R","M","T","R","?","?","E","M","R","BOSS"],"items_purchased_type":["Relic"],"build_version":"2020-12-22","purchased_purges":0,"victory":false,"max_hp_per_floor":[66,66,61,61,61,61,61,61,61,61,61,61,61,61,61,61,61],"card_choices":[{"not_picked":["Well Laid Plans","Acrobatics"],"picked":"Escape Plan","floor":1.0},{"not_picked":["Deflect","Heel Hook"],"picked":"Poisoned Stab","floor":2.0},{"not_picked":["Crippling Poison","Quick Slash"],"picked":"Backflip","floor":5.0},{"not_picked":["Underhanded Strike","Prepared"],"picked":"Adrenaline","floor":6.0},{"not_picked":["Dodge and Roll","Noxious Fumes"],"picked":"Cloak And Dagger","floor":8},{"not_picked":["Setup","Slice"],"picked":"Dagger Spray","floor":11},{"not_picked":["Dash","Deadly Poison"],"picked":"Envenom","floor":13},{"not_picked":["Poisoned Stab","Deflect"],"picked":"Caltrops","floor":14}],"player_experience":366797,"relics_obtained":[{"floor":6.0,"key":"Potion Belt"},{"floor":9,"key":"Art of War"},{"floor":13,"key":"Anchor"}],"event_choices":[{"damage_healed":0.0,"max_hp_gain":0.0,"max_hp_loss":5.0,"gold_gain":0.0,"event_name":"Golden Idol","player_choice":"Lose Max HP","floor":3.0,"gold_loss":0.0,"damage_taken":0.0,"relics_obtained":["Golden Idol"]},{"damage_healed":0.0,"max_hp_gain":0.0,"max_hp_loss":0.0,"gold_gain":75.0,"event_name":"FaceTrader","player_choice":"Touch","floor":4.0,"gold_loss":0.0,"damage_taken":6.0}],"is_beta":false,"boss_relics":[],"items_purged_floors":[],"is_endless":false,"potions_floor_spawned":[1,5,11,14],"killed_by":"Slime Boss","ascension_level":14}}