{"host":"ge5lrm1y73hv6om0","time":1609292853,"event":{"mods":["BaseMod","Downfall","Minty Spire (QoL Compilation)","Replay The Spire","StSLib"],"gold_per_floor":[109,120,143,143,143,143,0,33,46,65,134,59,72,104,114,125,125,227,227,238,238,178,191,19,48,3,3,3,3,52,65,79,79,114,125,125,225,225,240,250,250,269,284,284,284],"floor_reached":44,"playtime":5611,"items_purged":["Regret"],"score":639,"play_id":"f4ea0d7c-7e76-4efa-8591-be9d65b36ddc","local_time":"20201229224733","is_ascension_mode":false,"campfire_choices":[{"floor":29,"key":"REST"},{"data":"Fiend Fire","floor":33,"key":"SMITH"},{"data":"True Grit","floor":36,"key":"SMITH"}],"circlet_count":0,"master_deck":["Strike_R","Strike_R","Strike_R","Strike_R","Strike_R","Defend_R","Defend_R","Defend_R","Defend_R","Bash","Clash","Run Through","Replay:Undeath\u0027s Touch","Warcry","Clash","Defy Death","ReplayTheSpireMod:LeadingStrike","ReplayTheSpireMod:Stacked","Iron Wave+1","Fiend Fire+1","ReplayTheSpireMod:Strike From Hell+1","Spot Weakness","Midas Touch","Thunderclap","True Grit+1","Sword Boomerang+1","Sever Soul","Clash","Flex+1","Impervious","ReplayTheSpireMod:Strike From Hell+1","Clash","Replay:Undeath\u0027s Touch","Flex+1"],"relics":["Burning Blood","Charon\u0027s Ashes","Bag of Preparation","Mirror","Medical Kit","TungstenRod","Bottled Lightning","ReplayTheSpireMod:TigerMarble","ChewingGum","StoneCalendar","Potion Belt","Lantern","SlaversCollar"],"acts_visited":["Exordium","TheCity","TheBeyond"],"potions_floor_usage":[14,21,25,37,37,44,44],"damage_taken":[{"damage":5,"enemies":"Cultist","floor":1,"turns":4},{"damage":1,"enemies":"2 Louse","floor":2,"turns":2},{"damage":49,"enemies":"Lagavulin","floor":8,"turns":10},{"damage":3,"enemies":"Jaw Worm","floor":9,"turns":3},{"damage":0,"enemies":"Red Slaver","floor":10,"turns":1},{"damage":6,"enemies":"Blue Slaver","floor":13,"turns":2},{"damage":11,"enemies":"3 Sentries","floor":14,"turns":4},{"damage":4,"enemies":"Looter","floor":15,"turns":2},{"damage":0,"enemies":"Exordium Wildlife","floor":16,"turns":1},{"damage":40,"enemies":"Fading Forest","floor":18,"turns":11},{"damage":9,"enemies":"2 Thieves","floor":20,"turns":2},{"damage":0,"enemies":"Spheric Guardian","floor":21,"turns":1},{"damage":42,"enemies":"Centurion and Healer","floor":23,"turns":7},{"damage":19,"enemies":"Replay:Snechameleon","floor":25,"turns":3},{"damage":7,"enemies":"Shelled Parasite and Fungi","floor":31,"turns":2},{"damage":5,"enemies":"Snecko","floor":32,"turns":3},{"damage":8,"enemies":"Slavers","floor":34,"turns":3},{"damage":0,"enemies":"3 Cultists","floor":35,"turns":3},{"damage":6,"enemies":"Automaton","floor":37,"turns":5},{"damage":5,"enemies":"Orb Walker","floor":39,"turns":2},{"damage":9,"enemies":"3 Darklings","floor":40,"turns":4},{"damage":18,"enemies":"Transient","floor":42,"turns":5},{"damage":10,"enemies":"Maw","floor":43,"turns":6},{"damage":65,"enemies":"Nemesis","floor":44,"turns":6}],"seed_played":"-3827602427524720019","potions_obtained":[{"floor":8,"key":"SmokeBomb"},{"floor":9,"key":"Explosive Potion"},{"floor":18,"key":"BloodPotion"},{"floor":32,"key":"Milkshake"},{"floor":35,"key":"LifebloodPotion"},{"floor":37,"key":"Weak Potion"},{"floor":39,"key":"BlessingOfTheForge"}],"is_trial":false,"path_per_floor":["M","M","T","?","PTL","PTL","$","E","M","M","T","$","M","E","M","M","R","B",null,"M","M","?","M","$","E","$","PTL","PTL","R","T","M","M","R","E","M","R","B",null,"M","M","?","M","M","E"],"character_chosen":"IRONCLAD","items_purchased":["Medical Kit","Midas Touch","True Grit"],"campfire_rested":1,"item_purchase_floors":[7,24,26],"current_hp_per_floor":[57,62,62,62,62,62,62,19,22,28,28,28,28,23,29,35,59,35,80,77,80,80,44,44,47,47,47,47,71,71,70,71,71,69,75,75,75,80,80,77,77,65,61,0,0],"gold":284,"neow_bonus":"ONE_RARE_RELIC","is_daily":false,"chose_seed":false,"campfire_upgraded":2,"win_rate":0.0,"timestamp":1609292853,"path_taken":["M","?","?","?","PTL","PTL","$","E","M","M","T","?","?","E","M","M","R","BOSS","M","M","?","M","$","E","$","PTL","PTL","R","T","M","M","R","E","M","R","BOSS","M","M","?","M","M","E"],"items_purchased_type":["Relic","Card","Card"],"build_version":"2020-12-22","purchased_purges":1,"victory":false,"max_hp_per_floor":[80,80,80,80,80,80,80,80,80,80,80,80,80,80,80,80,80,80,80,80,80,80,80,80,80,80,80,80,80,80,80,80,80,80,80,80,80,80,80,80,80,80,80,80,80],"card_choices":[{"not_picked":["Carnage","Sword Boomerang"],"picked":"Clash","floor":1},{"not_picked":["Seeing Red","Rupture"],"picked":"Run Through","floor":2},{"not_picked":["Intimidate","Searing Blow"],"picked":"Replay:Undeath\u0027s Touch","floor":8},{"not_picked":["Twin Strike","Heavy Blade"],"picked":"Warcry","floor":9},{"not_picked":["Cleave","Headbutt"],"picked":"Clash","floor":10},{"not_picked":["Brutality","Flex"],"picked":"Defy Death","floor":13},{"not_picked":["Clash","Perfected Strike"],"picked":"ReplayTheSpireMod:LeadingStrike","floor":14},{"not_picked":["Clothesline","Shrug It Off"],"picked":"ReplayTheSpireMod:Stacked","floor":15},{"not_picked":["Shrug It Off","Shockwave"],"picked":"Iron Wave","floor":16},{"not_picked":["Feed","Reaper"],"picked":"Fiend Fire","floor":18},{"not_picked":["Body Slam+1","Carnage"],"picked":"ReplayTheSpireMod:Strike From Hell+1","floor":20},{"not_picked":["Cleave","Body Slam"],"picked":"Spot Weakness","floor":23},{"not_picked":["Pommel Strike+1","Shrug It Off"],"picked":"Thunderclap","floor":25},{"not_picked":["Limit Break","Uppercut"],"picked":"Sword Boomerang+1","floor":31},{"not_picked":["Fire Breathing","Armaments"],"picked":"Sever Soul","floor":32},{"not_picked":["Heavy Blade","Combust"],"picked":"Clash","floor":34},{"not_picked":["Metallicize","Inflame"],"picked":"Flex+1","floor":35},{"not_picked":["Berserk","Barricade"],"picked":"Impervious","floor":37},{"not_picked":["Body Slam+1","Sword Boomerang"],"picked":"ReplayTheSpireMod:Strike From Hell+1","floor":39},{"not_picked":["Heavy Blade+1","Shrug It Off"],"picked":"Clash","floor":40},{"not_picked":["Body Slam+1","Sword Boomerang+1"],"picked":"Replay:Undeath\u0027s Touch","floor":42},{"not_picked":["Thunderclap+1","Feed"],"picked":"Flex+1","floor":43}],"player_experience":24936,"relics_obtained":[{"floor":3,"key":"Bag of Preparation"},{"floor":8,"key":"TungstenRod"},{"floor":11,"key":"Bottled Lightning"},{"floor":14,"key":"ReplayTheSpireMod:TigerMarble"},{"floor":25,"key":"StoneCalendar"},{"floor":30,"key":"Potion Belt"},{"floor":34,"key":"Lantern"}],"event_choices":[{"damage_healed":0,"gold_gain":0,"player_choice":"Box","damage_taken":0,"relics_obtained":["Mirror"],"max_hp_gain":0,"max_hp_loss":0,"event_name":"Big Fish","floor":4,"gold_loss":0,"cards_obtained":["Regret"]},{"damage_healed":0,"gold_gain":0,"player_choice":"Ignored","damage_taken":0,"max_hp_gain":0,"max_hp_loss":0,"event_name":"Tomb of Lord Red Mask","floor":41,"gold_loss":0}],"is_beta":false,"boss_relics":[{"not_picked":["Snecko Eye","Fusion Hammer"],"picked":"ChewingGum"},{"not_picked":["Velvet Choker","Astrolabe"],"picked":"SlaversCollar"}],"items_purged_floors":[12],"is_endless":false,"potions_floor_spawned":[8,9,18,21,32,35,37,39],"killed_by":"Nemesis","ascension_level":0}}