{"host":"51qmnr9isyv85d0p","time":1609332531,"event":{"mods":["AchievementEnabler","BaseMod","Colored Map","Colored Powertips","Curses Come First","Downfall","Minty Spire (QoL Compilation)","Relic Stats","StSLib","TestMod","vexMod"],"gold_per_floor":[99,11800,11814,10904,10922,10948,10948,10961,10980,11016,11039,11039,11070,10286,10306,10410,10410,10410,10422,9271,9298,9057,9057,9080,9095,9119,9119,9221,9221,9196,9196,9216,9326,9326,9326,9337,8416,8435,7945,7979,7979,7829,7845,7880,7905,7931,7947,7966,7991,7996,7996,7996],"floor_reached":50,"playtime":2744,"items_purged":["Guardian:Defend_Guardian","Guardian:Strike_Guardian","Guardian:Defend_Guardian","Guardian:Strike_Guardian","Decay","Slimebound:Icky"],"score":20766,"play_id":"16edc813-f70b-4439-b905-c57f4f718b26","local_time":"20201230204851","is_ascension_mode":true,"campfire_choices":[{"data":"Guardian:TwinSlam","floor":1.0,"key":"SMITH"},{"data":"Guardian:FloatingOrbs","floor":12.0,"key":"SMITH"},{"data":"Guardian:BaubleBeam","floor":18.0,"key":"SMITH"},{"data":"Guardian:SentryBeam","floor":23.0,"key":"SMITH"},{"data":"Guardian:Clone","floor":27.0,"key":"SMITH"},{"data":"Guardian:TimeCapacitor","floor":35.0,"key":"SMITH"}],"circlet_count":0,"master_deck":["Guardian:Strike_Guardian","Guardian:Defend_Guardian+1","Guardian:CurlUp+1","Guardian:TwinSlam+1","Guardian:ArmoredProtocol","Guardian:FloatingOrbs+1","Guardian:ShieldSpikes","Guardian:Planning","Guardian:BronzeArmor","Guardian:VentSteam","Guardian:BronzeOrb","Guardian:Preprogram","Guardian:Clone+1","Guardian:SpikerProtocol","Guardian:TemporalStrike","Guardian:BaubleBeam+1","Guardian:ChargeCore+1","Guardian:FloatingOrbs+1","Finesse","Guardian:SentryBeam+1","Guardian:Preprogram+1","Guardian:ChargeUp","Guardian:Repulse","Guardian:TimeCapacitor+1","Guardian:TemporalShield+1","Guardian:Gem_Purple","Guardian:DonusPower","Guardian:Gem_Fragmented","Dramatic Entrance","Guardian:DecasProtection+1","Clumsy","Guardian:TimeCapacitor","Guardian:Gem_Crimson","Guardian:DecasProtection+1"],"relics":["Guardian:ModeShifter","testmod-TestBox","testmod-CrystalShield","Vajra","testmod-TheFather","TheAbacus","Matryoshka","Dream Catcher","Bottled Tornado","Meat on the Bone","Shuriken","Blood Vial","Bag of Marbles","Strange Spoon","Cursed Key","InkBottle","Bottled Flame","War Paint","testmod-Antiphasic","Strawberry","vexMod:MemoryStick","MutagenicStrength","testmod-Motorcycle","Regal Pillow","testmod-Muramasa","vexMod:DeviousBotling","Bird Faced Urn","testmod-ArcanaOfDestiny","Membership Card","MealTicket","Mercury Hourglass","ClockworkSouvenir","HornCleat","Boot","testmod-Hope"],"acts_visited":["Exordium","TheCity","TheBeyond"],"potions_floor_usage":[50,50],"damage_taken":[{"damage":0.0,"enemies":"Cultist","floor":2.0,"turns":5.0},{"damage":7.0,"enemies":"2 Louse","floor":3.0,"turns":3.0},{"damage":0.0,"enemies":"downfall:FleeingMerchant","floor":4.0,"turns":4.0},{"damage":0.0,"enemies":"Small Slimes","floor":5.0,"turns":2.0},{"damage":0.0,"enemies":"Gremlin Nob","floor":6.0,"turns":4.0},{"damage":0.0,"enemies":"Blue Slaver","floor":8.0,"turns":3.0},{"damage":5.0,"enemies":"Red Slaver","floor":9.0,"turns":3.0},{"damage":0.0,"enemies":"3 Sentries","floor":10.0,"turns":2.0},{"damage":0.0,"enemies":"Lots of Slimes","floor":11.0,"turns":2.0},{"damage":0.0,"enemies":"Lagavulin","floor":13.0,"turns":4.0},{"damage":0.0,"enemies":"downfall:FleeingMerchant","floor":14.0,"turns":4.0},{"damage":0.0,"enemies":"3 Louse","floor":15.0,"turns":1.0},{"damage":0.0,"enemies":"downfall:Ironclad","floor":16.0,"turns":4.0},{"damage":4.0,"enemies":"Shell Parasite","floor":19.0,"turns":4.0},{"damage":0.0,"enemies":"downfall:FleeingMerchant","floor":20.0,"turns":4.0},{"damage":0.0,"enemies":"3 Byrds","floor":21.0,"turns":1.0},{"damage":0.0,"enemies":"downfall:FleeingMerchant","floor":22.0,"turns":3.0},{"damage":17.0,"enemies":"Shelled Parasite and Fungi","floor":25.0,"turns":3.0},{"damage":0.0,"enemies":"Cultist and Chosen","floor":26.0,"turns":3.0},{"damage":0.0,"enemies":"downfall:Augmenter","floor":28.0,"turns":4.0},{"damage":3.0,"enemies":"Centurion and Healer","floor":32.0,"turns":2.0},{"damage":6.0,"enemies":"downfall:Silent","floor":33.0,"turns":5.0},{"damage":5.0,"enemies":"Orb Walker","floor":36.0,"turns":2.0},{"damage":0.0,"enemies":"3 Shapes","floor":38.0,"turns":1.0},{"damage":0.0,"enemies":"Giant Head","floor":40.0,"turns":1.0},{"damage":0.0,"enemies":"Jaw Worm Horde","floor":43.0,"turns":1.0},{"damage":0.0,"enemies":"Reptomancer","floor":44.0,"turns":1.0},{"damage":0.0,"enemies":"4 Shapes","floor":45.0,"turns":1.0},{"damage":0.0,"enemies":"Nemesis","floor":46.0,"turns":2.0},{"damage":0.0,"enemies":"Spire Growth","floor":47.0,"turns":2.0},{"damage":0.0,"enemies":"Maw","floor":48.0,"turns":2.0},{"damage":0.0,"enemies":"4 Shapes","floor":49.0,"turns":1.0}],"seed_played":"1088182805395109175","potions_obtained":[{"floor":8.0,"key":"Explosive Potion"},{"floor":9.0,"key":"Slimebound:ThreeZeroPotion"},{"floor":10.0,"key":"Fire Potion"},{"floor":11.0,"key":"EssenceOfSteel"},{"floor":13.0,"key":"FairyPotion"},{"floor":16.0,"key":"SkillPotion"},{"floor":19.0,"key":"SpeedPotion"},{"floor":25.0,"key":"Fire Potion"},{"floor":32.0,"key":"Fire Potion"},{"floor":38.0,"key":"testmod-EscapePotion"},{"floor":40.0,"key":"Fire Potion"},{"floor":45.0,"key":"Regen Potion"}],"is_trial":false,"path_per_floor":["R","M","M","$","M","E","T","M","M","E","M","R","E","$","M","B",null,"R","M","$","M","$","R","T","M","M","R","?","?","?","T","M","B",null,"R","M","$","M","$","E","T","?","M","E","M","E","M","M","M","B"],"character_chosen":"GUARDIAN","items_purchased":["Vajra","testmod-TheFather","TheAbacus","Guardian:ShieldSpikes","AttackPotion","Dexterity Potion","PowerPotion","Blood Vial","Bag of Marbles","Strange Spoon","Guardian:SpikerProtocol","testmod-TimePotion","FearPotion","InkBottle","Bottled Flame","DollysMirror","Finesse","Guardian:SentryBeam","EssenceOfSteel","DuplicationPotion","Weak Potion","War Paint","testmod-Antiphasic","Guardian:Gem_Crimson","Fire Potion","ColorlessPotion","Bird Faced Urn","testmod-ArcanaOfDestiny","Membership Card","Guardian:Gem_Purple","SteroidPotion","testmod-TestPotion","Fruit Juice","MealTicket","Mercury Hourglass","ClockworkSouvenir","Energy Potion","Guardian:Gem_Fragmented","Dramatic Entrance"],"campfire_rested":0,"item_purchase_floors":[4,4,4,4,4,4,4,14,14,14,14,14,14,20,20,20,20,20,20,20,20,22,22,22,22,22,37,37,37,37,37,37,37,39,39,39,39,39,39],"current_hp_per_floor":[88,88,81,81,81,81,81,81,76,76,76,76,76,76,78,80,88,88,84,86,88,88,88,95,78,80,80,82,82,82,82,81,77,95,95,90,95,99,99,100,100,110,110,110,110,110,110,110,110,110,110,110],"gold":7996,"neow_bonus":"TEN_PERCENT_HP_BONUS","is_daily":false,"chose_seed":false,"campfire_upgraded":6,"win_rate":0.0,"timestamp":1609332531,"path_taken":["R","M","M","$","M","E","T","M","M","E","M","R","E","$","M","BOSS","R","M","$","?","$","R","T","M","M","R","?","?","?","?","M","BOSS","R","M","$","M","$","E","T","?","?","E","M","E","M","?","M","BOSS"],"items_purchased_type":["Relic","Relic","Relic","Card","Potion","Potion","Potion","Relic","Relic","Relic","Card","Potion","Potion","Relic","Relic","Relic","Card","Card","Potion","Potion","Potion","Relic","Relic","Card","Potion","Potion","Relic","Relic","Relic","Card","Potion","Potion","Potion","Relic","Relic","Relic","Potion","Card","Card"],"build_version":"2020-12-22","purchased_purges":6,"victory":false,"max_hp_per_floor":[88,88,88,88,88,88,88,88,88,88,88,88,88,88,88,88,88,88,88,88,88,88,88,95,95,95,95,95,95,95,95,95,95,95,95,95,100,100,100,100,100,110,110,110,110,110,110,110,110,110,110,110],"relic_stats":{"Regal Pillow":0,"counters":[33,87],"War Paint":["Guardian:Defend_Guardian","Guardian:CurlUp"],"Cursed Key":3,"Boot":[4],"Mercury Hourglass":[60],"Blood Vial":19,"Strange Spoon":[63],"Dream Catcher":0,"TheAbacus":[84],"Shuriken":[28],"Bird Faced Urn":[2],"MealTicket":0,"obtain_stats":[{"vexMod:MemoryStick":24,"Regal Pillow":30,"Vajra":4,"Bottled Tornado":7,"Cursed Key":17,"Boot":44,"ClockworkSouvenir":39,"Blood Vial":14,"testmod-CrystalShield":0,"Dream Catcher":7,"TheAbacus":4,"Matryoshka":6,"HornCleat":40,"DollysMirror":20,"testmod-Motorcycle":29,"Strawberry":24,"testmod-TheFather":4,"MealTicket":39,"vexMod:DeviousBotling":34,"InkBottle":20,"testmod-ArcanaOfDestiny":37,"testmod-Muramasa":31,"testmod-TestBox":0,"Guardian:ModeShifter":0,"War Paint":22,"Mercury Hourglass":39,"Strange Spoon":14,"testmod-Antiphasic":22,"Bottled Flame":20,"Shuriken":13,"MutagenicStrength":28,"Bird Faced Urn":37,"testmod-Hope":46,"Bag of Marbles":14,"Membership Card":37,"Meat on the Bone":10},{"vexMod:MemoryStick":17,"Regal Pillow":20,"Vajra":3,"Bottled Tornado":5,"Cursed Key":13,"Boot":27,"ClockworkSouvenir":24,"Blood Vial":11,"testmod-CrystalShield":0,"Dream Catcher":5,"TheAbacus":3,"Matryoshka":5,"HornCleat":25,"DollysMirror":15,"testmod-Motorcycle":20,"Strawberry":17,"testmod-TheFather":3,"MealTicket":24,"vexMod:DeviousBotling":22,"InkBottle":15,"testmod-ArcanaOfDestiny":23,"testmod-Muramasa":20,"testmod-TestBox":0,"Guardian:ModeShifter":0,"War Paint":17,"Mercury Hourglass":24,"Strange Spoon":11,"testmod-Antiphasic":17,"Bottled Flame":15,"Shuriken":10,"MutagenicStrength":20,"Bird Faced Urn":23,"testmod-Hope":29,"Bag of Marbles":11,"Membership Card":23,"Meat on the Bone":8},{"vexMod:MemoryStick":53,"Regal Pillow":63,"Vajra":12,"Bottled Tornado":18,"Cursed Key":41,"Boot":76,"ClockworkSouvenir":73,"Blood Vial":36,"testmod-CrystalShield":0,"Dream Catcher":18,"TheAbacus":12,"Matryoshka":18,"HornCleat":74,"DollysMirror":49,"testmod-Motorcycle":63,"Strawberry":53,"testmod-TheFather":12,"MealTicket":73,"vexMod:DeviousBotling":70,"InkBottle":49,"testmod-ArcanaOfDestiny":72,"testmod-Muramasa":63,"testmod-TestBox":0,"Guardian:ModeShifter":0,"War Paint":53,"Mercury Hourglass":73,"Strange Spoon":36,"testmod-Antiphasic":53,"Bottled Flame":49,"Shuriken":32,"MutagenicStrength":63,"Bird Faced Urn":72,"testmod-Hope":79,"Bag of Marbles":36,"Membership Card":72,"Meat on the Bone":26}],"InkBottle":[25],"Meat on the Bone":0},"card_choices":[{"not_picked":["Guardian:Recover","Guardian:PrimingBeam"],"picked":"Guardian:Gem_Cyan","floor":2.0},{"not_picked":["Guardian:Gem_Green","Guardian:ShieldCharger"],"picked":"Guardian:ArmoredProtocol","floor":3.0},{"not_picked":["Guardian:SentryBeam","Guardian:Gem_Green"],"picked":"Guardian:FloatingOrbs","floor":4.0},{"not_picked":["Guardian:Gem_Red","Guardian:Gem_Lightblue"],"picked":"Guardian:Planning","floor":5.0},{"not_picked":["Guardian:ArmoredProtocol","Guardian:Orbwalk"],"picked":"Guardian:BronzeArmor","floor":6.0},{"not_picked":["Guardian:TimeBomb","Guardian:SentryBeam"],"picked":"Guardian:Gem_White","floor":8.0},{"not_picked":["Guardian:FloatingOrbs","Guardian:Gem_Cyan"],"picked":"Guardian:VentSteam","floor":9.0},{"not_picked":["Guardian:PrimingBeam","Guardian:ChargeCore"],"picked":"Guardian:BronzeOrb","floor":10.0},{"not_picked":["Guardian:PrimingBeam","Guardian:SphericShield","Guardian:Gem_Red"],"picked":"SKIP","floor":11.0},{"not_picked":["Guardian:EvasiveProtocol","Guardian:Incinerate"],"picked":"Guardian:Preprogram","floor":13.0},{"not_picked":["Guardian:Gem_Green","Guardian:Recover"],"picked":"Guardian:Clone","floor":14.0},{"not_picked":["Guardian:WalkerClaw","Guardian:Gem_Cyan"],"picked":"Guardian:TemporalStrike","floor":15.0},{"not_picked":["Guardian:HyperBeam_Guardian","Guardian:RevengeProtocol"],"picked":"Guardian:BaubleBeam","floor":16.0},{"not_picked":["Guardian:PrimingBeam","Guardian:Gem_Red","Guardian:Incinerate"],"picked":"SKIP","floor":19.0},{"not_picked":["Guardian:BronzeArmor","Guardian:WalkerClaw"],"picked":"Guardian:ChargeCore+1","floor":20.0},{"not_picked":["Guardian:Orbwalk","Guardian:PrimingBeam"],"picked":"Guardian:Preprogram+1","floor":21.0},{"not_picked":["Guardian:Gem_Cyan","Guardian:Reroute+1"],"picked":"Guardian:ChargeUp","floor":22.0},{"not_picked":["Guardian:PiercingHide","Guardian:Suspension","Guardian:TemporalShield"],"picked":"SKIP","floor":25.0},{"not_picked":["Guardian:TemporalStrike+1","Guardian:PrimingBeam","Guardian:VentSteam"],"picked":"SKIP","floor":26.0},{"not_picked":["Guardian:PiercingHide+1","Guardian:BronzeArmor"],"picked":"Guardian:TimeCapacitor","floor":28.0},{"not_picked":["Guardian:ChargeCore","Guardian:FloatingOrbs+1","Guardian:PiercingHide"],"picked":"SKIP","floor":32.0},{"not_picked":["Guardian:HyperBeam_Guardian","Guardian:AncientConstruct"],"picked":"Guardian:Gem_Orange","floor":33.0},{"not_picked":["Guardian:Preprogram+1","Guardian:Incinerate"],"picked":"Guardian:TemporalShield+1","floor":36.0},{"not_picked":["Guardian:ShieldCharger+1","Guardian:Preprogram"],"picked":"Guardian:DonusPower","floor":38.0},{"not_picked":["Guardian:VentSteam+1","Guardian:SphericShield"],"picked":"Guardian:DecasProtection+1","floor":40.0},{"not_picked":["Guardian:ArmoredProtocol","Guardian:VentSteam+1"],"picked":"Guardian:TimeCapacitor","floor":43.0},{"not_picked":["Guardian:GatlingBeam","Guardian:ArmoredProtocol","Guardian:PiercingHide"],"picked":"SKIP","floor":44.0},{"not_picked":["Guardian:SpikerProtocol+1","Guardian:RollAttack+1"],"picked":"Guardian:Gem_Crimson","floor":45.0},{"not_picked":["Guardian:ChargeCore","Guardian:EvasiveProtocol+1","Guardian:FloatingOrbs"],"picked":"SKIP","floor":46.0},{"not_picked":["Guardian:DecasProtection+1","Guardian:EvasiveProtocol","Guardian:Recover"],"picked":"SKIP","floor":47.0},{"not_picked":["Guardian:EvasiveProtocol+1","Guardian:Gem_Blue"],"picked":"Guardian:DecasProtection+1","floor":48.0},{"not_picked":["Guardian:Suspension","Guardian:PiercingHide+1","Guardian:MultiBeam"],"picked":"SKIP","floor":49.0}],"player_experience":19059,"relics_obtained":[{"floor":6.0,"key":"Matryoshka"},{"floor":7.0,"key":"Dream Catcher"},{"floor":7.0,"key":"Bottled Tornado"},{"floor":10.0,"key":"Meat on the Bone"},{"floor":13.0,"key":"Shuriken"},{"floor":24.0,"key":"Strawberry"},{"floor":24.0,"key":"vexMod:MemoryStick"},{"floor":28.0,"key":"MutagenicStrength"},{"floor":31.0,"key":"testmod-Muramasa"},{"floor":40.0,"key":"HornCleat"},{"floor":44.0,"key":"Boot"},{"floor":46.0,"key":"testmod-Hope"}],"event_choices":[{"damage_healed":0.0,"max_hp_gain":0.0,"max_hp_loss":0.0,"gold_gain":0.0,"event_name":"给自己的盒子","player_choice":"Swap Relic","floor":29.0,"relics_lost":["DollysMirror"],"gold_loss":0.0,"damage_taken":0.0,"relics_obtained":["testmod-Motorcycle"]}],"is_beta":false,"boss_relics":[{"not_picked":["Velvet Choker","vexMod:FluxCapacitor"],"picked":"Cursed Key"},{"not_picked":["Guardian:ModeShifterPlus","Guardian:StasisSlotReductionRelic"],"picked":"vexMod:DeviousBotling"}],"items_purged_floors":[4,14,20,22,37,39],"is_endless":false,"potions_floor_spawned":[8,9,10,11,13,15,16,19,25,32,38,40,45,46,48,49],"killed_by":"downfall:Defect","ascension_level":1}}