{"host":"61ejhfsushs0xmcl","time":1609323175,"event":{"mods":["ATMod(阿瑾Mod)","Act Like it!","BaseMod","Colored Map","Gensokyo","Gold Saver","Marisa（F雨　魔理沙）","Minty Spire (QoL Compilation)","MostiFishMod","Pale of the Ancients","Spicy Shops","StSLib","TestMod","Waifu the Spire","【遗物卡牌】REMEMod","篝火指南"],"gold_per_floor":[2486,2486,2486,2501,2093,2129,2168,2216,2228,2240,2283,2333,2369,2401,2413,2514,2526,2551,2563,2575,2606,2109,2109,2125,2159,2159,2195,2210,2243,2243,2282,1844,1942,1942,1993,1993,1526,1801,1819,1880,1901,1925,1925,1965,1984,1997,1997,2012,1633,1833,1948,2069,2069,1431,1431,1654,1654,1035,1035,1135],"floor_reached":61,"playtime":2455,"items_purged":["Defend_MRS","Strike_MRS","Strike_MRS","Defend_MRS","Defend_MRS","UpSweep","MeteoricShower","EnergyFlow","Acceleration","ManaRampage+1"],"score":3051,"play_id":"25a37e72-3766-45d1-896a-45235c8e6f9a","local_time":"20201230181255","is_ascension_mode":true,"campfire_choices":[{"data":"AT_LightSaberMaster","floor":10.0,"key":"SMITH"},{"floor":15.0,"key":"RECALL"},{"data":"testmod-PainDetonator","floor":23.0,"key":"SMITH"},{"data":"ManaRampage","floor":30.0,"key":"SMITH"},{"data":"MillisecondPulsars","floor":47.0,"key":"SMITH"},{"data":"Acceleration","floor":55,"key":"SMITH"},{"data":"Violence","floor":57,"key":"SMITH"}],"circlet_count":0,"master_deck":["AscendersBane","AT_LightSaberMaster+1","Violence+1","WitchLeyline","Acceleration+1","Decay","Injury","Doubt","GasGiant+1","testmod-PainDetonator+1","Acceleration+1","MillisecondPulsars+1","Writhe","Regret","MachineGunSpark+1","Parasite","testmod-PainDetonator+1","testmod-DisillusionmentEcho"],"relics":["MiniHakkero","testmod-TestBox","AT_ATBox","REME_ComplimentaryCards","testmod-ConstraintPeriapt","JellyFishMachine","SynthV:TestCard","Golden Idol","WingedGreaves","Lee\u0027s Waffle","Centennial Puzzle","Matryoshka","MawBank","AT_ArcaneBoots","ImprovedEquipment","testmod-Laevatain","REME_HandOfSuture","REME_IWantAll","testmod-Temperance","AT_ImmortalShieldbow","Bag of Preparation","Vajra","Toy Ornithopter","AT_Manta","Blood Vial","AmplifyWand","Potion Belt","REME_LowDesire","Pen Nib","War Paint","Membership Card","testmod-ArcanaOfDestiny","AT_SunfireAegis","CombinedTypeHook","DianDianMeat","AT_TheCollector","REME_CardOfGreed","AT_BellDemon","paleoftheancients:Timepiece","paleoftheancients:KeyRelic","Coffee Dripper","Gremlin Horn","AT_BellowingDragoncrestRing","Oddly Smooth Stone","DaveBox","TimeFreeze","Mummified Hand","ChiLing","Chi","Ling","SimpleLauncher","AT_RedTearstoneRing","OriginationStaff","Lantern","Boot","DollysMirror"],"acts_visited":["Exordium","TheCity","TheBeyond","TheBeyond"],"potions_floor_usage":[60],"damage_taken":[{"damage":1.0,"enemies":"Cultist","floor":1.0,"turns":3.0},{"damage":14.0,"enemies":"Jaw Worm","floor":4.0,"turns":2.0},{"damage":22.0,"enemies":"Lagavulin","floor":6.0,"turns":4.0},{"damage":5.0,"enemies":"3 Sentries","floor":7.0,"turns":3.0},{"damage":21.0,"enemies":"Lagavulin","floor":8.0,"turns":4.0},{"damage":0.0,"enemies":"Gremlin Nob","floor":11.0,"turns":2.0},{"damage":0.0,"enemies":"Lagavulin","floor":12.0,"turns":2.0},{"damage":2.0,"enemies":"Small Slimes","floor":13.0,"turns":2.0},{"damage":0.0,"enemies":"Blue Slaver","floor":14.0,"turns":1.0},{"damage":22.0,"enemies":"Hexaghost","floor":16.0,"turns":3.0},{"damage":17.0,"enemies":"2 Thieves","floor":18.0,"turns":2.0},{"damage":15.0,"enemies":"Shell Parasite","floor":21.0,"turns":2.0},{"damage":0.0,"enemies":"Sentry and Sphere","floor":24.0,"turns":1.0},{"damage":0.0,"enemies":"REME_1_Revenger","floor":25.0,"turns":2.0},{"damage":3.0,"enemies":"Slavers","floor":27.0,"turns":2.0},{"damage":0.0,"enemies":"Centurion and Healer","floor":28.0,"turns":2.0},{"damage":0.0,"enemies":"Gremlin Leader","floor":29.0,"turns":1.0},{"damage":0.0,"enemies":"Book of Stabbing","floor":31.0,"turns":2.0},{"damage":7.0,"enemies":"Automaton","floor":33.0,"turns":3.0},{"damage":0.0,"enemies":"Orb Walker","floor":35.0,"turns":1.0},{"damage":0.0,"enemies":"3 Darklings","floor":39.0,"turns":1.0},{"damage":0.0,"enemies":"Giant Head","floor":40.0,"turns":1.0},{"damage":7.0,"enemies":"Maw","floor":41.0,"turns":2.0},{"damage":0.0,"enemies":"Jaw Worm Horde","floor":42.0,"turns":1.0},{"damage":0.0,"enemies":"Reptomancer","floor":44.0,"turns":1.0},{"damage":4.0,"enemies":"Transient","floor":45.0,"turns":3.0},{"damage":1.0,"enemies":"4 Shapes","floor":46.0,"turns":1.0},{"damage":0.0,"enemies":"Sphere and 2 Shapes","floor":48.0,"turns":1.0},{"damage":8.0,"enemies":"Awakened One","floor":50.0,"turns":3.0},{"damage":0.0,"enemies":"Awakened One","floor":51.0,"turns":1.0},{"damage":53.0,"enemies":"Awakened One","floor":52.0,"turns":3.0},{"damage":22,"enemies":"Awakened One","floor":56,"turns":5},{"damage":451,"enemies":"paleoftheancients:N","floor":60,"turns":3}],"seed_played":"7590166075468931588","potions_obtained":[{"floor":4.0,"key":"BlessingOfTheForge"},{"floor":7.0,"key":"Energy Potion"},{"floor":24.0,"key":"DistilledChaos"},{"floor":33.0,"key":"REME_GoldPotion"},{"floor":39.0,"key":"REME_GoldPotion"},{"floor":41.0,"key":"PowerPotion"},{"floor":44.0,"key":"ShroomBrew"},{"floor":48.0,"key":"SpeedPotion"}],"is_trial":false,"path_per_floor":["M","?","?","M","$","E","E","E","T","R","E","E","M","M","R","B",null,"M","?","?","M","$","R","M","E","T","E","M","E","R","E","R","B",null,"M","?","$","?","M","E","M","M","T","E","M","M","R","M","R","B","M","M","?","$","R","M","R","$","?","B",null],"character_chosen":"MARISA","items_purchased":["Lee\u0027s Waffle","Centennial Puzzle","AT_ImmortalShieldbow","Bag of Preparation","testmod-PainDetonator","Potion Belt","Membership Card","testmod-ArcanaOfDestiny","AT_SunfireAegis","REME_CardOfGreed","AT_BellDemon","Mummified Hand","ChiLing","SimpleLauncher","OriginationStaff","Lantern","Boot","DollysMirror","testmod-DisillusionmentEcho"],"campfire_rested":0,"item_purchase_floors":[5,5,22,22,22,32,37,37,37,49,49,54,54,54,58,58,58,58,58],"current_hp_per_floor":[64,40,22,10,77,55,57,40,40,40,45,50,49,51,51,35,67,55,55,55,44,44,44,48,55,55,57,64,67,67,76,76,70,75,77,77,77,77,77,77,70,76,76,77,76,78,78,78,78,76,78,52,52,52,52,51,51,60,60,87],"gold":1135,"neow_bonus":"REMOVE_CARD","is_daily":false,"chose_seed":false,"campfire_upgraded":6,"win_rate":0.0,"timestamp":1609323175,"path_taken":["M","?","?","M","$","E","E","E","T","R","E","E","M","M","R","BOSS","M","?","?","M","$","R","M","E","T","E","M","E","R","E","R","BOSS","M","?","$","?","?","E","M","M","T","E","M","M","R","M","R","BOSS","M","M","?","$","R","M","R","$","?","BOSS"],"items_purchased_type":["Relic","Relic","Relic","Relic","Card","Relic","Relic","Relic","Relic","Relic","Relic","Relic","Relic","Relic","Relic","Relic","Relic","Relic","Card"],"build_version":"2020-12-22","purchased_purges":10,"victory":true,"max_hp_per_floor":[70,70,70,70,77,77,77,77,77,77,77,77,77,77,77,77,77,77,77,77,77,77,77,77,77,77,77,77,77,77,77,77,77,77,77,77,77,77,77,77,77,77,77,77,77,78,78,78,78,78,78,78,78,78,78,78,78,87,87,87],"card_choices":[{"not_picked":["GrandCross","EarthLightRay"],"picked":"Singularity","floor":1.0},{"not_picked":["MagicAbsorber","LuminesStrike","IllusionStar","DoubleSpark"],"picked":"WitchLeyline","floor":4.0},{"not_picked":["StarDustReverie","ManaConvection","WitchLeyline","DarkSpark","PowerUp"],"picked":"SKIP","floor":6.0},{"not_picked":["DC","SporeBomb","GasGiant","LuminesStrike"],"picked":"Acceleration","floor":7.0},{"not_picked":["WitchLeyline","EnergyRecoil","FairyDestructionRay","EventHorizon"],"picked":"EnergyFlow","floor":8.0},{"not_picked":["MagicAbsorber","AsteroidBelt","OpenUniverse","StarDustReverie"],"picked":"Acceleration","floor":11.0},{"not_picked":["Robbery","MysteriousBeam","EnergyFlow","EnergyRecoil","EventHorizon"],"picked":"SKIP","floor":12.0},{"not_picked":["NonDirectionalLaser","EnergyFlow","WitchOfGreed","AsteroidBelt","DarkSpark"],"picked":"SKIP","floor":13.0},{"not_picked":["OrrerysSun","MysteriousBeam","SuperPerseids","OortCloud"],"picked":"MeteoricShower","floor":14.0},{"not_picked":["AbsoluteMagnitude","FinalSpark","SatelliteIllusion","StarDustReverie"],"picked":"UltimateShortwave","floor":16.0},{"not_picked":["MysteriousBeam","EventHorizon+1","ShootingEcho+1","MachineGunSpark"],"picked":"GasGiant","floor":18.0},{"not_picked":["ShootTheMoon","MilkyWay","DC","DoubleSpark","NonDirectionalLaser"],"picked":"SKIP","floor":21.0},{"not_picked":["Robbery","GalacticHalo","MagicChant","ShootingEcho"],"picked":"Acceleration+1","floor":24.0},{"not_picked":["DeepEcoloBomb","AlicesGift+1","Acceleration","WitchOfGreed","GalacticHalo"],"picked":"SKIP","floor":25.0},{"not_picked":["AsteroidBelt+1","ShootingEcho","OrrerysSun","IllusionStar","MilkyWay"],"picked":"SKIP","floor":27.0},{"not_picked":["OrrerysSun","GrandCross","PulseMagic","DarkMatter"],"picked":"ManaRampage","floor":28.0},{"not_picked":["UnstableBomb","Robbery","BigCrunch","MeteoricShower","MysteriousBeam"],"picked":"SKIP","floor":29.0},{"not_picked":["UnstableBomb","WitchLeyline","MeteoricShower","ShootingEcho","PropBag"],"picked":"SKIP","floor":31.0},{"not_picked":["FinalSpark","StarDustReverie","SatelliteIllusion","TreasureHunter"],"picked":"MillisecondPulsars","floor":33.0},{"not_picked":["ChargeUpSpray","DragonMeteor","EventHorizon+1","6A","PowerUp+1","Magnetism"],"picked":"SKIP","floor":35.0},{"not_picked":["MilkyWay","EventHorizon","Robbery","OrrerysSun","NonDirectionalLaser","testmod-AutoReboundSystem"],"picked":"SKIP","floor":39.0},{"not_picked":["Orbital","GravityBeat","PowerUp","OortCloud","JA","testmod-HandmadeProducts"],"picked":"SKIP","floor":40.0},{"not_picked":["6A+1","NonDirectionalLaser","PowerUp","DoubleSpark+1","GalacticHalo","testmod-HeadAttack"],"picked":"SKIP","floor":41.0},{"not_picked":["6A+1","ShootingEcho","MilkyWay+1","OortCloud","LuminesStrike","testmod-TemporaryDeletion"],"picked":"SKIP","floor":42.0},{"not_picked":["LuminesStrike","DC","6A","DragonMeteor","TreasureHunter","testmod-Wormhole"],"picked":"SKIP","floor":44.0},{"not_picked":["MeteoricShower+1","LuminesStrike","GravityBeat+1","GrandCross","WitchOfGreed","testmod-Recap"],"picked":"SKIP","floor":45.0},{"not_picked":["LuminesStrike","NonDirectionalLaser","UnstableBomb","BigCrunch","Finesse"],"picked":"MachineGunSpark+1","floor":46.0},{"not_picked":["StarlightTyphoon","GalacticHalo","WitchOfGreed","ShootingEcho","NonDirectionalLaser","testmod-TreasureHunter"],"picked":"SKIP","floor":48.0},{"not_picked":["WitchLeyline","PowerUp+1","AsteroidBelt+1","OrrerysSun","MysteriousBeam","testmod-WeaknessCounterattack+1"],"picked":"SKIP","floor":51.0},{"not_picked":["DC+1","WitchLeyline+1","OneTimeOff+1","Acceleration","GravityBeat","Thinking Ahead"],"picked":"SKIP","floor":52},{"not_picked":["IllusionStar","DoubleSpark","DC","OortCloud","BigCrunch","Apotheosis"],"picked":"SKIP","floor":56}],"player_experience":821171,"relics_obtained":[{"floor":1.0,"key":"SynthV:TestCard"},{"floor":6.0,"key":"Matryoshka"},{"floor":7.0,"key":"MawBank"},{"floor":8.0,"key":"AT_SpeedBoots"},{"floor":9.0,"key":"ImprovedEquipment"},{"floor":9.0,"key":"testmod-Laevatain"},{"floor":11.0,"key":"REME_HandOfSuture"},{"floor":12.0,"key":"REME_IWantAll"},{"floor":25.0,"key":"Vajra"},{"floor":26.0,"key":"Toy Ornithopter"},{"floor":27.0,"key":"AT_Manta"},{"floor":29.0,"key":"Blood Vial"},{"floor":31.0,"key":"AmplifyWand"},{"floor":34.0,"key":"Pen Nib"},{"floor":34.0,"key":"War Paint"},{"floor":40.0,"key":"CombinedTypeHook"},{"floor":43.0,"key":"DianDianMeat"},{"floor":44.0,"key":"AT_TheCollector"},{"floor":51.0,"key":"AT_BellowingDragoncrestRing"},{"floor":52,"key":"Oddly Smooth Stone"},{"floor":56,"key":"AT_RedTearstoneRing"}],"event_choices":[{"damage_healed":0.0,"max_hp_gain":0.0,"max_hp_loss":0.0,"gold_gain":0.0,"event_name":"Golden Idol","player_choice":"Take Damage","floor":2.0,"gold_loss":0.0,"damage_taken":24.0,"relics_obtained":["Golden Idol"]},{"damage_healed":0.0,"max_hp_gain":0.0,"max_hp_loss":0.0,"gold_gain":0.0,"event_name":"Scrap Ooze","player_choice":"Success","floor":3.0,"gold_loss":0.0,"damage_taken":18.0,"relics_obtained":["WingedGreaves"]},{"cards_removed":["Strike_MRS"],"damage_healed":0.0,"max_hp_gain":0.0,"max_hp_loss":0.0,"gold_gain":0.0,"event_name":"Back to Basics","player_choice":"Elegance","floor":19.0,"gold_loss":0.0,"damage_taken":0.0},{"damage_healed":0.0,"max_hp_gain":0.0,"max_hp_loss":0.0,"gold_gain":0.0,"event_name":"Cursed Tome","player_choice":"Ignored","floor":20.0,"gold_loss":0.0,"damage_taken":0.0},{"damage_healed":15.0,"max_hp_gain":0.0,"max_hp_loss":0.0,"gold_gain":0.0,"event_name":"Winding Halls","player_choice":"Writhe","floor":36.0,"gold_loss":0.0,"damage_taken":0.0,"cards_obtained":["Writhe"]},{"damage_healed":0.0,"max_hp_gain":0.0,"max_hp_loss":0.0,"gold_gain":275.0,"event_name":"Golden Shrine","player_choice":"Desecrate","floor":38.0,"gold_loss":0.0,"damage_taken":0.0,"cards_obtained":["Regret"]},{"damage_healed":0,"gold_gain":0,"player_choice":"Swap Relic","damage_taken":0,"relics_obtained":["DaveBox"],"max_hp_gain":0,"max_hp_loss":0,"event_name":"给自己的盒子","floor":53,"relics_lost":["DaveBox"],"gold_loss":0}],"is_beta":false,"boss_relics":[{"not_picked":["SlaversCollar","REME_ChargedStone"],"picked":"testmod-Temperance"},{"not_picked":["GreenFoldingFan","testmod-StringDisintegrator"],"picked":"REME_LowDesire"}],"items_purged_floors":[5,22,32,32,37,49,49,54,54,58],"is_endless":false,"potions_floor_spawned":[4,7,8,11,13,24,25,33,39,41,44,48,52,56],"ascension_level":18}}