{"host":"a99cgagtsic7fuyb","time":1609333893,"event":{"mods":["BaseMod","Downfall","Hermit","Lobotomy","Minty Spire (QoL Compilation)","Replay The Spire","StSLib","The Cursed"],"gold_per_floor":[110,110,121,70,86,119,131,11,11,25,41,60,60,78,78,78,78,181,181,192,192,206,281,72,72,72,72],"floor_reached":25,"playtime":2354,"items_purged":["Voices"],"score":255,"play_id":"739fa05b-8eee-487d-8aa1-7f0af3d87612","local_time":"20201230211133","is_ascension_mode":false,"campfire_choices":[{"floor":17,"key":"RECALL"}],"circlet_count":0,"master_deck":["Guardian:Strike_Guardian","Guardian:Strike_Guardian","Guardian:Strike_Guardian","Guardian:Strike_Guardian","Guardian:Defend_Guardian","Guardian:Defend_Guardian","Guardian:Defend_Guardian","Guardian:Defend_Guardian","Guardian:CurlUp","Guardian:TwinSlam","Guardian:CrystalBeam","Mercenary","Guardian:TemporalStrike","NakedNest","Guardian:Gem_Crimson","Guardian:Gem_Crimson","Guardian:Recover","VoidDream","Guardian:TimeBomb","Wellcheers","CherryBlossoms","Guardian:ChargeCore","WallGazer","Guardian:Harden","LongBird","CENSORED","Guardian:EvasiveProtocol","DespairKnight","Guardian:TimeSifter","PunishingBird","CurseOfTheBell","Guardian:FloatingOrbs+1","OSAHOGD","Slimebound:CheckThePlaybook","Slimebound:Icky","Guardian:BronzeOrb","BeautyBeast","Guardian:Repulse","Guardian:Repulse","Guardian:SentryBeam"],"relics":["Guardian:ModeShifter","CogitoBucket","Regal Pillow","LuminousBracelet","ReplayTheSpireMod:Ring of Addiction","White Beast Statue","Chameleon Ring","Ring of Fury","Calling Bell","Bag of Preparation","Replay:WaspNest","TungstenRod","SkinProphecy"],"acts_visited":["Exordium","TheCity"],"potions_floor_usage":[3,5,6,6,10,12,14,18,20,20],"damage_taken":[{"damage":2,"enemies":"Jaw Worm","floor":1,"turns":5},{"damage":0,"enemies":"Cultist","floor":3,"turns":2},{"damage":0,"enemies":"2 Louse","floor":5,"turns":2},{"damage":12,"enemies":"Lagavulin","floor":6,"turns":11},{"damage":14,"enemies":"Large Slime","floor":7,"turns":11},{"damage":11,"enemies":"Looter","floor":10,"turns":5},{"damage":38,"enemies":"Exordium Thugs","floor":11,"turns":10},{"damage":11,"enemies":"Red Slaver","floor":12,"turns":5},{"damage":0,"enemies":"Large Slime","floor":14,"turns":3},{"damage":60,"enemies":"Hexaghost","floor":18,"turns":12},{"damage":90,"enemies":"Spheric Guardian","floor":20,"turns":3},{"damage":104,"enemies":"Shell Parasite","floor":22,"turns":5},{"damage":79,"enemies":"Gremlin Leader","floor":25,"turns":1}],"seed_played":"7577870154291525936","potions_obtained":[{"floor":1,"key":"champ:CounterPotion"},{"floor":2,"key":"Fire Potion"},{"floor":2,"key":"Guardian:BlockOnCardUsePotion"},{"floor":3,"key":"hexamod:EctoCoolerPotion"},{"floor":6,"key":"Explosive Potion"},{"floor":11,"key":"GamblersBrew"},{"floor":12,"key":"SpeedPotion"},{"floor":13,"key":"Fire Potion"},{"floor":13,"key":"Energy Potion"},{"floor":14,"key":"Reflective Coating"},{"floor":18,"key":"Elixir"},{"floor":20,"key":"FairyPotion"},{"floor":22,"key":"Energy Potion"}],"is_trial":false,"path_per_floor":["M","?","M","$","M","E","M","$","T","M","M","M","?","M","PTL","PTL","R","B",null,"M","?","M","?","$","E"],"character_chosen":"GUARDIAN","items_purchased":["Guardian:Gem_Crimson","Guardian:Gem_Orange","Guardian:Repulse","Guardian:SentryBeam"],"campfire_rested":0,"item_purchase_floors":[4,8,24,24],"current_hp_per_floor":[78,78,78,78,78,66,55,55,55,62,35,29,29,32,32,32,32,44,93,44,44,89,81,81,0,0,0],"gold":72,"neow_bonus":"","is_daily":false,"chose_seed":false,"campfire_upgraded":0,"win_rate":0.0,"timestamp":1609333893,"path_taken":["M","?","M","$","?","E","M","?","T","?","M","M","?","M","PTL","PTL","R","BOSS","M","?","M","?","$","E"],"items_purchased_type":["Card","Card","Card","Card"],"build_version":"2020-12-22","purchased_purges":1,"victory":false,"max_hp_per_floor":[80,80,80,80,80,80,80,80,80,95,95,95,95,95,95,95,95,93,93,93,93,95,95,93,95,95,95],"card_choices":[{"not_picked":["Guardian:TemporalShield","Guardian:GuardianWhirl"],"picked":"Guardian:CrystalBeam","floor":1},{"not_picked":["CherryBlossoms","OSAHOGD"],"picked":"Mercenary","floor":1},{"not_picked":["Guardian:Orbwalk","Guardian:Recover"],"picked":"Guardian:TemporalStrike","floor":3},{"not_picked":["FairyFestival","CrumblingArmor"],"picked":"NakedNest","floor":3},{"not_picked":["Guardian:ShieldCharger","Guardian:DonusPower"],"picked":"Guardian:Recover","floor":5},{"not_picked":["OldLady","LittlePrince","Murderer"],"picked":"Singing Bowl","floor":5},{"not_picked":["BeautyBeast","WallGazer"],"picked":"VoidDream","floor":5},{"not_picked":["Guardian:MultiBeam","Guardian:TemporalStrike"],"picked":"Guardian:TimeBomb","floor":6},{"not_picked":["RedShoes","PunishingBird"],"picked":"Wellcheers","floor":6},{"not_picked":["Alriune","FairyFestival","Murderer"],"picked":"Singing Bowl","floor":7},{"not_picked":["MeatLantern","SpiderBud"],"picked":"CherryBlossoms","floor":7},{"not_picked":["Guardian:VentSteam","Guardian:Gem_Green"],"picked":"Guardian:Gem_Synthetic","floor":7},{"not_picked":["Guardian:CrystalBeam","Guardian:Gem_Lightblue"],"picked":"Guardian:ChargeCore","floor":10},{"not_picked":["ShyLook","FairyFestival"],"picked":"WallGazer","floor":10},{"not_picked":["Guardian:Gem_Lightblue","Guardian:PiercingHide"],"picked":"Guardian:Harden","floor":11},{"not_picked":["UniverseFragment","Murderer"],"picked":"LongBird","floor":11},{"not_picked":["Guardian:Gem_Cyan","Guardian:Orbwalk"],"picked":"Guardian:Gem_Synthetic","floor":12},{"not_picked":["OldLady","Murderer"],"picked":"CENSORED","floor":12},{"not_picked":["Guardian:CrystalBeam","Guardian:PiercingHide"],"picked":"Guardian:EvasiveProtocol","floor":14},{"not_picked":["FairyFestival","UniverseFragment"],"picked":"DespairKnight","floor":14},{"not_picked":["Guardian:StasisStrike","Guardian:SphericShield"],"picked":"Guardian:TimeSifter","floor":18},{"not_picked":["BeautyBeast","QueenBee"],"picked":"PunishingBird","floor":18},{"not_picked":["Guardian:BronzeOrb","Guardian:SentryBeam"],"picked":"Guardian:FloatingOrbs+1","floor":20},{"not_picked":["FairyFestival","DreamingCurrent"],"picked":"OSAHOGD","floor":20},{"not_picked":["Guardian:CrystalBeam","Guardian:RollAttack+1"],"picked":"Guardian:BronzeOrb","floor":22},{"not_picked":["Freischutz","Bloodbath"],"picked":"BeautyBeast","floor":22}],"player_experience":101704,"relics_obtained":[{"floor":6,"key":"Regal Pillow"},{"floor":13,"key":"ReplayTheSpireMod:Ring of Addiction"},{"floor":13,"key":"White Beast Statue"},{"floor":13,"key":"Chameleon Ring"},{"floor":13,"key":"Ring of Fury"},{"floor":19,"key":"Bag of Preparation"},{"floor":19,"key":"Replay:WaspNest"},{"floor":19,"key":"TungstenRod"}],"event_choices":[{"damage_healed":0,"gold_gain":0,"player_choice":"Got Potions","damage_taken":0,"max_hp_gain":0,"max_hp_loss":0,"event_name":"Lab","floor":2,"gold_loss":0},{"damage_healed":0,"gold_gain":75,"player_choice":"Touch","damage_taken":9,"max_hp_gain":0,"max_hp_loss":0,"event_name":"FaceTrader","floor":23,"gold_loss":0}],"is_beta":false,"boss_relics":[{"not_picked":["Replay:Ancient Bell","Runic Pyramid"],"picked":"Calling Bell"}],"items_purged_floors":[24],"is_endless":false,"potions_floor_spawned":[1,3,6,11,12,14,18,20,22],"killed_by":"Gremlin Leader","ascension_level":0}}