{"host":"a99cgagtsic7fuyb","time":1609338460,"event":{"mods":["BaseMod","Downfall","Hermit","Lobotomy","Minty Spire (QoL Compilation)","Replay The Spire","StSLib","The Cursed"],"gold_per_floor":[115,115,79,79,89,124,124,151,178,195,0,0,0,15,15,146,146,159,177,177,177,47,47,47,47,47,66,66,66,91,291,304,328,328,449,512,528,546,53,73,87,87,112,133,215,278,278,26,47,72,72,72],"floor_reached":53,"playtime":4476,"items_purged":["hexamod:Haunted","Injury","Pain"],"score":671,"play_id":"80fb872c-3f01-42ff-9935-8b2f2b72a65c","local_time":"20201230222740","is_ascension_mode":false,"campfire_choices":[{"floor":7,"key":"RECALL"},{"floor":12,"key":"DIG"},{"floor":15,"key":"DIG"},{"data":"hexamod:NecessarySacrifice","floor":26,"key":"SMITH"},{"data":"hermit:Quickdraw","floor":34,"key":"SMITH"},{"data":"hexamod:DynamicBlow","floor":42,"key":"SMITH"},{"floor":51,"key":"DIG"}],"circlet_count":0,"master_deck":["hexamod:Strike","hexamod:Strike","hexamod:Strike+1","hexamod:Strike+1","hexamod:Defend","hexamod:Defend","hexamod:Defend","hexamod:Defend+1","hexamod:Float","hexamod:NecessarySacrifice","hexamod:InspiringFlames","hexamod:InspiringFlames","expansioncontent:TimeRipple","champ:GladiatorStyle","Crow Ritual","expansioncontent:PrepareCrush","hexamod:FirstSeal","Impatience","sneckomod:SerpentIdol","Reaper","Guardian:ChargeCore","hexamod:NecessarySacrifice+1","hexamod:DynamicBlow+1","Dramatic Entrance","TheCursedMod:TacticalStrike+1","hexamod:DynamicBlow+1","hermit:Quickdraw+1","Pommel Strike+1","TheCursedMod:TacticalStrike+1","Parasite","sneckomod:CheapStock+1","Panache","hexamod:SpectralAdrenaline"],"relics":["hexamod:SpiritBrand","NeowsBlessing","PrismaticShard","Boot","Replay:Multitool","Smiling Mask","CaptainsWheel","Golden Idol","ReplayFunnel","Busted Crown","Enchiridion","Tiny House","Bag of Marbles","MealTicket","Lee\u0027s Waffle","White Beast Statue","Torii","WarpedTongs","Bronze Scales"],"acts_visited":["Exordium","TheCity","TheBeyond"],"potions_floor_usage":[18,27,35,35,37,37,43,43,43,52,52],"damage_taken":[{"damage":0,"enemies":"Jaw Worm","floor":1,"turns":1},{"damage":0,"enemies":"2 Louse","floor":5,"turns":1},{"damage":0,"enemies":"Gremlin Nob","floor":6,"turns":1},{"damage":2,"enemies":"Lagavulin","floor":8,"turns":5},{"damage":3,"enemies":"Small Slimes","floor":10,"turns":3},{"damage":9,"enemies":"2 Fungi Beasts","floor":14,"turns":3},{"damage":24,"enemies":"Slime Boss","floor":16,"turns":11},{"damage":13,"enemies":"3 Byrds","floor":18,"turns":7},{"damage":0,"enemies":"Chosen","floor":19,"turns":4},{"damage":5,"enemies":"Snake Plant","floor":27,"turns":3},{"damage":12,"enemies":"Shelled Parasite and Fungi","floor":30,"turns":4},{"damage":6,"enemies":"3 Cultists","floor":32,"turns":4},{"damage":0,"enemies":"Snecko","floor":33,"turns":4},{"damage":34,"enemies":"Champ","floor":35,"turns":10},{"damage":21,"enemies":"3 Darklings","floor":37,"turns":4},{"damage":0,"enemies":"Orb Walker","floor":38,"turns":3},{"damage":11,"enemies":"Spire Growth","floor":40,"turns":5},{"damage":0,"enemies":"Jaw Worm Horde","floor":41,"turns":2},{"damage":19,"enemies":"Writhing Mass","floor":43,"turns":4},{"damage":0,"enemies":"3 Darklings","floor":44,"turns":4},{"damage":5,"enemies":"Mind Bloom Boss Battle","floor":46,"turns":6},{"damage":1,"enemies":"Sphere and 2 Shapes","floor":49,"turns":4},{"damage":1,"enemies":"Writhing Mass","floor":50,"turns":4},{"damage":44,"enemies":"Donu and Deca","floor":52,"turns":7}],"seed_played":"-937481418401771373","potions_obtained":[{"floor":1,"key":"Swift Potion"},{"floor":14,"key":"Elixir"},{"floor":23,"key":"SteroidPotion"},{"floor":23,"key":"Slimebound:ThreeZeroPotion"},{"floor":30,"key":"Regen Potion"},{"floor":33,"key":"Ancient Potion"},{"floor":36,"key":"EntropicBrew"},{"floor":38,"key":"Explosive Potion"},{"floor":43,"key":"Energy Potion"},{"floor":46,"key":"Strength Potion"},{"floor":49,"key":"Energy Potion"}],"is_trial":false,"path_per_floor":["M","?","$","?","M","E","R","E","T","M","$","R","?","M","R","B",null,"M","M","?","?","$","R","PTL","PTL","R","M","T","R","M","?","M","M","R","B",null,"M","M","$","M","M","R","M","M","T","?","?","$","M","M","R","B",null],"character_chosen":"THE_SPIRIT","items_purchased":["hexamod:InspiringFlames","hexamod:FirstSeal","Impatience","hexamod:DynamicBlow+1","Dramatic Entrance","Bag of Marbles","MealTicket","Lee\u0027s Waffle","Panache","hexamod:SpectralAdrenaline"],"campfire_rested":0,"item_purchase_floors":[3,11,11,22,22,39,39,39,48,48],"current_hp_per_floor":[70,56,56,56,56,56,56,54,54,51,51,51,51,42,42,25,70,64,70,54,54,54,54,54,54,54,56,56,56,51,51,61,68,68,34,75,69,74,82,78,80,80,68,75,75,82,82,82,81,80,80,59],"gold":72,"neow_bonus":"THREE_ENEMY_KILL","is_daily":false,"chose_seed":false,"campfire_upgraded":3,"win_rate":0.0,"timestamp":1609338460,"path_taken":["M","?","$","?","M","E","R","E","T","M","?","R","?","M","R","BOSS","M","M","?","?","$","R","PTL","PTL","R","M","T","R","M","?","?","M","R","BOSS","M","M","$","?","M","R","M","M","T","?","?","$","?","M","R","BOSS"],"items_purchased_type":["Card","Card","Card","Card","Card","Relic","Relic","Relic","Card","Card"],"build_version":"2020-12-22","purchased_purges":3,"victory":true,"max_hp_per_floor":[70,70,70,70,70,70,70,70,70,70,70,70,70,70,70,70,70,70,70,70,70,70,70,70,70,70,70,70,70,70,70,70,70,70,70,75,75,75,82,82,82,82,82,82,82,82,82,82,82,82,82,82],"card_choices":[{"not_picked":["hexamod:SecondSeal","hexamod:InspiringFlames"],"picked":"hexamod:NecessarySacrifice","floor":1},{"not_picked":["TheCursedMod:Stretching","Bane"],"picked":"expansioncontent:TimeRipple","floor":5},{"not_picked":["ReplayTheSpireMod:GoodbyeWorld","TheCursedMod:CircleOfFocus"],"picked":"champ:GladiatorStyle","floor":6},{"not_picked":["Quick Slash","hermit:Headshot"],"picked":"Crow Ritual","floor":8},{"not_picked":["Outmaneuver","SashWhip"],"picked":"expansioncontent:PrepareCrush","floor":10},{"not_picked":["Sucker Punch","Guardian:TemporalStrike"],"picked":"sneckomod:SerpentIdol","floor":14},{"not_picked":["hermit:OverwhelmingPower","Brilliance"],"picked":"Reaper","floor":16},{"not_picked":["Steam Power+1"],"picked":"SKIP","floor":18},{"not_picked":[],"picked":"Guardian:ChargeCore","floor":19},{"not_picked":[],"picked":"TheCursedMod:TacticalStrike+1","floor":27},{"not_picked":["Streamline+1"],"picked":"SKIP","floor":30},{"not_picked":["TheCursedMod:SpreadPlague"],"picked":"SKIP","floor":32},{"not_picked":[],"picked":"hermit:Quickdraw","floor":33},{"not_picked":[],"picked":"Pommel Strike+1","floor":36},{"not_picked":[],"picked":"TheCursedMod:TacticalStrike+1","floor":37},{"not_picked":["Slimebound:RollThrough+1"],"picked":"SKIP","floor":38},{"not_picked":["expansioncontent:SuperHexaguard"],"picked":"SKIP","floor":40},{"not_picked":["ReplayTheSpireMod:Corrosion Curse+1"],"picked":"SKIP","floor":41},{"not_picked":["Ball Lightning+1"],"picked":"SKIP","floor":43},{"not_picked":["hexamod:GhostLash+1"],"picked":"SKIP","floor":44},{"not_picked":[],"picked":"sneckomod:CheapStock+1","floor":46},{"not_picked":["Cleave"],"picked":"SKIP","floor":49},{"not_picked":["Masterful Stab+1"],"picked":"SKIP","floor":50}],"player_experience":104058,"relics_obtained":[{"floor":6,"key":"Boot"},{"floor":8,"key":"Replay:Multitool"},{"floor":9,"key":"Smiling Mask"},{"floor":12,"key":"CaptainsWheel"},{"floor":15,"key":"ReplayFunnel"},{"floor":20,"key":"Enchiridion"},{"floor":45,"key":"White Beast Statue"},{"floor":46,"key":"Torii"},{"floor":51,"key":"Bronze Scales"}],"event_choices":[{"damage_healed":0,"gold_gain":0,"player_choice":"Entered Light","damage_taken":14,"max_hp_gain":0,"max_hp_loss":0,"event_name":"Shining Light","floor":2,"gold_loss":0,"cards_upgraded":["hexamod:Strike","hexamod:Strike"]},{"damage_healed":0,"gold_gain":0,"player_choice":"Take Wound","damage_taken":0,"relics_obtained":["Golden Idol"],"max_hp_gain":0,"max_hp_loss":0,"event_name":"Golden Idol","floor":13,"gold_loss":0,"cards_obtained":["Injury"]},{"damage_healed":0,"gold_gain":0,"player_choice":"Obtained Book","damage_taken":16,"max_hp_gain":0,"max_hp_loss":0,"event_name":"Cursed Tome","floor":20,"gold_loss":0},{"damage_healed":0,"gold_gain":0,"player_choice":"Read","damage_taken":0,"max_hp_gain":0,"max_hp_loss":0,"event_name":"The Library","floor":21,"gold_loss":0,"cards_obtained":["hexamod:NecessarySacrifice"]},{"damage_healed":0,"gold_gain":250,"player_choice":"Bet on Owner","damage_taken":0,"max_hp_gain":0,"max_hp_loss":0,"event_name":"The Joust","floor":31,"gold_loss":50},{"damage_healed":0,"gold_gain":0,"player_choice":"Fight","damage_taken":0,"max_hp_gain":0,"max_hp_loss":0,"event_name":"MindBloom","floor":46,"gold_loss":0},{"damage_healed":0,"gold_gain":0,"player_choice":"Rummage","damage_taken":0,"relics_obtained":["WarpedTongs"],"max_hp_gain":0,"max_hp_loss":0,"event_name":"Accursed Blacksmith","floor":47,"gold_loss":0,"cards_obtained":["Pain"]}],"is_beta":false,"boss_relics":[{"not_picked":["SacredBark","Replay:Wanted Poster"],"picked":"Busted Crown"},{"not_picked":["Replay:Drink Me","hexamod:IceCube"],"picked":"Tiny House"}],"items_purged_floors":[11,39,48],"is_endless":false,"potions_floor_spawned":[1,14,30,33,38,43,46,49,50],"ascension_level":0}}