{"host":"utqe55yv0jihe4d6","time":1609303509,"event":{"mods":["2.2 Compatiblity","AchievementEnabler","BaseMod","Block Reminder","Colored Map","Colored Powertips","Minty Spire (QoL Compilation)","Quick Restart","Rare Cards Sparkle","Relic Stats","SuperFastMode"],"gold_per_floor":[112,112,123,133,146,146,171,191,218,218,218,0,12,44,44,44,44],"floor_reached":16,"playtime":476,"items_purged":["Strike_P"],"score":224,"play_id":"80d11a19-ecd0-4f47-a1b7-b37f94c34aaf","local_time":"20201229234509","is_ascension_mode":true,"campfire_choices":[{"data":"Eruption","floor":6.0,"key":"SMITH"},{"floor":10.0,"key":"REST"},{"data":"EmptyMind","floor":15,"key":"SMITH"}],"circlet_count":0,"master_deck":["AscendersBane","Strike_P","Strike_P","Strike_P","Defend_P","Defend_P","Defend_P","Defend_P","Eruption+1","Vigilance","SashWhip","FlyingSleeves","ReachHeaven","Vengeance","EmptyMind+1","Crescendo","MentalFortress+1","Study+1"],"relics":["Philosopher\u0027s Stone","GremlinMask","Frozen Egg 2","Juzu Bracelet","Art of War"],"acts_visited":["Exordium"],"potions_floor_usage":[16],"damage_taken":[{"damage":11.0,"enemies":"Small Slimes","floor":1.0,"turns":5.0},{"damage":0.0,"enemies":"Cultist","floor":3.0,"turns":2.0},{"damage":3.0,"enemies":"2 Louse","floor":4.0,"turns":3.0},{"damage":0.0,"enemies":"2 Fungi Beasts","floor":5.0,"turns":2.0},{"damage":9.0,"enemies":"3 Sentries","floor":7.0,"turns":6.0},{"damage":19.0,"enemies":"3 Louse","floor":8.0,"turns":4.0},{"damage":0.0,"enemies":"Exordium Wildlife","floor":13.0,"turns":3.0},{"damage":6,"enemies":"Gremlin Nob","floor":14,"turns":3},{"damage":50,"enemies":"The Guardian","floor":16,"turns":4}],"seed_played":"-6440670126583982546","potions_obtained":[{"floor":1.0,"key":"FearPotion"},{"floor":7.0,"key":"SkillPotion"}],"is_trial":false,"path_per_floor":["M","?","M","M","M","R","E","M","T","R","?","$","M","E","R","B"],"character_chosen":"WATCHER","items_purchased":["MentalFortress+1","BottledMiracle"],"campfire_rested":1,"item_purchase_floors":[12,12],"current_hp_per_floor":[50,50,50,47,47,47,38,19,19,39,44,44,44,38,38,0,0],"gold":44,"neow_bonus":"BOSS_RELIC","is_daily":false,"chose_seed":false,"campfire_upgraded":2,"win_rate":0.0,"timestamp":1609303509,"path_taken":["M","?","M","M","?","R","E","M","T","R","?","$","M","E","R","BOSS"],"items_purchased_type":["Card","Potion"],"build_version":"2020-12-22","purchased_purges":1,"victory":false,"max_hp_per_floor":[68,68,68,68,68,68,68,68,68,68,73,73,73,73,73,73,73],"relic_stats":{"counters":[9,32],"Juzu Bracelet":0,"Art of War":[1],"obtain_stats":[{"Philosopher\u0027s Stone":0,"GremlinMask":2,"Juzu Bracelet":9,"Art of War":14,"PureWater":0,"Frozen Egg 2":7},{"Philosopher\u0027s Stone":0,"GremlinMask":1,"Juzu Bracelet":6,"Art of War":8,"PureWater":0,"Frozen Egg 2":5},{"Philosopher\u0027s Stone":0,"GremlinMask":5,"Juzu Bracelet":22,"Art of War":28,"PureWater":0,"Frozen Egg 2":18}]},"card_choices":[{"not_picked":["Nirvana","Prostrate"],"picked":"SashWhip","floor":1.0},{"not_picked":["FlurryOfBlows","WindmillStrike"],"picked":"FlyingSleeves","floor":3.0},{"not_picked":["Protect","Consecrate"],"picked":"ReachHeaven","floor":4.0},{"not_picked":["Weave","FlyingSleeves"],"picked":"Vengeance","floor":5.0},{"not_picked":["Evaluate","ClearTheMind"],"picked":"EmptyMind","floor":7.0},{"not_picked":["Prostrate","PathToVictory"],"picked":"Crescendo","floor":8.0},{"not_picked":["BowlingBash","Protect"],"picked":"Study+1","floor":13.0},{"not_picked":["Evaluate","WreathOfFlame","Establishment+1"],"picked":"SKIP","floor":14}],"player_experience":2911686,"relics_obtained":[{"floor":7.0,"key":"Frozen Egg 2"},{"floor":9.0,"key":"Juzu Bracelet"},{"floor":14,"key":"Art of War"}],"event_choices":[{"damage_healed":0.0,"max_hp_gain":0.0,"max_hp_loss":0.0,"gold_gain":0.0,"event_name":"FaceTrader","player_choice":"Trade","floor":2.0,"gold_loss":0.0,"damage_taken":0.0,"relics_obtained":["GremlinMask"]},{"damage_healed":0.0,"max_hp_gain":5.0,"max_hp_loss":0.0,"gold_gain":0.0,"event_name":"Big Fish","player_choice":"Donut","floor":11.0,"gold_loss":0.0,"damage_taken":0.0}],"is_beta":false,"boss_relics":[],"items_purged_floors":[12],"is_endless":false,"potions_floor_spawned":[1,7,14],"killed_by":"The Guardian","ascension_level":20}}