{"host":"eydwxg59205c3vtl","time":1609340141,"event":{"mods":["2.2 Compatiblity","BaseMod","Colored Map","Colored Powertips","Hubris","Minty Spire (QoL Compilation)","StSLib","The Necromancer"],"gold_per_floor":[117,117,129,147,3,3,3,35,89,164,164,180,180,196,196,274,274,292,308,233,183,203,237,255,286,586,325,342,342,367,383,383,457,457,472,472,518,418,435,461,461,493,493,524,549,549,561,573,573,523],"floor_reached":51,"playtime":6449,"items_purged":["Strike_W","Strike_W"],"score":1296,"play_id":"d102f653-2c53-4b61-95f7-4944fd80bf39","local_time":"20201230095541","is_ascension_mode":true,"campfire_choices":[{"data":"Bone_Armor","floor":6.0,"key":"SMITH"},{"data":"Bone_Prison","floor":11.0,"key":"SMITH"},{"data":"Bone_Armor","floor":13.0,"key":"SMITH"},{"data":"Flash of Steel","floor":15.0,"key":"SMITH"},{"data":"Bone_Shift","floor":32.0,"key":"SMITH"},{"data":"Negative_Energy_Arrows","floor":41.0,"key":"SMITH"},{"data":"Bone_Armory","floor":46.0,"key":"SMITH"},{"data":"Bone_Wall","floor":49,"key":"SMITH"}],"circlet_count":0,"master_deck":["AscendersBane","Summon_Undead+1","Strike_W","Defend_W","Defend_W","Defend_W","Defend_W","Negative_Energy_Arrows+1","Bone_Wall+1","Flash of Steel+1","Bone_Armor+1","Bone_Armor+1","Bone_Bullets","Bone_Prison+1","Bone_Bullets","Skeleton_Dragon","Hellfire","Bone_Armory+1","Summon_Undead","Bone_Prison","Bones_to_Steel","Spectral_Armor","Grasp_Heart","Bones_to_Steel","Summon_Undead","Bone_Shift+1","Skeleton_Dragon","Parasite","Bone_Shift+1"],"relics":["Vampire_Amulet","hubris:Towel","PreservedInsect","hubris:PeanutButter","Smiling Mask","hubris:OldNail","Snecko Eye","Anchor","Kunai","Old Coin","Bag of Marbles","Oddly Smooth Stone","hubris:Stopwatch","hubris:Icosahedron","Turnip","hubris:TenFootPole","Toxic Egg 2","Pear","Mummified Hand","Incense Burner"],"acts_visited":["Exordium","TheCity","TheBeyond"],"potions_floor_usage":[48,50],"damage_taken":[{"damage":8.0,"enemies":"Small Slimes","floor":1.0,"turns":3.0},{"damage":3.0,"enemies":"2 Louse","floor":3.0,"turns":3.0},{"damage":2.0,"enemies":"Jaw Worm","floor":4.0,"turns":5.0},{"damage":0.0,"enemies":"3 Sentries","floor":8.0,"turns":4.0},{"damage":0.0,"enemies":"Looter","floor":12.0,"turns":4.0},{"damage":8.0,"enemies":"Large Slime","floor":14.0,"turns":7.0},{"damage":42.0,"enemies":"Hexaghost","floor":16.0,"turns":12.0},{"damage":8.0,"enemies":"Spheric Guardian","floor":18.0,"turns":5.0},{"damage":0.0,"enemies":"3 Byrds","floor":19.0,"turns":4.0},{"damage":1.0,"enemies":"Snake Plant","floor":22.0,"turns":4.0},{"damage":6.0,"enemies":"Slavers","floor":23.0,"turns":3.0},{"damage":0.0,"enemies":"Centurion and Healer","floor":24.0,"turns":5.0},{"damage":11.0,"enemies":"Book of Stabbing","floor":25.0,"turns":5.0},{"damage":0.0,"enemies":"Cultist and Chosen","floor":28.0,"turns":4.0},{"damage":20.0,"enemies":"Slavers","floor":30.0,"turns":4.0},{"damage":0.0,"enemies":"Snecko","floor":31.0,"turns":4.0},{"damage":30.0,"enemies":"Champ","floor":33.0,"turns":16.0},{"damage":0.0,"enemies":"3 Shapes","floor":35.0,"turns":3.0},{"damage":23.0,"enemies":"2 Orb Walkers","floor":37.0,"turns":4.0},{"damage":0.0,"enemies":"Orb Walker","floor":39.0,"turns":1.0},{"damage":13.0,"enemies":"Nemesis","floor":40.0,"turns":6.0},{"damage":2.0,"enemies":"Giant Head","floor":42.0,"turns":7.0},{"damage":17.0,"enemies":"Reptomancer","floor":44.0,"turns":5.0},{"damage":0.0,"enemies":"Mind Bloom Boss Battle","floor":45.0,"turns":3.0},{"damage":0.0,"enemies":"Writhing Mass","floor":47.0,"turns":3.0},{"damage":0,"enemies":"Sphere and 2 Shapes","floor":48,"turns":3},{"damage":17,"enemies":"Time Eater","floor":50,"turns":8}],"seed_played":"-2044638568198762975","potions_obtained":[{"floor":3.0,"key":"CultistPotion"},{"floor":8.0,"key":"ColorlessPotion"},{"floor":14.0,"key":"DistilledChaos"},{"floor":18.0,"key":"Block Potion"},{"floor":22.0,"key":"Regen Potion"},{"floor":24.0,"key":"Regen Potion"},{"floor":33.0,"key":"SkillPotion"},{"floor":37.0,"key":"GamblersBrew"},{"floor":44.0,"key":"FairyPotion"}],"is_trial":false,"path_per_floor":["M","?","M","M","$","R","?","E","T","?","R","M","R","M","R","B",null,"M","M","?","$","M","E","M","E","T","$","M","?","E","M","R","B",null,"M","?","?","NS","M","E","R","E","T","E","?","R","M","M","R","B",null],"character_chosen":"NECROMANCER","items_purchased":["PreservedInsect","Bag of Marbles","Summon_Undead"],"campfire_rested":0,"item_purchase_floors":[5,27,27],"current_hp_per_floor":[64,64,65,65,65,65,53,59,59,48,48,50,50,46,46,36,65,59,65,65,65,66,66,70,73,73,73,75,75,61,72,72,66,73,75,75,62,62,64,53,53,75,85,77,79,79,81,85,85,79],"gold":523,"neow_bonus":"RANDOM_COLORLESS","is_daily":false,"chose_seed":false,"campfire_upgraded":8,"win_rate":0.0,"timestamp":1609340141,"path_taken":["M","?","M","M","$","R","?","E","T","?","R","M","R","?","R","BOSS","M","M","?","$","M","E","M","E","T","$","M","?","E","M","R","BOSS","M","?","?","NS","M","E","R","E","T","E","?","R","M","?","R","BOSS"],"items_purchased_type":["Relic","Relic","Card"],"build_version":"2020-12-22","purchased_purges":2,"victory":true,"max_hp_per_floor":[75,75,75,75,75,75,75,75,75,75,75,75,75,75,75,75,75,75,75,75,75,75,75,75,75,75,75,75,75,75,75,75,75,75,75,75,75,75,75,75,75,75,85,85,85,85,85,85,85,85],"card_choices":[{"not_picked":["Trip","Dark Shackles"],"picked":"Flash of Steel","floor":0.0},{"not_picked":["Death_Knell","Negative_Energy_Mist"],"picked":"Bone_Armor","floor":1.0},{"not_picked":["Strike_from_Beyond","Negative_Energy_Shield"],"picked":"Bone_Armor","floor":3.0},{"not_picked":["Bone_Shift","Bone_Armor"],"picked":"Bone_Bullets","floor":4.0},{"not_picked":["Summon_Undead","Slay_Living"],"picked":"Bone_Prison","floor":8.0},{"not_picked":["Blood_Wake","Chill_Blood"],"picked":"Bone_Bullets","floor":12.0},{"not_picked":["Reap_The_Weak","Negative_Energy_Javelin","Vampiric_Strike"],"picked":"SKIP","floor":14.0},{"not_picked":["Reap_The_Weak","Detonate_Bones"],"picked":"Skeleton_Dragon","floor":16.0},{"not_picked":["Vampiric_Strike","Negative_Energy_Sphere","Blood_Whip"],"picked":"SKIP","floor":18.0},{"not_picked":["Consume_Illness","Bone_Armor"],"picked":"Hellfire","floor":19.0},{"not_picked":["Death_Coil","Necromantic_Selection","Finger_Of_Death"],"picked":"SKIP","floor":22.0},{"not_picked":["Reap_The_Weak","Blood_for_Blood","Necrotic_Claws+1"],"picked":"SKIP","floor":23.0},{"not_picked":["Bones_to_Steel","Negative_Energy_Sphere"],"picked":"Shade_Step+1","floor":24.0},{"not_picked":["Bone_Armory","Consume_Illness","Thousand_Bone_Knives"],"picked":"SKIP","floor":25.0},{"not_picked":["Consume_Illness","Thousand_Bone_Knives"],"picked":"Bone_Armory","floor":25.0},{"not_picked":["Acid_Javelin","Bone_Spikes"],"picked":"Bone_Prison","floor":28.0},{"not_picked":["Blood_Shield","Exploit"],"picked":"Spectral_Armor","floor":30.0},{"not_picked":["Blood_Whip","Blood_Curse+1"],"picked":"Bone_Shift","floor":31.0},{"not_picked":["Blood_Wake","Cloudkill"],"picked":"Grasp_Heart","floor":33.0},{"not_picked":["Blood_Whip","Blood_Shield+1"],"picked":"Bones_to_Steel","floor":35.0},{"not_picked":["Bone_Shift+1","Toxic_Smoke_Screen"],"picked":"Summon_Undead","floor":39.0},{"not_picked":["Death_Coil","Vampiric_Strike","Death_March_Dance"],"picked":"SKIP","floor":40.0},{"not_picked":["Epidemic+1","Deaths_Shadow"],"picked":"Bone_Shift+1","floor":42.0},{"not_picked":["Bone_Spikes","Negative_Energy_Sphere","Uncharnel+1"],"picked":"SKIP","floor":44.0},{"not_picked":["Summon_Undead_Army","Spectral_Walk+1"],"picked":"Skeleton_Dragon","floor":45.0},{"not_picked":["Blood_Whip","Toxic_Smoke_Screen+1","Bone_Spikes+1"],"picked":"SKIP","floor":47.0},{"not_picked":["Bone_Bullets+1","Chill_Blood+1"],"picked":"Bone_Shift+1","floor":48}],"player_experience":567776,"relics_obtained":[{"floor":8.0,"key":"Smiling Mask"},{"floor":9.0,"key":"hubris:OldNail"},{"floor":23.0,"key":"Anchor"},{"floor":25.0,"key":"Kunai"},{"floor":26.0,"key":"Old Coin"},{"floor":30.0,"key":"Oddly Smooth Stone"},{"floor":37.0,"key":"Turnip"},{"floor":40.0,"key":"hubris:TenFootPole"},{"floor":42.0,"key":"Toxic Egg 2"},{"floor":43.0,"key":"Pear"},{"floor":44.0,"key":"Mummified Hand"},{"floor":45.0,"key":"Incense Burner"}],"event_choices":[{"damage_healed":0.0,"max_hp_gain":0.0,"max_hp_loss":0.0,"gold_gain":0.0,"event_name":"Scrap Ooze","player_choice":"Success","floor":7.0,"gold_loss":0.0,"damage_taken":12.0,"relics_obtained":["hubris:PeanutButter"]},{"damage_healed":0.0,"max_hp_gain":0.0,"max_hp_loss":0.0,"gold_gain":75.0,"event_name":"World of Goop","player_choice":"Gather Gold","floor":10.0,"gold_loss":0.0,"damage_taken":11.0},{"cards_removed":["Strike_W"],"damage_healed":0.0,"max_hp_gain":0.0,"max_hp_loss":0.0,"gold_gain":0.0,"event_name":"Beggar","player_choice":"Gave Gold","floor":20.0,"gold_loss":75.0,"damage_taken":0.0},{"damage_healed":0.0,"max_hp_gain":0.0,"max_hp_loss":0.0,"gold_gain":0.0,"event_name":"The Library","player_choice":"Read","floor":29.0,"gold_loss":0.0,"damage_taken":0.0,"cards_obtained":["Bones_to_Steel"]},{"damage_healed":0.0,"max_hp_gain":0.0,"max_hp_loss":0.0,"gold_gain":0.0,"event_name":"Mysterious Sphere","player_choice":"Fight","floor":37.0,"gold_loss":0.0,"damage_taken":0.0},{"damage_healed":0.0,"max_hp_gain":0.0,"max_hp_loss":0.0,"gold_gain":0.0,"event_name":"MindBloom","player_choice":"Fight","floor":45.0,"gold_loss":0.0,"damage_taken":0.0}],"is_beta":false,"boss_relics":[{"not_picked":["Fusion Hammer","SlaversCollar"],"picked":"Snecko Eye"},{"not_picked":["hubris:HollowSoul","hubris:BlackHole"],"picked":"hubris:Stopwatch"}],"items_purged_floors":[21,27],"is_endless":false,"potions_floor_spawned":[3,8,14,18,22,24,31,33,37,44,45,48],"ascension_level":13}}