{"host":"3a1ypf1irl30q4k8","time":1609324764,"event":{"mods":["AchievementEnabler","BaseMod","Bestiary","Colored Map","Minty Spire (QoL Compilation)","Relic Stats"],"gold_per_floor":[17,27,39,55,67,97,116,142,168,180,180,210,5,34,34,139,139,159,169,20,31,31,31,31,31,31],"floor_reached":25,"playtime":2347,"items_purged":["Strike_P"],"score":282,"play_id":"ed20d8a0-2bf9-4b89-a133-21458fb518da","local_time":"20201230103924","is_ascension_mode":true,"campfire_choices":[{"floor":11,"key":"REST"},{"data":"Metamorphosis","floor":15,"key":"SMITH"},{"data":"Consecrate","floor":23,"key":"SMITH"}],"circlet_count":0,"master_deck":["Strike_P","Defend_P","Defend_P","Defend_P","Defend_P","Eruption","Vigilance","Metamorphosis+1","SashWhip","Consecrate+1","ThirdEye","WreathOfFlame","CutThroughFate","EmptyBody","Wireheading","FollowUp","Sanctity","Prostrate","LikeWater","MasterReality","EmptyMind+1","Prostrate","Tantrum","Evaluate+1","Writhe"],"relics":["PureWater","Anchor","Pantograph","Akabeko","MealTicket","Oddly Smooth Stone","Bag of Preparation","Empty Cage","Happy Flower"],"acts_visited":["Exordium","TheCity"],"potions_floor_usage":[5,18,21,24,24],"damage_taken":[{"damage":6,"enemies":"Cultist","floor":1,"turns":4},{"damage":6,"enemies":"Small Slimes","floor":2,"turns":3},{"damage":0,"enemies":"Jaw Worm","floor":3,"turns":3},{"damage":4,"enemies":"Looter","floor":4,"turns":3},{"damage":0,"enemies":"Gremlin Gang","floor":5,"turns":1},{"damage":16,"enemies":"Gremlin Nob","floor":6,"turns":4},{"damage":2,"enemies":"Blue Slaver","floor":7,"turns":4},{"damage":16,"enemies":"3 Sentries","floor":8,"turns":7},{"damage":0,"enemies":"Large Slime","floor":10,"turns":4},{"damage":10,"enemies":"Lagavulin","floor":14,"turns":7},{"damage":48,"enemies":"The Guardian","floor":16,"turns":7},{"damage":15,"enemies":"2 Thieves","floor":18,"turns":4},{"damage":7,"enemies":"Spheric Guardian","floor":19,"turns":4},{"damage":18,"enemies":"Centurion and Healer","floor":21,"turns":4},{"damage":40,"enemies":"Book of Stabbing","floor":24,"turns":7},{"damage":10,"enemies":"Snecko","floor":25,"turns":2}],"seed_played":"-2606714167681192505","potions_obtained":[{"floor":1,"key":"Explosive Potion"},{"floor":2,"key":"Dexterity Potion"},{"floor":7,"key":"SmokeBomb"},{"floor":10,"key":"BlessingOfTheForge"},{"floor":14,"key":"FearPotion"},{"floor":18,"key":"Fire Potion"},{"floor":19,"key":"DuplicationPotion"}],"is_trial":false,"path_per_floor":["M","M","M","M","M","E","M","E","T","M","R","?","$","E","R","B",null,"M","M","$","M","?","R","E","M"],"character_chosen":"WATCHER","items_purchased":["Oddly Smooth Stone","Prostrate","Tantrum"],"campfire_rested":1,"item_purchase_floors":[13,13,20],"current_hp_per_floor":[66,60,60,56,56,40,38,22,22,22,43,43,58,48,48,24,72,57,50,65,47,47,47,7,0,0],"gold":31,"neow_bonus":"RANDOM_COLORLESS_2","is_daily":false,"chose_seed":false,"campfire_upgraded":2,"win_rate":0.0,"timestamp":1609324764,"path_taken":["M","M","M","M","?","E","M","E","T","?","R","?","?","E","R","BOSS","M","M","$","M","?","R","E","M"],"items_purchased_type":["Relic","Card","Card"],"build_version":"2020-12-22","purchased_purges":1,"victory":false,"max_hp_per_floor":[72,72,72,72,72,72,72,72,72,72,72,72,72,72,72,72,72,72,72,72,72,72,72,72,72,72],"relic_stats":{"Happy Flower":[3],"counters":[16,68],"Pantograph":24,"MealTicket":30,"Bag of Preparation":[12],"obtain_stats":[{"Anchor":6,"Happy Flower":22,"Pantograph":8,"Oddly Smooth Stone":13,"MealTicket":12,"Bag of Preparation":14,"PureWater":0,"Empty Cage":17,"Akabeko":9},{"Anchor":6,"Happy Flower":14,"Pantograph":8,"Oddly Smooth Stone":9,"MealTicket":9,"Bag of Preparation":10,"PureWater":0,"Empty Cage":11,"Akabeko":8},{"Anchor":18,"Happy Flower":59,"Pantograph":29,"Oddly Smooth Stone":33,"MealTicket":33,"Bag of Preparation":40,"PureWater":0,"Empty Cage":47,"Akabeko":29}]},"card_choices":[{"not_picked":["Panache","Mayhem"],"picked":"Metamorphosis","floor":0},{"not_picked":["Crescendo","Sanctity"],"picked":"SashWhip","floor":1},{"not_picked":["PathToVictory","Alpha"],"picked":"Consecrate","floor":2},{"not_picked":["MentalFortress","WaveOfTheHand"],"picked":"ThirdEye","floor":3},{"not_picked":["ClearTheMind","WheelKick"],"picked":"WreathOfFlame","floor":4},{"not_picked":["EmptyBody","Blasphemy"],"picked":"CutThroughFate","floor":5},{"not_picked":["MentalFortress","Protect"],"picked":"EmptyBody","floor":6},{"not_picked":["CutThroughFate","FlyingSleeves"],"picked":"Wireheading","floor":7},{"not_picked":["Protect","DeusExMachina"],"picked":"FollowUp","floor":8},{"not_picked":["EmptyBody","ReachHeaven"],"picked":"Sanctity","floor":10},{"not_picked":["Consecrate","CutThroughFate"],"picked":"LikeWater","floor":14},{"not_picked":["Brilliance","Blasphemy"],"picked":"MasterReality","floor":16},{"not_picked":["ReachHeaven","Evaluate"],"picked":"EmptyMind+1","floor":18},{"not_picked":["JustLucky","Vengeance"],"picked":"Prostrate","floor":19},{"not_picked":["SignatureMove","ThirdEye"],"picked":"Evaluate+1","floor":21}],"player_experience":908686,"relics_obtained":[{"floor":6,"key":"Anchor"},{"floor":8,"key":"Pantograph"},{"floor":9,"key":"Akabeko"},{"floor":14,"key":"Bag of Preparation"}],"event_choices":[{"damage_healed":0,"gold_gain":30,"player_choice":"Searched \u00272\u0027 times","damage_taken":0,"relics_obtained":["MealTicket"],"max_hp_gain":0,"max_hp_loss":0,"event_name":"Dead Adventurer","floor":12,"gold_loss":0},{"damage_healed":0,"gold_gain":0,"player_choice":"Opened","damage_taken":0,"relics_obtained":["Happy Flower"],"max_hp_gain":0,"max_hp_loss":0,"event_name":"The Mausoleum","floor":22,"gold_loss":0,"cards_obtained":["Writhe"]}],"is_beta":false,"boss_relics":[{"not_picked":["Snecko Eye","Tiny House"],"picked":"Empty Cage"}],"items_purged_floors":[20],"is_endless":false,"potions_floor_spawned":[1,2,7,10,14,18,19],"killed_by":"Snecko","ascension_level":3}}