{"host":"ibfpjm2kz059o009","time":1609293664,"event":{"mods":["AchievementEnabler","BaseMod","Block Reminder","Colored Powertips","DeckTracker","Googly Eyes","Key Reminder","Minty Spire (QoL Compilation)","Shop Mod","Unceasing Turn Reminder"],"gold_per_floor":[114,129,144,159,174,204,219,219,519,549,564,579,579,32,32,132,132,147,62,62,11,26,26,41,56,56,56,86,101,116,131,131,231,231,246,249,15,15,15,15,30,45,45,60,75,90,120,135,135,135,135],"floor_reached":50,"playtime":2288,"items_purged":[],"score":714,"play_id":"0424cea4-b3c6-4745-8bd5-d27b0e4f5a72","local_time":"20201229210104","daily_mods":["Cursed Run","Diverse","DeadlyEvents"],"is_ascension_mode":false,"campfire_choices":[{"floor":8,"key":"REST"},{"floor":15,"key":"REST"},{"data":"1","floor":23,"key":"LIFT"},{"floor":27,"key":"REST"},{"floor":32,"key":"REST"},{"floor":40,"key":"REST"},{"floor":49,"key":"REST"}],"circlet_count":0,"master_deck":["Strike_B","Strike_B","Strike_B","Strike_B","Defend_B","Defend_B","Defend_B","Defend_B","Zap","Dualcast","Doom and Gloom","Melter","Redo","Genetic Algorithm","Consecrate","Doubt","Outmaneuver","The Bomb+1","Trip+1","Halt+1","Decay","Rainbow+1","CurseOfTheBell","Carnage+1","Shrug It Off+1","Swivel+1","Backflip+1","Beam Cell","EmptyFist","PiercingWail+1","Conclude","Loop","Clumsy","Multi-Cast+1","Indignation+1","Parasite","Shrug It Off+1","Warcry+1","Battle Trance+1","Mayhem","Mind Blast","Noxious Fumes+1","All Out Attack","Regret","Setup+1","Redo+1","Darkness+1","Alpha+1","Aggregate+1"],"relics":["Cursed Key","Darkstone Periapt","Du-Vu Doll","Meat on the Bone","Bottled Flame","Toxic Egg 2","Lantern","Sundial","MutagenicStrength","Eternal Feather","Letter Opener","Ice Cream","MerchantsRug","Blue Candle","StrikeDummy","HornCleat"],"acts_visited":["Exordium","TheCity","TheBeyond"],"potions_floor_usage":[5,7,10,16,24,30,33,46,47,47],"damage_taken":[{"damage":1,"enemies":"Cultist","floor":1,"turns":4},{"damage":5,"enemies":"Small Slimes","floor":2,"turns":2},{"damage":6,"enemies":"Jaw Worm","floor":3,"turns":2},{"damage":13,"enemies":"Exordium Thugs","floor":4,"turns":4},{"damage":0,"enemies":"2 Fungi Beasts","floor":5,"turns":2},{"damage":24,"enemies":"3 Sentries","floor":6,"turns":6},{"damage":5,"enemies":"Looter","floor":7,"turns":3},{"damage":32,"enemies":"Gremlin Nob","floor":10,"turns":4},{"damage":7,"enemies":"Blue Slaver","floor":11,"turns":2},{"damage":0,"enemies":"3 Louse","floor":12,"turns":1},{"damage":36,"enemies":"Hexaghost","floor":16,"turns":6},{"damage":23,"enemies":"Shell Parasite","floor":18,"turns":5},{"damage":21,"enemies":"3 Byrds","floor":22,"turns":4},{"damage":30,"enemies":"Snecko","floor":24,"turns":4},{"damage":20,"enemies":"Sentry and Sphere","floor":25,"turns":5},{"damage":61,"enemies":"Book of Stabbing","floor":28,"turns":5},{"damage":37,"enemies":"Snake Plant","floor":29,"turns":3},{"damage":14,"enemies":"Snecko","floor":30,"turns":5},{"damage":10,"enemies":"Sentry and Sphere","floor":31,"turns":3},{"damage":43,"enemies":"Collector","floor":33,"turns":7},{"damage":13,"enemies":"3 Shapes","floor":35,"turns":3},{"damage":31,"enemies":"2 Orb Walkers","floor":36,"turns":3},{"damage":12,"enemies":"Orb Walker","floor":41,"turns":2},{"damage":2,"enemies":"Writhing Mass","floor":42,"turns":4},{"damage":0,"enemies":"4 Shapes","floor":44,"turns":1},{"damage":12,"enemies":"Maw","floor":45,"turns":6},{"damage":37,"enemies":"Transient","floor":46,"turns":5},{"damage":50,"enemies":"Nemesis","floor":47,"turns":5},{"damage":9,"enemies":"4 Shapes","floor":48,"turns":1},{"damage":96,"enemies":"Donu and Deca","floor":50,"turns":8}],"seed_played":"9091901603564859836","potions_obtained":[{"floor":4,"key":"EssenceOfSteel"},{"floor":6,"key":"Dexterity Potion"},{"floor":7,"key":"FearPotion"},{"floor":10,"key":"LiquidMemories"},{"floor":18,"key":"FearPotion"},{"floor":29,"key":"Explosive Potion"},{"floor":31,"key":"PowerPotion"},{"floor":33,"key":"Ancient Potion"},{"floor":35,"key":"PotionOfCapacity"},{"floor":42,"key":"Strength Potion"},{"floor":45,"key":"Explosive Potion"}],"is_trial":false,"path_per_floor":["M","M","M","M","M","E","M","R","T","E","M","M","?","$","R","B",null,"M","?","?","$","M","R","M","M","T","R","E","M","M","M","R","B",null,"M","?","$","?","?","R","M","M","T","M","M","M","E","M","R","B"],"character_chosen":"DEFECT","items_purchased":["Toxic Egg 2","The Bomb+1","Trip+1","Halt+1","Shrug It Off+1","MerchantsRug","Blue Candle"],"campfire_rested":6,"item_purchase_floors":[14,14,14,14,21,37,37],"current_hp_per_floor":[74,69,63,50,50,26,33,55,61,41,46,46,46,46,70,52,93,70,80,80,80,59,59,41,33,39,89,40,15,13,15,68,43,121,108,77,77,77,72,121,109,107,113,113,101,64,26,29,94,0,0],"gold":135,"neow_bonus":"","is_daily":true,"chose_seed":false,"campfire_upgraded":0,"win_rate":0.0,"timestamp":1609293664,"path_taken":["M","M","?","?","M","E","M","R","T","?","M","M","?","$","R","BOSS","M","?","?","$","M","R","M","M","T","R","E","?","M","M","R","BOSS","M","?","$","?","?","R","M","M","T","?","M","M","?","M","R","BOSS"],"items_purchased_type":["Relic","Card","Card","Card","Card","Relic","Relic"],"build_version":"2020-12-22","purchased_purges":0,"victory":false,"max_hp_per_floor":[75,75,75,75,75,75,75,75,81,81,81,81,81,81,81,87,93,93,103,103,103,103,103,103,103,109,109,109,109,109,109,109,115,121,121,121,121,121,121,121,121,121,127,127,127,127,127,127,127,127,127],"card_choices":[{"not_picked":["Compile Driver","PiercingWail"],"picked":"Poisoned Stab","floor":1},{"not_picked":["EmptyFist","Havoc"],"picked":"Doom and Gloom","floor":2},{"not_picked":["Fire Breathing","Outmaneuver"],"picked":"Melter","floor":3},{"not_picked":["PathToVictory","FlyingSleeves"],"picked":"Redo","floor":4},{"not_picked":["CrushJoints","Second Wind"],"picked":"Genetic Algorithm","floor":5},{"not_picked":["Poisoned Stab","Headbutt"],"picked":"Barrage","floor":6},{"not_picked":["Flame Barrier","Warcry"],"picked":"Consecrate","floor":7},{"not_picked":["Slice","Quick Slash"],"picked":"Outmaneuver","floor":10},{"not_picked":["Warcry","Feel No Pain"],"picked":"FearNoEvil","floor":11},{"not_picked":["Sentinel","Stack"],"picked":"Gash","floor":12},{"not_picked":["Brutality","Omniscience+1"],"picked":"Rainbow+1","floor":16},{"not_picked":["Prostrate+1","Coolheaded+1"],"picked":"Carnage+1","floor":18},{"not_picked":["BowlingBash","Skim+1"],"picked":"Swivel+1","floor":22},{"not_picked":["Perfected Strike","All For One"],"picked":"Backflip+1","floor":24},{"not_picked":["Cold Snap","Perfected Strike"],"picked":"Beam Cell","floor":25},{"not_picked":["Berserk","Barrage"],"picked":"EmptyFist","floor":28},{"not_picked":["Sentinel+1","True Grit+1"],"picked":"PiercingWail+1","floor":29},{"not_picked":["Choke+1","Slice"],"picked":"Conclude","floor":30},{"not_picked":["JustLucky+1","Ball Lightning"],"picked":"Loop","floor":31},{"not_picked":["Creative AI","Amplify+1"],"picked":"Multi-Cast+1","floor":33},{"not_picked":["Clothesline","JustLucky"],"picked":"Warcry+1","floor":35},{"not_picked":["Bane+1","Sucker Punch+1"],"picked":"Battle Trance+1","floor":36},{"not_picked":["Master of Strategy+1","Dark Shackles+1"],"picked":"Mayhem","floor":39},{"not_picked":["Forethought+1","Swift Strike"],"picked":"Mind Blast","floor":39},{"not_picked":["Flex+1","Blade Dance+1"],"picked":"Noxious Fumes+1","floor":41},{"not_picked":["Stack+1","Capacitor"],"picked":"All Out Attack","floor":42},{"not_picked":["Reckless Charge","Gash"],"picked":"Setup+1","floor":44},{"not_picked":["ThirdEye+1","Havoc+1"],"picked":"Redo+1","floor":45},{"not_picked":["Sweeping Beam","Dodge and Roll+1"],"picked":"Darkness+1","floor":46},{"not_picked":["Leap+1","Metallicize+1"],"picked":"Alpha+1","floor":47},{"not_picked":["Bane","Perfected Strike"],"picked":"Aggregate+1","floor":48}],"player_experience":595381,"relics_obtained":[{"floor":6,"key":"Meat on the Bone"},{"floor":9,"key":"Old Coin"},{"floor":10,"key":"Bottled Flame"},{"floor":17,"key":"Lantern"},{"floor":17,"key":"Sundial"},{"floor":17,"key":"Girya"},{"floor":26,"key":"Eternal Feather"},{"floor":28,"key":"Letter Opener"},{"floor":36,"key":"Ice Cream"},{"floor":43,"key":"StrikeDummy"},{"floor":47,"key":"HornCleat"}],"event_choices":[{"cards_removed":["Barrage"],"damage_healed":0,"gold_gain":0,"player_choice":"Card Removal","damage_taken":0,"max_hp_gain":0,"max_hp_loss":0,"event_name":"Wheel of Change","floor":13,"gold_loss":0},{"damage_healed":0,"gold_gain":0,"player_choice":"Obtained Relic","damage_taken":0,"relics_obtained":["Pear"],"max_hp_gain":0,"max_hp_loss":0,"event_name":"Addict","floor":19,"gold_loss":85},{"damage_healed":0,"gold_gain":0,"player_choice":"Inject Mutagens","damage_taken":0,"relics_obtained":["MutagenicStrength"],"max_hp_gain":0,"max_hp_loss":0,"event_name":"Drug Dealer","floor":20,"gold_loss":0},{"damage_healed":0,"gold_gain":0,"player_choice":"Fight","damage_taken":0,"max_hp_gain":0,"max_hp_loss":0,"event_name":"Mysterious Sphere","floor":36,"gold_loss":0},{"cards_removed":["FearNoEvil"],"damage_healed":0,"gold_gain":0,"player_choice":"Removed Attack","damage_taken":0,"max_hp_gain":0,"max_hp_loss":0,"event_name":"Falling","floor":38,"gold_loss":0},{"damage_healed":0,"gold_gain":0,"player_choice":"Memory 2","damage_taken":5,"max_hp_gain":0,"max_hp_loss":0,"event_name":"SensoryStone","floor":39,"gold_loss":0}],"is_beta":false,"boss_relics":[{"not_picked":["Philosopher\u0027s Stone","Empty Cage"],"picked":"Calling Bell"},{"not_picked":["Runic Dome","Inserter"],"picked":"Astrolabe"}],"items_purged_floors":[],"is_endless":false,"potions_floor_spawned":[4,6,7,10,18,29,31,33,35,42,45],"killed_by":"Donu and Deca","ascension_level":0}}