{"host":"w0w6jcqjdtkzk2bw","time":1609291403,"event":{"mods":["2.2 Compatiblity","AchievementEnabler","Ascension Unlocker","BaseMod","Bestiary","Colored Map","Colored Powertips","DeckTracker","Downfall","Friendly Minions","Highlight Path","Infinite Spire","Marisa????????","Minty Spire (QoL Compilation)","Permanent Neow","Quick Restart","Shade Mod","StSLib","Synergy Search","The Administrix","The Runesmith","TheFirefly"],"gold_per_floor":[116,129,129,140,159,184,149,76,129,142,169,169,169,185,185,290,290,308,308,84,84,84,117,117,149,149,167,198,211,211,221,221,321,321,341,341,121,121,121,154,154,186,186,186,199,231,246,246,246,246],"floor_reached":51,"playtime":3911,"items_purged":["Normality"],"score":967,"play_id":"7004eaee-7673-4ba2-bd31-19302e74f318","local_time":"20201229202323","is_ascension_mode":true,"campfire_choices":[{"floor":15,"key":"REST"},{"data":"infinitespire:NeuralNetwork","floor":24,"key":"SMITH"},{"floor":30,"key":"REST"},{"floor":32,"key":"REST"},{"floor":41,"key":"REST"},{"data":"Shade:OfferingToTheBeyond","floor":44,"key":"SMITH"},{"floor":49,"key":"REST"}],"circlet_count":0,"master_deck":["Shade:Strike_Shade","Shade:Strike_Shade","Shade:Strike_Shade","Shade:Strike_Shade","Shade:Defend_Shade","Shade:Defend_Shade","Shade:Defend_Shade","Shade:AnimateDead","Shade:CarefulCut","Shade:FreshBones","Shade:DarkOfNight","Slimebound:Icky","infinitespire:Starlight+1","Shade:AuraOfUnlife","Shade:FeralStrike","Shade:PotionOfRestlessness","Shade:Doomsay+1","Shade:SpectralStrikes+1","Shade:Doomsay","Shade:Putrefaction","Shade:ExtraLimbs","Shade:FleshOffering","Shade:PotionOfRestlessness","infinitespire:NeuralNetwork+1","Shade:CallWraith","Shade:FleshToFlesh+1","Shade:FleshLikeOak","Shade:ClawBack","Shade:RitualOffering","Shade:LastGasp","Shade:GreyBargain","Doubt","Shade:SoulToxin","Shade:SanguineRitual","Madness","Madness","Shade:FeralStrike+1","Shade:OfferingToTheBeyond+1"],"relics":["Shade:YorickSkull","Torii","Shuriken","Pen Nib","PreservedInsect","infinitespire:Lucky Rock","Black Star","Medical Kit","Pear","Velvet Choker","Ancient Tea Set","Lantern","Happy Flower","infinitespire:Joker Card","Nunchaku","Bag of Marbles","InkBottle","Runic Pyramid","infinitespire:Satchel","Potion Belt","Art of War","MealTicket","Bottled Lightning","Blood Vial","Runesmith:AutoHammer"],"acts_visited":["Exordium","TheCity","TheBeyond"],"potions_floor_usage":[6,6,28,28,28,35,40,50],"damage_taken":[{"damage":0,"enemies":"2 Louse","floor":1,"turns":2},{"damage":0,"enemies":"Jaw Worm","floor":2,"turns":3},{"damage":1,"enemies":"Small Slimes","floor":4,"turns":4},{"damage":11,"enemies":"2 Fungi Beasts","floor":5,"turns":4},{"damage":40,"enemies":"Lagavulin","floor":6,"turns":7},{"damage":8,"enemies":"3 Louse","floor":10,"turns":3},{"damage":1,"enemies":"Gremlin Nob","floor":11,"turns":3},{"damage":12,"enemies":"Gremlin Gang","floor":14,"turns":2},{"damage":14,"enemies":"Hexaghost","floor":16,"turns":8},{"damage":25,"enemies":"2 Thieves","floor":18,"turns":4},{"damage":26,"enemies":"Gremlin Leader","floor":23,"turns":4},{"damage":39,"enemies":"Book of Stabbing","floor":25,"turns":4},{"damage":0,"enemies":"Shell Parasite","floor":27,"turns":2},{"damage":29,"enemies":"Slavers","floor":28,"turns":5},{"damage":0,"enemies":"Cultist and Chosen","floor":29,"turns":4},{"damage":3,"enemies":"Snake Plant","floor":31,"turns":5},{"damage":18,"enemies":"Collector","floor":33,"turns":4},{"damage":27,"enemies":"Orb Walker","floor":35,"turns":3},{"damage":29,"enemies":"Nemesis","floor":40,"turns":5},{"damage":16,"enemies":"Giant Head","floor":42,"turns":5},{"damage":28,"enemies":"3 Darklings","floor":45,"turns":3},{"damage":50,"enemies":"Nemesis","floor":46,"turns":9},{"damage":52,"enemies":"Transient","floor":47,"turns":5},{"damage":94,"enemies":"Awakened One","floor":50,"turns":13}],"seed_played":"4245371444714770870","potions_obtained":[{"floor":2,"key":"DuplicationPotion"},{"floor":5,"key":"Energy Potion"},{"floor":14,"key":"EssenceOfSteel"},{"floor":16,"key":"BlessingOfTheForge"},{"floor":18,"key":"SteroidPotion"},{"floor":33,"key":"Swift Potion"},{"floor":35,"key":"champ:CounterPotion"},{"floor":40,"key":"FairyPotion"},{"floor":47,"key":"Strength Potion"}],"is_trial":false,"path_per_floor":["M","M","?","M","M","E","?","$","T","M","E","?","?","M","R","B",null,"M","?","$","?","AVR","E","R","E","T","M","E","M","R","M","R","B",null,"M","?","$","?","T","E","R","E","T","R","M","E","M","?","R","B",null],"character_chosen":"SHADE","items_purchased":["Shade:Doomsay","Medical Kit","Shade:FleshOffering","Shade:SoulToxin","Shade:SanguineRitual"],"campfire_rested":5,"item_purchase_floors":[8,20,20,37,37],"current_hp_per_floor":[47,47,47,56,54,24,40,40,40,52,51,38,38,36,55,57,65,60,60,60,60,70,54,54,25,25,25,6,16,38,45,67,57,75,48,48,48,39,39,30,52,66,66,66,38,18,15,15,37,35],"gold":246,"neow_bonus":"ONE_RARE_RELIC","is_daily":false,"chose_seed":false,"campfire_upgraded":2,"win_rate":0.0,"timestamp":1609291403,"path_taken":["M","M","?","M","M","E","?","$","T","M","E","?","?","M","R","BOSS","M","?","$","?","AVR","E","R","E","T","?","E","M","R","M","R","BOSS","M","?","?","?","?","E","R","E","T","R","M","E","?","?","R","BOSS"],"items_purchased_type":["Card","Relic","Card","Card","Card"],"build_version":"2020-12-22","purchased_purges":1,"victory":true,"max_hp_per_floor":[65,65,65,65,65,65,65,65,65,65,65,65,65,65,65,65,65,65,65,65,65,75,75,75,75,75,75,75,75,75,75,75,75,75,75,75,75,75,75,75,75,75,75,75,75,75,75,75,75,75],"card_choices":[{"not_picked":["Shade:GraveStillness","Shade:SpontaneousRitual"],"picked":"Shade:FreshBones","floor":1},{"not_picked":["Shade:FreshBones","Shade:FleshLikeOak"],"picked":"Shade:DarkOfNight","floor":2},{"not_picked":["infinitespire:Punishment","infinitespire:Execution"],"picked":"infinitespire:Starlight","floor":3},{"not_picked":["Shade:GraveStillness","Shade:SkeletonHug"],"picked":"Shade:AuraOfUnlife","floor":4},{"not_picked":["Shade:CoffinDance","Shade:PoundOfFlesh"],"picked":"Shade:FeralStrike","floor":5},{"not_picked":["Shade:CommandSoldier","Shade:Asphyxiate"],"picked":"Shade:PotionOfRestlessness","floor":6},{"not_picked":["Shade:SensePrey","Shade:Doomsay"],"picked":"Shade:SpectralStrikes","floor":10},{"not_picked":["Shade:PotionOfRestlessness","Shade:Tombstone"],"picked":"Shade:Doomsay","floor":11},{"not_picked":["Shade:CoffinDance","Shade:Trample","Shade:SkeletonHug"],"picked":"SKIP","floor":14},{"not_picked":["Shade:MadHubris","Shade:SoulPierce"],"picked":"Shade:Putrefaction","floor":16},{"not_picked":["Shade:PoundOfFlesh","Shade:PressTheAttack"],"picked":"Shade:ExtraLimbs","floor":18},{"not_picked":["Shade:Brains","Shade:SkeletonHug+1","Shade:CommandSoldier"],"picked":"SKIP","floor":23},{"not_picked":["Shade:Frenzy","Shade:Bonestorm"],"picked":"Shade:CallWraith","floor":25},{"not_picked":["Shade:GraveStillness","Shade:ScuttlingHand"],"picked":"Shade:FleshToFlesh+1","floor":27},{"not_picked":["Shade:OminousRitual","Shade:FuneraryJewels"],"picked":"Shade:FleshLikeOak","floor":28},{"not_picked":["Shade:DangerousRitual","Shade:FuneraryArmor+1"],"picked":"Shade:ClawBack","floor":29},{"not_picked":["Shade:ExtraLimbs","Shade:FleshLikeOak+1"],"picked":"Shade:RitualOffering","floor":31},{"not_picked":["Shade:Tombstone","Shade:MadHubris"],"picked":"Shade:LastGasp","floor":33},{"not_picked":["Shade:FeralStrike","Shade:SpectralStrikes"],"picked":"Shade:GreyBargain","floor":35},{"not_picked":["Shade:AncientSpear+1","Shade:Premonition+1"],"picked":"Shade:FeralStrike+1","floor":40},{"not_picked":["Shade:Premonition+1","Shade:Trample"],"picked":"Shade:OfferingToTheBeyond","floor":42},{"not_picked":["Shade:SensePrey","Shade:WallOfFlesh","Shade:FleshLikeOak+1"],"picked":"SKIP","floor":45},{"not_picked":["Shade:Trample","Shade:BoneShards","Shade:FingerOfDeath"],"picked":"SKIP","floor":46},{"not_picked":["Shade:FleshToFlesh","Shade:Premonition","Shade:CoffinDance+1"],"picked":"SKIP","floor":47}],"player_experience":377826,"relics_obtained":[{"floor":6,"key":"Shuriken"},{"floor":9,"key":"Pen Nib"},{"floor":11,"key":"PreservedInsect"},{"floor":13,"key":"infinitespire:Lucky Rock"},{"floor":23,"key":"Ancient Tea Set"},{"floor":23,"key":"Lantern"},{"floor":25,"key":"Happy Flower"},{"floor":25,"key":"infinitespire:Joker Card"},{"floor":26,"key":"Nunchaku"},{"floor":28,"key":"Bag of Marbles"},{"floor":28,"key":"InkBottle"},{"floor":40,"key":"infinitespire:Satchel"},{"floor":40,"key":"Potion Belt"},{"floor":42,"key":"Art of War"},{"floor":42,"key":"MealTicket"},{"floor":43,"key":"Bottled Lightning"},{"floor":46,"key":"Blood Vial"},{"floor":46,"key":"Runesmith:AutoHammer"}],"event_choices":[{"damage_healed":16,"gold_gain":0,"player_choice":"Healed","damage_taken":0,"max_hp_gain":0,"max_hp_loss":0,"event_name":"The Cleric","floor":7,"gold_loss":35},{"damage_healed":0,"gold_gain":0,"player_choice":"Entered Light","damage_taken":13,"max_hp_gain":0,"max_hp_loss":0,"event_name":"Shining Light","floor":12,"gold_loss":0,"cards_upgraded":["Shade:Doomsay","Shade:SpectralStrikes"]},{"damage_healed":0,"gold_gain":0,"cards_transformed":["Shade:Defend_Shade"],"player_choice":"Transformed","damage_taken":0,"max_hp_gain":0,"max_hp_loss":0,"event_name":"Transmorgrifier","floor":21,"gold_loss":0,"cards_obtained":["Shade:PotionOfRestlessness"]},{"damage_healed":0,"gold_gain":0,"player_choice":"1 cards matched","damage_taken":0,"max_hp_gain":0,"max_hp_loss":0,"event_name":"Match and Keep!","floor":36,"gold_loss":0,"cards_obtained":["Doubt"]},{"damage_healed":0,"gold_gain":0,"player_choice":"Embrace Madness","damage_taken":9,"max_hp_gain":0,"max_hp_loss":0,"event_name":"Winding Halls","floor":38,"gold_loss":0,"cards_obtained":["Madness","Madness"]},{"damage_healed":0,"gold_gain":0,"player_choice":"Upgraded","damage_taken":0,"max_hp_gain":0,"max_hp_loss":0,"event_name":"Upgrade Shrine","floor":48,"gold_loss":0,"cards_upgraded":["infinitespire:Starlight"]}],"is_beta":false,"boss_relics":[{"not_picked":["Cursed Key","Coffee Dripper"],"picked":"Black Star"},{"not_picked":["Fusion Hammer","Pandora\u0027s Box"],"picked":"Runic Pyramid"}],"items_purged_floors":[37],"is_endless":false,"potions_floor_spawned":[2,5,14,16,18,23,33,35,40,47],"ascension_level":3}}