{"host":"f6f8cjhjgha9mpdq","time":1609350788,"event":{"mods":["BaseMod","Minty Spire (QoL Compilation)","Permanent Neow","StSLib","SuperFastMode"],"gold_per_floor":[112,130,130,130,130,157,169,204,204,233,233,252,265,284,284,361,361,374,374,374,50,67,95,95,122,147,173,187,204,224,139,139,211,211,229,584,684,485,497,530,542,542,594,620,620,638,638,652,652,652,652,652,6,40,40],"floor_reached":56,"playtime":2824,"items_purged":["Strike_P","Strike_P","Defend_P"],"score":2127,"play_id":"2cf30c80-413e-43e3-8f31-369187126a59","local_time":"20201231025308","is_ascension_mode":true,"campfire_choices":[{"data":"Adaptation","floor":15.0,"key":"SMITH"},{"data":"Adaptation","floor":24.0,"key":"SMITH"},{"floor":32.0,"key":"DIG"},{"floor":42.0,"key":"DIG"},{"floor":45,"key":"DIG"},{"floor":47,"key":"DIG"},{"floor":49,"key":"RECALL"},{"floor":52,"key":"DIG"}],"circlet_count":0,"master_deck":["AscendersBane","Defend_P+1","Defend_P+1","Eruption+1","Vigilance+1","Adaptation+1","FearNoEvil","Adaptation+1","TalkToTheHand","TalkToTheHand","MentalFortress","Mayhem+1","Tantrum"],"relics":["PureWater","Question Card","HornCleat","Nunchaku","Bottled Flame","SacredBark","Pear","Toy Ornithopter","Shovel","Smiling Mask","Yang","Mummified Hand","War Paint","Busted Crown","Old Coin","Strawberry","Darkstone Periapt","Blood Vial","Dream Catcher","FossilizedHelix","Frozen Egg 2","PreservedInsect","Ornamental Fan","Toolbox","Bronze Scales","Bag of Preparation"],"acts_visited":["Exordium","TheCity","TheBeyond","TheEnding"],"potions_floor_usage":[55,55],"damage_taken":[{"damage":0.0,"enemies":"Cultist","floor":1.0,"turns":3.0},{"damage":7.0,"enemies":"Small Slimes","floor":2.0,"turns":4.0},{"damage":4.0,"enemies":"Lagavulin","floor":6.0,"turns":7.0},{"damage":0.0,"enemies":"2 Louse","floor":7.0,"turns":6.0},{"damage":26.0,"enemies":"3 Sentries","floor":8.0,"turns":12.0},{"damage":6.0,"enemies":"Lagavulin","floor":10.0,"turns":7.0},{"damage":3.0,"enemies":"Looter","floor":12.0,"turns":3.0},{"damage":0.0,"enemies":"Lots of Slimes","floor":13.0,"turns":4.0},{"damage":1.0,"enemies":"2 Fungi Beasts","floor":14.0,"turns":3.0},{"damage":13.0,"enemies":"The Guardian","floor":16.0,"turns":9.0},{"damage":4.0,"enemies":"Chosen","floor":18.0,"turns":3.0},{"damage":18.0,"enemies":"2 Thieves","floor":22.0,"turns":3.0},{"damage":2.0,"enemies":"Gremlin Leader","floor":23.0,"turns":5.0},{"damage":0.0,"enemies":"Book of Stabbing","floor":25.0,"turns":4.0},{"damage":0.0,"enemies":"Gremlin Leader","floor":27.0,"turns":4.0},{"damage":1.0,"enemies":"Centurion and Healer","floor":28.0,"turns":4.0},{"damage":0.0,"enemies":"Cultist and Chosen","floor":29.0,"turns":4.0},{"damage":13.0,"enemies":"Snake Plant","floor":30.0,"turns":4.0},{"damage":18.0,"enemies":"Automaton","floor":33.0,"turns":6.0},{"damage":19.0,"enemies":"3 Darklings","floor":35.0,"turns":4.0},{"damage":0.0,"enemies":"2 Orb Walkers","floor":36.0,"turns":2.0},{"damage":0.0,"enemies":"3 Shapes","floor":39.0,"turns":5.0},{"damage":11.0,"enemies":"Giant Head","floor":40.0,"turns":4.0},{"damage":0.0,"enemies":"3 Darklings","floor":41.0,"turns":2.0},{"damage":5,"enemies":"Nemesis","floor":44,"turns":5},{"damage":0,"enemies":"Spire Growth","floor":46,"turns":4},{"damage":0,"enemies":"Jaw Worm Horde","floor":48,"turns":3},{"damage":41,"enemies":"Awakened One","floor":50,"turns":5},{"damage":30,"enemies":"Shield and Spear","floor":54,"turns":3},{"damage":1,"enemies":"The Heart","floor":55,"turns":5}],"seed_played":"-4095248079916170781","potions_obtained":[{"floor":1.0,"key":"SkillPotion"},{"floor":2.0,"key":"Regen Potion"},{"floor":13.0,"key":"SneckoOil"},{"floor":16.0,"key":"FearPotion"},{"floor":18.0,"key":"SteroidPotion"},{"floor":22.0,"key":"GamblersBrew"},{"floor":33.0,"key":"Fruit Juice"},{"floor":35.0,"key":"SpeedPotion"},{"floor":39.0,"key":"Ancient Potion"}],"is_trial":false,"path_per_floor":["M","M","?","?","?","E","M","E","T","E","T","M","M","M","R","B",null,"M","?","?","$","M","E","R","E","T","E","M","M","M","?","R","B",null,"M","?","?","$","M","E","M","R","T","E","R","M","R","M","R","B",null,"R","$","E","B",null],"character_chosen":"WATCHER","items_purchased":["Pear","Strawberry","Mayhem+1","Toolbox","Bronze Scales","Tantrum","SteroidPotion"],"campfire_rested":0,"item_purchase_floors":[21,38,53,53,53,53,53],"current_hp_per_floor":[65,58,58,58,45,41,56,30,30,24,24,21,21,20,20,7,51,47,47,47,57,39,37,37,42,42,42,41,41,28,28,28,15,60,41,41,41,48,63,52,52,52,52,49,49,51,51,53,53,14,73,73,73,45,56],"gold":40,"neow_bonus":"REMOVE_TWO","is_daily":false,"chose_seed":false,"campfire_upgraded":2,"win_rate":0.0,"timestamp":1609350788,"path_taken":["M","M","?","?","?","E","M","E","T","E","?","?","M","M","R","BOSS","M","?","?","$","M","E","R","E","T","E","M","?","?","?","R","BOSS","M","?","?","$","?","E","M","R","T","E","R","?","R","M","R","BOSS","R","$","E","BOSS"],"items_purchased_type":["Relic","Relic","Card","Relic","Relic","Card","Potion"],"build_version":"2020-12-22","purchased_purges":3,"victory":true,"max_hp_per_floor":[65,65,65,65,65,65,65,65,65,65,65,65,65,65,65,65,65,65,65,65,75,75,75,75,75,75,75,75,75,75,75,75,75,75,75,75,75,82,92,92,92,92,92,92,92,92,92,92,92,92,92,92,92,92,92],"card_choices":[{"not_picked":["Sanctity","Evaluate","Wireheading"],"picked":"SKIP","floor":1.0},{"not_picked":["FollowUp","Protect","SashWhip"],"picked":"SKIP","floor":2.0},{"not_picked":["BattleHymn","SashWhip","CutThroughFate"],"picked":"SKIP","floor":6.0},{"not_picked":["LikeWater","DeusExMachina","Fasting2","Weave"],"picked":"SKIP","floor":7.0},{"not_picked":["WreathOfFlame","Vengeance","Establishment"],"picked":"FearNoEvil","floor":8.0},{"not_picked":["BowlingBash","Collect","CrushJoints","Conclude"],"picked":"SKIP","floor":10.0},{"not_picked":["ClearTheMind","Consecrate","BowlingBash","Protect"],"picked":"SKIP","floor":12.0},{"not_picked":["EmptyBody","SandsOfTime","CutThroughFate","FlurryOfBlows"],"picked":"SKIP","floor":13.0},{"not_picked":["Tantrum","PathToVictory","Evaluate"],"picked":"Adaptation","floor":14.0},{"not_picked":["PathToVictory","Consecrate","Halt","Collect"],"picked":"SKIP","floor":18.0},{"not_picked":["InnerPeace","BattleHymn","EmptyMind","Protect+1"],"picked":"SKIP","floor":22.0},{"not_picked":["Wireheading","Adaptation","FlurryOfBlows"],"picked":"MentalFortress","floor":23.0},{"not_picked":["CutThroughFate","FlyingSleeves+1","ClearTheMind","CrushJoints"],"picked":"SKIP","floor":25.0},{"not_picked":["FlurryOfBlows","Collect","DeusExMachina","CarveReality+1"],"picked":"SKIP","floor":27.0},{"not_picked":["EmptyBody","FearNoEvil+1","CarveReality","CrushJoints"],"picked":"SKIP","floor":28.0},{"not_picked":["Swivel","EmptyBody+1","Protect","MentalFortress"],"picked":"SKIP","floor":29.0},{"not_picked":["Ragnarok","JustLucky","Nirvana","FollowUp"],"picked":"SKIP","floor":30.0},{"not_picked":["Consecrate+1","Evaluate"],"picked":"SKIP","floor":35.0},{"not_picked":["Tantrum","Protect"],"picked":"SKIP","floor":39.0},{"not_picked":["EmptyFist","WheelKick"],"picked":"SKIP","floor":40.0},{"not_picked":["Crescendo","Halt+1"],"picked":"SKIP","floor":41.0},{"not_picked":["Crescendo","Halt+1"],"picked":"SKIP","floor":41.0},{"not_picked":["Weave+1","Alpha"],"picked":"SKIP","floor":44},{"not_picked":["EmptyFist","InnerPeace+1"],"picked":"SKIP","floor":46},{"not_picked":["SignatureMove","BowlingBash"],"picked":"SKIP","floor":48},{"not_picked":["ThirdEye","Nirvana+1"],"picked":"SKIP","floor":54}],"player_experience":529464,"relics_obtained":[{"floor":6.0,"key":"Question Card"},{"floor":8.0,"key":"HornCleat"},{"floor":10.0,"key":"Nunchaku"},{"floor":11.0,"key":"Bottled Flame"},{"floor":23.0,"key":"Toy Ornithopter"},{"floor":25.0,"key":"Shovel"},{"floor":26.0,"key":"Smiling Mask"},{"floor":27.0,"key":"Yang"},{"floor":32.0,"key":"War Paint"},{"floor":36.0,"key":"Old Coin"},{"floor":40.0,"key":"Darkstone Periapt"},{"floor":42.0,"key":"Blood Vial"},{"floor":43.0,"key":"Dream Catcher"},{"floor":44,"key":"FossilizedHelix"},{"floor":45,"key":"Frozen Egg 2"},{"floor":47,"key":"PreservedInsect"},{"floor":52,"key":"Ornamental Fan"},{"floor":54,"key":"Bag of Preparation"}],"event_choices":[{"damage_healed":0.0,"max_hp_gain":0.0,"max_hp_loss":0.0,"gold_gain":0.0,"event_name":"Liars Game","player_choice":"Ignored","floor":3.0,"gold_loss":0.0,"damage_taken":0.0},{"damage_healed":0.0,"max_hp_gain":0.0,"max_hp_loss":0.0,"gold_gain":0.0,"cards_transformed":["Strike_P"],"event_name":"Living Wall","player_choice":"Change","floor":4.0,"gold_loss":0.0,"damage_taken":0.0,"cards_obtained":["Adaptation"]},{"damage_healed":0.0,"max_hp_gain":0.0,"max_hp_loss":0.0,"gold_gain":0.0,"event_name":"Shining Light","player_choice":"Entered Light","floor":5.0,"gold_loss":0.0,"damage_taken":13.0,"cards_upgraded":["Defend_P","Eruption"]},{"damage_healed":0.0,"max_hp_gain":0.0,"max_hp_loss":0.0,"gold_gain":0.0,"event_name":"The Library","player_choice":"Read","floor":19.0,"gold_loss":0.0,"damage_taken":0.0,"cards_obtained":["TalkToTheHand"]},{"damage_healed":0.0,"max_hp_gain":0.0,"max_hp_loss":0.0,"gold_gain":0.0,"event_name":"Duplicator","player_choice":"Copied","floor":20.0,"gold_loss":0.0,"damage_taken":0.0,"cards_obtained":["TalkToTheHand"]},{"damage_healed":0.0,"max_hp_gain":0.0,"max_hp_loss":0.0,"gold_gain":0.0,"event_name":"Addict","player_choice":"Obtained Relic","floor":31.0,"gold_loss":85.0,"damage_taken":0.0,"relics_obtained":["Mummified Hand"]},{"damage_healed":0.0,"max_hp_gain":0.0,"max_hp_loss":0.0,"gold_gain":0.0,"event_name":"Mysterious Sphere","player_choice":"Fight","floor":36.0,"gold_loss":0.0,"damage_taken":0.0},{"damage_healed":0.0,"max_hp_gain":0.0,"max_hp_loss":0.0,"gold_gain":100.0,"event_name":"Golden Shrine","player_choice":"Pray","floor":37.0,"gold_loss":0.0,"damage_taken":0.0}],"is_beta":false,"boss_relics":[{"not_picked":["Velvet Choker","SlaversCollar"],"picked":"SacredBark"},{"not_picked":["Sozu","Cursed Key"],"picked":"Busted Crown"}],"items_purged_floors":[21,38,53],"is_endless":false,"potions_floor_spawned":[1,2,7,13,16,18,22,33,35,39,40,46],"ascension_level":13}}