{"host":"2tgyrzvaa7l04o2e","time":1609347408,"event":{"mods":["BaseMod","Highlight Path","Minty Spire (QoL Compilation)","Permanent Neow","Relic Stats"],"gold_per_floor":[110,110,128,145,163,163,191,20,44,76,76,76,87,99,99,176,176,187,187,198,113,27,27,27],"floor_reached":23,"playtime":1250,"items_purged":[],"score":402,"play_id":"84762c1d-7d96-448c-af62-d70f31e44149","local_time":"20201230175648","is_ascension_mode":true,"campfire_choices":[{"data":"Glass Knife","floor":6.0,"key":"SMITH"},{"data":"Leg Sweep","floor":11.0,"key":"SMITH"},{"data":"Noxious Fumes","floor":15.0,"key":"SMITH"}],"circlet_count":0,"master_deck":["AscendersBane","Strike_G","Strike_G","Strike_G","Strike_G","Strike_G","Defend_G","Defend_G+1","Defend_G","Defend_G","Defend_G+1","Survivor","Neutralize","Leg Sweep+1","Dagger Throw","Glass Knife+1","Noxious Fumes+1","Cloak And Dagger","Poisoned Stab","Cloak And Dagger","After Image","Dagger Spray","PiercingWail","Calculated Gamble"],"relics":["Runic Pyramid","Blood Vial","Omamori","Membership Card","War Paint","MealTicket","HoveringKite","Orichalcum","Snake Skull"],"acts_visited":["Exordium","TheCity"],"potions_floor_usage":[],"damage_taken":[{"damage":2.0,"enemies":"2 Louse","floor":1.0,"turns":3.0},{"damage":3.0,"enemies":"Cultist","floor":3.0,"turns":5.0},{"damage":1.0,"enemies":"Small Slimes","floor":4.0,"turns":4.0},{"damage":0.0,"enemies":"Exordium Wildlife","floor":5.0,"turns":4.0},{"damage":7.0,"enemies":"Lagavulin","floor":7.0,"turns":6.0},{"damage":10.0,"enemies":"3 Sentries","floor":10.0,"turns":10.0},{"damage":12.0,"enemies":"Gremlin Gang","floor":13.0,"turns":7.0},{"damage":6.0,"enemies":"Looter","floor":14.0,"turns":3.0},{"damage":27.0,"enemies":"The Guardian","floor":16.0,"turns":11.0},{"damage":7.0,"enemies":"3 Byrds","floor":18.0,"turns":5.0},{"damage":0.0,"enemies":"Chosen","floor":20.0,"turns":6.0},{"damage":79,"enemies":"Gremlin Leader","floor":23,"turns":8}],"seed_played":"4258566693489620687","potions_obtained":[{"floor":4.0,"key":"Block Potion"},{"floor":5.0,"key":"FearPotion"},{"floor":16.0,"key":"Weak Potion"}],"is_trial":false,"path_per_floor":["M","?","M","M","M","R","E","$","T","E","R","?","M","M","R","B",null,"M","?","M","?","$","E"],"character_chosen":"THE_SILENT","items_purchased":["Membership Card","Snake Skull"],"campfire_rested":0,"item_purchase_floors":[8,22],"current_hp_per_floor":[57,57,56,57,59,59,54,54,54,46,46,51,41,37,37,12,56,51,51,53,53,68,0,0],"gold":27,"neow_bonus":"BOSS_RELIC","is_daily":false,"chose_seed":false,"campfire_upgraded":3,"win_rate":0.0,"timestamp":1609347408,"path_taken":["M","?","M","?","M","R","E","?","T","E","R","?","M","M","R","BOSS","M","?","M","?","$","E"],"items_purchased_type":["Relic","Relic"],"build_version":"2020-12-22","purchased_purges":0,"victory":false,"max_hp_per_floor":[66,66,66,66,66,66,66,66,66,66,66,71,71,71,71,71,71,71,71,71,71,71,71,71],"relic_stats":{"Blood Vial":22,"counters":[12,72],"HoveringKite":[6],"MealTicket":15,"Snake Skull":[13],"War Paint":["Defend_G","Defend_G"],"Orichalcum":[0],"obtain_stats":[{"Blood Vial":2,"HoveringKite":17,"MealTicket":10,"Snake Skull":22,"Omamori":7,"Membership Card":8,"War Paint":9,"Orichalcum":21,"Ring of the Snake":0,"Runic Pyramid":0},{"Blood Vial":1,"HoveringKite":9,"MealTicket":6,"Snake Skull":11,"Omamori":5,"Membership Card":5,"War Paint":5,"Orichalcum":11,"Ring of the Snake":0,"Runic Pyramid":0},{"Blood Vial":3,"HoveringKite":53,"MealTicket":32,"Snake Skull":64,"Omamori":22,"Membership Card":22,"War Paint":22,"Orichalcum":64,"Ring of the Snake":0,"Runic Pyramid":0}]},"card_choices":[{"not_picked":["Deflect","Dagger Throw"],"picked":"Quick Slash","floor":1.0},{"not_picked":["Bane","PiercingWail"],"picked":"Leg Sweep","floor":3.0},{"not_picked":["Deflect","Tactician"],"picked":"Dagger Throw","floor":4.0},{"not_picked":["Flying Knee","Prepared"],"picked":"Glass Knife","floor":5.0},{"not_picked":["Sucker Punch","Dagger Throw"],"picked":"Noxious Fumes","floor":7.0},{"not_picked":["Underhanded Strike","A Thousand Cuts"],"picked":"Cloak And Dagger","floor":10.0},{"not_picked":["Blade Dance","Sucker Punch"],"picked":"Poisoned Stab","floor":13.0},{"not_picked":["Caltrops","Acrobatics"],"picked":"Cloak And Dagger","floor":14.0},{"not_picked":["Phantasmal Killer","Doppelganger"],"picked":"After Image","floor":16.0},{"not_picked":["Heel Hook","Sucker Punch"],"picked":"Dagger Spray","floor":18.0},{"not_picked":["Outmaneuver","Deadly Poison"],"picked":"Calculated Gamble","floor":20}],"player_experience":543800,"relics_obtained":[{"floor":7.0,"key":"Omamori"},{"floor":9.0,"key":"War Paint"},{"floor":10.0,"key":"MealTicket"}],"event_choices":[{"cards_removed":["Quick Slash"],"damage_healed":0.0,"max_hp_gain":0.0,"max_hp_loss":0.0,"gold_gain":0.0,"event_name":"WeMeetAgain","player_choice":"Gave Card","floor":2.0,"gold_loss":0.0,"damage_taken":0.0,"relics_obtained":["Blood Vial"]},{"damage_healed":0.0,"max_hp_gain":5.0,"max_hp_loss":0.0,"gold_gain":0.0,"event_name":"Big Fish","player_choice":"Donut","floor":12.0,"gold_loss":0.0,"damage_taken":0.0},{"damage_healed":0.0,"max_hp_gain":0.0,"max_hp_loss":0.0,"gold_gain":0.0,"event_name":"The Library","player_choice":"Read","floor":19.0,"gold_loss":0.0,"damage_taken":0.0,"cards_obtained":["PiercingWail"]},{"damage_healed":0,"gold_gain":0,"player_choice":"Obtained Relic","damage_taken":0,"relics_obtained":["Orichalcum"],"max_hp_gain":0,"max_hp_loss":0,"event_name":"Addict","floor":21,"gold_loss":85}],"is_beta":false,"boss_relics":[{"not_picked":["WristBlade","SlaversCollar"],"picked":"HoveringKite"}],"items_purged_floors":[],"is_endless":false,"potions_floor_spawned":[4,5,16],"killed_by":"Gremlin Leader","ascension_level":20}}