{"host":"l8lkgdumzpe3823a","time":1609363550,"event":{"mods":["Always Whale","Aspiration","BaseMod","Beaked The Cultist","Better Note","Clockwork Mod","Colored Powertips","Curses Come First","Custom Start","DeckTracker","Defuse TimeMaze Blight","Highlight Path","Hubris","Infinite Spire","Minty Spire (QoL Compilation)","Quick Restart","Replay The Spire","Shop Mod","StSLib","SuperFastMode","The Construct","The Cursed","The Dragon Tamer","The Servant 0.9.4","vexMod"],"gold_per_floor":[110,110,110,110,85,114,114,149,149,149,24,24,24,39,39,139,139,149,99,112,112,131,131,143,143,191,131,135,135,135,135,135,235,235,244,144,144,164,182,204,204,204,251,251,268,268,278,278,278,267,267],"floor_reached":50,"playtime":2103,"items_purged":["beaked:Defend_Y","Regret"],"score":549,"play_id":"f205e654-c075-4ce5-88f4-84a834482b16","local_time":"20201230152550","is_ascension_mode":false,"campfire_choices":[{"data":"beaked:DigDeep","floor":7.0,"key":"SMITH"},{"data":"beaked:ScreechingChant","floor":10.0,"key":"SMITH"},{"data":"beaked:Ceremony","floor":12.0,"key":"SMITH"},{"data":"beaked:Windmill","floor":15.0,"key":"SMITH"},{"data":"beaked:Recite","floor":23.0,"key":"SMITH"},{"data":"beaked:CrazyRituals","floor":25.0,"key":"SMITH"},{"data":"beaked:Recite","floor":29.0,"key":"SMITH"},{"data":"beaked:BraceForImpact","floor":32,"key":"SMITH"},{"data":"ReplayTheSpireMod:Wings of Steel","floor":41,"key":"SMITH"},{"floor":44,"key":"REST"},{"data":"beaked:BraceForImpact","floor":46,"key":"SMITH"},{"data":"beaked:BraceForImpact","floor":49,"key":"SMITH"}],"circlet_count":0,"master_deck":["beaked:Strike_Y","beaked:Strike_Y","beaked:Defend_Y","beaked:Defend_Y","beaked:Ceremony+1","beaked:Ceremony","beaked:Ceremony","beaked:DigDeep+1","beaked:BraceForImpact+1","beaked:BraceForImpact+1","beaked:ScreechingChant+1","beaked:BraceForImpact+1","beaked:Windmill+1","beaked:WildInstinct","Languid","hubris:Despair","beaked:CrazyRituals+1","beaked:Recite+1","beaked:Recite+1","ReplayTheSpireMod:Prepare the Ceremony+1","ReplayTheSpireMod:Restless Dread","vexMod:UltimateCard","beaked:StickSmack+1","ReplayTheSpireMod:Wings of Steel+1","beaked:CrazyRituals+1"],"relics":["beaked:MendingPlumage","NeowsBlessing","hubris:Icosahedron","StrikeDummy","infinitespire:Eraser","Pear","Replay:Grab Bag","beaked:SacredNecklace","vexMod:DeviousBotling","Kintsugi","hubris:Backtick","Thread and Needle","Ancient Tea Set","aspiration:EmptySkull","Ring of Fury","ReplayTheSpireMod:Ring of Addiction","Replay:Ancient Bell","Dream Catcher","Sundial","vexMod:RedPlottingStone","hubris:Reverence","MealTicket"],"acts_visited":["Exordium","TheCity","TheBeyond"],"potions_floor_usage":[33,38,39,50],"damage_taken":[{"damage":0.0,"enemies":"Jaw Worm","floor":1.0,"turns":1.0},{"damage":0.0,"enemies":"3 Sentries","floor":6.0,"turns":2.0},{"damage":0.0,"enemies":"Lagavulin","floor":8.0,"turns":1.0},{"damage":35.0,"enemies":"Small Slimes","floor":14.0,"turns":6.0},{"damage":40.0,"enemies":"Hexaghost","floor":16.0,"turns":10.0},{"damage":15.0,"enemies":"Spheric Guardian","floor":18.0,"turns":5.0},{"damage":30.0,"enemies":"Shell Parasite","floor":20.0,"turns":5.0},{"damage":15.0,"enemies":"Snecko","floor":22.0,"turns":7.0},{"damage":18.0,"enemies":"Centurion and Healer","floor":24.0,"turns":5.0},{"damage":33.0,"enemies":"Sentry and Sphere","floor":28.0,"turns":6.0},{"damage":48,"enemies":"Champ","floor":33,"turns":7},{"damage":15,"enemies":"Orb Walker","floor":35,"turns":5},{"damage":34,"enemies":"3 Darklings","floor":38,"turns":4},{"damage":23,"enemies":"Transient","floor":39,"turns":5},{"damage":81,"enemies":"Nemesis","floor":40,"turns":7},{"damage":16,"enemies":"Jaw Worm Horde","floor":45,"turns":4},{"damage":14,"enemies":"Sphere and 2 Shapes","floor":47,"turns":6},{"damage":131,"enemies":"hubris:GrandSnecko","floor":50,"turns":8}],"seed_played":"-5648059340652842989","potions_obtained":[{"floor":8.0,"key":"SteroidPotion"},{"floor":14.0,"key":"Block Potion"},{"floor":20.0,"key":"Doom Potion"},{"floor":38,"key":"LiquidBronze"},{"floor":40,"key":"Elixir"},{"floor":45,"key":"SpeedPotion"}],"is_trial":false,"path_per_floor":["M","?","?","?","?","E","R","E","T","R","$","R","$","M","R","B",null,"M","?","M","?","M","R","M","R","T","?","M","R","T","?","R","B",null,"M","$","?","M","M","E","R","?","T","R","M","R","M","?","R","B"],"character_chosen":"BEAKED_THE_CULTIST","items_purchased":["beaked:BraceForImpact"],"campfire_rested":1,"item_purchase_floors":[11],"current_hp_per_floor":[50,50,50,50,50,50,50,50,60,60,60,60,60,49,49,45,60,56,56,59,59,57,57,60,60,60,60,53,53,53,53,53,54,60,60,60,58,33,55,21,21,21,21,37,54,54,48,53,52,0,0],"gold":267,"neow_bonus":"THREE_ENEMY_KILL","is_daily":false,"chose_seed":false,"campfire_upgraded":11,"win_rate":0.0,"timestamp":1609363550,"path_taken":["M","?","?","?","?","E","R","E","T","R","$","R","?","M","R","BOSS","M","?","M","?","?","R","M","R","T","?","M","R","?","?","R","BOSS","M","$","?","M","M","E","R","?","T","R","?","R","?","?","R","BOSS"],"items_purchased_type":["Card"],"build_version":"2020-12-22","purchased_purges":2,"victory":false,"max_hp_per_floor":[50,50,50,50,50,50,50,50,60,60,60,60,60,60,60,60,60,60,60,60,60,60,60,60,60,60,60,60,60,60,60,60,60,60,60,60,58,58,58,58,58,58,56,56,56,54,54,54,52,52,52],"card_choices":[{"not_picked":["beaked:MaddeningMurmurs","beaked:Redirect"],"picked":"beaked:DigDeep","floor":1.0},{"not_picked":["beaked:Insight","beaked:Evade"],"picked":"beaked:BraceForImpact","floor":6.0},{"not_picked":["beaked:Windmill","beaked:LiftOff"],"picked":"beaked:ScreechingChant","floor":8.0},{"not_picked":["beaked:WindBringer","beaked:CursingBlood"],"picked":"beaked:Windmill","floor":14.0},{"not_picked":["beaked:SacrificialScars","beaked:DarkPact"],"picked":"beaked:WildInstinct","floor":16.0},{"not_picked":["beaked:WarriorEssence","beaked:Tradeoff"],"picked":"beaked:CrazyRituals","floor":18.0},{"not_picked":["beaked:Windmill","beaked:Insight","beaked:Replenish"],"picked":"SKIP","floor":20.0},{"not_picked":["beaked:Foresight","beaked:Poke"],"picked":"beaked:Recite","floor":22.0},{"not_picked":["beaked:Cower","beaked:Negation+1"],"picked":"beaked:Recite","floor":24.0},{"not_picked":["beaked:HuntressEssence","beaked:Negation"],"picked":"ReplayTheSpireMod:Prepare the Ceremony+1","floor":28.0},{"not_picked":["Amnesia","hubris:Disease"],"picked":"Regret","floor":34},{"not_picked":["Doubt","Spreading Infection"],"picked":"ReplayTheSpireMod:Restless Dread","floor":34},{"not_picked":["Clumsy","Normality"],"picked":"vexMod:UltimateCard","floor":34},{"not_picked":["beaked:Hexing","beaked:Windmill","beaked:Resilience"],"picked":"SKIP","floor":35},{"not_picked":["beaked:Cower+1","beaked:Poke+1"],"picked":"beaked:StickSmack+1","floor":38},{"not_picked":["beaked:Replenish+1","beaked:Molting+1","beaked:CursingBlood+1"],"picked":"SKIP","floor":39},{"not_picked":["beaked:Evade+1","beaked:TuckingFeathers"],"picked":"ReplayTheSpireMod:Wings of Steel","floor":40},{"not_picked":["beaked:Insight","beaked:Mantra","beaked:SacrificialAttack"],"picked":"SKIP","floor":45},{"not_picked":["beaked:Insight","beaked:Mantra","beaked:SacrificialAttack"],"picked":"SKIP","floor":45},{"not_picked":["beaked:Molting+1","beaked:Foresight+1"],"picked":"beaked:CrazyRituals+1","floor":47}],"player_experience":736986,"relics_obtained":[{"floor":6.0,"key":"StrikeDummy"},{"floor":8.0,"key":"infinitespire:Eraser"},{"floor":9.0,"key":"Pear"},{"floor":26.0,"key":"Ancient Tea Set"},{"floor":30.0,"key":"aspiration:EmptySkull"},{"floor":31.0,"key":"Ring of Fury"},{"floor":31.0,"key":"ReplayTheSpireMod:Ring of Addiction"},{"floor":40,"key":"hubris:Reverence"},{"floor":43,"key":"MealTicket"}],"event_choices":[{"damage_healed":0.0,"max_hp_gain":0.0,"max_hp_loss":0.0,"gold_gain":0.0,"event_name":"The Joust","player_choice":"Bet on Murderer","floor":19.0,"gold_loss":50.0,"damage_taken":0.0},{"damage_healed":0.0,"max_hp_gain":0.0,"max_hp_loss":0.0,"gold_gain":0.0,"event_name":"betterNote:BetterNote","player_choice":"Ignored","floor":21.0,"gold_loss":0.0,"damage_taken":0.0,"cards_obtained":["ReplayTheSpireMod:Scrap Shanks"]}],"is_beta":false,"boss_relics":[{"not_picked":["Replay:Bronze Core","aspiration:PoetsPen_weak"],"picked":"Replay:Grab Bag"},{"not_picked":["vexMod:TanglingVine","hubris:RunicObelisk"],"picked":"beaked:SacredNecklace"},{"not_picked":["Busted Crown","infinitespire:Cupcake"],"picked":"vexMod:DeviousBotling"},{"not_picked":["aspiration:RunicSpoon","hubris:HollowSoul"],"picked":"Kintsugi"},{"not_picked":["aspiration:IroncladSkillbook","Pandora\u0027s Box"],"picked":"hubris:Backtick"},{"not_picked":["aspiration:FutureDiary","Calling Bell"],"picked":"Replay:Ancient Bell"},{"not_picked":["Art of War","vexMod:FocusSash"],"picked":"Dream Catcher"},{"not_picked":["infinitespire:FocusingShard","Replay:Bottled Eggs"],"picked":"Sundial"},{"not_picked":["Replay:Multitool","infinitespire:Magic Flask"],"picked":"vexMod:RedPlottingStone"}],"items_purged_floors":[11,36],"is_endless":false,"potions_floor_spawned":[8,14,20,22,38,40,45,47],"killed_by":"hubris:GrandSnecko","ascension_level":0}}