{"host":"1yi750mqk7ixxpl5","time":1609358148,"event":{"mods":["Arknights The Spire","Aspiration","Bartender","BaseMod","Better Third Choice","BetterRewards","Colored Map","Colored Powertips","Conspire","Custom Start","Defuse TimeMaze Blight","Dio Mod","Dota2Spire","Downfall","Halation","Hubris","Infinite Spire","JesterMod","Marisa????????","Minty Spire (QoL Compilation)","Rare Cards Sparkle","Replay The Spire","Shade Mod","StSLib","Td1madao Mod","The Alterego","The Bladedancer","The Jungle","The Mystic","The Servant 0.9.4","TheWitcher","Waifu the Spire","vexMod","???Mod??????Boss"],"gold_per_floor":[128,153,153,164,186,213,138,138,161,181,181,191,220,25,25,130,130,148,148,148,148,160,160,160],"floor_reached":23,"playtime":1317,"items_purged":["SnafuTest:ExcessiveLevies","SnafuTest:MCFeignDeath"],"score":226,"play_id":"8c2aeb18-dfe2-4b3a-9688-7cdbb65b9477","local_time":"20201230135548","is_ascension_mode":false,"campfire_choices":[{"floor":8,"key":"REST"},{"floor":11,"key":"REST"},{"floor":15,"key":"REST"}],"circlet_count":0,"master_deck":["SnafuTest:DefaultCommonAttack","SnafuTest:DefaultCommonAttack","SnafuTest:DefaultCommonAttack","SnafuTest:BountyHunt","SnafuTest:DefaultCommonSkill","SnafuTest:DefaultCommonSkill","SnafuTest:DefaultCommonSkill","SnafuTest:SignIgni","SnafuTest:SpellChainLightning","SnafuTest:PowerContactIsContract+1","SnafuTest:Kick","SnafuTest:SwordDance","SnafuTest:BombDancingStar","SnafuTest:PowerProbingFeint","SnafuTest:BlackSunReturn","SnafuTest:BlueWhale","Apotheosis","SnafuTest:Decapitate","SnafuTest:GetPaid","hubris:InfiniteBlow+338","SnafuTest:Meditation"],"relics":["SnafuTest:UnstableMutagenRelic","SnafuTest:IgniRelic","Unceasing Top","ats:Originium","hubris:TinFlute","infinitespire:Beetle Shell","Choco_Feather","SlaversCollar","GremlinMask","halation:Diary","Replay:Bronze Core"],"acts_visited":["Exordium","TheCity"],"potions_floor_usage":[6,6,16,18],"damage_taken":[{"damage":10,"enemies":"2 Louse","floor":1,"turns":3},{"damage":4,"enemies":"conspire:RoseBush","floor":2,"turns":2},{"damage":0,"enemies":"Small Slimes","floor":4,"turns":2},{"damage":9,"enemies":"Red Slaver","floor":5,"turns":2},{"damage":15,"enemies":"Lagavulin","floor":6,"turns":6},{"damage":0,"enemies":"3 Louse","floor":10,"turns":2},{"damage":0,"enemies":"Large Slime","floor":12,"turns":5},{"damage":13,"enemies":"3 Sentries","floor":13,"turns":6},{"damage":18,"enemies":"Fading Forest","floor":16,"turns":12},{"damage":32,"enemies":"Shell Parasite","floor":18,"turns":5},{"damage":10,"enemies":"2 Thieves","floor":22,"turns":2},{"damage":41,"enemies":"Slavers","floor":23,"turns":2}],"seed_played":"5637005157798469948","potions_obtained":[{"floor":2,"key":"champ:CounterPotion"},{"floor":5,"key":"Flashbang"},{"floor":10,"key":"Fire Potion"},{"floor":12,"key":"FearPotion"},{"floor":13,"key":"Energy Potion"},{"floor":18,"key":"Fire Potion"}],"is_trial":false,"path_per_floor":["M","M","?","M","M","E","$","R","T","M","R","M","E","$","R","B",null,"M","?","?","AVR","M","E"],"character_chosen":"THE_WITCHER","items_purchased":["SnafuTest:IgniRelic","SnafuTest:SpellChainLightning","SnafuTest:PowerContactIsContract","SnafuTest:Kick","SnafuTest:GetPaid","Apotheosis"],"campfire_rested":3,"item_purchase_floors":[0,0,0,0,0,14],"current_hp_per_floor":[30,26,26,26,17,2,2,24,24,24,46,46,33,33,55,37,75,43,51,51,51,41,0,0],"gold":160,"neow_bonus":"","is_daily":false,"chose_seed":false,"campfire_upgraded":0,"win_rate":0.0,"timestamp":1609358148,"path_taken":["M","M","?","M","M","E","$","R","T","M","R","M","E","$","R","BOSS","M","?","?","AVR","?","E"],"items_purchased_type":["Relic","Card","Card","Card","Card","Card"],"build_version":"2020-12-22","purchased_purges":2,"victory":false,"max_hp_per_floor":[75,75,75,75,75,75,75,75,75,75,75,75,75,75,75,75,75,75,75,75,75,75,75,75],"card_choices":[{"not_picked":["SnafuTest:PowerHangmenTree","SnafuTest:ShoulderSlam","SnafuTest:ExcessiveLevies"],"picked":"SKIP","floor":1},{"not_picked":["SnafuTest:CalculatingAmbition","SnafuTest:SignYrden"],"picked":"SnafuTest:MCFeignDeath","floor":2},{"not_picked":["SnafuTest:BattleCry","SnafuTest:BombDimeritium"],"picked":"SnafuTest:SwordDance","floor":4},{"not_picked":["SnafuTest:WeddingDance","SnafuTest:Kick"],"picked":"SnafuTest:BombDancingStar","floor":5},{"not_picked":["SnafuTest:AncestralRitual","SnafuTest:HermitsErudition"],"picked":"SnafuTest:PowerProbingFeint","floor":6},{"not_picked":["SnafuTest:Oriole","SnafuTest:UndefeatedNarcissism","SnafuTest:SpellLivingArmor"],"picked":"SKIP","floor":10},{"not_picked":["SnafuTest:ShoulderSlam","SnafuTest:PowerTrialOfGrasses"],"picked":"SnafuTest:BlackSunReturn","floor":12},{"not_picked":["SnafuTest:Portal","SnafuTest:PayHappyHour"],"picked":"SnafuTest:BlueWhale","floor":13},{"not_picked":["SnafuTest:PowerContactIsContract","SnafuTest:SpellIthlinneProphecy"],"picked":"SnafuTest:Decapitate","floor":16},{"not_picked":["SnafuTest:ScholarsIntrigue","SnafuTest:MCPlayGwent"],"picked":"SnafuTest:GetPaid","floor":18},{"not_picked":["SnafuTest:BombDevilsPuffball+1","SnafuTest:DesperateRemediation"],"picked":"SnafuTest:Meditation","floor":22}],"player_experience":253618,"relics_obtained":[{"floor":6,"key":"ats:Originium"},{"floor":6,"key":"hubris:TinFlute"},{"floor":9,"key":"infinitespire:Beetle Shell"},{"floor":13,"key":"ats:Originium"},{"floor":13,"key":"Choco_Feather"}],"event_choices":[{"damage_healed":0,"gold_gain":0,"player_choice":"Trade","damage_taken":0,"relics_obtained":["GremlinMask"],"max_hp_gain":0,"max_hp_loss":0,"event_name":"FaceTrader","floor":20,"gold_loss":0}],"is_beta":false,"boss_relics":[{"not_picked":["halation:LoveArrow","hubris:CrackedHourglass"],"picked":"SlaversCollar"}],"items_purged_floors":[7,21],"is_endless":false,"potions_floor_spawned":[2,5,10,12,13,18],"killed_by":"Slavers","ascension_level":0}}