{"host":"hgkb2zpbo2dcws21","time":1609337597,"event":{"mods":["AchievementEnabler","BaseMod","Colored Map","Colored Powertips","Custom Start","DeckTracker","KOR Keyword Fix","Minty Spire (QoL Compilation)","Relic Stats","StSLib","SuperFastMode"],"gold_per_floor":[415,429,429,33,33,65,75,75,75,91,241,241,18,18,18,97,97,109,121,138,138,154,154,186,186,186,186,202,214,214,234,234,307,307,323,334,147,192,212,212,240,240,263,263,296,316,316,316],"floor_reached":47,"playtime":912,"items_purged":["Writhe","Doubt"],"score":1085,"play_id":"7ffde263-f37e-4f1f-97a6-c64075920db5","local_time":"20201230231317","is_ascension_mode":true,"campfire_choices":[{"data":"Perfected Strike","floor":8.0,"key":"SMITH"},{"data":"Perfected Strike","floor":12.0,"key":"SMITH"},{"data":"Pommel Strike","floor":15.0,"key":"SMITH"},{"data":"Demon Form","floor":23.0,"key":"SMITH"},{"data":"Feel No Pain","floor":25.0,"key":"SMITH"},{"data":"Pommel Strike","floor":27.0,"key":"SMITH"},{"floor":32.0,"key":"REST"},{"data":"Corruption","floor":40.0,"key":"SMITH"},{"data":"Feel No Pain","floor":42.0,"key":"SMITH"}],"circlet_count":0,"master_deck":["AscendersBane","Strike_R+1","Strike_R+1","Strike_R+1","Strike_R+1","Strike_R+1","Defend_R+1","Defend_R+1","Defend_R+1","Defend_R+1","Bash","Perfected Strike+1","Perfected Strike+1","Shrug It Off","Pommel Strike+1","Ghostly Armor","Demon Form+1","Wild Strike","Battle Trance+1","Pommel Strike+1","Wild Strike","Feel No Pain+1","Shrug It Off","Perfected Strike","Offering+1","Twin Strike","Heavy Blade+1","Corruption+1","Entrench","Feel No Pain+1","Seeing Red","Second Wind+1","Burning Pact","True Grit"],"relics":["Black Blood","Old Coin","Self Forming Clay","Ice Cream","Bag of Marbles","War Paint","Membership Card","Velvet Choker","StrikeDummy","Turnip","Pen Nib","Mango","Calipers","MealTicket"],"acts_visited":["Exordium","TheCity","TheBeyond"],"potions_floor_usage":[46],"damage_taken":[{"damage":12.0,"enemies":"2 Louse","floor":1.0,"turns":3.0},{"damage":7.0,"enemies":"Jaw Worm","floor":2.0,"turns":3.0},{"damage":32.0,"enemies":"Lagavulin","floor":6.0,"turns":5.0},{"damage":0.0,"enemies":"Small Slimes","floor":7.0,"turns":2.0},{"damage":10.0,"enemies":"Exordium Thugs","floor":10.0,"turns":3.0},{"damage":24.0,"enemies":"Slime Boss","floor":16.0,"turns":9.0},{"damage":6.0,"enemies":"Shell Parasite","floor":18.0,"turns":2.0},{"damage":0.0,"enemies":"Chosen","floor":19.0,"turns":3.0},{"damage":9.0,"enemies":"Snecko","floor":20.0,"turns":4.0},{"damage":10.0,"enemies":"Cultist and Chosen","floor":22.0,"turns":5.0},{"damage":33.0,"enemies":"Gremlin Leader","floor":24.0,"turns":4.0},{"damage":0.0,"enemies":"Centurion and Healer","floor":28.0,"turns":3.0},{"damage":13.0,"enemies":"Snecko","floor":29.0,"turns":3.0},{"damage":0.0,"enemies":"Snake Plant","floor":31.0,"turns":1.0},{"damage":97.0,"enemies":"Automaton","floor":33.0,"turns":8.0},{"damage":7.0,"enemies":"3 Shapes","floor":35.0,"turns":3.0},{"damage":0.0,"enemies":"Orb Walker","floor":36.0,"turns":1.0},{"damage":22.0,"enemies":"2 Orb Walkers","floor":38.0,"turns":4.0},{"damage":8.0,"enemies":"Maw","floor":39.0,"turns":6.0},{"damage":39.0,"enemies":"Giant Head","floor":41.0,"turns":6.0},{"damage":16,"enemies":"Nemesis","floor":45,"turns":3},{"damage":18,"enemies":"3 Darklings","floor":46,"turns":5},{"damage":65,"enemies":"Reptomancer","floor":47,"turns":3}],"seed_played":"744955761613941785","potions_obtained":[{"floor":2.0,"key":"GamblersBrew"},{"floor":14.0,"key":"SteroidPotion"},{"floor":16.0,"key":"EntropicBrew"},{"floor":31.0,"key":"FairyPotion"},{"floor":39.0,"key":"PowerPotion"},{"floor":41.0,"key":"BloodPotion"},{"floor":46,"key":"Strength Potion"}],"is_trial":false,"path_per_floor":["M","M","?","$","?","E","M","R","T","M","?","R","$","?","R","B",null,"M","M","M","?","M","R","E","R","T","R","M","M","?","M","R","B",null,"M","M","$","?","M","R","E","R","T","?","E","M","E"],"character_chosen":"IRONCLAD","items_purchased":["Ice Cream","Membership Card","Corruption","Pen Nib","Entrench"],"campfire_rested":1,"item_purchase_floors":[4,13,37,37,37],"current_hp_per_floor":[62,61,26,26,51,25,31,31,31,27,27,27,27,27,27,9,59,59,65,62,62,58,58,31,31,31,31,37,30,30,36,58,20,61,66,75,75,79,83,83,56,56,56,56,52,63,0,0],"gold":316,"neow_bonus":"ONE_RARE_RELIC","is_daily":false,"chose_seed":false,"campfire_upgraded":8,"win_rate":0.0,"timestamp":1609337597,"path_taken":["M","M","?","$","?","E","M","R","T","M","?","R","$","?","R","BOSS","M","M","M","?","M","R","E","R","T","R","M","M","?","?","R","BOSS","M","M","$","?","M","R","E","R","T","?","E","?","E"],"items_purchased_type":["Relic","Relic","Card","Relic","Card"],"build_version":"2020-12-22","purchased_purges":2,"victory":false,"max_hp_per_floor":[75,75,75,75,75,75,75,75,75,75,75,75,75,75,75,75,75,75,75,75,75,75,75,75,75,75,75,75,75,75,75,75,75,75,75,75,75,89,89,89,89,89,89,89,89,89,89,89],"relic_stats":{"counters":[23,89],"Self Forming Clay":[135],"Black Blood":171,"MealTicket":0,"Turnip":[5],"Pen Nib":[5],"War Paint":["Defend_R","Defend_R"],"obtain_stats":[{"Ice Cream":4,"Calipers":41,"Self Forming Clay":3,"Velvet Choker":17,"Black Blood":34,"Mango":38,"Pen Nib":37,"War Paint":9,"Burning Blood":0,"Old Coin":0,"MealTicket":45,"Turnip":26,"Bag of Marbles":6,"Membership Card":13,"StrikeDummy":24},{"Ice Cream":2,"Calipers":20,"Self Forming Clay":2,"Velvet Choker":6,"Black Blood":15,"Mango":18,"Pen Nib":17,"War Paint":4,"Burning Blood":0,"Old Coin":0,"MealTicket":21,"Turnip":11,"Bag of Marbles":3,"Membership Card":5,"StrikeDummy":11},{"Ice Cream":6,"Calipers":78,"Self Forming Clay":6,"Velvet Choker":25,"Black Blood":58,"Mango":66,"Pen Nib":62,"War Paint":13,"Burning Blood":0,"Old Coin":0,"MealTicket":81,"Turnip":43,"Bag of Marbles":11,"Membership Card":16,"StrikeDummy":43}]},"card_choices":[{"not_picked":["Cleave","Headbutt"],"picked":"Perfected Strike","floor":1.0},{"not_picked":["Armaments","Hemokinesis"],"picked":"Perfected Strike","floor":2.0},{"not_picked":["Dropkick","Clothesline"],"picked":"Shrug It Off","floor":6.0},{"not_picked":["Limit Break","True Grit"],"picked":"Pommel Strike","floor":7.0},{"not_picked":["Bloodletting","Cleave"],"picked":"Ghostly Armor","floor":10.0},{"not_picked":["Immolate","Reaper"],"picked":"Demon Form","floor":16.0},{"not_picked":["Evolve","Warcry"],"picked":"Wild Strike","floor":18.0},{"not_picked":["Heavy Blade","True Grit"],"picked":"Battle Trance+1","floor":19.0},{"not_picked":["Infernal Blade","Headbutt"],"picked":"Pommel Strike","floor":20.0},{"not_picked":["Pommel Strike","Havoc"],"picked":"Wild Strike","floor":22.0},{"not_picked":["Sever Soul","Inflame"],"picked":"Feel No Pain","floor":24.0},{"not_picked":["Clothesline","True Grit"],"picked":"Shrug It Off","floor":28.0},{"not_picked":["Anger","Pommel Strike"],"picked":"Perfected Strike","floor":29.0},{"not_picked":["Shrug It Off","Armaments+1"],"picked":"Offering","floor":31.0},{"not_picked":["Rage","Headbutt"],"picked":"Twin Strike","floor":35.0},{"not_picked":["Metallicize","Cleave"],"picked":"Heavy Blade+1","floor":36.0},{"not_picked":["Bloodletting","Twin Strike"],"picked":"Feel No Pain","floor":38.0},{"not_picked":["Metallicize","Rampage"],"picked":"Seeing Red","floor":39.0},{"not_picked":["Spot Weakness+1","Searing Blow"],"picked":"Second Wind+1","floor":41.0},{"not_picked":["Cleave","Wild Strike"],"picked":"Burning Pact","floor":45},{"not_picked":["Pummel","Demon Form"],"picked":"True Grit","floor":46}],"player_experience":1121099,"relics_obtained":[{"floor":6.0,"key":"Bag of Marbles"},{"floor":9.0,"key":"War Paint"},{"floor":24.0,"key":"StrikeDummy"},{"floor":26.0,"key":"Turnip"},{"floor":38.0,"key":"Mango"},{"floor":41.0,"key":"Calipers"},{"floor":45,"key":"MealTicket"}],"event_choices":[{"damage_healed":0.0,"max_hp_gain":0.0,"max_hp_loss":0.0,"gold_gain":0.0,"event_name":"Scrap Ooze","player_choice":"Success","floor":3.0,"gold_loss":0.0,"damage_taken":35.0,"relics_obtained":["Self Forming Clay"]},{"damage_healed":25.0,"max_hp_gain":0.0,"max_hp_loss":0.0,"gold_gain":0.0,"event_name":"Big Fish","player_choice":"Banana","floor":5.0,"gold_loss":0.0,"damage_taken":0.0},{"damage_healed":0.0,"max_hp_gain":0.0,"max_hp_loss":0.0,"gold_gain":150.0,"event_name":"Liars Game","player_choice":"AGREE","floor":11.0,"gold_loss":0.0,"damage_taken":0.0,"cards_obtained":["Doubt"]},{"damage_healed":0.0,"max_hp_gain":0.0,"max_hp_loss":0.0,"gold_gain":0.0,"event_name":"Lab","player_choice":"Got Potions","floor":14.0,"gold_loss":0.0,"damage_taken":0.0},{"damage_healed":0.0,"max_hp_gain":0.0,"max_hp_loss":0.0,"gold_gain":0.0,"event_name":"Vampires","player_choice":"Ignored","floor":21.0,"gold_loss":0.0,"damage_taken":0.0},{"damage_healed":0.0,"max_hp_gain":0.0,"max_hp_loss":0.0,"gold_gain":0.0,"event_name":"Back to Basics","player_choice":"Simplicity","floor":30.0,"gold_loss":0.0,"damage_taken":0.0,"cards_upgraded":["Strike_R","Strike_R","Strike_R","Strike_R","Strike_R","Defend_R","Defend_R"]},{"damage_healed":0.0,"max_hp_gain":0.0,"max_hp_loss":0.0,"gold_gain":0.0,"event_name":"Mysterious Sphere","player_choice":"Fight","floor":38.0,"gold_loss":0.0,"damage_taken":0.0},{"damage_healed":0,"gold_gain":0,"player_choice":"Upgraded","damage_taken":0,"max_hp_gain":0,"max_hp_loss":0,"event_name":"Upgrade Shrine","floor":44,"gold_loss":0,"cards_upgraded":["Offering"]}],"is_beta":false,"boss_relics":[{"not_picked":["SacredBark","Busted Crown"],"picked":"Velvet Choker"},{"not_picked":["Pandora\u0027s Box","Runic Cube"],"picked":"Black Blood"}],"items_purged_floors":[4,13],"is_endless":false,"potions_floor_spawned":[2,16,22,24,31,36,39,41,46],"killed_by":"Reptomancer","ascension_level":20}}