{"host":"cvi30shpqg1ukvbr","time":1609327170,"event":{"mods":["Act Like it!","BaseMod","Better Altar","Better Match","Better Note","Better Sensory Stone","Better Skull","Better Third Choice","Conspire","GifTheSpireLib","Hubris","Infinite Spire","Minty Spire (QoL Compilation)","Relic Stats","Replay The Spire","Shop Mod","Spicy Shops","StSLib","Stuff the Spire"],"gold_per_floor":[10,30,50,50,66,95,95,105,151,151,162,178,196,237,237,335,335,348,348,362,380,398,425,425,458,458,491,507,121,121,148,148,248,248,263,263,263,275,8,33,33,53,76,95,111,111,137,137,137,137,137,137,7,39,39],"floor_reached":56,"playtime":2446,"items_purged":["Writhe"],"score":1417,"play_id":"64888c35-2675-4c19-a4dd-54ad07f27f6f","local_time":"20201230201930","is_ascension_mode":true,"campfire_choices":[{"data":"Bludgeon","floor":7.0,"key":"SMITH"},{"data":"Bash","floor":10.0,"key":"SMITH"},{"data":"Rage","floor":15.0,"key":"SMITH"},{"data":"Limit Break","floor":30.0,"key":"SMITH"},{"floor":32.0,"key":"REST"},{"floor":41.0,"key":"REST"},{"floor":49.0,"key":"RECALL"},{"data":"infinitespire:NeuralNetwork","floor":52,"key":"SMITH"}],"circlet_count":0,"master_deck":["Strike_R","Strike_R","Strike_R","Strike_R","Defend_R","Defend_R","Defend_R","Defend_R","Bash+1","Bloodletting","Rage+1","infinitespire:OneForAll","conspire:ExplosiveBarrier","Bludgeon+1","ReplayTheSpireMod:Muscle Training","Shrug It Off","Shrug It Off","Carnage","Brutality","Entrench+1","infinitespire:NeuralNetwork+1","Body Slam","Feed","hubris:ReadiedAction","True Grit","Limit Break+1","Twin Strike+1","Armaments+1","Double Tap","Juggernaut","Juggernaut","Inflame","infinitespire:Fortify","infinitespire:Starlight","Limit Break","Body Slam+1","True Grit+1","CommonCold","conspire:Purge","Disarm+1","StuffTheSpire:Pyroclast+1","Feel No Pain","True Grit+1"],"relics":["Burning Blood","Turnip","hubris:Towel","StuffTheSpire:Tea","Toy Ornithopter","conspire:BottledYoYo","SacredBark","Sling","infinitespire:Satchel","Pantograph","conspire:GiftBox","hubris:BottledRain","hubris:EmptyBottle","Vajra","Replay:Bottled Steam","Cursed Key","hubris:SphereOfDissonance","Membership Card","ReplayTheSpireMod:Spearhead","infinitespire:Lucky Rock","Bronze Scales","StuffTheSpire:Gunfinga"],"acts_visited":["Exordium","TheCity","TheBeyond","TheEnding"],"potions_floor_usage":[50,50,50,50,54,55,55,55],"damage_taken":[{"damage":6.0,"enemies":"Jaw Worm","floor":1.0,"turns":5.0},{"damage":13.0,"enemies":"Small Slimes","floor":2.0,"turns":5.0},{"damage":0.0,"enemies":"2 Louse","floor":3.0,"turns":3.0},{"damage":15.0,"enemies":"Looter","floor":5.0,"turns":4.0},{"damage":29.0,"enemies":"Lagavulin","floor":6.0,"turns":8.0},{"damage":6.0,"enemies":"Large Slime","floor":8.0,"turns":4.0},{"damage":3.0,"enemies":"Blue Slaver","floor":11.0,"turns":3.0},{"damage":10.0,"enemies":"3 Louse","floor":12.0,"turns":4.0},{"damage":4.0,"enemies":"2 Fungi Beasts","floor":13.0,"turns":3.0},{"damage":29.0,"enemies":"conspire:MimicChest","floor":14.0,"turns":6.0},{"damage":11.0,"enemies":"Hexaghost","floor":16.0,"turns":6.0},{"damage":1.0,"enemies":"3 Byrds","floor":18.0,"turns":3.0},{"damage":13.0,"enemies":"Shell Parasite","floor":20.0,"turns":3.0},{"damage":11.0,"enemies":"Centurion and Healer","floor":21.0,"turns":5.0},{"damage":4.0,"enemies":"Cultist and Chosen","floor":22.0,"turns":3.0},{"damage":47.0,"enemies":"Slavers","floor":23.0,"turns":5.0},{"damage":4.0,"enemies":"Book of Stabbing","floor":25.0,"turns":5.0},{"damage":25.0,"enemies":"Slavers","floor":27.0,"turns":6.0},{"damage":0.0,"enemies":"Shelled Parasite and Fungi","floor":28.0,"turns":4.0},{"damage":40.0,"enemies":"Book of Stabbing","floor":31.0,"turns":4.0},{"damage":9.0,"enemies":"conspire:MysteriousRune","floor":33.0,"turns":5.0},{"damage":26.0,"enemies":"3 Darklings","floor":35.0,"turns":6.0},{"damage":31.0,"enemies":"Orb Walker","floor":38.0,"turns":4.0},{"damage":52.0,"enemies":"Nemesis","floor":40.0,"turns":5.0},{"damage":10.0,"enemies":"Jaw Worm Horde","floor":42.0,"turns":4.0},{"damage":34.0,"enemies":"3 Darklings","floor":44.0,"turns":8.0},{"damage":17.0,"enemies":"4 Shapes","floor":45.0,"turns":7.0},{"damage":22.0,"enemies":"R_Hoarder","floor":47.0,"turns":6.0},{"damage":41,"enemies":"Donu and Deca","floor":50,"turns":6},{"damage":58,"enemies":"Shield and Spear","floor":54,"turns":5},{"damage":88,"enemies":"The Heart","floor":55,"turns":8}],"seed_played":"6318149411771045541","potions_obtained":[{"floor":1.0,"key":"DuplicationPotion"},{"floor":8.0,"key":"EntropicBrew"},{"floor":11.0,"key":"SkillPotion"},{"floor":14.0,"key":"Dexterity Potion"},{"floor":16.0,"key":"Explosive Potion"},{"floor":18.0,"key":"AttackPotion"},{"floor":22.0,"key":"BlessingOfTheForge"},{"floor":25.0,"key":"Toxic Potion"},{"floor":27.0,"key":"LifebloodPotion"},{"floor":28.0,"key":"CultistPotion"},{"floor":38.0,"key":"SteroidPotion"},{"floor":44.0,"key":"Explosive Potion"},{"floor":45.0,"key":"PowerPotion"},{"floor":54,"key":"Fire Potion"}],"is_trial":false,"path_per_floor":["M","M","M","?","M","E","R","M","T","R","M","M","M","?","R","B",null,"M","AVR","M","M","M","E","?","E","T","E","M","$","R","E","R","B",null,"M","AVR","?","M","$","E","R","M","T","M","M","?","E","?","R","B",null,"R","$","E","B",null],"character_chosen":"IRONCLAD","items_purchased":["hubris:EmptyBottle","Double Tap","Vajra","Membership Card","Limit Break","Bronze Scales","Weak Potion","Feel No Pain"],"campfire_rested":2,"item_purchase_floors":[29,29,29,39,39,53,53,53],"current_hp_per_floor":[80,73,79,79,70,47,47,47,47,47,50,46,48,30,30,35,80,80,80,73,68,75,52,52,59,59,43,62,62,62,28,54,61,89,69,69,89,68,68,32,59,58,58,44,46,46,40,40,40,50,103,103,103,66,34],"gold":39,"neow_bonus":"ONE_RARE_RELIC","is_daily":false,"chose_seed":false,"campfire_upgraded":5,"win_rate":0.0,"timestamp":1609327170,"path_taken":["M","M","M","?","M","E","R","M","T","R","M","M","M","?","R","BOSS","M","AVR","M","M","M","E","?","E","T","E","M","$","R","E","R","BOSS","M","AVR","?","M","$","E","R","M","T","M","M","?","E","?","R","BOSS","R","$","E","BOSS"],"items_purchased_type":["Relic","Card","Relic","Relic","Card","Relic","Potion","Card"],"build_version":"2020-12-22","purchased_purges":1,"victory":true,"max_hp_per_floor":[80,80,80,80,80,80,80,80,80,80,80,80,80,80,80,80,80,80,80,80,80,80,83,83,83,83,86,89,89,89,89,89,89,89,89,89,89,93,93,93,93,96,96,100,103,103,103,103,103,103,103,103,103,103,103],"relic_stats":{"counters":[31,153],"Pantograph":50,"Bronze Scales":[93],"Turnip":[6],"Cursed Key":1,"obtain_stats":[{"SacredBark":17,"Vajra":29,"hubris:SphereOfDissonance":36,"infinitespire:Lucky Rock":47,"hubris:Towel":4,"hubris:EmptyBottle":29,"Sling":19,"Cursed Key":34,"Burning Blood":0,"conspire:GiftBox":26,"ReplayTheSpireMod:Spearhead":40,"StuffTheSpire:Gunfinga":54,"Pantograph":25,"Bronze Scales":53,"infinitespire:Satchel":23,"Turnip":0,"conspire:BottledYoYo":14,"Membership Card":39,"Toy Ornithopter":9,"StuffTheSpire:Tea":6,"hubris:BottledRain":27,"Replay:Bottled Steam":31},{"SacredBark":11,"Vajra":19,"hubris:SphereOfDissonance":22,"infinitespire:Lucky Rock":28,"hubris:Towel":3,"hubris:EmptyBottle":19,"Sling":12,"Cursed Key":21,"Burning Blood":0,"conspire:GiftBox":17,"ReplayTheSpireMod:Spearhead":24,"StuffTheSpire:Gunfinga":30,"Pantograph":17,"Bronze Scales":29,"infinitespire:Satchel":16,"Turnip":0,"conspire:BottledYoYo":10,"Membership Card":23,"Toy Ornithopter":6,"StuffTheSpire:Tea":5,"hubris:BottledRain":18,"Replay:Bottled Steam":20},{"SacredBark":51,"Vajra":85,"hubris:SphereOfDissonance":100,"infinitespire:Lucky Rock":134,"hubris:Towel":13,"hubris:EmptyBottle":85,"Sling":54,"Cursed Key":94,"Burning Blood":0,"conspire:GiftBox":75,"ReplayTheSpireMod:Spearhead":109,"StuffTheSpire:Gunfinga":145,"Pantograph":75,"Bronze Scales":140,"infinitespire:Satchel":70,"Turnip":0,"conspire:BottledYoYo":45,"Membership Card":104,"Toy Ornithopter":29,"StuffTheSpire:Tea":25,"hubris:BottledRain":81,"Replay:Bottled Steam":89}],"Burning Blood":180,"Toy Ornithopter":101},"card_choices":[{"not_picked":["Flex","Run Through"],"picked":"Bloodletting","floor":1.0},{"not_picked":["Flex","conspire:ExplosiveBarrier"],"picked":"Rage","floor":2.0},{"not_picked":["Anger","StuffTheSpire:Slingshot"],"picked":"infinitespire:OneForAll","floor":3.0},{"not_picked":["hubris:ReadiedAction","Warcry"],"picked":"conspire:ExplosiveBarrier","floor":5.0},{"not_picked":["Intimidate","Ghostly Armor"],"picked":"Bludgeon","floor":6.0},{"not_picked":["Abandon","Pommel Strike"],"picked":"ReplayTheSpireMod:Muscle Training","floor":8.0},{"not_picked":["Hemokinesis","Blood for Blood"],"picked":"Shrug It Off","floor":11.0},{"not_picked":["Abandon","Replay:Undeath\u0027s Touch"],"picked":"Searing Blow","floor":12.0},{"not_picked":["Wild Strike","Thunderclap"],"picked":"Shrug It Off","floor":13.0},{"not_picked":["hubris:ReadiedAction","hubris:CleavingFinish"],"picked":"Carnage","floor":14.0},{"not_picked":["Reaper","Juggernaut"],"picked":"Brutality","floor":16.0},{"not_picked":["Wild Strike+1","Armaments"],"picked":"Entrench+1","floor":18.0},{"not_picked":["Clothesline","Sever Soul"],"picked":"Body Slam","floor":20.0},{"not_picked":["Pommel Strike","Anger","Sword Boomerang+1"],"picked":"SKIP","floor":21.0},{"not_picked":["Anger","Warcry+1"],"picked":"Feed","floor":22.0},{"not_picked":["Sever Soul","Anger"],"picked":"hubris:ReadiedAction","floor":23.0},{"not_picked":["Corruption","Entrench"],"picked":"True Grit","floor":25.0},{"not_picked":["conspire:Purge","conspire:HitWhereItHurts"],"picked":"Limit Break","floor":26.0},{"not_picked":["StuffTheSpire:Incineration+1","Wild Strike+1"],"picked":"Twin Strike+1","floor":27.0},{"not_picked":["Battle Trance+1","Dropkick"],"picked":"Armaments+1","floor":28.0},{"not_picked":["Perfected Strike","Fiend Fire"],"picked":"Juggernaut","floor":31.0},{"not_picked":["Fiend Fire","Replay:Many Hands"],"picked":"Juggernaut","floor":33.0},{"not_picked":["Clothesline+1","infinitespire:OneForAll"],"picked":"Inflame","floor":35.0},{"not_picked":["Perfected Strike","ReplayTheSpireMod:Strike From Hell","Warcry+1"],"picked":"SKIP","floor":38.0},{"not_picked":["Massacre","Second Wind"],"picked":"Body Slam+1","floor":40.0},{"not_picked":["StuffTheSpire:Slingshot+1","Armaments"],"picked":"True Grit+1","floor":42.0},{"not_picked":["Clash","Evolve"],"picked":"conspire:Purge","floor":44.0},{"not_picked":["hubris:ReadiedAction+1","Warcry+1"],"picked":"Disarm+1","floor":45.0},{"not_picked":["Flex","Heavy Blade"],"picked":"StuffTheSpire:Pyroclast+1","floor":47.0},{"not_picked":["Wild Strike","Havoc"],"picked":"True Grit+1","floor":54}],"player_experience":1788995,"relics_obtained":[{"floor":6.0,"key":"StuffTheSpire:Tea"},{"floor":9.0,"key":"Toy Ornithopter"},{"floor":14.0,"key":"conspire:BottledYoYo"},{"floor":23.0,"key":"infinitespire:Satchel"},{"floor":25.0,"key":"Pantograph"},{"floor":26.0,"key":"conspire:GiftBox"},{"floor":27.0,"key":"hubris:BottledRain"},{"floor":31.0,"key":"Replay:Bottled Steam"},{"floor":40.0,"key":"ReplayTheSpireMod:Spearhead"},{"floor":47.0,"key":"infinitespire:Lucky Rock"},{"floor":54,"key":"StuffTheSpire:Gunfinga"}],"event_choices":[{"cards_removed":["Searing Blow"],"damage_healed":0.0,"max_hp_gain":0.0,"max_hp_loss":0.0,"gold_gain":0.0,"event_name":"Purifier","player_choice":"Purged","floor":24.0,"gold_loss":0.0,"damage_taken":0.0},{"damage_healed":22.0,"max_hp_gain":0.0,"max_hp_loss":0.0,"gold_gain":0.0,"event_name":"Winding Halls","player_choice":"Writhe","floor":37.0,"gold_loss":0.0,"damage_taken":0.0,"cards_obtained":["Writhe"]},{"damage_healed":0.0,"max_hp_gain":0.0,"max_hp_loss":0.0,"gold_gain":0.0,"event_name":"Mysterious Sphere","player_choice":"Ignored","floor":46.0,"gold_loss":0.0,"damage_taken":0.0},{"damage_healed":0.0,"max_hp_gain":0.0,"max_hp_loss":0.0,"gold_gain":0.0,"event_name":"Lab","player_choice":"Got Potions","floor":48.0,"gold_loss":0.0,"damage_taken":0.0}],"is_beta":false,"boss_relics":[{"not_picked":["Runic Dome","Replay:Wanted Poster"],"picked":"SacredBark"},{"not_picked":["Busted Crown","Runic Pyramid"],"picked":"Cursed Key"}],"items_purged_floors":[39],"is_endless":false,"potions_floor_spawned":[1,8,11,14,16,18,22,25,27,28,38,44,45,54],"ascension_level":1}}