{"host":"bbrtpn53yniy7wad","time":1609298505,"event":{"mods":["AchievementEnabler","BaseMod","Colored Map","Minty Spire (QoL Compilation)","SuperFastMode"],"gold_per_floor":[119,119,136,61,61,61,71,71,123,133,148,166,181,181,181,258,258,268,134,153,17,31,31,51,51,123,139,152,162,162,162,162,162,162],"floor_reached":33,"playtime":895,"items_purged":["Strike_G","Strike_G","Strike_G"],"score":486,"play_id":"5cfce54b-04cb-45f0-bca2-eaa15127dc11","local_time":"20201230122145","is_ascension_mode":true,"campfire_choices":[{"data":"Dash","floor":6,"key":"SMITH"},{"data":"Neutralize","floor":8,"key":"SMITH"},{"data":"Venomology","floor":15,"key":"SMITH"},{"data":"Footwork","floor":23,"key":"SMITH"},{"data":"Blur","floor":30,"key":"SMITH"},{"data":"Survivor","floor":32,"key":"SMITH"}],"circlet_count":0,"master_deck":["AscendersBane","Strike_G","Defend_G","Defend_G","Defend_G","Defend_G","Defend_G","Survivor+1","Neutralize+1","Deadly Poison+1","Dash+1","Venomology+1","Skewer","Heel Hook","Predator","Bouncing Flask","Malaise","Blur+1","Footwork+1","Crippling Poison","PiercingWail","Acrobatics","Decay","PiercingWail","After Image","Backflip"],"relics":["Coffee Dripper","Matryoshka","Dream Catcher","Smiling Mask","HoveringKite","Bag of Marbles","Question Card"],"acts_visited":["Exordium","TheCity"],"potions_floor_usage":[10,11,12,12,13,16,16,18,20,20,22,22,24,24,27,28,28,29,33,33,33],"damage_taken":[{"damage":18,"enemies":"Jaw Worm","floor":1,"turns":6},{"damage":1,"enemies":"Cultist","floor":3,"turns":4},{"damage":0,"enemies":"Small Slimes","floor":7,"turns":3},{"damage":0,"enemies":"Exordium Thugs","floor":10,"turns":5},{"damage":1,"enemies":"Looter","floor":11,"turns":2},{"damage":0,"enemies":"Large Slime","floor":12,"turns":4},{"damage":5,"enemies":"Gremlin Gang","floor":13,"turns":4},{"damage":5,"enemies":"Hexaghost","floor":16,"turns":7},{"damage":10,"enemies":"Chosen","floor":18,"turns":5},{"damage":20,"enemies":"2 Thieves","floor":20,"turns":5},{"damage":6,"enemies":"Shelled Parasite and Fungi","floor":22,"turns":7},{"damage":0,"enemies":"Snake Plant","floor":24,"turns":4},{"damage":1,"enemies":"Snecko","floor":27,"turns":5},{"damage":11,"enemies":"Sentry and Sphere","floor":28,"turns":5},{"damage":1,"enemies":"Centurion and Healer","floor":29,"turns":7},{"damage":29,"enemies":"Automaton","floor":33,"turns":12}],"seed_played":"1184072254622591931","potions_obtained":[{"floor":7,"key":"Explosive Potion"},{"floor":10,"key":"BlessingOfTheForge"},{"floor":13,"key":"Fire Potion"},{"floor":16,"key":"Strength Potion"},{"floor":20,"key":"Dexterity Potion"},{"floor":22,"key":"LiquidMemories"},{"floor":27,"key":"BlessingOfTheForge"},{"floor":29,"key":"SkillPotion"}],"is_trial":false,"path_per_floor":["M","?","M","$","T","R","M","R","T","M","M","M","M","?","R","B",null,"M","$","M","$","M","R","M","?","T","M","M","M","R","?","R","B"],"character_chosen":"THE_SILENT","items_purchased":["Footwork","Crippling Poison"],"campfire_rested":0,"item_purchase_floors":[19,21],"current_hp_per_floor":[41,41,40,40,40,40,40,40,40,40,39,39,34,27,27,22,55,45,45,25,25,19,19,19,19,19,18,7,6,6,19,19,0,0],"gold":162,"neow_bonus":"BOSS_RELIC","is_daily":false,"chose_seed":false,"campfire_upgraded":6,"win_rate":0.0,"timestamp":1609298505,"path_taken":["M","?","?","$","?","R","M","R","T","?","M","M","M","?","R","BOSS","M","$","M","$","M","R","M","?","T","M","M","M","R","?","R","BOSS"],"items_purchased_type":["Card","Card"],"build_version":"2020-12-22","purchased_purges":3,"victory":false,"max_hp_per_floor":[66,66,66,66,66,66,66,66,66,66,66,66,66,66,66,66,66,66,66,66,66,66,66,66,66,66,66,66,66,66,66,66,66,66],"card_choices":[{"not_picked":["Blade Dance","Dodge and Roll"],"picked":"Deadly Poison","floor":1},{"not_picked":["Blade Dance","Well Laid Plans"],"picked":"Dash","floor":3},{"not_picked":["Acrobatics","Bane"],"picked":"Venomology","floor":7},{"not_picked":["Dagger Spray","Setup"],"picked":"Skewer","floor":10},{"not_picked":["Quick Slash","Backflip"],"picked":"Heel Hook","floor":11},{"not_picked":["Heel Hook","Bane"],"picked":"Predator","floor":12},{"not_picked":["Doppelganger","Blade Dance"],"picked":"Bouncing Flask","floor":13},{"not_picked":["Unload","Storm of Steel"],"picked":"Malaise","floor":16},{"not_picked":["Predator+1","Choke"],"picked":"Blur","floor":18},{"not_picked":["Slice","Flying Knee","Riddle With Holes"],"picked":"SKIP","floor":20},{"not_picked":["Blade Dance","Riddle With Holes+1"],"picked":"PiercingWail","floor":22},{"not_picked":["Dagger Throw+1","Cloak And Dagger"],"picked":"Acrobatics","floor":24},{"not_picked":["Backstab","Cloak And Dagger","Flechettes"],"picked":"PiercingWail","floor":27},{"not_picked":["Blade Dance","Prepared","Flying Knee"],"picked":"After Image","floor":28},{"not_picked":["Underhanded Strike","Concentrate","Sucker Punch"],"picked":"Backflip","floor":29}],"player_experience":1023040,"relics_obtained":[{"floor":5,"key":"Matryoshka"},{"floor":9,"key":"Dream Catcher"},{"floor":9,"key":"Smiling Mask"},{"floor":26,"key":"Bag of Marbles"},{"floor":26,"key":"Question Card"}],"event_choices":[{"damage_healed":0,"gold_gain":0,"player_choice":"Forge","damage_taken":0,"max_hp_gain":0,"max_hp_loss":0,"event_name":"Accursed Blacksmith","floor":2,"gold_loss":0,"cards_upgraded":["Deadly Poison"]},{"cards_removed":["Strike_G"],"damage_healed":0,"gold_gain":0,"player_choice":"Card Removal","damage_taken":7,"max_hp_gain":0,"max_hp_loss":0,"event_name":"Golden Wing","floor":14,"gold_loss":0},{"damage_healed":0,"gold_gain":0,"player_choice":"Smashed Altar","damage_taken":0,"max_hp_gain":0,"max_hp_loss":0,"event_name":"Forgotten Altar","floor":25,"gold_loss":0,"cards_obtained":["Decay"]},{"damage_healed":13,"gold_gain":0,"player_choice":"Heal","damage_taken":0,"max_hp_gain":0,"max_hp_loss":0,"event_name":"The Library","floor":31,"gold_loss":0}],"is_beta":false,"boss_relics":[{"not_picked":["Runic Dome","Calling Bell"],"picked":"HoveringKite"}],"items_purged_floors":[4,19,21],"is_endless":false,"potions_floor_spawned":[7,10,13,16,20,22,27,29],"killed_by":"Automaton","ascension_level":20}}