{"host":"am0cr9xwekqmrere","time":1609358204,"event":{"mods":["AchievementEnabler","Act Like it!","BaseMod","Better Altar","Better Match","Better Note","Better Sensory Stone","Better Skull","Better Third Choice","BetterRewards","Conspire","Hubris","Infinite Spire","Minty Spire (QoL Compilation)","Rare Cards Sparkle","Spicy Shops","StSLib","The Marked","Unceasing Turn Reminder"],"gold_per_floor":[111,130,130,130,157,188,200,219,244,244,258,258,258,272,272,402,402,472,472,493,493,493],"floor_reached":21,"playtime":602,"items_purged":[],"score":281,"play_id":"f054679e-19fa-4343-9dd9-3039d4baa57f","local_time":"20201230135644","is_ascension_mode":false,"campfire_choices":[{"floor":10,"key":"REST"},{"floor":15,"key":"REST"}],"circlet_count":0,"master_deck":["theMarked:Strike","theMarked:Strike","theMarked:Strike","theMarked:Strike","theMarked:Strike","theMarked:Defend","theMarked:Defend","theMarked:Defend","theMarked:Defend","theMarked:SoldierOfQuellstein","theMarked:ResourceFulStrike","theMarked:Abjuration+1","theMarked:Aftermath","theMarked:GodGivenPower","theMarked:Seal","theMarked:EmpowerWeapon","theMarked:TwofoldDefense","Injury","theMarked:Improvise","theMarked:EternalStudent","theMarked:Frustration","conspire:Banana","theMarked:EnhancedHearing"],"relics":["theMarked:ArtifactOfAir","Regal Pillow","Strange Spoon","hubris:MobiusCoin","conspire:GlowingRock","Golden Idol","hubris:Towel"],"acts_visited":["Exordium","TheCity"],"potions_floor_usage":[7,16,16,20,20,21],"damage_taken":[{"damage":0,"enemies":"Small Slimes","floor":1,"turns":3},{"damage":1,"enemies":"Jaw Worm","floor":2,"turns":3},{"damage":4,"enemies":"conspire:MimicChest","floor":5,"turns":4},{"damage":23,"enemies":"Gremlin Nob","floor":6,"turns":4},{"damage":1,"enemies":"Cultist","floor":7,"turns":3},{"damage":0,"enemies":"Large Slime","floor":8,"turns":2},{"damage":5,"enemies":"Looter","floor":11,"turns":3},{"damage":16,"enemies":"2 Fungi Beasts","floor":14,"turns":3},{"damage":11,"enemies":"Slime Boss","floor":16,"turns":8},{"damage":51,"enemies":"2 Thieves","floor":18,"turns":4},{"damage":10,"enemies":"Spheric Guardian","floor":20,"turns":4},{"damage":18,"enemies":"Chosen and Byrds","floor":21,"turns":4}],"seed_played":"3171711018375450243","potions_obtained":[{"floor":2,"key":"SmokeBomb"},{"floor":6,"key":"Regen Potion"},{"floor":7,"key":"LiquidBronze"},{"floor":14,"key":"Explosive Potion"},{"floor":18,"key":"ColorlessPotion"},{"floor":20,"key":"Weak Potion"}],"is_trial":false,"path_per_floor":["M","M","?","?","?","E","M","M","T","R","M","?","?","M","R","B",null,"M","?","M","M"],"character_chosen":"THE_DEFAULT","items_purchased":["Regal Pillow","Strange Spoon"],"campfire_rested":2,"item_purchase_floors":[0,0],"current_hp_per_floor":[62,61,61,61,57,34,42,42,42,70,65,65,65,49,70,59,70,19,19,10,0,0],"gold":493,"neow_bonus":"","is_daily":false,"chose_seed":false,"campfire_upgraded":0,"win_rate":0.0,"timestamp":1609358204,"path_taken":["M","M","?","?","?","E","M","?","T","R","M","?","?","M","R","BOSS","M","?","M","M"],"items_purchased_type":["Relic","Relic"],"build_version":"2020-12-22","purchased_purges":0,"victory":false,"max_hp_per_floor":[70,70,70,70,70,70,70,70,70,70,70,70,70,70,70,70,70,70,70,71,72,72],"card_choices":[{"not_picked":["theMarked:Static","theMarked:Aftermath"],"picked":"theMarked:ResourceFulStrike","floor":1},{"not_picked":["theMarked:WardOff","theMarked:ChainLightning"],"picked":"theMarked:Abjuration","floor":2},{"not_picked":["theMarked:Overcharge","theMarked:Overthink"],"picked":"theMarked:Aftermath","floor":5},{"not_picked":["theMarked:Standoff","theMarked:Aftermath"],"picked":"theMarked:GodGivenPower","floor":6},{"not_picked":["theMarked:Overthink","theMarked:Improvise"],"picked":"theMarked:Seal","floor":7},{"not_picked":["theMarked:Frustration","theMarked:Static"],"picked":"theMarked:EmpowerWeapon","floor":8},{"not_picked":["theMarked:ElectricStrings","theMarked:WastefulAttack"],"picked":"theMarked:TwofoldDefense","floor":11},{"not_picked":["theMarked:ChannelForce","theMarked:LightningStrikesTwice"],"picked":"theMarked:Improvise","floor":14},{"not_picked":["theMarked:FavorableWinds","theMarked:Defy"],"picked":"theMarked:EternalStudent","floor":16},{"not_picked":["theMarked:WastefulAttack","theMarked:TwofoldDefense"],"picked":"theMarked:Frustration","floor":18},{"not_picked":["theMarked:Aftermath","theMarked:DeterminationOfTheMarked"],"picked":"theMarked:EnhancedHearing","floor":20}],"player_experience":2545382,"relics_obtained":[{"floor":5,"key":"hubris:MobiusCoin"},{"floor":6,"key":"conspire:GlowingRock"}],"event_choices":[{"damage_healed":0,"gold_gain":0,"player_choice":"Disagree","damage_taken":0,"max_hp_gain":0,"max_hp_loss":0,"event_name":"conspire:LoneGhost","floor":3,"gold_loss":0},{"damage_healed":0,"gold_gain":0,"player_choice":"Grow","damage_taken":0,"max_hp_gain":0,"max_hp_loss":0,"event_name":"Living Wall","floor":4,"gold_loss":0,"cards_upgraded":["theMarked:Abjuration"]},{"damage_healed":0,"gold_gain":0,"player_choice":"Take Wound","damage_taken":0,"relics_obtained":["Golden Idol"],"max_hp_gain":0,"max_hp_loss":0,"event_name":"Golden Idol","floor":12,"gold_loss":0,"cards_obtained":["Injury"]},{"cards_removed":["theMarked:Abjuration"],"damage_healed":0,"gold_gain":0,"player_choice":"Take \u0026 Give","damage_taken":0,"max_hp_gain":0,"max_hp_loss":0,"event_name":"betterNote:BetterNote","floor":19,"gold_loss":0,"cards_obtained":["conspire:Banana"]}],"is_beta":false,"boss_relics":[{"not_picked":["Runic Pyramid","conspire:SlowCooker","Snecko Eye"]}],"items_purged_floors":[],"is_endless":false,"potions_floor_spawned":[2,6,7,14,18,20],"killed_by":"Chosen and Byrds","ascension_level":0}}