{"host":"kpyoctgc7jne3jiy","time":1609340415,"event":{"mods":["AchievementEnabler","BaseMod","Minty Spire (QoL Compilation)","Relic Stats"],"gold_per_floor":[118,68,68,79,98,98,130,142,142,142,65,79,98,17,17,118,118,130,149,149,74,74,74,85,85,111,145,61,70,104,132,132,239,239,264,291,300,6,6,6,43,73,148,148,148,184,206,233,233,233,233,233,21,49,49,49],"floor_reached":55,"playtime":2585,"items_purged":["Strike_R","Defend_R+1"],"score":913,"play_id":"55febaa5-fda3-472b-a6c7-14fd4d09fa9f","local_time":"20201230160015","is_ascension_mode":true,"campfire_choices":[{"data":"Bash","floor":6,"key":"SMITH"},{"data":"Intimidate","floor":10,"key":"SMITH"},{"floor":15,"key":"REST"},{"data":"Bludgeon","floor":23,"key":"SMITH"},{"data":"Battle Trance","floor":25,"key":"SMITH"},{"data":"Fire Breathing","floor":32,"key":"SMITH"},{"floor":40,"key":"RECALL"},{"floor":44,"key":"REST"},{"floor":49,"key":"REST"},{"floor":52,"key":"REST"}],"circlet_count":0,"master_deck":["Strike_R+1","Strike_R+1","Strike_R+1","Defend_R+1","Defend_R+1","Defend_R+1","Bash+1","Thunderclap","Intimidate+1","Anger","Impervious+1","Pummel","Inflame","Cleave","Battle Trance+1","Bludgeon+1","Reaper","Armaments+1","Dark Embrace","Limit Break+1","Spot Weakness+1","Fire Breathing+1","Pommel Strike+1","Corruption","Feel No Pain","Wild Strike+1","Dark Shackles+1","Havoc+1","Fire Breathing","Parasite","Havoc+1","Juggernaut","Shrug It Off+1","Ghostly Armor+1","Warcry+1"],"relics":["Velvet Choker","Toy Ornithopter","HornCleat","Pen Nib","Mark of Pain","CeramicFish","Toxic Egg 2","Centennial Puzzle","Fusion Hammer","War Paint","Strawberry","Shuriken","Torii","Strange Spoon","Bag of Preparation"],"acts_visited":["Exordium","TheCity","TheBeyond","TheEnding"],"potions_floor_usage":[7,24,27,30,31,33,54,55,55],"damage_taken":[{"damage":0,"enemies":"2 Louse","floor":1,"turns":2},{"damage":2,"enemies":"Jaw Worm","floor":4,"turns":4},{"damage":0,"enemies":"Small Slimes","floor":5,"turns":2},{"damage":32,"enemies":"3 Sentries","floor":7,"turns":8},{"damage":0,"enemies":"Exordium Wildlife","floor":8,"turns":3},{"damage":7,"enemies":"Exordium Thugs","floor":12,"turns":3},{"damage":0,"enemies":"Blue Slaver","floor":13,"turns":3},{"damage":16,"enemies":"Hexaghost","floor":16,"turns":9},{"damage":5,"enemies":"Shell Parasite","floor":18,"turns":4},{"damage":7,"enemies":"2 Thieves","floor":19,"turns":4},{"damage":0,"enemies":"Centurion and Healer","floor":24,"turns":5},{"damage":17,"enemies":"Gremlin Leader","floor":27,"turns":5},{"damage":8,"enemies":"Slavers","floor":30,"turns":4},{"damage":24,"enemies":"Snake Plant","floor":31,"turns":2},{"damage":23,"enemies":"Champ","floor":33,"turns":8},{"damage":8,"enemies":"3 Shapes","floor":35,"turns":4},{"damage":3,"enemies":"Orb Walker","floor":36,"turns":2},{"damage":10,"enemies":"Giant Head","floor":41,"turns":6},{"damage":2,"enemies":"Writhing Mass","floor":42,"turns":4},{"damage":48,"enemies":"Nemesis","floor":46,"turns":7},{"damage":12,"enemies":"Sphere and 2 Shapes","floor":47,"turns":5},{"damage":9,"enemies":"Maw","floor":48,"turns":5},{"damage":93,"enemies":"Time Eater","floor":50,"turns":11},{"damage":29,"enemies":"Shield and Spear","floor":54,"turns":7},{"damage":137,"enemies":"The Heart","floor":55,"turns":8}],"seed_played":"-9124640822023966881","potions_obtained":[{"floor":1,"key":"Fire Potion"},{"floor":12,"key":"Block Potion"},{"floor":13,"key":"Ancient Potion"},{"floor":16,"key":"SkillPotion"},{"floor":24,"key":"SteroidPotion"},{"floor":31,"key":"Energy Potion"},{"floor":35,"key":"BloodPotion"},{"floor":36,"key":"FearPotion"},{"floor":46,"key":"AttackPotion"},{"floor":48,"key":"SpeedPotion"}],"is_trial":false,"path_per_floor":["M","?","?","M","M","R","E","M","T","R","$","M","M","$","R","B",null,"M","M","?","$","?","R","M","R","T","E","$","?","E","M","R","B",null,"M","M","?","$","$","R","E","M","T","R","T","E","M","M","R","B",null,"R","$","E","B"],"character_chosen":"IRONCLAD","items_purchased":["Inflame","Bludgeon","Spot Weakness+1","AttackPotion","Havoc+1","War Paint","PowerPotion","Strange Spoon","Warcry+1"],"campfire_rested":4,"item_purchase_floors":[11,14,28,28,38,38,53,53,53],"current_hp_per_floor":[80,80,73,71,71,71,44,44,44,44,44,37,37,37,61,45,80,75,78,63,63,63,63,80,80,80,68,68,68,69,53,53,53,85,85,82,82,82,82,82,92,90,90,92,92,61,59,59,86,20,92,92,92,89,0,0],"gold":49,"neow_bonus":"BOSS_RELIC","is_daily":false,"chose_seed":false,"campfire_upgraded":5,"win_rate":0.0,"timestamp":1609340415,"path_taken":["M","?","?","M","M","R","E","M","T","R","$","M","M","?","R","BOSS","M","M","?","$","?","R","M","R","T","E","$","?","E","M","R","BOSS","M","M","?","?","$","R","E","M","T","R","?","E","M","M","R","BOSS","R","$","E","BOSS"],"items_purchased_type":["Card","Card","Card","Potion","Card","Relic","Potion","Relic","Card"],"build_version":"2020-12-22","purchased_purges":2,"victory":false,"max_hp_per_floor":[80,80,80,80,80,80,80,80,80,80,80,80,80,80,80,80,80,80,80,85,85,85,85,85,85,85,85,85,85,85,85,85,85,85,85,85,85,85,85,85,92,92,92,92,92,92,92,92,92,92,92,92,92,92,92,92],"relic_stats":{"Strange Spoon":[12],"Centennial Puzzle":[36],"Torii":85,"counters":[25,125],"Shuriken":[9],"CeramicFish":144,"Pen Nib":[20],"Bag of Preparation":[2],"War Paint":["Impervious"],"obtain_stats":[{"Torii":46,"CeramicFish":26,"Velvet Choker":0,"Pen Nib":9,"Bag of Preparation":54,"War Paint":38,"Burning Blood":0,"Strange Spoon":53,"Centennial Puzzle":30,"HornCleat":7,"Shuriken":45,"Strawberry":41,"Mark of Pain":17,"Fusion Hammer":34,"Toxic Egg 2":27,"Toy Ornithopter":3},{"Torii":20,"CeramicFish":11,"Velvet Choker":0,"Pen Nib":5,"Bag of Preparation":24,"War Paint":17,"Burning Blood":0,"Strange Spoon":23,"Centennial Puzzle":13,"HornCleat":4,"Shuriken":19,"Strawberry":18,"Mark of Pain":8,"Fusion Hammer":15,"Toxic Egg 2":12,"Toy Ornithopter":1},{"Torii":89,"CeramicFish":47,"Velvet Choker":0,"Pen Nib":19,"Bag of Preparation":117,"War Paint":72,"Burning Blood":0,"Strange Spoon":110,"Centennial Puzzle":56,"HornCleat":16,"Shuriken":82,"Strawberry":78,"Mark of Pain":34,"Fusion Hammer":66,"Toxic Egg 2":52,"Toy Ornithopter":2}],"Toy Ornithopter":42},"card_choices":[{"not_picked":["Dual Wield","True Grit"],"picked":"Thunderclap","floor":1},{"not_picked":["Combust","Warcry"],"picked":"Intimidate","floor":4},{"not_picked":["Rupture","Iron Wave"],"picked":"Anger","floor":5},{"not_picked":["Iron Wave","Intimidate"],"picked":"Impervious","floor":7},{"not_picked":["Flex","Clothesline"],"picked":"Pummel","floor":8},{"not_picked":["Armaments","Iron Wave"],"picked":"Cleave","floor":12},{"not_picked":["Twin Strike","Armaments"],"picked":"Battle Trance","floor":13},{"not_picked":["Double Tap","Offering"],"picked":"Reaper","floor":16},{"not_picked":["Reckless Charge+1","Warcry"],"picked":"Armaments+1","floor":18},{"not_picked":["Headbutt+1","Anger"],"picked":"Dark Embrace","floor":19},{"not_picked":["Iron Wave","Clothesline","Intimidate"],"picked":"SKIP","floor":24},{"not_picked":["Cleave+1","Sever Soul"],"picked":"Limit Break+1","floor":27},{"not_picked":["Thunderclap","Cleave+1","Pummel"],"picked":"SKIP","floor":30},{"not_picked":["Dropkick","Rampage"],"picked":"Pommel Strike+1","floor":31},{"not_picked":["Fiend Fire","Exhume+1"],"picked":"Corruption","floor":33},{"not_picked":["Twin Strike+1","Perfected Strike+1"],"picked":"Feel No Pain","floor":35},{"not_picked":["Sword Boomerang","Dropkick"],"picked":"Wild Strike+1","floor":36},{"not_picked":["Metamorphosis+1","Jack Of All Trades+1"],"picked":"Dark Shackles+1","floor":37},{"not_picked":["Twin Strike","Anger"],"picked":"Fire Breathing","floor":41},{"not_picked":["Limit Break+1","Perfected Strike+1"],"picked":"Havoc+1","floor":42},{"not_picked":["Reckless Charge","True Grit+1"],"picked":"Juggernaut","floor":46},{"not_picked":["Pommel Strike","Wild Strike"],"picked":"Shrug It Off+1","floor":47},{"not_picked":["Power Through+1","Pummel"],"picked":"Ghostly Armor+1","floor":48},{"not_picked":["Armaments+1","Havoc+1","Iron Wave"],"picked":"SKIP","floor":54}],"player_experience":264013,"relics_obtained":[{"floor":7,"key":"HornCleat"},{"floor":9,"key":"Pen Nib"},{"floor":26,"key":"CeramicFish"},{"floor":27,"key":"Toxic Egg 2"},{"floor":30,"key":"Centennial Puzzle"},{"floor":41,"key":"Strawberry"},{"floor":45,"key":"Shuriken"},{"floor":46,"key":"Torii"},{"floor":54,"key":"Bag of Preparation"}],"event_choices":[{"cards_removed":["Strike_R"],"damage_healed":0,"gold_gain":0,"player_choice":"Card Removal","damage_taken":0,"max_hp_gain":0,"max_hp_loss":0,"event_name":"The Cleric","floor":2,"gold_loss":50},{"damage_healed":0,"gold_gain":0,"player_choice":"Success","damage_taken":7,"relics_obtained":["Toy Ornithopter"],"max_hp_gain":0,"max_hp_loss":0,"event_name":"Scrap Ooze","floor":3,"gold_loss":0},{"damage_healed":0,"gold_gain":0,"player_choice":"Shed Blood","damage_taken":20,"max_hp_gain":5,"max_hp_loss":0,"event_name":"Forgotten Altar","floor":20,"gold_loss":0},{"damage_healed":0,"gold_gain":0,"player_choice":"Simplicity","damage_taken":0,"max_hp_gain":0,"max_hp_loss":0,"event_name":"Back to Basics","floor":22,"gold_loss":0,"cards_upgraded":["Strike_R","Strike_R","Strike_R","Defend_R","Defend_R","Defend_R","Defend_R"]},{"damage_healed":0,"gold_gain":0,"player_choice":"Read","damage_taken":0,"max_hp_gain":0,"max_hp_loss":0,"event_name":"The Library","floor":29,"gold_loss":0,"cards_obtained":["Fire Breathing"]},{"damage_healed":0,"gold_gain":0,"player_choice":"Memory 1","damage_taken":0,"max_hp_gain":0,"max_hp_loss":0,"event_name":"SensoryStone","floor":37,"gold_loss":0}],"is_beta":false,"boss_relics":[{"not_picked":["Busted Crown","Snecko Eye"],"picked":"Mark of Pain"},{"not_picked":["Sozu","SlaversCollar"],"picked":"Fusion Hammer"}],"items_purged_floors":[21,38],"is_endless":false,"potions_floor_spawned":[1,12,13,16,24,31,35,36,46,48],"killed_by":"The Heart","ascension_level":4}}