{"host":"ixqzyafodex1tsi5","time":1609300403,"event":{"mods":["AchievementEnabler","Act Like it!","BaseMod","Downfall","Gensokyo","GifTheSpireLib","Lobotomy","LobotomyExtend","Minty Spire (QoL Compilation)","Relic Stats","Replay The Spire","RumiaBox-露米娅的神秘盒子","Spicy Shops","StSLib","【功能Mod】混沌之环修复补丁"],"gold_per_floor":[117,133,133,149,149,149,173,187,187,201,201,201,201,201],"floor_reached":13,"playtime":580,"items_purged":[],"score":106,"play_id":"760f9a43-b288-476c-ab4e-d83532de14d9","local_time":"20201230115323","is_ascension_mode":true,"campfire_choices":[],"circlet_count":0,"master_deck":["SpecialBullet","SpecialBullet","SpecialBullet","SpecialBullet","SpecialBullet","SpecialBullet","SpecialBullet","ExtractionCode","SecurityCode","InformationCode","sneckomod:Bewildered","Metamorphosis","GreedKing","Lamp+2","CrumblingArmor","Moonlight","Ecstasy","Rudolta","Hallucinations"],"relics":["CogitoBucket","RabbitCall","LetterFromLob","Golden Idol","GodSword4","LuminousBracelet","Ring of Fangs","Ring of Peace"],"acts_visited":["Exordium"],"potions_floor_usage":[10],"damage_taken":[{"damage":15,"enemies":"Small Slimes","floor":1,"turns":3},{"damage":11,"enemies":"Jaw Worm","floor":2,"turns":3},{"damage":6,"enemies":"Cultist","floor":4,"turns":3},{"damage":17,"enemies":"3 Louse","floor":7,"turns":5},{"damage":7,"enemies":"Red Slaver","floor":8,"turns":2},{"damage":28,"enemies":"2 Fungi Beasts","floor":10,"turns":6},{"damage":27,"enemies":"3 Sentries","floor":13,"turns":3}],"seed_played":"7167732036546205765","potions_obtained":[{"floor":2,"key":"Swift Potion"},{"floor":8,"key":"Block Potion"}],"is_trial":false,"path_per_floor":["M","M","?","M","?","R","M","M","T","M","R","?","E"],"character_chosen":"Angela","items_purchased":[],"campfire_rested":0,"item_purchase_floors":[],"current_hp_per_floor":[63,60,43,45,38,38,29,30,30,25,25,25,0,0],"gold":201,"neow_bonus":"RANDOM_COLORLESS_2","is_daily":false,"chose_seed":false,"campfire_upgraded":0,"win_rate":0.0,"timestamp":1609300403,"path_taken":["M","M","?","M","?","R","M","M","T","M","R","?","E"],"items_purchased_type":[],"build_version":"2020-12-22","purchased_purges":0,"victory":false,"max_hp_per_floor":[70,70,70,70,70,70,70,70,70,85,85,85,85,85],"relic_stats":{"counters":[8,26],"Golden Idol":14,"obtain_stats":[{"RabbitCall":0,"CogitoBucket":0,"Ring of Fangs":12,"Golden Idol":3,"Ring of Peace":12,"LuminousBracelet":10,"LetterFromLob":1,"GodSword4":9},{"RabbitCall":0,"CogitoBucket":0,"Ring of Fangs":7,"Golden Idol":2,"Ring of Peace":7,"LuminousBracelet":7,"LetterFromLob":1,"GodSword4":5},{"RabbitCall":0,"CogitoBucket":0,"Ring of Fangs":23,"Golden Idol":6,"Ring of Peace":23,"LuminousBracelet":23,"LetterFromLob":3,"GodSword4":16}]},"card_choices":[{"not_picked":["ReplayTheSpireMod:Necrogeddon","Crow Ritual"],"picked":"Metamorphosis","floor":0},{"not_picked":["NakedNest","SpiderBud"],"picked":"GreedKing","floor":1},{"not_picked":["SwordSharpenedByTears","Logging"],"picked":"SKIP","floor":1},{"not_picked":["CherryBlossom","ScreamingWedge"],"picked":"SKIP","floor":2},{"not_picked":["Regret_ego"],"picked":"Lamp","floor":4},{"not_picked":["Tough","Gaze"],"picked":"SKIP","floor":4},{"not_picked":["Alriune","WallGazer","SnowQueen"],"picked":"Singing Bowl","floor":7},{"not_picked":["VoidDream","MeatLantern"],"picked":"CrumblingArmor","floor":7},{"not_picked":["Justitia","BlackSwan_ego"],"picked":"Moonlight","floor":7},{"not_picked":["Harmony","GrinderMk4","GreenStem"],"picked":"SKIP","floor":7},{"not_picked":["Harmony","GrinderMk4","GreenStem"],"picked":"SKIP","floor":7},{"not_picked":["LifeForTheDareDevil","Tough"],"picked":"Ecstasy","floor":8},{"not_picked":["OldLady","UniverseFragment","CherryBlossoms"],"picked":"Singing Bowl","floor":8},{"not_picked":["VoidDream","BeautyBeast","Murderer"],"picked":"Singing Bowl","floor":10},{"not_picked":["OSAHOGD","LittlePrince"],"picked":"Rudolta","floor":10},{"not_picked":["WristCuter+1","Penitence+1","Gaze+1"],"picked":"SKIP","floor":10}],"player_experience":144920,"relics_obtained":[{"floor":1,"key":"LetterFromLob"},{"floor":9,"key":"GodSword4"},{"floor":12,"key":"Ring of Fangs"},{"floor":12,"key":"Ring of Peace"}],"event_choices":[{"damage_healed":0,"gold_gain":0,"player_choice":"Take Damage","damage_taken":17,"relics_obtained":["Golden Idol"],"max_hp_gain":0,"max_hp_loss":0,"event_name":"Golden Idol","floor":3,"gold_loss":0},{"cards_removed":["SpecialBullet"],"damage_healed":0,"gold_gain":0,"player_choice":"Card Removal","damage_taken":7,"max_hp_gain":0,"max_hp_loss":0,"event_name":"Golden Wing","floor":5,"gold_loss":0}],"is_beta":false,"boss_relics":[],"items_purged_floors":[],"is_endless":false,"potions_floor_spawned":[2,8],"killed_by":"3 Sentries","ascension_level":1}}