{"host":"sc0o2qwpf9j16a4i","time":1609337535,"event":{"mods":["AchievementEnabler","BaseMod","BetterRewards","Block Reminder","Colored Map","Colored Powertips","Custom Start","Highlight Path","Minty Spire (QoL Compilation)","Relic Stats"],"gold_per_floor":[116,12,24,24,41,41,55,55,80,80,115,115,115,40,40,117,117,160,185,185],"floor_reached":19,"playtime":403,"items_purged":["Strike_P"],"score":322,"play_id":"e7549653-0226-4948-b3bb-19715d65c80c","local_time":"20201230161215","is_ascension_mode":true,"campfire_choices":[{"data":"Eruption","floor":6,"key":"SMITH"},{"data":"TalkToTheHand","floor":10,"key":"SMITH"},{"floor":13,"key":"REST"},{"data":"CrushJoints","floor":15,"key":"SMITH"}],"circlet_count":0,"master_deck":["AscendersBane","Strike_P","Strike_P","Defend_P","Defend_P+1","Defend_P","Defend_P+1","Eruption+1","Vigilance","ClearTheMind","MentalFortress+1","FlurryOfBlows","CrushJoints+1","WreathOfFlame","TalkToTheHand+1","Evaluate","Wish","WindmillStrike"],"relics":["HolyWater","NeowsBlessing","War Paint","PreservedInsect"],"acts_visited":["Exordium","TheCity"],"potions_floor_usage":[16,16],"damage_taken":[{"damage":0,"enemies":"Jaw Worm","floor":1,"turns":1},{"damage":0,"enemies":"Cultist","floor":3,"turns":1},{"damage":0,"enemies":"2 Louse","floor":5,"turns":1},{"damage":12,"enemies":"Large Slime","floor":7,"turns":8},{"damage":36,"enemies":"Gremlin Nob","floor":11,"turns":4},{"damage":9,"enemies":"Hexaghost","floor":16,"turns":9},{"damage":27,"enemies":"Spheric Guardian","floor":18,"turns":6},{"damage":36,"enemies":"3 Byrds","floor":19,"turns":2}],"seed_played":"7976988203794710774","potions_obtained":[{"floor":1,"key":"BlessingOfTheForge"},{"floor":5,"key":"Explosive Potion"},{"floor":11,"key":"Ambrosia"}],"is_trial":false,"path_per_floor":["M","$","M","?","M","R","M","?","T","R","E","?","R","$","R","B",null,"M","M"],"character_chosen":"WATCHER","items_purchased":["MentalFortress","FlurryOfBlows"],"campfire_rested":1,"item_purchase_floors":[2,2],"current_hp_per_floor":[61,61,61,61,61,61,49,49,49,49,13,13,33,33,33,24,57,30,0,0],"gold":185,"neow_bonus":"THREE_ENEMY_KILL","is_daily":false,"chose_seed":false,"campfire_upgraded":3,"win_rate":0.0,"timestamp":1609337535,"path_taken":["M","$","M","?","?","R","M","?","T","R","E","?","R","?","R","BOSS","M","M"],"items_purchased_type":["Card","Card"],"build_version":"2020-12-22","purchased_purges":1,"victory":false,"max_hp_per_floor":[68,68,68,68,68,68,68,68,68,68,68,68,68,68,68,68,68,68,68,68],"relic_stats":{"counters":[8,32],"PreservedInsect":0,"War Paint":["Defend_P","Defend_P"],"obtain_stats":[{"NeowsBlessing":0,"HolyWater":17,"PreservedInsect":11,"PureWater":0,"War Paint":9},{"NeowsBlessing":0,"HolyWater":6,"PreservedInsect":5,"PureWater":0,"War Paint":4},{"NeowsBlessing":0,"HolyWater":24,"PreservedInsect":15,"PureWater":0,"War Paint":11}]},"card_choices":[{"not_picked":["Collect","CrushJoints"],"picked":"ClearTheMind","floor":1},{"not_picked":["Weave","JustLucky"],"picked":"CrushJoints","floor":3},{"not_picked":["FearNoEvil","Adaptation"],"picked":"WreathOfFlame","floor":5},{"not_picked":["Wireheading","Protect"],"picked":"TalkToTheHand","floor":7},{"not_picked":["JustLucky","CrushJoints"],"picked":"Evaluate","floor":11},{"not_picked":["Devotion","Judgement"],"picked":"Wish","floor":16},{"not_picked":["PathToVictory","Consecrate"],"picked":"WindmillStrike","floor":18}],"player_experience":447408,"relics_obtained":[{"floor":9,"key":"War Paint"},{"floor":11,"key":"PreservedInsect"}],"event_choices":[{"cards_removed":["Strike_P"],"damage_healed":0,"gold_gain":0,"player_choice":"Offered Basic","damage_taken":0,"max_hp_gain":0,"max_hp_loss":0,"event_name":"Bonfire Elementals","floor":4,"gold_loss":0},{"damage_healed":0,"gold_gain":0,"player_choice":"Ignored","damage_taken":0,"max_hp_gain":0,"max_hp_loss":0,"event_name":"Liars Game","floor":8,"gold_loss":0},{"damage_healed":0,"gold_gain":0,"player_choice":"Grow","damage_taken":0,"max_hp_gain":0,"max_hp_loss":0,"event_name":"Living Wall","floor":12,"gold_loss":0,"cards_upgraded":["MentalFortress"]}],"is_beta":false,"boss_relics":[{"not_picked":["Ectoplasm","Velvet Choker"],"picked":"HolyWater"}],"items_purged_floors":[14],"is_endless":false,"potions_floor_spawned":[1,5,11],"killed_by":"3 Byrds","ascension_level":19}}