{"host":"w7dhjqgqsib0c3vt","time":1609343890,"event":{"mods":["ATMod(°¢èªMod)","BaseMod","Minty Spire (QoL Compilation)","Shop Mod","StSLib","TheWitcher"],"gold_per_floor":[113,124,143,14,14,41,41,59,59,59,79,111,129,129,129,303,303,320,320,320,370,43,43,245,245,272,318,353,443,478,45,45,292,292,430,474,474,562,245,245,395,435,459,459,615,615,770,820,832,1169,1431],"floor_reached":52,"playtime":1558,"items_purged":["Writhe","Strike_R","Feel No Pain"],"score":2615,"play_id":"db1c6041-4843-441d-8580-44ae8e1fc069","local_time":"20201230235810","is_ascension_mode":true,"campfire_choices":[{"data":"AT_ChampionStep","floor":7.0,"key":"SMITH"},{"floor":10.0,"key":"REST"},{"data":"AT_ShrugMaster","floor":15.0,"key":"SMITH"},{"data":"AT_ShrugMaster","floor":23.0,"key":"SMITH"},{"data":"Armaments","floor":25.0,"key":"SMITH"},{"data":"Impervious","floor":32.0,"key":"SMITH"},{"floor":40.0,"key":"REST"},{"data":"Apotheosis","floor":49,"key":"SMITH"}],"circlet_count":0,"master_deck":["AscendersBane","Bash","AT_ChampionStep+1","Rupture","Carnage","Sword Boomerang","Impervious+1","Wild Strike","Sever Soul","AT_BodySlamDance","Power Through","Armaments+1","AT_ShrugMaster+1","Reaper","Shrug It Off","AT_ShrugMaster+1","Flex","Evolve","Headbutt","AT_BodySlamDance","Infernal Blade+1","Inflame","Double Tap","AT_Dispersion","AT_BodySlamDance","AT_DiedThrough","Sever Soul","Infernal Blade","Demon Form","Rampage","Warcry","Wild Strike+1","Battle Trance","Exhume","Entrench+1","Burning Pact+1","Armaments+1","Apotheosis+1","Discovery","Blind","Headbutt+1","Body Slam+1"],"relics":["Burning Blood","AT_ATBox","NeowsBlessing","AT_BellowingDragoncrestRing","Ice Cream","AT_TheCollector","Philosopher\u0027s Stone","MutagenicStrength","Boot","AT_MibuBalloonWealth","Toy Ornithopter","Happy Flower","AT_BellDemon","Vajra","Pantograph","StoneCalendar","AT_RedTearstoneRing","Pandora\u0027s Box","Oddly Smooth Stone","Orichalcum","Membership Card","Pen Nib","Pocketwatch","Bottled Lightning","AT_ChloranthyRing","Juzu Bracelet","AT_ArchangelStaff","AT_SpeedBoots","Art of War","MawBank","AT_BladeRuinedKing","Strawberry"],"acts_visited":["TheCity","TheBeyond"],"potions_floor_usage":[50,51],"damage_taken":[{"damage":0.0,"enemies":"Cultist","floor":1.0,"turns":1.0},{"damage":0.0,"enemies":"2 Louse","floor":2.0,"turns":1.0},{"damage":0.0,"enemies":"Jaw Worm","floor":3.0,"turns":1.0},{"damage":45.0,"enemies":"3 Sentries","floor":6.0,"turns":8.0},{"damage":16.0,"enemies":"2 Fungi Beasts","floor":8.0,"turns":4.0},{"damage":6.0,"enemies":"Looter","floor":11.0,"turns":3.0},{"damage":34.0,"enemies":"Gremlin Nob","floor":12.0,"turns":6.0},{"damage":18.0,"enemies":"Exordium Thugs","floor":13.0,"turns":3.0},{"damage":0.0,"enemies":"Slime Boss","floor":16.0,"turns":3.0},{"damage":19.0,"enemies":"2 Thieves","floor":18.0,"turns":4.0},{"damage":0.0,"enemies":"Slavers","floor":24.0,"turns":4.0},{"damage":0.0,"enemies":"Chosen","floor":28.0,"turns":2.0},{"damage":0.0,"enemies":"3 Cultists","floor":29.0,"turns":4.0},{"damage":24.0,"enemies":"Snake Plant","floor":30.0,"turns":2.0},{"damage":0.0,"enemies":"Collector","floor":33.0,"turns":4.0},{"damage":14.0,"enemies":"3 Darklings","floor":35.0,"turns":3.0},{"damage":24.0,"enemies":"Orb Walker","floor":36.0,"turns":2.0},{"damage":2.0,"enemies":"Sphere and 2 Shapes","floor":38.0,"turns":2.0},{"damage":0.0,"enemies":"Nemesis","floor":41.0,"turns":3.0},{"damage":0,"enemies":"Maw","floor":42,"turns":4},{"damage":0,"enemies":"Giant Head","floor":45,"turns":2},{"damage":22,"enemies":"Nemesis","floor":47,"turns":3},{"damage":19,"enemies":"Transient","floor":48,"turns":4},{"damage":20,"enemies":"Awakened One","floor":50,"turns":3},{"damage":0,"enemies":"Donu and Deca","floor":51,"turns":3}],"seed_played":"7446452778035994063","potions_obtained":[{"floor":1.0,"key":"Regen Potion"},{"floor":8.0,"key":"FearPotion"},{"floor":11.0,"key":"PowerPotion"},{"floor":12.0,"key":"LiquidMemories"},{"floor":14.0,"key":"HeartOfIron"},{"floor":14.0,"key":"LiquidMemories"},{"floor":18.0,"key":"SkillPotion"},{"floor":29.0,"key":"SpeedPotion"},{"floor":33.0,"key":"Energy Potion"},{"floor":38.0,"key":"PowerPotion"}],"is_trial":false,"path_per_floor":["M","M","M","$","?","E","R","M","T","R","M","E","M","?","R","B",null,"M","?","?","?","$","R","E","R","T","T","M","M","M","$","R","B",null,"M","M","?","M","$","R","E","M","T","T","E","?","E","M","R","B","B",null],"character_chosen":"IRONCLAD","items_purchased":["Impervious","Wild Strike","AT_ShrugMaster","AT_MibuBalloonWealth","Flex","AT_RedTearstoneRing","Inflame","Double Tap","Membership Card","Pen Nib"],"campfire_rested":2,"item_purchase_floors":[4,4,22,22,22,31,31,31,39,39],"current_hp_per_floor":[74,75,75,75,75,36,36,26,26,48,48,40,28,28,28,34,65,60,60,60,60,60,60,75,75,75,75,75,75,57,57,57,75,75,67,49,49,53,53,75,75,75,75,75,75,65,54,82,82,82,82],"gold":1443,"neow_bonus":"THREE_ENEMY_KILL","is_daily":false,"chose_seed":false,"campfire_upgraded":6,"win_rate":0.0,"timestamp":1609343890,"path_taken":["M","M","?","$","?","E","R","M","T","R","?","E","M","?","R","BOSS","M","?","?","?","$","R","E","R","T","?","?","M","?","$","R","BOSS","M","M","?","?","$","R","E","M","T","?","E","?","E","M","R","BOSS","BOSS"],"items_purchased_type":["Card","Card","Card","Relic","Card","Relic","Card","Card","Relic","Relic"],"build_version":"2020-12-22","purchased_purges":3,"victory":true,"max_hp_per_floor":[75,75,75,75,75,75,75,75,75,75,75,75,75,75,75,75,75,75,75,75,75,75,75,75,75,75,75,75,75,75,75,75,75,75,75,75,75,75,75,75,75,75,75,75,75,75,75,82,82,82,82],"card_choices":[{"not_picked":["Body Slam","Havoc"],"picked":"Rupture","floor":1.0},{"not_picked":["Body Slam","Shrug It Off"],"picked":"Carnage","floor":2.0},{"not_picked":["Dropkick","Carnage"],"picked":"Sword Boomerang","floor":3.0},{"not_picked":["True Grit","Havoc","Searing Blow"],"picked":"SKIP","floor":6.0},{"not_picked":["Dark Embrace","Pommel Strike"],"picked":"AT_BodySlamDance","floor":8.0},{"not_picked":["Thunderclap","Feel No Pain"],"picked":"Power Through","floor":11.0},{"not_picked":["Intimidate","Perfected Strike"],"picked":"Armaments","floor":12.0},{"not_picked":["Inflame","Limit Break"],"picked":"AT_ShrugMaster","floor":13.0},{"not_picked":["Brutality","Fiend Fire"],"picked":"Reaper","floor":16.0},{"not_picked":["AT_DiedThrough","Warcry"],"picked":"Shrug It Off","floor":18.0},{"not_picked":["Clothesline","Sword Boomerang"],"picked":"Evolve","floor":24.0},{"not_picked":["Havoc","Combust"],"picked":"Headbutt","floor":28.0},{"not_picked":["Sever Soul","Clash"],"picked":"AT_BodySlamDance","floor":29.0},{"not_picked":["Combust","Body Slam"],"picked":"Infernal Blade+1","floor":30.0},{"not_picked":["Juggernaut","Double Tap"],"picked":"AT_Dispersion","floor":33.0},{"not_picked":["Sword Boomerang","Perfected Strike"],"picked":"Warcry","floor":35.0},{"not_picked":["Sever Soul","Iron Wave"],"picked":"Wild Strike+1","floor":36.0},{"not_picked":["Power Through","AT_ShrugMaster"],"picked":"Entrench+1","floor":38.0},{"not_picked":["Berserk","Uppercut"],"picked":"Burning Pact+1","floor":41},{"not_picked":["Sword Boomerang","Evolve","Heavy Blade+1"],"picked":"SKIP","floor":42},{"not_picked":["Rupture","Body Slam"],"picked":"Armaments+1","floor":45},{"not_picked":["Dark Shackles","AT_LightSaberMaster"],"picked":"Apotheosis","floor":46},{"not_picked":["Purity","Jack Of All Trades"],"picked":"Discovery","floor":46},{"not_picked":["HandOfGreed","AT_CelerityRune"],"picked":"Blind","floor":46},{"not_picked":["Anger","Shrug It Off+1"],"picked":"Headbutt+1","floor":47},{"not_picked":["Blood for Blood","Bloodletting"],"picked":"Body Slam+1","floor":48}],"player_experience":593199,"relics_obtained":[{"floor":6.0,"key":"AT_BellowingDragoncrestRing"},{"floor":9.0,"key":"Ice Cream"},{"floor":12.0,"key":"AT_TheCollector"},{"floor":24.0,"key":"Toy Ornithopter"},{"floor":26.0,"key":"Happy Flower"},{"floor":27.0,"key":"AT_BellDemon"},{"floor":28.0,"key":"Vajra"},{"floor":29.0,"key":"Pantograph"},{"floor":30.0,"key":"StoneCalendar"},{"floor":36.0,"key":"Oddly Smooth Stone"},{"floor":38.0,"key":"Orichalcum"},{"floor":41,"key":"Pocketwatch"},{"floor":41,"key":"Bottled Lightning"},{"floor":42,"key":"AT_ChloranthyRing"},{"floor":43,"key":"Juzu Bracelet"},{"floor":44,"key":"AT_ArchangelStaff"},{"floor":45,"key":"AT_SpeedBoots"},{"floor":45,"key":"Art of War"},{"floor":47,"key":"MawBank"},{"floor":47,"key":"AT_BladeRuinedKing"},{"floor":48,"key":"Strawberry"}],"event_choices":[{"damage_healed":0.0,"max_hp_gain":0.0,"max_hp_loss":0.0,"gold_gain":0.0,"cards_transformed":["Defend_R"],"event_name":"Transmorgrifier","player_choice":"Transformed","floor":5.0,"gold_loss":0.0,"damage_taken":0.0,"cards_obtained":["Sever Soul"]},{"damage_healed":0.0,"max_hp_gain":0.0,"max_hp_loss":0.0,"gold_gain":0.0,"event_name":"Lab","player_choice":"Got Potions","floor":14.0,"gold_loss":0.0,"damage_taken":0.0},{"damage_healed":0.0,"max_hp_gain":0.0,"max_hp_loss":0.0,"gold_gain":0.0,"event_name":"Drug Dealer","player_choice":"Inject Mutagens","floor":19.0,"gold_loss":0.0,"damage_taken":0.0,"relics_obtained":["MutagenicStrength"]},{"damage_healed":0.0,"max_hp_gain":0.0,"max_hp_loss":0.0,"gold_gain":0.0,"event_name":"The Mausoleum","player_choice":"Opened","floor":20.0,"gold_loss":0.0,"damage_taken":0.0,"relics_obtained":["Boot"],"cards_obtained":["Writhe"]},{"damage_healed":0.0,"max_hp_gain":0.0,"max_hp_loss":0.0,"gold_gain":50.0,"event_name":"Nest","player_choice":"Stole From Cult","floor":21.0,"gold_loss":0.0,"damage_taken":0.0},{"damage_healed":0.0,"max_hp_gain":0.0,"max_hp_loss":0.0,"gold_gain":0.0,"event_name":"Match and Keep!","player_choice":"2 cards matched","floor":37.0,"gold_loss":0.0,"damage_taken":0.0,"cards_obtained":["Battle Trance","Exhume"]},{"damage_healed":0,"gold_gain":0,"player_choice":"Memory 3","damage_taken":10,"max_hp_gain":0,"max_hp_loss":0,"event_name":"SensoryStone","floor":46,"gold_loss":0}],"is_beta":false,"boss_relics":[{"not_picked":["Snecko Eye","Ectoplasm"],"picked":"Philosopher\u0027s Stone"},{"not_picked":["Empty Cage","Busted Crown"],"picked":"Pandora\u0027s Box"}],"items_purged_floors":[22,31,39],"is_endless":false,"potions_floor_spawned":[1,8,11,12,18,29,33,35,36,38],"ascension_level":20}}