{"host":"6pgtslebjnyv5xmi","time":1609318491,"event":{"mods":["AchievementEnabler","BaseMod","Colored Map","Minty Spire (QoL Compilation)","Rare Cards Sparkle","StSLib","SuperFastMode","everything is the same but u backflip on backflip"],"gold_per_floor":[368,368,386,311,258,291,291,318,366,87,104,104,104,118,118,118,118],"floor_reached":16,"playtime":4217,"items_purged":["Strike_R","Defend_R"],"score":198,"play_id":"f66f57f1-209f-475d-a4a1-4799334ea39f","local_time":"20201230175451","is_ascension_mode":true,"campfire_choices":[{"floor":7.0,"key":"REST"},{"data":"Whirlwind","floor":12.0,"key":"SMITH"},{"data":"Armaments","floor":15.0,"key":"SMITH"}],"circlet_count":0,"master_deck":["AscendersBane","Strike_R","Strike_R","Strike_R","Defend_R","Defend_R","Defend_R","Bash","Pummel","Feed","Whirlwind+1","Armaments+1","Seeing Red"],"relics":["Burning Blood","Bronze Scales","Blood Vial","Pear","Vajra","Nunchaku"],"acts_visited":["Exordium"],"potions_floor_usage":[16],"damage_taken":[{"damage":15.0,"enemies":"2 Louse","floor":1.0,"turns":4.0},{"damage":1.0,"enemies":"Cultist","floor":3.0,"turns":4.0},{"damage":40.0,"enemies":"Gremlin Nob","floor":6.0,"turns":5.0},{"damage":40.0,"enemies":"3 Sentries","floor":8.0,"turns":6.0},{"damage":0.0,"enemies":"Small Slimes","floor":11.0,"turns":4.0},{"damage":0.0,"enemies":"Gremlin Gang","floor":14.0,"turns":1.0},{"damage":21,"enemies":"Slime Boss","floor":16,"turns":5}],"seed_played":"-3742368525772194671","potions_obtained":[{"floor":3.0,"key":"SkillPotion"},{"floor":8.0,"key":"Energy Potion"}],"is_trial":false,"path_per_floor":["M","?","M","$","?","E","R","E","T","$","M","R","$","M","R","B"],"character_chosen":"IRONCLAD","items_purchased":["Armaments","Nunchaku"],"campfire_rested":1,"item_purchase_floors":[10,10],"current_hp_per_floor":[42,42,47,47,47,16,40,18,18,18,29,29,29,37,37,18,18],"gold":118,"neow_bonus":"TWO_FIFTY_GOLD","is_daily":false,"chose_seed":false,"campfire_upgraded":2,"win_rate":0.0,"timestamp":1609318491,"path_taken":["M","?","M","$","?","E","R","E","T","$","?","R","?","M","R","BOSS"],"items_purchased_type":["Card","Relic"],"build_version":"2020-12-22","purchased_purges":2,"victory":false,"max_hp_per_floor":[80,80,80,80,80,83,83,93,93,93,96,96,96,96,96,96,96],"card_choices":[{"not_picked":["Headbutt","Armaments"],"picked":"Pummel","floor":1.0},{"not_picked":["Iron Wave","Clothesline"],"picked":"Feed","floor":3.0},{"not_picked":["Seeing Red","Rupture"],"picked":"Whirlwind","floor":6.0},{"not_picked":["Metallicize","Shrug It Off","Sever Soul"],"picked":"SKIP","floor":8.0},{"not_picked":["Perfected Strike","Burning Pact","Rupture"],"picked":"SKIP","floor":11.0},{"not_picked":["Clothesline","Cleave"],"picked":"Seeing Red","floor":14.0}],"player_experience":615795,"relics_obtained":[{"floor":6.0,"key":"Blood Vial"},{"floor":8.0,"key":"Pear"},{"floor":9.0,"key":"Vajra"}],"event_choices":[{"cards_removed":["Strike_R"],"damage_healed":0.0,"max_hp_gain":0.0,"max_hp_loss":0.0,"gold_gain":0.0,"event_name":"Living Wall","player_choice":"Forget","floor":2.0,"gold_loss":0.0,"damage_taken":0.0},{"damage_healed":0.0,"max_hp_gain":0.0,"max_hp_loss":0.0,"gold_gain":0.0,"event_name":"WeMeetAgain","player_choice":"Paid Gold","floor":5.0,"gold_loss":53.0,"damage_taken":0.0,"relics_obtained":["Bronze Scales"]}],"is_beta":false,"boss_relics":[],"items_purged_floors":[4,10],"is_endless":false,"potions_floor_spawned":[3,8],"killed_by":"Slime Boss","ascension_level":12}}