{"host":"88gj1a6q1iuldet9","time":1609364701,"event":{"mods":["Act Like it!","BaseMod","Better Note","Better Third Choice","BetterRewards","Conspire","Downfall","Energized Spire","Gensokyo","GungeonMod","Hubris","Jorbs\u0027s Wanderer Trilogy","Luminous","Magitek Elite","Melee Mod","Minty Spire (QoL Compilation)","Quick Restart","Reimu??????","Replay The Spire","Robot Space Explorer","Shop Mod","StSLib","The Dragon Tamer","The Hayseed","The Marked","The Mystic","The Necromancer","The Problem Sleuth","The Runesmith","The Sage","TheArtist","TheFirefly","Wandering Minibosses","Yuri Mod"],"gold_per_floor":[119,119,119,135,146,176,21,52,105,105,125,125,137,152,152,251,251,219,219,232,232,232],"floor_reached":21,"playtime":17955,"items_purged":[],"score":216,"play_id":"53d357f8-3407-4b97-9a4e-231d1d8159b6","local_time":"20201230164501","is_ascension_mode":false,"campfire_choices":[{"data":"mysticmod:BladeMaster","floor":10.0,"key":"SMITH"},{"data":"mysticmod:Dedication","floor":15.0,"key":"SMITH"}],"circlet_count":0,"master_deck":["mysticmod:Strike_Mystic","mysticmod:Strike_Mystic","mysticmod:Strike_Mystic","mysticmod:Strike_Mystic","mysticmod:Defend_Mystic","mysticmod:Defend_Mystic","mysticmod:Defend_Mystic","mysticmod:Defend_Mystic","mysticmod:ArcaneDodge","mysticmod:ShockingGrasp","mysticmod:FiveFootStep","mysticmod:MightyMagic","mysticmod:Probe+1","mysticmod:Riposte","mysticmod:PureInstinct","mysticmod:BladeMaster+1","mysticmod:RapidCaster","mysticmod:Dedication+1","mysticmod:CorrosiveTouch","mysticmod:GeminiForm","mysticmod:Feint"],"relics":["NeowsBlessing","m_BookOfShivs","Happy Flower","DemoMod:ClearGuonStone","sagemod:Red_Beast_Statue","Lantern","energizedSpire:RedRose"],"acts_visited":["Exordium","TheCity"],"potions_floor_usage":[],"damage_taken":[{"damage":0.0,"enemies":"Small Slimes","floor":1.0,"turns":1.0},{"damage":0.0,"enemies":"2 Louse","floor":4.0,"turns":1.0},{"damage":0.0,"enemies":"Cultist","floor":5.0,"turns":1.0},{"damage":0.0,"enemies":"Lagavulin","floor":6.0,"turns":7.0},{"damage":16.0,"enemies":"3 Sentries","floor":8.0,"turns":9.0},{"damage":17.0,"enemies":"Exordium Thugs","floor":11.0,"turns":4.0},{"damage":0.0,"enemies":"Large Slime","floor":13.0,"turns":5.0},{"damage":0.0,"enemies":"Red Slaver","floor":14.0,"turns":2.0},{"damage":10,"enemies":"The Guardian","floor":16,"turns":10},{"damage":27,"enemies":"2 Thieves","floor":18,"turns":5},{"damage":12,"enemies":"Shell Parasite","floor":20,"turns":5},{"damage":43,"enemies":"Sentry and Sphere","floor":21,"turns":5}],"seed_played":"8104331420068236564","potions_obtained":[{"floor":5.0,"key":"ColorlessPotion"},{"floor":8.0,"key":"Energy Potion"},{"floor":13.0,"key":"Elixir"},{"floor":14.0,"key":"sagemod:Wine"},{"floor":18,"key":"LiquidBronze"}],"is_trial":false,"path_per_floor":["M","?","?","M","M","E","$","E","T","R","M","?","M","M","R","B",null,"M","?","M","M"],"character_chosen":"MYSTIC_CLASS","items_purchased":["DemoMod:ClearGuonStone"],"campfire_rested":0,"item_purchase_floors":[7],"current_hp_per_floor":[77,77,77,77,77,77,77,61,61,61,44,44,44,44,44,34,77,50,50,38,0,0],"gold":232,"neow_bonus":"THREE_ENEMY_KILL","is_daily":false,"chose_seed":false,"campfire_upgraded":2,"win_rate":0.0,"timestamp":1609364701,"path_taken":["M","?","?","M","M","E","$","E","T","R","M","?","M","M","R","BOSS","M","?","M","M"],"items_purchased_type":["Relic"],"build_version":"2020-12-22","purchased_purges":0,"victory":false,"max_hp_per_floor":[77,77,77,77,77,77,77,77,77,77,77,77,77,77,77,77,77,77,77,77,77,77],"card_choices":[{"not_picked":["mysticmod:Sideswipe","mysticmod:DiviningBlow"],"picked":"mysticmod:FiveFootStep","floor":1.0},{"not_picked":["mysticmod:TomeOfSpells","mysticmod:PunishingArmor"],"picked":"mysticmod:Probe","floor":4.0},{"not_picked":["Outmaneuver","mysticmod:HunkerDown"],"picked":"mysticmod:Riposte","floor":5.0},{"not_picked":["mysticmod:MirrorStrike","mysticmod:Doublecast"],"picked":"mysticmod:PureInstinct","floor":6.0},{"not_picked":["Outmaneuver","mysticmod:DiviningBlow"],"picked":"mysticmod:BladeMaster","floor":8.0},{"not_picked":["mysticmod:Natural20","mysticmod:Riposte"],"picked":"mysticmod:RapidCaster","floor":11.0},{"not_picked":["mysticmod:EarthenWall","mysticmod:PowerAttack"],"picked":"mysticmod:Dedication","floor":13.0},{"not_picked":["mysticmod:Disengage","mysticmod:Probe"],"picked":"mysticmod:CorrosiveTouch","floor":14.0},{"not_picked":["mysticmod:SpontaneousCaster","mysticmod:MysticalShield"],"picked":"mysticmod:GeminiForm","floor":16},{"not_picked":["mysticmod:Shield","mysticmod:Disengage+1"],"picked":"mysticmod:Feint","floor":18},{"not_picked":["mysticmod:Shield","mysticmod:AllIn","mysticmod:BulkUp"],"picked":"SKIP","floor":20}],"player_experience":999935,"relics_obtained":[{"floor":6.0,"key":"Happy Flower"},{"floor":8.0,"key":"sagemod:Red_Beast_Statue"},{"floor":9.0,"key":"Lantern"}],"event_choices":[{"damage_healed":0,"gold_gain":0,"player_choice":"Bought 0 Potions","damage_taken":0,"max_hp_gain":0,"max_hp_loss":0,"event_name":"The Woman in Blue","floor":19,"gold_loss":0}],"is_beta":false,"boss_relics":[{"not_picked":["Fusion Hammer","energizedSpire:EnergizedDie"],"picked":"energizedSpire:RedRose"}],"items_purged_floors":[],"is_endless":false,"potions_floor_spawned":[5,8,13,14,18],"killed_by":"Sentry and Sphere","ascension_level":0}}