{"host":"udzsrhbqdxqtlypj","time":1609363908,"event":{"mods":["BaseMod","Minty Spire (QoL Compilation)","Relic Stats"],"gold_per_floor":[211,211,223,243,37,66,76,76,76,109,131,145,171,182,182,282,282,296,296,296,41,57,57,83,383,460,472,43,68,68,103,103,204,204,220,265,175,195,195,220,220,254,254,283,283,294,294,314,314,314,314,314,21,55,55],"floor_reached":56,"playtime":5278,"items_purged":["Strike_G","Defend_G","Shame"],"score":1879,"play_id":"d6a934b0-1821-4aa5-a23b-d54ffcd4baa8","local_time":"20201230153148","is_ascension_mode":true,"campfire_choices":[{"data":"Crippling Poison","floor":8,"key":"SMITH"},{"data":"Strike_G","floor":15,"key":"PURGE"},{"data":"Burst","floor":23,"key":"SMITH"},{"data":"Ghostly","floor":30,"key":"SMITH"},{"data":"Ghostly","floor":32,"key":"SMITH"},{"data":"Noxious Fumes","floor":41,"key":"SMITH"},{"data":"Malaise","floor":45,"key":"SMITH"},{"floor":49,"key":"RECALL"},{"data":"Crippling Poison","floor":52,"key":"SMITH"}],"circlet_count":0,"master_deck":["AscendersBane","Strike_G+1","Defend_G","Defend_G","Survivor","Neutralize","Blade Dance+1","Backflip","All Out Attack","Crippling Poison+1","Cloak And Dagger","PiercingWail","Deadly Poison","Accuracy","After Image","PiercingWail","Escape Plan","Burst+1","Noxious Fumes+1","Ghostly+1","Ghostly","Ghostly","Ghostly","Ghostly+1","Noxious Fumes+1","Footwork","Blur","Malaise+1","Caltrops+1","Crippling Poison+1","Venomology","PiercingWail+1","Wraith Form v2+1","Deflect+1","Catalyst+1","Venomology","Crippling Poison+1","Terror"],"relics":["Ring of the Snake","Whetstone","Ornamental Fan","Peace Pipe","Odd Mushroom","Eternal Feather","Empty Cage","Lee\u0027s Waffle","Pantograph","Old Coin","Frozen Egg 2","Chemical X","Juzu Bracelet","Bronze Scales","Runic Dome","Du-Vu Doll","CaptainsWheel","Calipers","Lizard Tail","Turnip","Nunchaku"],"acts_visited":["Exordium","TheCity","TheBeyond","TheEnding"],"potions_floor_usage":[6,10,13,16,35,36,38,40,40,42,42,44,44,48,50,50,54,55,55,55,55],"damage_taken":[{"damage":3,"enemies":"Jaw Worm","floor":1,"turns":5},{"damage":5,"enemies":"Small Slimes","floor":3,"turns":3},{"damage":4,"enemies":"2 Louse","floor":4,"turns":3},{"damage":7,"enemies":"3 Sentries","floor":6,"turns":6},{"damage":9,"enemies":"Blue Slaver","floor":7,"turns":4},{"damage":20,"enemies":"Gremlin Nob","floor":10,"turns":4},{"damage":0,"enemies":"The Mushroom Lair","floor":11,"turns":2},{"damage":0,"enemies":"2 Fungi Beasts","floor":12,"turns":3},{"damage":0,"enemies":"3 Sentries","floor":13,"turns":5},{"damage":3,"enemies":"Gremlin Gang","floor":14,"turns":3},{"damage":6,"enemies":"Hexaghost","floor":16,"turns":11},{"damage":16,"enemies":"2 Thieves","floor":18,"turns":5},{"damage":0,"enemies":"Shell Parasite","floor":22,"turns":7},{"damage":2,"enemies":"Gremlin Leader","floor":24,"turns":8},{"damage":19,"enemies":"Chosen and Byrds","floor":27,"turns":7},{"damage":3,"enemies":"Slavers","floor":29,"turns":8},{"damage":6,"enemies":"Book of Stabbing","floor":31,"turns":7},{"damage":15,"enemies":"Automaton","floor":33,"turns":12},{"damage":0,"enemies":"Orb Walker","floor":35,"turns":5},{"damage":2,"enemies":"2 Orb Walkers","floor":36,"turns":5},{"damage":2,"enemies":"3 Darklings","floor":38,"turns":4},{"damage":1,"enemies":"Nemesis","floor":40,"turns":9},{"damage":4,"enemies":"Reptomancer","floor":42,"turns":7},{"damage":24,"enemies":"Nemesis","floor":44,"turns":9},{"damage":1,"enemies":"Jaw Worm Horde","floor":46,"turns":3},{"damage":0,"enemies":"Maw","floor":48,"turns":6},{"damage":4,"enemies":"Donu and Deca","floor":50,"turns":9},{"damage":5,"enemies":"Shield and Spear","floor":54,"turns":8},{"damage":63,"enemies":"The Heart","floor":55,"turns":12}],"seed_played":"1660040666861525350","potions_obtained":[{"floor":4,"key":"Fruit Juice"},{"floor":6,"key":"Weak Potion"},{"floor":11,"key":"LiquidMemories"},{"floor":12,"key":"SteroidPotion"},{"floor":13,"key":"EssenceOfSteel"},{"floor":29,"key":"SneckoOil"},{"floor":31,"key":"Swift Potion"},{"floor":36,"key":"Regen Potion"},{"floor":42,"key":"Block Potion"},{"floor":47,"key":"ColorlessPotion"}],"is_trial":false,"path_per_floor":["M","?","M","M","$","E","M","R","T","E","?","M","E","M","R","B",null,"M","?","?","$","M","R","E","?","T","M","$","E","R","E","R","B",null,"M","?","?","M","?","E","R","E","T","E","R","M","?","M","R","B",null,"R","$","E","B",null],"character_chosen":"THE_SILENT","items_purchased":["SteroidPotion","Crippling Poison","Lee\u0027s Waffle","Chemical X","Malaise","Turnip"],"campfire_rested":0,"item_purchase_floors":[5,5,21,28,28,53],"current_hp_per_floor":[60,60,55,51,51,44,35,35,35,15,15,15,15,12,24,18,57,41,35,35,42,42,42,40,40,40,21,21,18,36,30,42,27,38,43,41,41,47,47,46,47,43,43,19,40,39,39,39,47,43,46,47,47,42,9],"gold":55,"neow_bonus":"HUNDRED_GOLD","is_daily":false,"chose_seed":false,"campfire_upgraded":7,"win_rate":0.0,"timestamp":1609363908,"path_taken":["M","?","M","M","$","E","M","R","T","E","?","M","E","M","R","BOSS","M","?","?","$","M","R","E","?","T","M","?","E","R","E","R","BOSS","M","?","?","M","?","E","R","E","T","E","R","M","?","M","R","BOSS","R","$","E","BOSS"],"items_purchased_type":["Potion","Card","Relic","Relic","Card","Relic"],"build_version":"2020-12-22","purchased_purges":3,"victory":true,"max_hp_per_floor":[70,70,70,70,70,70,70,70,70,70,70,70,70,70,70,70,70,70,35,35,42,42,42,42,42,42,42,42,42,42,42,42,42,42,47,47,47,47,47,47,47,47,47,47,47,47,47,47,47,47,47,47,47,47,47],"relic_stats":{"Lee\u0027s Waffle":7,"counters":[29,180],"Eternal Feather":73,"Juzu Bracelet":1,"Whetstone":["Strike_G","Strike_G"],"Peace Pipe":1,"Lizard Tail":23,"Nunchaku":[1],"Ornamental Fan":[148],"Pantograph":5,"Bronze Scales":[420],"Turnip":[2],"Chemical X":[17],"obtain_stats":[{"Lee\u0027s Waffle":21,"Calipers":42,"Eternal Feather":13,"Juzu Bracelet":29,"Whetstone":6,"Odd Mushroom":11,"Frozen Egg 2":26,"Empty Cage":17,"Old Coin":25,"Peace Pipe":10,"Du-Vu Doll":36,"Runic Dome":34,"CaptainsWheel":40,"Lizard Tail":44,"Nunchaku":54,"Ornamental Fan":9,"Pantograph":24,"Bronze Scales":31,"Turnip":53,"Chemical X":28,"Ring of the Snake":0},{"Lee\u0027s Waffle":12,"Calipers":23,"Eternal Feather":9,"Juzu Bracelet":16,"Whetstone":4,"Odd Mushroom":7,"Frozen Egg 2":14,"Empty Cage":11,"Old Coin":14,"Peace Pipe":6,"Du-Vu Doll":20,"Runic Dome":18,"CaptainsWheel":22,"Lizard Tail":24,"Nunchaku":28,"Ornamental Fan":5,"Pantograph":14,"Bronze Scales":17,"Turnip":27,"Chemical X":15,"Ring of the Snake":0},{"Lee\u0027s Waffle":54,"Calipers":133,"Eternal Feather":35,"Juzu Bracelet":84,"Whetstone":17,"Odd Mushroom":27,"Frozen Egg 2":69,"Empty Cage":49,"Old Coin":69,"Peace Pipe":25,"Du-Vu Doll":113,"Runic Dome":103,"CaptainsWheel":126,"Lizard Tail":142,"Nunchaku":168,"Ornamental Fan":21,"Pantograph":69,"Bronze Scales":91,"Turnip":160,"Chemical X":76,"Ring of the Snake":0}],"Ring of the Snake":[58]},"card_choices":[{"not_picked":["Flechettes","Backflip"],"picked":"Blade Dance","floor":1},{"not_picked":["Heel Hook","Outmaneuver"],"picked":"Backflip","floor":3},{"not_picked":["Poisoned Stab","Blade Dance"],"picked":"All Out Attack","floor":4},{"not_picked":["Doppelganger","Prepared"],"picked":"Cloak And Dagger","floor":6},{"not_picked":["Dash","Cloak And Dagger"],"picked":"PiercingWail","floor":7},{"not_picked":["Bane","Cloak And Dagger"],"picked":"Deadly Poison","floor":10},{"not_picked":["Quick Slash","Sucker Punch"],"picked":"Accuracy","floor":11},{"not_picked":["Blade Dance","Reflex"],"picked":"After Image","floor":12},{"not_picked":["Predator","Bouncing Flask"],"picked":"PiercingWail","floor":13},{"not_picked":["Setup","Calculated Gamble"],"picked":"Escape Plan","floor":14},{"not_picked":["Unload","Adrenaline"],"picked":"Burst","floor":16},{"not_picked":["Outmaneuver","Well Laid Plans"],"picked":"Noxious Fumes+1","floor":18},{"not_picked":["Concentrate","Masterful Stab"],"picked":"Noxious Fumes","floor":22},{"not_picked":["Sucker Punch","Underhanded Strike"],"picked":"Footwork","floor":24},{"not_picked":["Bane","Slice"],"picked":"Blur","floor":27},{"not_picked":["Outmaneuver+1","Sucker Punch"],"picked":"Caltrops+1","floor":29},{"not_picked":["Backflip","Caltrops+1"],"picked":"Crippling Poison","floor":31},{"not_picked":["Storm of Steel","Glass Knife"],"picked":"Venomology","floor":33},{"not_picked":["PiercingWail","Sucker Punch","Outmaneuver+1"],"picked":"SKIP","floor":35},{"not_picked":["Prepared","Bane"],"picked":"PiercingWail+1","floor":38},{"not_picked":["Flechettes+1","Quick Slash+1"],"picked":"Wraith Form v2+1","floor":40},{"not_picked":["PiercingWail+1","Endless Agony"],"picked":"Deflect+1","floor":42},{"not_picked":["Backflip","Poisoned Stab"],"picked":"Catalyst+1","floor":44},{"not_picked":["Bouncing Flask","Distraction"],"picked":"Venomology","floor":46},{"not_picked":["PiercingWail","Dash"],"picked":"Crippling Poison","floor":48},{"not_picked":["Infinite Blades+1","Deflect"],"picked":"Terror","floor":54}],"player_experience":2766898,"relics_obtained":[{"floor":6,"key":"Whetstone"},{"floor":9,"key":"Ornamental Fan"},{"floor":10,"key":"Peace Pipe"},{"floor":11,"key":"Odd Mushroom"},{"floor":13,"key":"Eternal Feather"},{"floor":24,"key":"Pantograph"},{"floor":26,"key":"Frozen Egg 2"},{"floor":29,"key":"Juzu Bracelet"},{"floor":31,"key":"Bronze Scales"},{"floor":36,"key":"Du-Vu Doll"},{"floor":40,"key":"CaptainsWheel"},{"floor":42,"key":"Calipers"},{"floor":44,"key":"Lizard Tail"},{"floor":54,"key":"Nunchaku"}],"event_choices":[{"damage_healed":0,"gold_gain":0,"player_choice":"Grow","damage_taken":0,"max_hp_gain":0,"max_hp_loss":0,"event_name":"Living Wall","floor":2,"gold_loss":0,"cards_upgraded":["Blade Dance"]},{"damage_healed":0,"gold_gain":0,"player_choice":"Fought Mushrooms","damage_taken":0,"max_hp_gain":0,"max_hp_loss":0,"event_name":"Mushrooms","floor":11,"gold_loss":0},{"damage_healed":0,"gold_gain":0,"player_choice":"Became a Ghost","damage_taken":0,"max_hp_gain":0,"max_hp_loss":35,"event_name":"Ghosts","floor":19,"gold_loss":0,"cards_obtained":["Ghostly","Ghostly","Ghostly","Ghostly","Ghostly"]},{"damage_healed":0,"gold_gain":0,"player_choice":"Ignored","damage_taken":0,"max_hp_gain":0,"max_hp_loss":0,"event_name":"Vampires","floor":20,"gold_loss":0},{"damage_healed":0,"gold_gain":0,"player_choice":"Stole Relic","damage_taken":0,"relics_obtained":["Old Coin"],"max_hp_gain":0,"max_hp_loss":0,"event_name":"Addict","floor":25,"gold_loss":0,"cards_obtained":["Shame"]},{"damage_healed":0,"gold_gain":0,"player_choice":"Fight","damage_taken":0,"max_hp_gain":0,"max_hp_loss":0,"event_name":"Mysterious Sphere","floor":36,"gold_loss":0},{"cards_removed":["Defend_G"],"damage_healed":0,"gold_gain":0,"player_choice":"Upgrade and Remove","damage_taken":0,"max_hp_gain":0,"max_hp_loss":0,"event_name":"Designer","floor":37,"gold_loss":90,"cards_upgraded":["Crippling Poison"]},{"cards_removed":["Strike_G"],"damage_healed":0,"gold_gain":0,"player_choice":"Removed Attack","damage_taken":0,"max_hp_gain":0,"max_hp_loss":0,"event_name":"Falling","floor":39,"gold_loss":0},{"damage_healed":0,"gold_gain":0,"player_choice":"Got Potions","damage_taken":0,"max_hp_gain":0,"max_hp_loss":0,"event_name":"Lab","floor":47,"gold_loss":0}],"is_beta":false,"boss_relics":[{"not_picked":["Tiny House","Busted Crown"],"picked":"Empty Cage"},{"not_picked":["Cursed Key","Black Star"],"picked":"Runic Dome"}],"items_purged_floors":[5,21,28],"is_endless":false,"potions_floor_spawned":[4,6,11,12,13,29,31,36,38,42,48],"ascension_level":10}}