{"host":"sav7uxregyirlf69","time":1609309290,"event":{"mods":["AchievementEnabler","BaseMod","Colored Map","DeckTracker","Keyboard Shortcuts","Minty Spire (QoL Compilation)","READ ME - Guardian Mod","StSLib","SuperFastMode"],"gold_per_floor":[214,232,245,2,2,31,31,31,85,10,10,45,58,86,86,86,86],"floor_reached":16,"playtime":265,"items_purged":["Strike_G"],"score":220,"play_id":"bf3feca4-8514-472e-ba62-2498b0f15146","local_time":"20201230152130","is_ascension_mode":true,"campfire_choices":[{"data":"Noxious Fumes","floor":7,"key":"SMITH"},{"data":"Deadly Poison","floor":11,"key":"SMITH"},{"data":"Well Laid Plans","floor":15,"key":"SMITH"}],"circlet_count":0,"master_deck":["AscendersBane","Strike_G","Strike_G","Defend_G","Defend_G","Defend_G","Defend_G","Defend_G","Survivor","Neutralize","Well Laid Plans+1","Deadly Poison+1","Dagger Spray","Noxious Fumes+1","Burst","Dagger Throw"],"relics":["Ring of the Snake","TwistedFunnel","MealTicket","CeramicFish","Frozen Egg 2"],"acts_visited":["Exordium"],"potions_floor_usage":[6,16],"damage_taken":[{"damage":5,"enemies":"Cultist","floor":1,"turns":5},{"damage":4,"enemies":"Jaw Worm","floor":2,"turns":8},{"damage":1,"enemies":"2 Louse","floor":3,"turns":4},{"damage":28,"enemies":"Gremlin Nob","floor":6,"turns":4},{"damage":25,"enemies":"Lagavulin","floor":12,"turns":5},{"damage":6,"enemies":"Exordium Wildlife","floor":13,"turns":4},{"damage":10,"enemies":"3 Louse","floor":14,"turns":2},{"damage":28,"enemies":"Slime Boss","floor":16,"turns":7}],"seed_played":"-5513373835341278968","potions_obtained":[{"floor":1,"key":"FairyPotion"},{"floor":2,"key":"AttackPotion"},{"floor":13,"key":"DistilledChaos"}],"is_trial":false,"path_per_floor":["M","M","M","$","?","E","R","?","T","?","R","E","M","M","R","B"],"character_chosen":"THE_SILENT","items_purchased":["TwistedFunnel"],"campfire_rested":0,"item_purchase_floors":[4],"current_hp_per_floor":[54,50,49,49,42,14,14,36,36,36,36,11,5,19,19,0,0],"gold":86,"neow_bonus":"HUNDRED_GOLD","is_daily":false,"chose_seed":false,"campfire_upgraded":3,"win_rate":0.0,"timestamp":1609309290,"path_taken":["M","?","M","$","?","E","R","?","T","?","R","E","M","M","R","BOSS"],"items_purchased_type":["Relic"],"build_version":"2020-12-22","purchased_purges":1,"victory":false,"max_hp_per_floor":[66,66,66,66,66,66,66,66,66,66,66,66,66,66,66,66,66],"card_choices":[{"not_picked":["Infinite Blades","Sucker Punch"],"picked":"Well Laid Plans","floor":1},{"not_picked":["Prepared","Cloak And Dagger"],"picked":"Deadly Poison","floor":2},{"not_picked":["Deflect","Prepared"],"picked":"Dagger Spray","floor":3},{"not_picked":["Infinite Blades","Caltrops"],"picked":"Noxious Fumes","floor":6},{"not_picked":["Acrobatics","Slice"],"picked":"Burst","floor":12},{"not_picked":["Dodge and Roll","Acrobatics","Bane"],"picked":"SKIP","floor":13},{"not_picked":["Flying Knee","Masterful Stab"],"picked":"Dagger Throw","floor":14}],"player_experience":1066967,"relics_obtained":[{"floor":6,"key":"MealTicket"},{"floor":9,"key":"CeramicFish"},{"floor":12,"key":"Frozen Egg 2"}],"event_choices":[{"cards_removed":["Strike_G"],"damage_healed":0,"gold_gain":0,"player_choice":"Card Removal","damage_taken":7,"max_hp_gain":0,"max_hp_loss":0,"event_name":"Golden Wing","floor":5,"gold_loss":0},{"damage_healed":22,"gold_gain":0,"player_choice":"Banana","damage_taken":0,"max_hp_gain":0,"max_hp_loss":0,"event_name":"Big Fish","floor":8,"gold_loss":0},{"cards_removed":["Strike_G"],"damage_healed":0,"gold_gain":0,"player_choice":"Card Removal","damage_taken":0,"max_hp_gain":0,"max_hp_loss":0,"event_name":"The Cleric","floor":10,"gold_loss":75}],"is_beta":false,"boss_relics":[],"items_purged_floors":[4],"is_endless":false,"potions_floor_spawned":[1,2,3,13],"killed_by":"Slime Boss","ascension_level":20}}