{"host":"2n2g1vowfllvjtvi","time":1609335028,"event":{"mods":["AchievementEnabler","BaseMod","Custom Start","GifTheSpireLib","Keyboard Shortcuts","Minty Spire (QoL Compilation)","Quick Restart","Rare Cards Sparkle","StSLib","SuperFastMode"],"gold_per_floor":[119,38,38,3,20,51,51,79,79,79,99,99,111,131,131,207,207,226,66,76,76,96,96,96,124,151,251,25,75,89,109,109,109,109],"floor_reached":33,"playtime":553,"items_purged":["Strike_G","Pain"],"score":525,"play_id":"fd2ea668-8e58-41be-95bd-d4cb9fc69d49","local_time":"20201230223028","is_ascension_mode":true,"campfire_choices":[{"data":"Neutralize","floor":15.0,"key":"SMITH"},{"data":"PiercingWail","floor":23.0,"key":"SMITH"},{"data":"Well Laid Plans","floor":32,"key":"SMITH"}],"circlet_count":0,"master_deck":["AscendersBane","Strike_G","Defend_G","Defend_G","Defend_G","Defend_G","Defend_G","Survivor","Neutralize+1","Underhanded Strike","Die Die Die","Dagger Throw","Die Die Die","Riddle With Holes","Unload","Dagger Spray","Flash of Steel","Backstab","PiercingWail+1","Adrenaline","Eviscerate","Acrobatics","Well Laid Plans+1"],"relics":["Ring of the Snake","NeowsBlessing","PreservedInsect","Toy Ornithopter","Eternal Feather","StrikeDummy","Coffee Dripper","WarpedTongs","Paper Crane","Happy Flower","Turnip","Letter Opener"],"acts_visited":["Exordium","TheCity"],"potions_floor_usage":[33],"damage_taken":[{"damage":0.0,"enemies":"Small Slimes","floor":1.0,"turns":1.0},{"damage":0.0,"enemies":"2 Louse","floor":5.0,"turns":1.0},{"damage":0.0,"enemies":"Gremlin Nob","floor":6.0,"turns":1.0},{"damage":17.0,"enemies":"Lagavulin","floor":8.0,"turns":5.0},{"damage":0.0,"enemies":"Cultist","floor":11.0,"turns":2.0},{"damage":0.0,"enemies":"3 Louse","floor":13.0,"turns":1.0},{"damage":0.0,"enemies":"2 Fungi Beasts","floor":14.0,"turns":2.0},{"damage":46.0,"enemies":"Slime Boss","floor":16.0,"turns":12.0},{"damage":0.0,"enemies":"Spheric Guardian","floor":18.0,"turns":3.0},{"damage":0.0,"enemies":"Chosen","floor":20.0,"turns":5.0},{"damage":28.0,"enemies":"Snecko","floor":22.0,"turns":6.0},{"damage":6.0,"enemies":"Slavers","floor":25.0,"turns":3.0},{"damage":3.0,"enemies":"Colosseum Slavers","floor":27.0,"turns":3.0},{"damage":3.0,"enemies":"Colosseum Nobs","floor":27.0,"turns":3.0},{"damage":10,"enemies":"Shelled Parasite and Fungi","floor":30,"turns":4},{"damage":1,"enemies":"3 Cultists","floor":31,"turns":3},{"damage":58,"enemies":"Automaton","floor":33,"turns":6}],"seed_played":"-2890350664440222639","potions_obtained":[{"floor":5.0,"key":"SpeedPotion"},{"floor":6.0,"key":"ColorlessPotion"},{"floor":11.0,"key":"Energy Potion"},{"floor":22.0,"key":"Explosive Potion"},{"floor":25.0,"key":"BlessingOfTheForge"},{"floor":31,"key":"Swift Potion"}],"is_trial":false,"path_per_floor":["M","$","?","?","M","E","?","E","T","?","M","?","M","M","R","B",null,"M","$","M","?","M","R","?","E","T","?","$","?","M","M","R","B"],"character_chosen":"THE_SILENT","items_purchased":["Die Die Die","Flash of Steel","Eviscerate","Acrobatics"],"campfire_rested":0,"item_purchase_floors":[2,19,28,28],"current_hp_per_floor":[59,59,41,57,57,57,57,45,45,45,45,38,38,38,47,6,51,51,51,56,56,28,40,40,39,39,38,38,38,28,27,39,0,0],"gold":109,"neow_bonus":"THREE_ENEMY_KILL","is_daily":false,"chose_seed":false,"campfire_upgraded":3,"win_rate":0.0,"timestamp":1609335028,"path_taken":["M","$","?","?","M","E","?","E","T","?","?","?","M","M","R","BOSS","M","$","M","?","?","R","?","E","T","?","$","?","?","M","R","BOSS"],"items_purchased_type":["Card","Card","Card","Card"],"build_version":"2020-12-22","purchased_purges":2,"victory":false,"max_hp_per_floor":[66,66,66,66,66,66,66,66,66,66,66,66,66,66,66,66,66,66,66,66,66,66,66,66,66,66,66,66,66,66,66,66,66,66],"card_choices":[{"not_picked":["Cloak And Dagger","Deflect"],"picked":"Underhanded Strike","floor":1.0},{"not_picked":["Dodge and Roll","Backflip","Skewer"],"picked":"SKIP","floor":5.0},{"not_picked":["PiercingWail","Masterful Stab"],"picked":"Dagger Throw","floor":6.0},{"not_picked":["Bouncing Flask","Cloak And Dagger"],"picked":"Die Die Die","floor":8.0},{"not_picked":["Slice","PiercingWail","All Out Attack"],"picked":"SKIP","floor":11.0},{"not_picked":["Underhanded Strike","Outmaneuver","Endless Agony"],"picked":"SKIP","floor":13.0},{"not_picked":["Catalyst","Cloak And Dagger"],"picked":"Unload","floor":14.0},{"not_picked":["Predator","Slice"],"picked":"Dagger Spray","floor":18.0},{"not_picked":["Distraction","Sucker Punch"],"picked":"Backstab","floor":20.0},{"not_picked":["Deflect","Infinite Blades"],"picked":"PiercingWail","floor":22.0},{"not_picked":["Endless Agony+1","Predator"],"picked":"Adrenaline","floor":25.0},{"not_picked":["Sucker Punch","Dagger Throw"],"picked":"Well Laid Plans","floor":30},{"not_picked":["Infinite Blades","PiercingWail","Well Laid Plans"],"picked":"SKIP","floor":31}],"player_experience":456520,"relics_obtained":[{"floor":6.0,"key":"Toy Ornithopter"},{"floor":8.0,"key":"Eternal Feather"},{"floor":9.0,"key":"StrikeDummy"},{"floor":25.0,"key":"Paper Crane"},{"floor":26.0,"key":"Happy Flower"},{"floor":27.0,"key":"Turnip"},{"floor":27.0,"key":"Letter Opener"}],"event_choices":[{"damage_healed":0.0,"max_hp_gain":0.0,"max_hp_loss":0.0,"gold_gain":0.0,"event_name":"Scrap Ooze","player_choice":"Success","floor":3.0,"gold_loss":0.0,"damage_taken":18.0,"relics_obtained":["PreservedInsect"]},{"damage_healed":16.0,"max_hp_gain":0.0,"max_hp_loss":0.0,"gold_gain":0.0,"event_name":"The Cleric","player_choice":"Healed","floor":4.0,"gold_loss":35.0,"damage_taken":0.0},{"cards_removed":["Strike_G"],"damage_healed":0.0,"max_hp_gain":0.0,"max_hp_loss":0.0,"gold_gain":0.0,"event_name":"Living Wall","player_choice":"Forget","floor":7.0,"gold_loss":0.0,"damage_taken":0.0},{"damage_healed":0.0,"max_hp_gain":0.0,"max_hp_loss":0.0,"gold_gain":0.0,"cards_transformed":["Strike_G"],"event_name":"Transmorgrifier","player_choice":"Transformed","floor":10.0,"gold_loss":0.0,"damage_taken":0.0,"cards_obtained":["Riddle With Holes"]},{"cards_removed":["Strike_G"],"damage_healed":0.0,"max_hp_gain":0.0,"max_hp_loss":0.0,"gold_gain":0.0,"event_name":"Golden Wing","player_choice":"Card Removal","floor":12.0,"gold_loss":0.0,"damage_taken":7.0},{"damage_healed":0.0,"max_hp_gain":0.0,"max_hp_loss":0.0,"gold_gain":0.0,"event_name":"Accursed Blacksmith","player_choice":"Rummage","floor":21.0,"gold_loss":0.0,"damage_taken":0.0,"relics_obtained":["WarpedTongs"],"cards_obtained":["Pain"]},{"damage_healed":0.0,"max_hp_gain":0.0,"max_hp_loss":0.0,"gold_gain":0.0,"event_name":"Ghosts","player_choice":"Ignored","floor":24.0,"gold_loss":0.0,"damage_taken":0.0},{"damage_healed":0.0,"max_hp_gain":0.0,"max_hp_loss":0.0,"gold_gain":0.0,"event_name":"Colosseum","player_choice":"Fight","floor":27.0,"gold_loss":0.0,"damage_taken":0.0},{"damage_healed":0.0,"max_hp_gain":0.0,"max_hp_loss":0.0,"gold_gain":0.0,"event_name":"Colosseum","player_choice":"Fought Nobs","floor":27.0,"gold_loss":0.0,"damage_taken":0.0},{"damage_healed":0.0,"max_hp_gain":0.0,"max_hp_loss":0.0,"gold_gain":50.0,"event_name":"Golden Shrine","player_choice":"Pray","floor":29.0,"gold_loss":0.0,"damage_taken":0.0}],"is_beta":false,"boss_relics":[{"not_picked":["SacredBark","WristBlade"],"picked":"Coffee Dripper"}],"items_purged_floors":[19,28],"is_endless":false,"potions_floor_spawned":[5,6,11,22,25,27,31],"killed_by":"Automaton","ascension_level":15}}