{"host":"b0hh64pqctf46s8m","time":1609358900,"event":{"mods":["Act Like it!","Aspiration","BaseMod","Bestiary","Better Third Choice","CCEM","CapriCore","ChefMod","Conspire","Curses Come First","Displayed Cursed Tome","Dota2Spire","Downfall","Ekko","Elementarium","Fireblade Mod","Halation","Hallownest","Hermit","Hubris","Infinite Spire","Jess\u0027s Bottle","JesterMod","Jorbs\u0027s Wanderer Trilogy","Koishi","Kratos Character Expansion","Lobotomy","Luminous","Mari Mod (Legacy)","Mari\u0027s V1 Patch","Menagerie","Mimic Mod","Minty Spire (QoL Compilation)","Pale of the Ancients","Permanent Neow","Pikachu Mod","QueenMod","Random Character Button","Relic Sorter","Relic Stats","Replay The Spire","Robot Space Explorer","Shade Mod","StSLib","The Blue Laboratory","The Caster","The Dragon Tamer","The Hayseed","The Immortal","The Marked","TheLocksmith","TheSwordswoman","TheVacant","TheWitcher","Treasure Hunter","UnlockEverythingMod","Wandering Minibosses","vexMod","??????REMEMod"],"gold_per_floor":[0,10,0,17,2,35,35,65,65,65,50,50,79,91,102,201,201,201,218,236,246,260,260,260,260,260,295,306,35,65,92,107,204,204,204,214,124,154,154,169,207,226,300,316,351,351,366,366,384,384],"floor_reached":51,"playtime":3378,"items_purged":["Slimebound:Strike_Slimebound"],"score":820,"play_id":"c8523cea-2ae9-4205-8607-83b2d86608d5","local_time":"20201230120820","is_ascension_mode":true,"campfire_choices":[{"data":"Slimebound:RollThrough","floor":9,"key":"SMITH"},{"data":"Slimebound:SpikyOuterGoop","floor":18,"key":"SMITH"},{"data":"Slimebound:RainOfGoop","floor":23,"key":"SMITH"},{"data":"Slimebound:GoopSpray","floor":26,"key":"SMITH"},{"floor":35,"key":"DIG"},{"data":"Slimebound:Teamwork","floor":46,"key":"SMITH"}],"circlet_count":0,"master_deck":["Slimebound:Strike_Slimebound","Slimebound:Tackle","Slimebound:Defend_Slimebound","Slimebound:Defend_Slimebound","Slimebound:Defend_Slimebound+1","Slimebound:Defend_Slimebound","Slimebound:Split","Slimebound:CorrosiveSpit","Slimebound:OozeBath+1","Slimebound:SamplingLick+1","Slimebound:RollThrough+1","Slimebound:LeechEnergy","TH:BikiniMail","Slimebound:ViciousTackle","TH:CursedSword","Slimebound:Nibble","Slimebound:SpikyOuterGoop+1","Slimebound:GoopSpray+1","Slimebound:RainOfGoop+1","Slimebound:LeechLife","Slimebound:FormOfPuddle","Slimebound:ViciousTackle+1","Slimebound:MassFeed","Slimebound:LivingWall","Slimebound:WasteNot","Slimebound:Teamwork+1"],"relics":["Slimebound:AbsorbEndCombat","Dota2Spire:UrnOfShadows","halation:PinkSoulGem","Dota2Spire:CrimsonGuard","Dota2Spire:MagicBottle","halation:VictoryRuler","REME_ComplimentaryCards","War Paint","aspiration:FrozenJewel","ReplayTheSpireMod:Shallot","Snecko Eye","Matryoshka","aspiration:DSix","vexMod:BarristanHead","Elementarium:GoldenMirage","halation:ForbiddenBikini","conspire:InfiniteJournal","Ice Cream","halation:PromiseList","Onion Ring","hubris:Spice"],"acts_visited":["Exordium","Elementarium:Elementarium","Hallownest:KingdomsEdge"],"potions_floor_usage":[8,8,37,50],"damage_taken":[{"damage":7,"enemies":"2 Louse","floor":2,"turns":3},{"damage":8,"enemies":"Jaw Worm","floor":4,"turns":3},{"damage":10,"enemies":"downfall:FleeingMerchant","floor":5,"turns":4},{"damage":52,"enemies":"Gremlin Nob","floor":6,"turns":5},{"damage":11,"enemies":"3 Sentries","floor":8,"turns":5},{"damage":4,"enemies":"downfall:FleeingMerchant","floor":11,"turns":4},{"damage":4,"enemies":"Replay:BlueRogue","floor":13,"turns":5},{"damage":4,"enemies":"conspire:RoseBush","floor":14,"turns":2},{"damage":4,"enemies":"Blue Slaver","floor":15,"turns":3},{"damage":30,"enemies":"downfall:Watcher","floor":16,"turns":7},{"damage":9,"enemies":"Elementarium:MUD_AND_TAR_GOLEMS","floor":19,"turns":4},{"damage":4,"enemies":"Elementarium:VoidCorruption","floor":20,"turns":4},{"damage":14,"enemies":"Elementarium:VoidBeast","floor":21,"turns":3},{"damage":4,"enemies":"Elementarium:STONE_GOLEMS","floor":22,"turns":5},{"damage":39,"enemies":"Nightmare","floor":27,"turns":6},{"damage":6,"enemies":"Elementarium:3_ELEMENTALS","floor":28,"turns":3},{"damage":20,"enemies":"downfall:FleeingMerchant","floor":29,"turns":4},{"damage":30,"enemies":"Elementarium:FIRE_NOBILITY","floor":30,"turns":6},{"damage":8,"enemies":"Elementarium:GOLDEN_STATUES","floor":31,"turns":4},{"damage":14,"enemies":"Elementarium:VoidBeast","floor":32,"turns":4},{"damage":45,"enemies":"downfall:Silent","floor":33,"turns":7},{"damage":0,"enemies":"Hallownest:Shield_Heavy","floor":36,"turns":4},{"damage":4,"enemies":"downfall:FleeingMerchant","floor":37,"turns":4},{"damage":21,"enemies":"conspire:MimicChest","floor":38,"turns":7},{"damage":8,"enemies":"Hallownest:2_Littles","floor":40,"turns":4},{"damage":10,"enemies":"Hallownest:monsterPrimalAspid","floor":41,"turns":9},{"damage":21,"enemies":"Hallownest:monsterPrimalAspid","floor":42,"turns":5},{"damage":4,"enemies":"Hallownest:2_Soldiers_and_1_Guardian","floor":44,"turns":6},{"damage":107,"enemies":"Nightmare","floor":45,"turns":8},{"damage":4,"enemies":"Hallownest:2_Wing_and_1_Kings","floor":47,"turns":5},{"damage":24,"enemies":"Hallownest:Xero_Hu_Marmu","floor":49,"turns":6},{"damage":11,"enemies":"downfall:Ironclad","floor":50,"turns":9}],"seed_played":"-1705172043284120707","potions_obtained":[{"floor":4,"key":"Reflective Coating"},{"floor":6,"key":"blueLaboratory:FruitPunch"},{"floor":13,"key":"blueLaboratory:SavagePotion"},{"floor":14,"key":"Explosive Potion"},{"floor":20,"key":"Regen Potion"},{"floor":36,"key":"Slimebound:SpawnSlimePotion"},{"floor":38,"key":"Guardian:BlockOnCardUsePotion"},{"floor":43,"key":"Dota2Spire:Clarity"},{"floor":43,"key":"Slimebound:SpawnSlimePotion"}],"is_trial":false,"path_per_floor":["R","M","?","M","$","E","T","E","R","?","$","T","E","M","M","B",null,"R","M","M","M","M","R","T","?","R","NM","M","$","E","?","M","B",null,"R","M","$","?","?","M","MIM","M","?","M","NM","R","M","?","M","B",null],"character_chosen":"SLIMEBOUND","items_purchased":["Dota2Spire:CrimsonGuard"],"campfire_rested":0,"item_purchase_floors":[29],"current_hp_per_floor":[60,60,60,60,60,24,24,23,23,23,35,35,62,62,62,49,62,62,62,62,52,62,62,62,62,62,54,62,56,60,62,62,45,62,62,65,65,65,65,71,71,71,54,74,31,31,91,86,89,89],"gold":384,"neow_bonus":"THREE_RARE_CARDS","is_daily":false,"chose_seed":false,"campfire_upgraded":5,"win_rate":0.0,"timestamp":1609358900,"path_taken":["R","M","?","M","$","E","T","E","R","?","?","?","E","M","M","BOSS","R","M","?","?","M","R","T","?","R","NM","M","$","E","?","M","BOSS","R","M","$","?","?","M","MIM","?","?","M","NM","R","M","?","M","BOSS"],"items_purchased_type":["Relic"],"build_version":"2020-12-22","purchased_purges":1,"victory":true,"max_hp_per_floor":[60,60,60,60,60,60,60,62,62,62,62,62,62,62,62,62,62,62,62,62,62,62,62,62,62,62,62,62,62,62,62,62,62,62,62,65,65,65,65,71,71,71,71,74,82,82,91,86,89,89],"relic_stats":{"counters":[32,158],"Snecko Eye":[215,227,192,205],"War Paint":["Slimebound:SamplingLick","Slimebound:Defend_Slimebound"],"obtain_stats":[{"Ice Cream":41,"Dota2Spire:UrnOfShadows":35,"halation:ForbiddenBikini":34,"War Paint":3,"aspiration:FrozenJewel":6,"Elementarium:GoldenMirage":31,"conspire:InfiniteJournal":38,"Dota2Spire:MagicBottle":8,"Matryoshka":24,"vexMod:BarristanHead":30,"ReplayTheSpireMod:Shallot":12,"Dota2Spire:CrimsonGuard":29,"hubris:Spice":45,"halation:VictoryRuler":13,"Snecko Eye":17,"Onion Ring":43,"Slimebound:AbsorbEndCombat":0,"halation:PromiseList":41,"aspiration:DSix":27,"halation:PinkSoulGem":39,"REME_ComplimentaryCards":0},{"Ice Cream":26,"Dota2Spire:UrnOfShadows":21,"halation:ForbiddenBikini":21,"War Paint":1,"aspiration:FrozenJewel":4,"Elementarium:GoldenMirage":19,"conspire:InfiniteJournal":24,"Dota2Spire:MagicBottle":5,"Matryoshka":14,"vexMod:BarristanHead":18,"ReplayTheSpireMod:Shallot":6,"Dota2Spire:CrimsonGuard":17,"hubris:Spice":29,"halation:VictoryRuler":7,"Snecko Eye":10,"Onion Ring":27,"Slimebound:AbsorbEndCombat":0,"halation:PromiseList":26,"aspiration:DSix":15,"halation:PinkSoulGem":24,"REME_ComplimentaryCards":0},{"Ice Cream":119,"Dota2Spire:UrnOfShadows":91,"halation:ForbiddenBikini":91,"War Paint":3,"aspiration:FrozenJewel":15,"Elementarium:GoldenMirage":80,"conspire:InfiniteJournal":106,"Dota2Spire:MagicBottle":20,"Matryoshka":57,"vexMod:BarristanHead":76,"ReplayTheSpireMod:Shallot":24,"Dota2Spire:CrimsonGuard":70,"hubris:Spice":138,"halation:VictoryRuler":29,"Snecko Eye":41,"Onion Ring":124,"Slimebound:AbsorbEndCombat":0,"halation:PromiseList":119,"aspiration:DSix":63,"halation:PinkSoulGem":106,"REME_ComplimentaryCards":0}]},"card_choices":[{"not_picked":["Slimebound:DouseInSlime","Slimebound:SelfFormingGoo"],"picked":"Slimebound:OozeBath","floor":0},{"not_picked":["Slimebound:LeadByExample","Slimebound:SlimeBarrage"],"picked":"Slimebound:SamplingLick","floor":2},{"not_picked":["Slimebound:LeechingTouch","Slimebound:GoopSpray"],"picked":"Slimebound:RollThrough","floor":4},{"not_picked":["Slimebound:Schlurp","Slimebound:SplitBruiser"],"picked":"Slimebound:LeechEnergy","floor":5},{"not_picked":["TH:Mimic"],"picked":"TH:BikiniMail","floor":6},{"not_picked":["Slimebound:RollThrough","Slimebound:LeechingTouch"],"picked":"Slimebound:ViciousTackle","floor":6},{"not_picked":["TH:DeckOfManyThings"],"picked":"TH:CursedSword","floor":7},{"not_picked":["Slimebound:LeadByExample","Slimebound:GoopTackle"],"picked":"Slimebound:Nibble","floor":8},{"not_picked":["TH:CursedSword","TH:TreasureMap"],"picked":"SKIP","floor":8},{"not_picked":["Slimebound:Schlurp","Slimebound:SlimeTap"],"picked":"Slimebound:SpikyOuterGoop","floor":11},{"not_picked":["TH:TreasureMap","TH:BikiniMail"],"picked":"SKIP","floor":12},{"not_picked":["Slimebound:DivideAndConquer","Slimebound:OneTwoCombo"],"picked":"Slimebound:GoopSpray","floor":13},{"not_picked":["TH:CopperCoins","TH:ElvenBoots"],"picked":"SKIP","floor":13},{"not_picked":["Slimebound:SlimeSpikes","Slimebound:SplitBruiser"],"picked":"Slimebound:RainOfGoop","floor":14},{"not_picked":["Slimebound:FormOfPuddle","Slimebound:SamplingLick","Slimebound:SplitMire"],"picked":"SKIP","floor":15},{"not_picked":["Slimebound:SlimeSlap","Slimebound:WasteNot"],"picked":"Slimebound:LeechLife","floor":16},{"not_picked":["Slimebound:RollThrough","Slimebound:SamplingLick+1","Slimebound:LeechEnergy"],"picked":"SKIP","floor":19},{"not_picked":["Slimebound:SplitLeeching","Slimebound:LeechEnergy"],"picked":"Slimebound:FormOfPuddle","floor":20},{"not_picked":["Slimebound:SplitMire","Slimebound:PressTheAttack+1","Slimebound:ProtectTheBoss"],"picked":"SKIP","floor":21},{"not_picked":["Slimebound:PressTheAttack","Slimebound:TongueLash"],"picked":"Slimebound:ViciousTackle+1","floor":22},{"not_picked":["TH:EnergyPotion","TH:ArmorSpikes"],"picked":"SKIP","floor":24},{"not_picked":["TH:PixieDust","TH:TreasureMap"],"picked":"SKIP","floor":27},{"not_picked":["Slimebound:DivideAndConquer+1","Slimebound:ViciousTackle","Slimebound:MinionMaster"],"picked":"SKIP","floor":27},{"not_picked":["Slimebound:SlimeBarrage","Slimebound:SlimeBrawl","Slimebound:SplitBruiser"],"picked":"SKIP","floor":28},{"not_picked":["Slimebound:Schlurp","Slimebound:ComboTackle","Slimebound:GoopSpray"],"picked":"SKIP","floor":29},{"not_picked":["TH:TreasureMap","TH:BikiniMail"],"picked":"SKIP","floor":30},{"not_picked":["Slimebound:SplitMire","Slimebound:ViciousTackle","Slimebound:Chomp"],"picked":"SKIP","floor":30},{"not_picked":["Slimebound:RollThrough","Slimebound:PressTheAttack","Slimebound:LeechEnergy+1"],"picked":"SKIP","floor":32},{"not_picked":["Slimebound:Teamwork","Slimebound:OozeBath"],"picked":"Slimebound:MassFeed","floor":33},{"not_picked":["Slimebound:ForwardTackle","Slimebound:SamplingLick","Slimebound:LeechingTouch"],"picked":"SKIP","floor":36},{"not_picked":["Slimebound:LeechEnergy+1","Slimebound:SplitMire"],"picked":"Slimebound:LivingWall","floor":37},{"not_picked":["Slimebound:Prepare+1","Slimebound:SlimeSpikes","Slimebound:RollThrough"],"picked":"SKIP","floor":40},{"not_picked":["Slimebound:LeechingTouch+1","Slimebound:PressTheAttack+1","Slimebound:Chomp+1"],"picked":"SKIP","floor":42},{"not_picked":["Slimebound:SplitMire","Slimebound:ServeAndProtect+1"],"picked":"Slimebound:WasteNot","floor":43},{"not_picked":["Slimebound:SlimeSpikes","Slimebound:LeadByExample+1","Slimebound:DivideAndConquer"],"picked":"SKIP","floor":44},{"not_picked":["Slimebound:SlimeBrawl+1","Slimebound:Replication"],"picked":"Slimebound:Teamwork","floor":45},{"not_picked":["TH:CopperCoins","TH:ArmorSpikes"],"picked":"SKIP","floor":45},{"not_picked":["Slimebound:ViciousTackle+1","Slimebound:SplitBruiser","Slimebound:SlimeBrawl"],"picked":"SKIP","floor":47},{"not_picked":["Slimebound:SplitBruiser+1","Slimebound:DisruptingSlam","Slimebound:SamplingLick"],"picked":"SKIP","floor":49}],"player_experience":1463273,"relics_obtained":[{"floor":6,"key":"aspiration:FrozenJewel"},{"floor":8,"key":"Dota2Spire:MagicBottle"},{"floor":12,"key":"ReplayTheSpireMod:Shallot"},{"floor":13,"key":"halation:VictoryRuler"},{"floor":24,"key":"Matryoshka"},{"floor":27,"key":"aspiration:DSix"},{"floor":30,"key":"vexMod:BarristanHead"},{"floor":31,"key":"Elementarium:GoldenMirage"},{"floor":35,"key":"Dota2Spire:UrnOfShadows"},{"floor":38,"key":"conspire:InfiniteJournal"},{"floor":41,"key":"Ice Cream"},{"floor":41,"key":"halation:PromiseList"},{"floor":43,"key":"Onion Ring"},{"floor":45,"key":"hubris:Spice"}],"event_choices":[{"damage_healed":0,"gold_gain":0,"player_choice":"Tanks","damage_taken":0,"max_hp_gain":0,"max_hp_loss":0,"event_name":"Elementarium:IncubationChamber","floor":25,"gold_loss":0},{"damage_healed":0,"gold_gain":0,"player_choice":"Fight","damage_taken":0,"max_hp_gain":0,"max_hp_loss":0,"event_name":"Elementarium:GoldenStatues","floor":31,"gold_loss":0}],"is_beta":false,"boss_relics":[{"not_picked":["Velvet Choker","halation:CatFaceCupcake"],"picked":"Snecko Eye"},{"not_picked":["REME_LowDesire","ChewingGum"],"picked":"halation:ForbiddenBikini"}],"items_purged_floors":[37],"is_endless":false,"potions_floor_spawned":[4,6,13,14,20,27,30,33,36,38,42,44,47],"ascension_level":1}}