{"host":"6za4ayowsop7ft3x","time":1609301776,"event":{"mods":["AchievementEnabler","BaseMod","Bestiary","Colored Map","Colored Powertips","Curses Come First","Highlight Path","Minty Spire (QoL Compilation)","Quick Restart","StSLib"],"gold_per_floor":[119,137,154,171,183,183,208,208,208,208,208,228,228,228],"floor_reached":13,"playtime":467,"items_purged":[],"score":91,"play_id":"3de64144-2ca5-4c32-9f91-9acad9184a75","local_time":"20201230121616","is_ascension_mode":true,"campfire_choices":[{"floor":6,"key":"REST"},{"floor":11,"key":"REST"}],"circlet_count":0,"master_deck":["Strike_G","Strike_G","Strike_G","Strike_G","Defend_G","Defend_G","Defend_G","Defend_G","Defend_G","Survivor","Neutralize","Slice","Deflect","Slice","Catalyst","Die Die Die","Decay","Backflip+1"],"relics":["Ring of the Snake","NeowsBlessing","Oddly Smooth Stone","Toxic Egg 2"],"acts_visited":["Exordium"],"potions_floor_usage":[],"damage_taken":[{"damage":0,"enemies":"Small Slimes","floor":1,"turns":1},{"damage":0,"enemies":"Cultist","floor":2,"turns":1},{"damage":0,"enemies":"2 Louse","floor":3,"turns":1},{"damage":14,"enemies":"Lots of Slimes","floor":4,"turns":7},{"damage":10,"enemies":"Blue Slaver","floor":5,"turns":5},{"damage":35,"enemies":"3 Sentries","floor":7,"turns":11},{"damage":3,"enemies":"2 Fungi Beasts","floor":12,"turns":3},{"damage":52,"enemies":"Gremlin Nob","floor":13,"turns":5}],"seed_played":"990876989560245962","potions_obtained":[{"floor":4,"key":"GamblersBrew"},{"floor":5,"key":"CunningPotion"},{"floor":7,"key":"BlessingOfTheForge"}],"is_trial":false,"path_per_floor":["M","M","M","M","M","R","E","?","T","?","R","M","E"],"character_chosen":"THE_SILENT","items_purchased":[],"campfire_rested":2,"item_purchase_floors":[],"current_hp_per_floor":[70,70,70,56,46,67,32,32,32,32,53,50,0,0],"gold":228,"neow_bonus":"THREE_ENEMY_KILL","is_daily":false,"chose_seed":false,"campfire_upgraded":0,"win_rate":0.0,"timestamp":1609301776,"path_taken":["M","M","M","M","M","R","E","?","T","?","R","M","E"],"items_purchased_type":[],"build_version":"2020-12-22","purchased_purges":0,"victory":false,"max_hp_per_floor":[70,70,70,70,70,70,70,70,70,70,70,70,70,70],"card_choices":[{"not_picked":["Quick Slash","Sucker Punch"],"picked":"Slice","floor":1},{"not_picked":["Outmaneuver","Blade Dance"],"picked":"Deflect","floor":2},{"not_picked":["Endless Agony","Dagger Throw","Calculated Gamble"],"picked":"SKIP","floor":3},{"not_picked":["Choke","Wraith Form v2","Bane"],"picked":"SKIP","floor":4},{"not_picked":["Sucker Punch","Quick Slash"],"picked":"Slice","floor":5},{"not_picked":["Outmaneuver","Riddle With Holes"],"picked":"Catalyst","floor":7},{"not_picked":["Underhanded Strike","Eviscerate"],"picked":"Backflip+1","floor":12}],"player_experience":27939,"relics_obtained":[{"floor":7,"key":"Oddly Smooth Stone"},{"floor":9,"key":"Toxic Egg 2"}],"event_choices":[{"damage_healed":0,"gold_gain":0,"cards_transformed":["Strike_G"],"player_choice":"Change","damage_taken":0,"max_hp_gain":0,"max_hp_loss":0,"event_name":"Living Wall","floor":8,"gold_loss":0,"cards_obtained":["Die Die Die"]},{"damage_healed":0,"gold_gain":0,"player_choice":"Cursed","damage_taken":0,"max_hp_gain":0,"max_hp_loss":0,"event_name":"Wheel of Change","floor":10,"gold_loss":0,"cards_obtained":["Decay"]}],"is_beta":false,"boss_relics":[],"items_purged_floors":[],"is_endless":false,"potions_floor_spawned":[4,5,7],"killed_by":"Gremlin Nob","ascension_level":1}}