{"host":"Rich","time":1609296374,"event":{"mods":["AchievementEnabler","BaseMod","Highlight Path","Minty Spire (QoL Compilation)","Relic Stats"],"gold_per_floor":[117,267,134,147,21,21,56,56,133,133,159,159,184,184,184,259,259,279,311,323,142,142,142,87,87,110,145,156,183,183,33,33,112,112,129,129,141,160,205,205,223,234,234,234,234],"floor_reached":44,"playtime":1732,"items_purged":["Doubt","Strike_P","Strike_P","Eruption"],"score":1045,"play_id":"b6fac0c5-c80c-48f9-a821-a5ce095f610f","local_time":"20201229214614","is_ascension_mode":true,"campfire_choices":[{"data":"PathToVictory","floor":6.0,"key":"SMITH"},{"data":"PathToVictory","floor":8.0,"key":"SMITH"},{"data":"CutThroughFate","floor":10.0,"key":"SMITH"},{"floor":12.0,"key":"REST"},{"data":"SignatureMove","floor":15.0,"key":"SMITH"},{"data":"PathToVictory","floor":23.0,"key":"SMITH"},{"floor":25.0,"key":"REST"},{"floor":32.0,"key":"RECALL"},{"floor":40.0,"key":"REST"}],"circlet_count":0,"master_deck":["AscendersBane","Defend_P","Defend_P","Defend_P","Defend_P","Vigilance","SandsOfTime","PathToVictory+1","CutThroughFate+1","PathToVictory+1","ThirdEye","SignatureMove+1","SpiritShield","PathToVictory+1","Nirvana","PathToVictory+1","DevaForm+1","PathToVictory+1"],"relics":["PureWater","NeowsBlessing","Pantograph","CaptainsWheel","Regal Pillow","Snecko Eye","Red Mask","Anchor","Bronze Scales","Frozen Egg 2","Cursed Key","GoldenEye"],"acts_visited":["Exordium","TheCity","TheBeyond"],"potions_floor_usage":[44],"damage_taken":[{"damage":0.0,"enemies":"Jaw Worm","floor":1.0,"turns":1.0},{"damage":0.0,"enemies":"2 Louse","floor":4.0,"turns":2.0},{"damage":0.0,"enemies":"Lagavulin","floor":7.0,"turns":1.0},{"damage":39.0,"enemies":"Gremlin Nob","floor":11.0,"turns":4.0},{"damage":10.0,"enemies":"Lagavulin","floor":13.0,"turns":4.0},{"damage":8.0,"enemies":"Slime Boss","floor":16.0,"turns":6.0},{"damage":8.0,"enemies":"3 Byrds","floor":18.0,"turns":4.0},{"damage":31.0,"enemies":"Masked Bandits","floor":19.0,"turns":4.0},{"damage":0.0,"enemies":"2 Thieves","floor":20.0,"turns":3.0},{"damage":0.0,"enemies":"Gremlin Leader","floor":27.0,"turns":4.0},{"damage":4.0,"enemies":"Chosen and Byrds","floor":28.0,"turns":3.0},{"damage":4.0,"enemies":"Slavers","floor":29.0,"turns":4.0},{"damage":7.0,"enemies":"Champ","floor":33.0,"turns":5.0},{"damage":23.0,"enemies":"3 Darklings","floor":35.0,"turns":3.0},{"damage":0.0,"enemies":"3 Shapes","floor":37.0,"turns":5.0},{"damage":9.0,"enemies":"Jaw Worm Horde","floor":38.0,"turns":4.0},{"damage":24.0,"enemies":"2 Orb Walkers","floor":39.0,"turns":4.0},{"damage":0.0,"enemies":"Sphere and 2 Shapes","floor":41.0,"turns":3.0},{"damage":0.0,"enemies":"Writhing Mass","floor":42.0,"turns":2.0},{"damage":48,"enemies":"Reptomancer","floor":44,"turns":2}],"seed_played":"7093097503121032656","potions_obtained":[{"floor":1.0,"key":"Dexterity Potion"},{"floor":16.0,"key":"AttackPotion"},{"floor":19.0,"key":"CultistPotion"},{"floor":27.0,"key":"Dexterity Potion"},{"floor":36.0,"key":"LiquidMemories"},{"floor":41.0,"key":"SkillPotion"}],"is_trial":false,"path_per_floor":["M","?","$","M","$","R","E","R","T","R","E","R","E","?","R","B",null,"M","?","M","$","?","R","$","R","T","E","M","E","?","$","R","B",null,"M","?","M","M","?","R","M","M","T","E"],"character_chosen":"WATCHER","items_purchased":["PathToVictory","PathToVictory","Energy Potion","Swift Potion"],"campfire_rested":3,"item_purchase_floors":[3,5,21,24],"current_hp_per_floor":[61,61,61,61,61,61,61,61,61,61,22,42,32,25,25,42,62,54,23,23,23,23,23,23,58,58,58,54,50,50,50,50,61,66,43,43,43,34,10,45,45,45,45,0,0],"gold":234,"neow_bonus":"THREE_ENEMY_KILL","is_daily":false,"chose_seed":false,"campfire_upgraded":5,"win_rate":0.0,"timestamp":1609296374,"path_taken":["M","?","$","M","$","R","E","R","T","R","E","R","E","?","R","BOSS","M","?","M","$","?","R","$","R","T","E","?","E","?","$","R","BOSS","M","?","?","M","?","R","M","M","T","E"],"items_purchased_type":["Card","Card","Potion","Potion"],"build_version":"2020-12-18","purchased_purges":4,"victory":false,"max_hp_per_floor":[68,68,68,68,68,68,68,68,68,68,68,68,68,68,68,68,68,68,68,68,68,68,68,68,68,68,68,68,68,68,68,68,68,68,68,68,68,68,68,68,68,68,68,68,68],"relic_stats":{"Regal Pillow":30,"counters":[20,68],"Pantograph":43,"Bronze Scales":[100],"Snecko Eye":[89,80,86,82],"Cursed Key":0,"GoldenEye":[3],"obtain_stats":[{"CaptainsWheel":11,"Regal Pillow":13,"Anchor":26,"NeowsBlessing":0,"Pantograph":7,"Bronze Scales":27,"Snecko Eye":17,"Red Mask":19,"PureWater":0,"Frozen Egg 2":29,"Cursed Key":34,"GoldenEye":39},{"CaptainsWheel":4,"Regal Pillow":5,"Anchor":9,"NeowsBlessing":0,"Pantograph":3,"Bronze Scales":10,"Snecko Eye":6,"Red Mask":8,"PureWater":0,"Frozen Egg 2":12,"Cursed Key":13,"GoldenEye":17},{"CaptainsWheel":8,"Regal Pillow":12,"Anchor":29,"NeowsBlessing":0,"Pantograph":4,"Bronze Scales":33,"Snecko Eye":18,"Red Mask":26,"PureWater":0,"Frozen Egg 2":40,"Cursed Key":45,"GoldenEye":61}]},"card_choices":[{"not_picked":["ReachHeaven","Perseverance"],"picked":"SandsOfTime","floor":1.0},{"not_picked":["FollowUp","Evaluate"],"picked":"CutThroughFate","floor":4.0},{"not_picked":["WindmillStrike","EmptyMind"],"picked":"ThirdEye","floor":7.0},{"not_picked":["MentalFortress","BowlingBash","BattleHymn"],"picked":"SKIP","floor":11.0},{"not_picked":["JustLucky","Protect"],"picked":"SignatureMove","floor":13.0},{"not_picked":["Blasphemy","ConjureBlade"],"picked":"SpiritShield","floor":16.0},{"not_picked":["Prostrate","FlurryOfBlows","CutThroughFate"],"picked":"SKIP","floor":18.0},{"not_picked":["Vengeance","Halt"],"picked":"PathToVictory","floor":19.0},{"not_picked":["EmptyFist","Blasphemy"],"picked":"Nirvana","floor":20.0},{"not_picked":["Evaluate","Consecrate","InnerPeace"],"picked":"SKIP","floor":27.0},{"not_picked":["ClearTheMind","Halt","Weave"],"picked":"SKIP","floor":28.0},{"not_picked":["Collect","EmptyBody"],"picked":"PathToVictory+1","floor":29.0},{"not_picked":["Establishment+1","Omniscience"],"picked":"DevaForm+1","floor":33.0},{"not_picked":["FollowUp","FlyingSleeves+1","CutThroughFate"],"picked":"SKIP","floor":35.0},{"not_picked":["ClearTheMind","InnerPeace","Study+1"],"picked":"SKIP","floor":37.0},{"not_picked":["ThirdEye","ClearTheMind","Crescendo+1"],"picked":"SKIP","floor":38.0},{"not_picked":["Indignation","FollowUp"],"picked":"PathToVictory+1","floor":39.0},{"not_picked":["FlurryOfBlows","Indignation+1","ClearTheMind"],"picked":"SKIP","floor":41.0},{"not_picked":["JustLucky","Wireheading+1","Prostrate"],"picked":"SKIP","floor":42.0}],"player_experience":1942507,"relics_obtained":[{"floor":7.0,"key":"Pantograph"},{"floor":11.0,"key":"CaptainsWheel"},{"floor":13.0,"key":"Regal Pillow"},{"floor":19.0,"key":"Red Mask"},{"floor":26.0,"key":"Anchor"},{"floor":27.0,"key":"Bronze Scales"},{"floor":29.0,"key":"Frozen Egg 2"},{"floor":39.0,"key":"GoldenEye"}],"event_choices":[{"damage_healed":0.0,"max_hp_gain":0.0,"max_hp_loss":0.0,"gold_gain":150.0,"event_name":"Liars Game","player_choice":"AGREE","floor":2.0,"gold_loss":0.0,"damage_taken":0.0,"cards_obtained":["Doubt"]},{"cards_removed":["Strike_P"],"damage_healed":0.0,"max_hp_gain":0.0,"max_hp_loss":0.0,"gold_gain":0.0,"event_name":"Golden Wing","player_choice":"Card Removal","floor":14.0,"gold_loss":0.0,"damage_taken":7.0},{"damage_healed":0.0,"max_hp_gain":0.0,"max_hp_loss":0.0,"gold_gain":0.0,"event_name":"Masked Bandits","player_choice":"Fought Bandits","floor":19.0,"gold_loss":0.0,"damage_taken":0.0},{"damage_healed":0.0,"max_hp_gain":0.0,"max_hp_loss":0.0,"gold_gain":0.0,"cards_transformed":["Strike_P"],"event_name":"Transmorgrifier","player_choice":"Transformed","floor":22.0,"gold_loss":0.0,"damage_taken":0.0,"cards_obtained":["BattleHymn"]},{"cards_removed":["BattleHymn"],"damage_healed":0.0,"max_hp_gain":0.0,"max_hp_loss":0.0,"gold_gain":0.0,"event_name":"Back to Basics","player_choice":"Elegance","floor":30.0,"gold_loss":0.0,"damage_taken":0.0},{"damage_healed":0.0,"max_hp_gain":0.0,"max_hp_loss":0.0,"gold_gain":0.0,"event_name":"Lab","player_choice":"Got Potions","floor":36.0,"gold_loss":0.0,"damage_taken":0.0},{"damage_healed":0.0,"max_hp_gain":0.0,"max_hp_loss":0.0,"gold_gain":0.0,"event_name":"Mysterious Sphere","player_choice":"Fight","floor":39.0,"gold_loss":0.0,"damage_taken":0.0}],"is_beta":true,"boss_relics":[{"not_picked":["Calling Bell","Pandora\u0027s Box"],"picked":"Snecko Eye"},{"not_picked":["Runic Dome","Velvet Choker"],"picked":"Cursed Key"}],"items_purged_floors":[3,5,21,31],"is_endless":false,"potions_floor_spawned":[1,16,19,27,28,33,41],"killed_by":"Reptomancer","ascension_level":20}}