{"host":"txhhdwa0hqfs4jhb","time":1609287372,"event":{"mods":["AchievementEnabler","BaseMod","Better Third Choice","Filter the Spire","Minty Spire (QoL Compilation)","Relic Stats","StSLib","Thieving Mod"],"gold_per_floor":[111,111,128,23,23,57,57,82,82,82,100,100,133,58,58,163,163,178,196,214,214,214,247,247,282,282,608,608,623,640,674,674,775,775,793,793,809,25,73,73,73,86,86,86,116,128,159,171,171,171,171,171,91,118,118],"floor_reached":56,"playtime":2552,"items_purged":["Defend_G"],"score":2459,"play_id":"567493fe-0738-4566-9720-4a69c4f806be","local_time":"20201230001612","is_ascension_mode":true,"campfire_choices":[{"data":"Noxious Fumes","floor":7.0,"key":"SMITH"},{"data":"Footwork","floor":10.0,"key":"SMITH"},{"data":"Blade Dance","floor":12.0,"key":"SMITH"},{"data":"Neutralize","floor":15.0,"key":"SMITH"},{"data":"Adrenaline","floor":24.0,"key":"SMITH"},{"data":"Bullet Time","floor":32.0,"key":"SMITH"},{"floor":40.0,"key":"RECALL"},{"data":"Storm of Steel","floor":49,"key":"SMITH"},{"data":"Storm of Steel","floor":52,"key":"SMITH"}],"circlet_count":0,"master_deck":["Strike_G","Strike_G+1","Strike_G","Defend_G","Defend_G","Defend_G","Defend_G","Survivor","Neutralize+1","Noxious Fumes+1","Blade Dance+1","Backstab","Slice","Footwork+1","Blur","Leg Sweep","Bullet Time+1","Slice","Deflect+1","Adrenaline+1","Deflect+1","Flying Knee+1","Acrobatics","Leg Sweep+1","Storm of Steel+1","Blade Dance+1","Discovery","Dark Shackles+1","Flash of Steel","Crippling Poison+1","Blur","Blur","Slice+1","Flash of Steel","Acrobatics","Doubt","Parasite","Writhe","Flying Knee+1","Parasite","Slice+1","Skewer+1","Backstab","Storm of Steel+1","Blade Dance","Slice","Slice","Blade Dance","Cloak And Dagger","Blade Dance","Blade Dance","Endless Agony+1"],"relics":["WristBlade","TwistedFunnel","Bronze Scales","Meat on the Bone","Sundial","Centennial Puzzle","Vajra","Black Star","MutagenicStrength","Dead Branch","Lantern","White Beast Statue","Gremlin Horn","TungstenRod","Paper Crane","Old Coin","The Courier","Pantograph","Bottled Flame","Cursed Key","Du-Vu Doll","Lee\u0027s Waffle","Blue Candle","Eternal Feather","Nunchaku","Art of War","Prayer Wheel","Chemical X","Anchor","Oddly Smooth Stone","Happy Flower","Toy Ornithopter","Blood Vial","Pen Nib","Bag of Preparation","Whetstone","Pear","Shuriken","Ginger","Mummified Hand","CaptainsWheel","Akabeko","Mercury Hourglass","HornCleat","Snake Skull","War Paint","Bag of Marbles","Thread and Needle","Strawberry","Letter Opener","Ornamental Fan","Ninja Scroll","InkBottle","Tingsha"],"acts_visited":["Exordium","TheCity","TheBeyond","TheEnding"],"potions_floor_usage":[53,55,55],"damage_taken":[{"damage":2.0,"enemies":"2 Louse","floor":1.0,"turns":3.0},{"damage":4.0,"enemies":"Jaw Worm","floor":3.0,"turns":5.0},{"damage":2.0,"enemies":"3 Sentries","floor":6.0,"turns":6.0},{"damage":11.0,"enemies":"Lagavulin","floor":8.0,"turns":5.0},{"damage":0.0,"enemies":"Cultist","floor":11.0,"turns":2.0},{"damage":5.0,"enemies":"Gremlin Nob","floor":13.0,"turns":3.0},{"damage":0.0,"enemies":"The Guardian","floor":16.0,"turns":9.0},{"damage":0.0,"enemies":"3 Byrds","floor":18.0,"turns":2.0},{"damage":5.0,"enemies":"Spheric Guardian","floor":19.0,"turns":4.0},{"damage":6.0,"enemies":"Chosen and Byrds","floor":20.0,"turns":4.0},{"damage":0.0,"enemies":"Slavers","floor":23.0,"turns":4.0},{"damage":0.0,"enemies":"Gremlin Leader","floor":25.0,"turns":3.0},{"damage":6.0,"enemies":"Slavers","floor":27.0,"turns":2.0},{"damage":0.0,"enemies":"3 Cultists","floor":29.0,"turns":2.0},{"damage":11.0,"enemies":"Shelled Parasite and Fungi","floor":30.0,"turns":3.0},{"damage":0.0,"enemies":"Book of Stabbing","floor":31.0,"turns":4.0},{"damage":9.0,"enemies":"Collector","floor":33.0,"turns":10.0},{"damage":0.0,"enemies":"3 Shapes","floor":35.0,"turns":2.0},{"damage":1.0,"enemies":"3 Darklings","floor":37.0,"turns":3.0},{"damage":15.0,"enemies":"2 Orb Walkers","floor":39.0,"turns":3.0},{"damage":5.0,"enemies":"Sphere and 2 Shapes","floor":42.0,"turns":3.0},{"damage":0,"enemies":"Reptomancer","floor":45,"turns":1},{"damage":0,"enemies":"Writhing Mass","floor":46,"turns":6},{"damage":0,"enemies":"Giant Head","floor":47,"turns":4},{"damage":0,"enemies":"3 Darklings","floor":48,"turns":1},{"damage":0,"enemies":"Awakened One","floor":50,"turns":7},{"damage":0,"enemies":"Shield and Spear","floor":54,"turns":1},{"damage":0,"enemies":"The Heart","floor":55,"turns":3}],"seed_played":"-4204712334546196172","potions_obtained":[{"floor":1.0,"key":"Poison Potion"},{"floor":6.0,"key":"Weak Potion"},{"floor":8.0,"key":"GhostInAJar"},{"floor":16.0,"key":"Block Potion"},{"floor":19.0,"key":"PowerPotion"},{"floor":29.0,"key":"Regen Potion"},{"floor":31.0,"key":"Weak Potion"},{"floor":37.0,"key":"FearPotion"},{"floor":42.0,"key":"PowerPotion"},{"floor":54,"key":"BlessingOfTheForge"}],"is_trial":false,"path_per_floor":["M","?","M","$","?","E","R","E","T","R","M","R","E","$","R","B",null,"M","M","M","?","T","E","R","E","T","E","?","M","M","E","R","B",null,"M","?","M","$","?","R","?","M","T","?","E","M","E","M","R","B",null,"R","$","E","B",null],"character_chosen":"THE_SILENT","items_purchased":["ThievingMod:ThievingPotion","Du-Vu Doll","Lee\u0027s Waffle","Blur","Blur","Slice","Flash of Steel","Blue Candle","ThievingMod:ThievingPotion"],"campfire_rested":0,"item_purchase_floors":[4,38,38,38,38,38,38,38,53],"current_hp_per_floor":[61,54,50,50,50,48,48,37,37,37,37,37,44,44,44,44,64,64,59,53,53,53,53,53,53,53,47,47,47,36,50,50,61,68,68,59,58,77,62,62,77,72,72,77,77,77,77,77,77,77,77,77,75,77,94],"gold":118,"neow_bonus":"BOSS_RELIC","is_daily":false,"chose_seed":false,"campfire_upgraded":8,"win_rate":0.0,"timestamp":1609287372,"path_taken":["M","?","M","$","?","E","R","E","T","R","M","R","E","?","R","BOSS","M","M","?","?","?","E","R","E","T","E","?","M","M","E","R","BOSS","M","?","M","$","?","R","?","M","T","?","E","M","E","M","R","BOSS","R","$","E","BOSS"],"items_purchased_type":["Potion","Relic","Relic","Card","Card","Card","Card","Relic","Potion"],"build_version":"2020-12-22","purchased_purges":1,"victory":true,"max_hp_per_floor":[70,70,70,70,70,70,70,70,70,70,70,70,70,70,70,70,70,70,70,70,70,70,70,70,70,70,70,70,70,70,70,70,70,70,70,70,70,77,77,77,77,77,77,77,77,77,77,77,77,77,77,77,94,94,94],"relic_stats":{"Gremlin Horn":[21,23],"Snake Skull":[21],"Bag of Preparation":[4],"Whetstone":["Strike_G","Slice"],"Ginger":[2],"Cursed Key":1,"Blood Vial":4,"Centennial Puzzle":[27],"Nunchaku":[12],"Sundial":[8],"Mummified Hand":[3],"Pantograph":35,"Prayer Wheel":1,"Chemical X":[2],"InkBottle":[5],"Lee\u0027s Waffle":19,"Happy Flower":[1],"counters":[28,105],"Dead Branch":[198],"Blue Candle":[14],"Eternal Feather":0,"Tingsha":[15],"Pen Nib":[4],"Letter Opener":[18],"War Paint":["Dark Shackles","Deflect"],"Mercury Hourglass":[15],"Shuriken":[14],"Ornamental Fan":[56],"Bronze Scales":[304],"Black Star":7,"Art of War":[0],"obtain_stats":[{"TwistedFunnel":4,"Gremlin Horn":25,"Vajra":13,"Whetstone":53,"Ginger":53,"Old Coin":27,"Blood Vial":53,"Centennial Puzzle":9,"HornCleat":53,"Sundial":8,"Strawberry":53,"Prayer Wheel":47,"Kunai":4,"Pear":53,"Happy Flower":53,"Dead Branch":22,"Blue Candle":38,"Oddly Smooth Stone":53,"Eternal Feather":45,"Tingsha":54,"Pen Nib":53,"Letter Opener":53,"Paper Crane":26,"War Paint":53,"Akabeko":53,"Du-Vu Doll":38,"Bottled Flame":31,"Shuriken":53,"Bronze Scales":4,"MutagenicStrength":21,"Black Star":17,"Meat on the Bone":6,"Lantern":23,"Snake Skull":53,"Bag of Preparation":53,"Cursed Key":34,"Tough Bandages":39,"Nunchaku":45,"WristBlade":0,"Mummified Hand":53,"Ninja Scroll":53,"Pantograph":31,"Chemical X":53,"InkBottle":54,"Ring of the Snake":0,"Lee\u0027s Waffle":38,"Thread and Needle":53,"The Courier":27,"White Beast Statue":23,"Mercury Hourglass":53,"Anchor":53,"CaptainsWheel":53,"Ornamental Fan":53,"Art of War":47,"Bag of Marbles":53,"TungstenRod":25,"Toy Ornithopter":53},{"TwistedFunnel":2,"Gremlin Horn":12,"Vajra":6,"Whetstone":26,"Ginger":26,"Old Coin":13,"Blood Vial":26,"Centennial Puzzle":4,"HornCleat":26,"Sundial":4,"Strawberry":26,"Prayer Wheel":24,"Kunai":2,"Pear":26,"Happy Flower":26,"Dead Branch":10,"Blue Candle":19,"Oddly Smooth Stone":26,"Eternal Feather":22,"Tingsha":27,"Pen Nib":26,"Letter Opener":26,"Paper Crane":12,"War Paint":26,"Akabeko":26,"Du-Vu Doll":19,"Bottled Flame":16,"Shuriken":26,"Bronze Scales":2,"MutagenicStrength":10,"Black Star":7,"Meat on the Bone":3,"Lantern":11,"Snake Skull":26,"Bag of Preparation":26,"Cursed Key":17,"Tough Bandages":20,"Nunchaku":22,"WristBlade":0,"Mummified Hand":26,"Ninja Scroll":26,"Pantograph":16,"Chemical X":26,"InkBottle":27,"Ring of the Snake":0,"Lee\u0027s Waffle":19,"Thread and Needle":26,"The Courier":13,"White Beast Statue":11,"Mercury Hourglass":26,"Anchor":26,"CaptainsWheel":26,"Ornamental Fan":26,"Art of War":24,"Bag of Marbles":26,"TungstenRod":12,"Toy Ornithopter":26},{"TwistedFunnel":8,"Gremlin Horn":50,"Vajra":24,"Whetstone":101,"Ginger":101,"Old Coin":52,"Blood Vial":101,"Centennial Puzzle":19,"HornCleat":101,"Sundial":19,"Strawberry":101,"Prayer Wheel":93,"Kunai":8,"Pear":101,"Happy Flower":101,"Dead Branch":43,"Blue Candle":76,"Oddly Smooth Stone":101,"Eternal Feather":83,"Tingsha":102,"Pen Nib":101,"Letter Opener":101,"Paper Crane":50,"War Paint":101,"Akabeko":101,"Du-Vu Doll":76,"Bottled Flame":61,"Shuriken":101,"Bronze Scales":8,"MutagenicStrength":43,"Black Star":33,"Meat on the Bone":14,"Lantern":47,"Snake Skull":101,"Bag of Preparation":101,"Cursed Key":71,"Tough Bandages":79,"Nunchaku":83,"WristBlade":0,"Mummified Hand":101,"Ninja Scroll":101,"Pantograph":61,"Chemical X":101,"InkBottle":102,"Ring of the Snake":0,"Lee\u0027s Waffle":76,"Thread and Needle":101,"The Courier":52,"White Beast Statue":47,"Mercury Hourglass":101,"Anchor":101,"CaptainsWheel":101,"Ornamental Fan":101,"Art of War":93,"Bag of Marbles":101,"TungstenRod":50,"Toy Ornithopter":101}],"TungstenRod":25,"Toy Ornithopter":0,"Meat on the Bone":12},"card_choices":[{"not_picked":["Backflip","Outmaneuver"],"picked":"Noxious Fumes","floor":1.0},{"not_picked":["Prepared","Poisoned Stab"],"picked":"Blade Dance","floor":3.0},{"not_picked":["Predator","Concentrate","Prepared"],"picked":"SKIP","floor":6.0},{"not_picked":["Bane","PiercingWail"],"picked":"Footwork","floor":8.0},{"not_picked":["A Thousand Cuts","Infinite Blades"],"picked":"Blur","floor":11.0},{"not_picked":["Terror","Caltrops"],"picked":"Leg Sweep","floor":13.0},{"not_picked":["Wraith Form v2","Night Terror"],"picked":"Bullet Time","floor":16.0},{"not_picked":["Leg Sweep","Bane"],"picked":"Slice","floor":18.0},{"not_picked":["Unload","Flechettes"],"picked":"Deflect","floor":19.0},{"not_picked":["Outmaneuver+1","Dagger Throw","Flechettes"],"picked":"SKIP","floor":20.0},{"not_picked":["Venomology","After Image"],"picked":"Adrenaline","floor":23.0},{"not_picked":["Dash","Infinite Blades"],"picked":"Deflect+1","floor":25.0},{"not_picked":["Flechettes","Infinite Blades+1"],"picked":"Flying Knee+1","floor":27.0},{"not_picked":["Quick Slash+1","Deadly Poison"],"picked":"Acrobatics","floor":29.0},{"not_picked":["Poisoned Stab+1","Expertise+1"],"picked":"Leg Sweep+1","floor":30.0},{"not_picked":["Prepared","Grand Finale","Outmaneuver"],"picked":"SKIP","floor":31.0},{"not_picked":["Tools of the Trade","Unload"],"picked":"Storm of Steel","floor":33.0},{"not_picked":["Flying Knee","Blur"],"picked":"Blade Dance+1","floor":35.0},{"not_picked":["Sadistic Nature","Blind"],"picked":"Discovery","floor":36.0},{"not_picked":["Dramatic Entrance","The Bomb"],"picked":"Dark Shackles","floor":36.0},{"not_picked":["The Bomb","Forethought"],"picked":"Flash of Steel","floor":36.0},{"not_picked":["Dagger Spray+1","Dodge and Roll+1"],"picked":"Crippling Poison+1","floor":37.0},{"not_picked":["Dagger Throw","Underhanded Strike+1"],"picked":"Acrobatics","floor":39.0},{"not_picked":["Bane+1","Outmaneuver","Skewer"],"picked":"SKIP","floor":42.0},{"not_picked":["Bane+1","Dagger Throw+1"],"picked":"Flying Knee+1","floor":45},{"not_picked":["Bane+1","Backflip+1"],"picked":"Slice+1","floor":46},{"not_picked":["Infinite Blades","Caltrops"],"picked":"Skewer+1","floor":47},{"not_picked":["Acrobatics+1","Leg Sweep"],"picked":"Backstab","floor":48},{"not_picked":["Dash","Bane+1"],"picked":"Storm of Steel","floor":48},{"not_picked":["Flying Knee","Prepared"],"picked":"Endless Agony+1","floor":54}],"player_experience":193627,"relics_obtained":[{"floor":6.0,"key":"Meat on the Bone"},{"floor":8.0,"key":"Sundial"},{"floor":9.0,"key":"Centennial Puzzle"},{"floor":13.0,"key":"Vajra"},{"floor":22.0,"key":"Dead Branch"},{"floor":23.0,"key":"Lantern"},{"floor":23.0,"key":"White Beast Statue"},{"floor":25.0,"key":"Gremlin Horn"},{"floor":25.0,"key":"TungstenRod"},{"floor":26.0,"key":"Paper Crane"},{"floor":27.0,"key":"Old Coin"},{"floor":27.0,"key":"The Courier"},{"floor":31.0,"key":"Pantograph"},{"floor":31.0,"key":"Bottled Flame"},{"floor":39.0,"key":"Tough Bandages"},{"floor":45,"key":"Eternal Feather"},{"floor":45,"key":"Nunchaku"},{"floor":47,"key":"Art of War"},{"floor":47,"key":"Prayer Wheel"},{"floor":54,"key":"InkBottle"},{"floor":54,"key":"Tingsha"}],"event_choices":[{"cards_removed":["Strike_G"],"damage_healed":0.0,"max_hp_gain":0.0,"max_hp_loss":0.0,"gold_gain":0.0,"event_name":"Golden Wing","player_choice":"Card Removal","floor":2.0,"gold_loss":0.0,"damage_taken":7.0},{"cards_removed":["Strike_G"],"damage_healed":0.0,"max_hp_gain":0.0,"max_hp_loss":0.0,"gold_gain":0.0,"event_name":"Living Wall","player_choice":"Forget","floor":5.0,"gold_loss":0.0,"damage_taken":0.0},{"damage_healed":0.0,"max_hp_gain":0.0,"max_hp_loss":0.0,"gold_gain":0.0,"event_name":"Drug Dealer","player_choice":"Inject Mutagens","floor":21.0,"gold_loss":0.0,"damage_taken":0.0,"relics_obtained":["MutagenicStrength"]},{"damage_healed":0.0,"max_hp_gain":0.0,"max_hp_loss":0.0,"gold_gain":0.0,"event_name":"N\u0027loth","player_choice":"Ignored","floor":28.0,"gold_loss":0.0,"damage_taken":0.0},{"damage_healed":0.0,"max_hp_gain":0.0,"max_hp_loss":0.0,"gold_gain":0.0,"event_name":"SensoryStone","player_choice":"Memory 3","floor":36.0,"gold_loss":0.0,"damage_taken":10.0},{"damage_healed":0.0,"max_hp_gain":0.0,"max_hp_loss":0.0,"gold_gain":0.0,"event_name":"Mysterious Sphere","player_choice":"Fight","floor":39.0,"gold_loss":0.0,"damage_taken":0.0},{"damage_healed":15.0,"max_hp_gain":0.0,"max_hp_loss":0.0,"gold_gain":0.0,"event_name":"MindBloom","player_choice":"Heal","floor":41.0,"gold_loss":0.0,"damage_taken":0.0,"cards_obtained":["Doubt"]},{"damage_healed":19,"gold_gain":0,"player_choice":"Writhe","damage_taken":0,"max_hp_gain":0,"max_hp_loss":0,"event_name":"Winding Halls","floor":44,"gold_loss":0,"cards_obtained":["Writhe"]}],"is_beta":false,"boss_relics":[{"not_picked":["SlaversCollar","Runic Pyramid"],"picked":"Black Star"},{"not_picked":["Sozu","Runic Dome"],"picked":"Cursed Key"}],"items_purged_floors":[14],"is_endless":false,"potions_floor_spawned":[1,6,8,16,19,20,25,27,29,30,31,33,35,37,39,42,45,46,47,48,54],"ascension_level":9}}