{"host":"qxeepl7ydvsgmfdb","time":1609303165,"event":{"mods":["AchievementEnabler","BaseMod","Colored Powertips","Minty Spire (QoL Compilation)","Quick Restart","slay the spire mod where everything is the same but ironclad has a cowboy hat"],"gold_per_floor":[116,133,93,109,63,63,91,91,91,101,131,131,131,11,11,112,112,125,136,146,181,192,192,92,92,92,102,117,117,117,137,137,137,137],"floor_reached":33,"playtime":1110,"items_purged":["Strike_B","Strike_B"],"score":257,"play_id":"1fabf0b5-39c5-42b2-8dea-e93589c1973b","local_time":"20201229233925","is_ascension_mode":false,"campfire_choices":[{"data":"Redo","floor":6,"key":"SMITH"},{"data":"Zap","floor":8,"key":"SMITH"},{"floor":12,"key":"REST"},{"data":"Dualcast","floor":15,"key":"SMITH"},{"floor":23,"key":"REST"},{"floor":25,"key":"REST"},{"floor":30,"key":"REST"},{"floor":32,"key":"REST"}],"circlet_count":0,"master_deck":["Strike_B","Strike_B","Defend_B","Defend_B","Defend_B","Defend_B","Zap+1","Dualcast+1","Melter","Capacitor","Redo+1","Ball Lightning","Ball Lightning","Cold Snap","Rainbow","Chill","Coolheaded+1","Sweeping Beam","Redo","BootSequence","Darkness","Chaos"],"relics":["Cracked Core","Centennial Puzzle","Prayer Wheel","White Beast Statue","Anchor","NlothsMask","Red Mask","Symbiotic Virus"],"acts_visited":["Exordium","TheCity"],"potions_floor_usage":[7,16,22,27,28,28,28,33],"damage_taken":[{"damage":7,"enemies":"Small Slimes","floor":1,"turns":3},{"damage":6,"enemies":"Cultist","floor":2,"turns":3},{"damage":4,"enemies":"2 Louse","floor":4,"turns":3},{"damage":13,"enemies":"3 Sentries","floor":7,"turns":6},{"damage":0,"enemies":"Large Slime","floor":10,"turns":4},{"damage":16,"enemies":"Gremlin Nob","floor":11,"turns":3},{"damage":22,"enemies":"Slime Boss","floor":16,"turns":8},{"damage":20,"enemies":"3 Byrds","floor":18,"turns":4},{"damage":13,"enemies":"Shell Parasite","floor":19,"turns":4},{"damage":10,"enemies":"Cultist and Chosen","floor":20,"turns":6},{"damage":14,"enemies":"Masked Bandits","floor":21,"turns":4},{"damage":6,"enemies":"Shelled Parasite and Fungi","floor":22,"turns":6},{"damage":20,"enemies":"Centurion and Healer","floor":27,"turns":7},{"damage":9,"enemies":"Snecko","floor":28,"turns":7},{"damage":18,"enemies":"Shelled Parasite and Fungi","floor":31,"turns":4},{"damage":63,"enemies":"Automaton","floor":33,"turns":10}],"seed_played":"6150604630879064398","potions_obtained":[{"floor":3,"key":"SpeedPotion"},{"floor":3,"key":"Block Potion"},{"floor":3,"key":"EssenceOfSteel"},{"floor":10,"key":"EntropicBrew"},{"floor":11,"key":"PowerPotion"},{"floor":16,"key":"Energy Potion"},{"floor":21,"key":"DistilledChaos"},{"floor":22,"key":"FocusPotion"},{"floor":27,"key":"Block Potion"},{"floor":31,"key":"Strength Potion"}],"is_trial":false,"path_per_floor":["M","M","?","M","$","R","E","R","T","M","E","R","?","$","R","B",null,"M","M","M","?","M","R","$","R","T","M","M","?","R","M","R","B"],"character_chosen":"DEFECT","items_purchased":["Ball Lightning","Cold Snap"],"campfire_rested":5,"item_purchase_floors":[5,14],"current_hp_per_floor":[68,62,62,58,58,58,45,45,45,45,29,51,51,51,51,29,75,55,42,32,18,12,34,34,56,56,36,27,27,49,31,53,0,0],"gold":137,"neow_bonus":"RANDOM_COMMON_RELIC","is_daily":false,"chose_seed":false,"campfire_upgraded":3,"win_rate":0.0,"timestamp":1609303165,"path_taken":["M","M","?","?","$","R","E","R","T","M","E","R","?","$","R","BOSS","M","?","M","?","M","R","$","R","T","M","M","?","R","M","R","BOSS"],"items_purchased_type":["Card","Card"],"build_version":"2020-12-22","purchased_purges":2,"victory":false,"max_hp_per_floor":[75,75,75,75,75,75,75,75,75,75,75,75,75,75,75,75,75,75,75,75,75,75,75,75,75,75,75,75,75,75,75,75,75,75],"card_choices":[{"not_picked":["Rebound","Go for the Eyes"],"picked":"Melter","floor":1},{"not_picked":["Streamline","Steam"],"picked":"Capacitor","floor":2},{"not_picked":["Heatsinks","Beam Cell"],"picked":"Redo","floor":4},{"not_picked":["Stack","Hologram","Seek"],"picked":"SKIP","floor":7},{"not_picked":["Beam Cell","Hologram"],"picked":"Ball Lightning","floor":10},{"not_picked":["Steam","Tempest","Stack"],"picked":"SKIP","floor":10},{"not_picked":["Buffer","Steam","Machine Learning"],"picked":"SKIP","floor":11},{"not_picked":["Creative AI","All For One"],"picked":"Rainbow","floor":16},{"not_picked":["Turbo","Conserve Battery"],"picked":"Chill","floor":18},{"not_picked":["Rebound","Tempest"],"picked":"Coolheaded+1","floor":18},{"not_picked":["Turbo","Rip and Tear+1"],"picked":"Sweeping Beam","floor":19},{"not_picked":["Turbo+1","Conserve Battery","Amplify"],"picked":"SKIP","floor":19},{"not_picked":["Rebound","Compile Driver"],"picked":"Redo","floor":20},{"not_picked":["Stack","Barrage","Compile Driver"],"picked":"SKIP","floor":20},{"not_picked":["Redo","Coolheaded"],"picked":"BootSequence","floor":21},{"not_picked":["Steam Power+1","Turbo"],"picked":"Darkness","floor":22},{"not_picked":["Hologram","Coolheaded","Capacitor"],"picked":"SKIP","floor":22},{"not_picked":["Go for the Eyes+1","Stack+1","Gash"],"picked":"SKIP","floor":27},{"not_picked":["FTL+1","Beam Cell","Amplify"],"picked":"SKIP","floor":27},{"not_picked":["Blizzard","Leap"],"picked":"Chaos","floor":28},{"not_picked":["Cold Snap","Steam","Storm"],"picked":"SKIP","floor":28},{"not_picked":["Rebound","Genetic Algorithm","Compile Driver"],"picked":"SKIP","floor":31},{"not_picked":["Meteor Strike","Turbo","Scrape+1"],"picked":"SKIP","floor":31}],"player_experience":307960,"relics_obtained":[{"floor":7,"key":"Prayer Wheel"},{"floor":9,"key":"White Beast Statue"},{"floor":11,"key":"Anchor"},{"floor":21,"key":"Red Mask"}],"event_choices":[{"damage_healed":0,"gold_gain":0,"player_choice":"Bought 3 Potions","damage_taken":0,"max_hp_gain":0,"max_hp_loss":0,"event_name":"The Woman in Blue","floor":3,"gold_loss":0},{"damage_healed":0,"gold_gain":0,"player_choice":"Trade","damage_taken":0,"relics_obtained":["NlothsMask"],"max_hp_gain":0,"max_hp_loss":0,"event_name":"FaceTrader","floor":13,"gold_loss":0},{"damage_healed":0,"gold_gain":0,"player_choice":"Fought Bandits","damage_taken":0,"max_hp_gain":0,"max_hp_loss":0,"event_name":"Masked Bandits","floor":21,"gold_loss":0},{"damage_healed":0,"gold_gain":0,"player_choice":"Gave Potion","damage_taken":0,"relics_obtained":["Symbiotic Virus"],"max_hp_gain":0,"max_hp_loss":0,"event_name":"WeMeetAgain","floor":29,"gold_loss":0}],"is_beta":false,"boss_relics":[{"not_picked":["Busted Crown","Pandora\u0027s Box","Runic Pyramid"]}],"items_purged_floors":[14,24],"is_endless":false,"potions_floor_spawned":[10,11,16,18,19,20,21,22,27,28,31],"killed_by":"Automaton","ascension_level":0}}