{"host":"kmigwsj5rrfnig2m","time":1609297799,"event":{"mods":["BaseMod","Downfall","Minty Spire (QoL Compilation)","StSLib"],"gold_per_floor":[99,118,137,151,151,39,39,39,39,67,67,67,100,110,124,224,224,74,93,113,125,125,30,30,30,58,68,68,101,11,11,21,119,119,119,133,133,299,318,330,355,387,434,371,383,429,108,149,177,189,201,248,67,67,67],"floor_reached":56,"playtime":5584,"items_purged":["Guardian:Strike_Guardian","Guardian:Strike_Guardian"],"score":1569,"play_id":"a427b118-21cb-4199-867e-9eeef35f3d66","local_time":"20201229220959","is_ascension_mode":true,"campfire_choices":[{"floor":1,"key":"RECALL"},{"floor":8,"key":"DIG"},{"floor":12,"key":"DIG"},{"floor":18,"key":"DIG"},{"data":"Guardian:Harden","floor":25,"key":"SMITH"},{"floor":28,"key":"DIG"},{"floor":35,"key":"DIG"},{"floor":44,"key":"DIG"},{"floor":54,"key":"DIG"}],"circlet_count":0,"master_deck":["Guardian:Defend_Guardian","Guardian:Defend_Guardian","Guardian:Defend_Guardian","Guardian:CurlUp","Guardian:TwinSlam","Guardian:ShieldCharger","Guardian:Reroute","Guardian:StasisStrike","Guardian:Harden+1","Guardian:Incinerate","Guardian:MultiBeam","Guardian:PrismaticBeam","Guardian:StasisField","Guardian:SpikerProtocol","Guardian:SpikerProtocol","Guardian:ChargeUp+1","Guardian:Orbwalk","Guardian:TimeSifter","Guardian:TimeCapacitor+1","Guardian:ShieldCharger+1","Guardian:Orbwalk","Guardian:ArmoredProtocol+1","Writhe","Guardian:FloatingOrbs+1","Decay","Guardian:ShieldCharger+1","Guardian:DonusPower+1","Guardian:FastForward","Guardian:Gem_Red"],"relics":["Guardian:ModeShifter","Blue Candle","Shovel","Ice Cream","Bottled Lightning","PreservedInsect","Prayer Wheel","Coffee Dripper","downfall:HeartBlessingRed","downfall:HeartBlessingGreen","Unceasing Top","Nilry\u0027s Codex","Incense Burner","Matryoshka","Thread and Needle","Regal Pillow","Cursed Key","Happy Flower","MawBank","Girya","downfall:HeartBlessingBlue","HornCleat","Akabeko","Turnip","Anchor","White Beast Statue","Lantern","Bag of Preparation","Shuriken"],"acts_visited":["Exordium","TheCity","TheBeyond","TheEnding"],"potions_floor_usage":[10,16,32],"damage_taken":[{"damage":0,"enemies":"Cultist","floor":2,"turns":3},{"damage":0,"enemies":"Small Slimes","floor":3,"turns":4},{"damage":2,"enemies":"Jaw Worm","floor":4,"turns":4},{"damage":0,"enemies":"downfall:FleeingMerchant","floor":6,"turns":4},{"damage":14,"enemies":"Gremlin Nob","floor":10,"turns":4},{"damage":0,"enemies":"Lagavulin","floor":13,"turns":7},{"damage":6,"enemies":"Large Slime","floor":14,"turns":7},{"damage":0,"enemies":"2 Fungi Beasts","floor":15,"turns":4},{"damage":1,"enemies":"downfall:Watcher","floor":16,"turns":8},{"damage":3,"enemies":"Shell Parasite","floor":19,"turns":6},{"damage":2,"enemies":"Spheric Guardian","floor":20,"turns":4},{"damage":1,"enemies":"Snake Plant","floor":21,"turns":4},{"damage":1,"enemies":"downfall:FleeingMerchant","floor":23,"turns":4},{"damage":0,"enemies":"Gremlin Leader","floor":26,"turns":6},{"damage":5,"enemies":"Snecko","floor":27,"turns":5},{"damage":0,"enemies":"Slavers","floor":29,"turns":5},{"damage":0,"enemies":"downfall:FleeingMerchant","floor":30,"turns":4},{"damage":0,"enemies":"3 Cultists","floor":32,"turns":4},{"damage":0,"enemies":"downfall:Defect","floor":33,"turns":9},{"damage":0,"enemies":"Orb Walker","floor":36,"turns":3},{"damage":6,"enemies":"downfall:FleeingMerchant","floor":38,"turns":4},{"damage":0,"enemies":"3 Darklings","floor":39,"turns":5},{"damage":2,"enemies":"Maw","floor":40,"turns":7},{"damage":34,"enemies":"Sphere and 2 Shapes","floor":42,"turns":6},{"damage":1,"enemies":"Reptomancer","floor":43,"turns":6},{"damage":14,"enemies":"Nemesis","floor":46,"turns":7},{"damage":2,"enemies":"Giant Head","floor":48,"turns":5},{"damage":1,"enemies":"3 Darklings","floor":49,"turns":3},{"damage":7,"enemies":"downfall:Silent","floor":50,"turns":9},{"damage":21,"enemies":"downfall:CharBossMerchant","floor":52,"turns":6},{"damage":18,"enemies":"downfall:NeowBoss","floor":55,"turns":16}],"seed_played":"3414542737199145320","potions_obtained":[{"floor":3,"key":"FearPotion"},{"floor":10,"key":"CultistPotion"},{"floor":13,"key":"Regen Potion"},{"floor":16,"key":"PowerPotion"},{"floor":20,"key":"LiquidBronze"},{"floor":26,"key":"Guardian:AcceleratePotion"},{"floor":32,"key":"Block Potion"},{"floor":48,"key":"SteroidPotion"},{"floor":52,"key":"LiquidMemories"}],"is_trial":false,"path_per_floor":["R","M","M","M","T","$","T","R","?","E","?","R","E","M","M","B",null,"R","M","M","M","?","$","T","R","E","M","R","E","$","?","M","B",null,"R","M","?","$","M","M","T","M","E","R","T","E","?","E","M","B",null,"E","$","R","B",null],"character_chosen":"GUARDIAN","items_purchased":["Guardian:Harden","Guardian:Gem_Red","Guardian:Orbwalk","Guardian:Orbwalk","Guardian:Gem_Red","Bag of Preparation"],"campfire_rested":0,"item_purchase_floors":[6,6,23,38,53,53],"current_hp_per_floor":[72,72,72,70,70,70,70,70,70,56,56,56,56,50,50,49,72,72,69,67,66,50,49,49,49,49,44,44,44,44,44,56,56,72,72,72,72,66,66,64,64,30,29,39,39,25,92,90,89,82,92,71,71,71,53],"gold":67,"neow_bonus":"REMOVE_TWO","is_daily":false,"chose_seed":false,"campfire_upgraded":1,"win_rate":0.0,"timestamp":1609297799,"path_taken":["R","M","M","M","?","$","T","R","?","E","?","R","E","?","M","BOSS","R","M","?","M","?","$","T","R","E","M","R","E","$","?","M","BOSS","R","M","?","$","M","M","T","?","E","R","?","E","?","E","M","BOSS","E","$","R","BOSS"],"items_purchased_type":["Card","Card","Card","Card","Card","Relic"],"build_version":"2020-12-22","purchased_purges":2,"victory":true,"max_hp_per_floor":[72,72,72,72,72,72,72,72,72,72,72,72,72,72,72,72,72,72,72,72,72,72,72,72,72,72,72,72,72,72,72,72,72,72,72,72,72,72,72,72,72,72,72,82,82,82,92,92,92,92,92,92,92,92,92],"card_choices":[{"not_picked":["Guardian:WalkerClaw","Guardian:PrimingBeam"],"picked":"Guardian:ShieldCharger","floor":2},{"not_picked":["Guardian:Gem_Red","Guardian:Gem_Lightblue"],"picked":"Guardian:Reroute","floor":3},{"not_picked":["Guardian:CrystalBeam","Guardian:TemporalStrike","Guardian:RollAttack"],"picked":"SKIP","floor":4},{"not_picked":["Guardian:ChargeCore","Guardian:Suspension"],"picked":"Guardian:StasisStrike","floor":6},{"not_picked":["Guardian:Suspension","Guardian:DonusPower"],"picked":"Guardian:Gem_Green","floor":10},{"not_picked":["Guardian:Gem_Lightblue","Guardian:Reroute"],"picked":"Guardian:Incinerate","floor":13},{"not_picked":["Guardian:ShieldSpikes","Guardian:FloatingOrbs"],"picked":"Guardian:Gem_Blue","floor":14},{"not_picked":["Guardian:Suspension","Guardian:ChargeCore"],"picked":"Guardian:Gem_Cyan","floor":14},{"not_picked":["Guardian:ArmoredProtocol","Guardian:Suspension"],"picked":"Guardian:MultiBeam","floor":15},{"not_picked":["Guardian:ShieldCharger","Guardian:Gem_Cyan"],"picked":"Guardian:PrismaticBeam","floor":15},{"not_picked":["Guardian:TimeSifter","Guardian:GemFinder"],"picked":"Guardian:StasisField","floor":16},{"not_picked":["Guardian:Gem_Blue","Guardian:BronzeOrb"],"picked":"Guardian:SpikerProtocol","floor":19},{"not_picked":["Guardian:Gem_Blue","Guardian:BronzeOrb","Guardian:TemporalStrike"],"picked":"SKIP","floor":19},{"not_picked":["Guardian:BronzeOrb","Guardian:TemporalStrike"],"picked":"Guardian:Gem_Blue","floor":19},{"not_picked":["Guardian:Gem_Cyan","Guardian:ShieldCharger"],"picked":"Guardian:SpikerProtocol","floor":20},{"not_picked":["Guardian:WalkerClaw","Guardian:FloatingOrbs"],"picked":"Guardian:Gem_Green","floor":20},{"not_picked":["Guardian:ArmoredProtocol","Guardian:PiercingHide+1"],"picked":"Guardian:Gem_Orange","floor":21},{"not_picked":["Guardian:Gem_Lightblue","Guardian:Emergency+1","Guardian:Incinerate"],"picked":"SKIP","floor":21},{"not_picked":["Guardian:Incinerate","Guardian:ConstructionForm"],"picked":"Guardian:ChargeUp+1","floor":23},{"not_picked":["Guardian:Orbwalk","Guardian:Planning","Guardian:FierceBash"],"picked":"SKIP","floor":26},{"not_picked":["Guardian:Gem_Red","Guardian:ShieldCharger"],"picked":"Guardian:Gem_Green","floor":27},{"not_picked":["Guardian:Gem_Lightblue","Guardian:SentryBeam+1","Guardian:ShieldCharger"],"picked":"SKIP","floor":27},{"not_picked":["Guardian:ShieldCharger","Guardian:FloatingOrbs","Guardian:Planning"],"picked":"SKIP","floor":29},{"not_picked":["Guardian:WalkerClaw","Guardian:DonusPower","Guardian:RollAttack"],"picked":"SKIP","floor":30},{"not_picked":["Guardian:Incinerate","Guardian:Recover"],"picked":"Guardian:TimeSifter","floor":32},{"not_picked":["Guardian:BronzeOrb","Guardian:Gem_Red","Guardian:TemporalShield"],"picked":"SKIP","floor":32},{"not_picked":["Guardian:PrismaticBeam+1","Guardian:ShieldCharger"],"picked":"Guardian:TimeCapacitor+1","floor":36},{"not_picked":["Guardian:TimeCapacitor","Guardian:Planning"],"picked":"Guardian:ShieldCharger+1","floor":36},{"not_picked":["Guardian:VentSteam","Guardian:ShieldSpikes","Guardian:ChargeCore+1"],"picked":"SKIP","floor":38},{"not_picked":["Guardian:PrismaticBarrier+1","Guardian:Reroute"],"picked":"Guardian:Gem_White","floor":39},{"not_picked":["Guardian:Recover+1","Guardian:WalkerClaw+1","Guardian:Gem_Purple"],"picked":"SKIP","floor":39},{"not_picked":["Guardian:Gem_Fragmented","Guardian:VentSteam+1"],"picked":"Guardian:ArmoredProtocol+1","floor":40},{"not_picked":["Guardian:ShieldSpikes+1","Guardian:VentSteam+1","Guardian:Gem_Red"],"picked":"SKIP","floor":40},{"not_picked":["Guardian:VentSteam","Guardian:WalkerClaw+1"],"picked":"Guardian:Gem_Synthetic","floor":42},{"not_picked":["Guardian:Gem_Lightblue","Guardian:ShieldCharger+1"],"picked":"Guardian:FloatingOrbs+1","floor":42},{"not_picked":["Guardian:TemporalShield","Guardian:Gem_Red","Guardian:Planning"],"picked":"SKIP","floor":43},{"not_picked":["Guardian:TemporalShield+1","Guardian:RevengeProtocol","Guardian:CrystalBeam+1"],"picked":"SKIP","floor":46},{"not_picked":["Guardian:RollAttack","Guardian:PrimingBeam+1","Guardian:HyperBeam_Guardian"],"picked":"SKIP","floor":48},{"not_picked":["Guardian:RollAttack","Guardian:PrimingBeam+1","Guardian:HyperBeam_Guardian"],"picked":"SKIP","floor":48},{"not_picked":["Guardian:PrimingBeam","Guardian:Orbwalk"],"picked":"Guardian:ShieldCharger+1","floor":49},{"not_picked":["Guardian:Incinerate","Guardian:TemporalStrike+1"],"picked":"Guardian:DonusPower+1","floor":49},{"not_picked":["Guardian:GemFinder","Guardian:Gem_Lightblue"],"picked":"Guardian:FastForward","floor":52}],"player_experience":171695,"relics_obtained":[{"floor":5,"key":"Blue Candle"},{"floor":7,"key":"Shovel"},{"floor":8,"key":"Ice Cream"},{"floor":10,"key":"Bottled Lightning"},{"floor":12,"key":"PreservedInsect"},{"floor":13,"key":"Prayer Wheel"},{"floor":18,"key":"Unceasing Top"},{"floor":22,"key":"Nilry\u0027s Codex"},{"floor":24,"key":"Incense Burner"},{"floor":26,"key":"Matryoshka"},{"floor":28,"key":"Thread and Needle"},{"floor":29,"key":"Regal Pillow"},{"floor":35,"key":"Happy Flower"},{"floor":41,"key":"MawBank"},{"floor":43,"key":"Girya"},{"floor":44,"key":"HornCleat"},{"floor":45,"key":"Akabeko"},{"floor":45,"key":"Turnip"},{"floor":46,"key":"Anchor"},{"floor":48,"key":"White Beast Statue"},{"floor":52,"key":"Lantern"},{"floor":54,"key":"Shuriken"}],"event_choices":[{"cards_removed":["Guardian:Strike_Guardian"],"damage_healed":0,"gold_gain":0,"player_choice":"Offered Basic","damage_taken":0,"max_hp_gain":0,"max_hp_loss":0,"event_name":"Bonfire Elementals","floor":11,"gold_loss":0},{"damage_healed":0,"gold_gain":0,"player_choice":"Ignored","damage_taken":0,"max_hp_gain":0,"max_hp_loss":0,"event_name":"Vampires","floor":31,"gold_loss":0}],"is_beta":false,"boss_relics":[{"not_picked":["Sozu","Fusion Hammer"],"picked":"Coffee Dripper"},{"not_picked":["Pandora\u0027s Box","Black Star"],"picked":"Cursed Key"}],"items_purged_floors":[30,38],"is_endless":false,"potions_floor_spawned":[3,10,13,16,20,26,29,32,33,39,40,43,48,49,52],"ascension_level":1}}