{"host":"ab2s6ezjqdgtrlyf","time":1609329462,"event":{"mods":["BaseMod","Colored Map","Downfall","Highlight Path","Marked Mod","Minty Spire (QoL Compilation)","Quick Restart","Relic Stats","Spicy Shops","StSLib","Waifu the Spire","vexMod","¡¾ÒÅÎï¿¨ÅÆ¡¿REMEMod"],"gold_per_floor":[19,19,31,46,56,115,165,175,175,0,11,11,29,49,49,49,49],"floor_reached":16,"playtime":423,"items_purged":["Strike_P","Defend_P"],"score":229,"play_id":"36211d7a-5022-4771-bde7-9352b4348cd5","local_time":"20201230195742","is_ascension_mode":true,"campfire_choices":[{"data":"Eruption","floor":12.0,"key":"SMITH"},{"data":"Vigilance","floor":15.0,"key":"SMITH"}],"circlet_count":0,"master_deck":["AscendersBane","Strike_P","Strike_P","Defend_P","Eruption+1","Vigilance+1","FollowUp","Consecrate","Vault"],"relics":["PureWater","REME_ComplimentaryCards","REME_HandOfSuture","Molten Egg 2"],"acts_visited":["Exordium"],"potions_floor_usage":[],"damage_taken":[{"damage":16.0,"enemies":"2 Louse","floor":1.0,"turns":2.0},{"damage":2.0,"enemies":"Cultist","floor":3.0,"turns":3.0},{"damage":0.0,"enemies":"Small Slimes","floor":4.0,"turns":2.0},{"damage":4.0,"enemies":"Looter","floor":5.0,"turns":3.0},{"damage":0.0,"enemies":"Lagavulin","floor":6.0,"turns":3.0},{"damage":0.0,"enemies":"Blue Slaver","floor":8.0,"turns":3.0},{"damage":0.0,"enemies":"3 Louse","floor":11.0,"turns":1.0},{"damage":16.0,"enemies":"Lots of Slimes","floor":13.0,"turns":4.0},{"damage":0.0,"enemies":"Blue Slaver","floor":14.0,"turns":1.0},{"damage":10,"enemies":"Hexaghost","floor":16,"turns":8}],"seed_played":"-5637359215464771652","potions_obtained":[{"floor":4.0,"key":"AttackPotion"},{"floor":5.0,"key":"REME_GoldPotion"},{"floor":8.0,"key":"EssenceOfSteel"}],"is_trial":false,"path_per_floor":["M","?","M","M","M","E","?","M","T","$","M","R","M","M","R","B"],"character_chosen":"WATCHER","items_purchased":[],"campfire_rested":0,"item_purchase_floors":[],"current_hp_per_floor":[45,45,43,43,39,39,39,39,39,39,39,39,23,23,23,13,13],"gold":49,"neow_bonus":"REMOVE_TWO","is_daily":false,"chose_seed":false,"campfire_upgraded":2,"win_rate":0.0,"timestamp":1609329462,"path_taken":["M","?","M","M","M","E","?","?","T","?","M","R","?","M","R","BOSS"],"items_purchased_type":[],"build_version":"2020-12-22","purchased_purges":2,"victory":false,"max_hp_per_floor":[68,68,68,68,68,68,68,68,68,68,68,68,68,68,68,68,68],"relic_stats":{"counters":[10,30],"obtain_stats":[{"Molten Egg 2":9,"REME_HandOfSuture":6,"PureWater":0,"REME_ComplimentaryCards":0},{"Molten Egg 2":6,"REME_HandOfSuture":5,"PureWater":0,"REME_ComplimentaryCards":0},{"Molten Egg 2":16,"REME_HandOfSuture":13,"PureWater":0,"REME_ComplimentaryCards":0}]},"card_choices":[{"not_picked":["ClearTheMind","Halt"],"picked":"FollowUp","floor":1.0},{"not_picked":["Perseverance","REME_Repentance"],"picked":"Consecrate","floor":3.0},{"not_picked":["MentalFortress","FollowUp","JustLucky"],"picked":"SKIP","floor":4.0},{"not_picked":["EmptyBody","DeceiveReality","Crescendo"],"picked":"SKIP","floor":5.0},{"not_picked":["WreathOfFlame","MarkedMod:ChiBlock","Swivel"],"picked":"SKIP","floor":6.0},{"not_picked":["EmptyFist","CrushJoints","ClearTheMind"],"picked":"SKIP","floor":8.0},{"not_picked":["BowlingBash+1","Evaluate"],"picked":"Vault","floor":11.0},{"not_picked":["Evaluate","Prostrate","Crescendo"],"picked":"SKIP","floor":13.0},{"not_picked":["Sanctity","REME_MusicOfDeath","FlurryOfBlows+1"],"picked":"SKIP","floor":14.0}],"player_experience":656538,"relics_obtained":[{"floor":6.0,"key":"REME_HandOfSuture"},{"floor":9.0,"key":"Molten Egg 2"}],"event_choices":[{"cards_removed":["Defend_P"],"damage_healed":0.0,"max_hp_gain":0.0,"max_hp_loss":0.0,"gold_gain":0.0,"event_name":"Living Wall","player_choice":"Forget","floor":2.0,"gold_loss":0.0,"damage_taken":0.0},{"damage_healed":0.0,"max_hp_gain":0.0,"max_hp_loss":0.0,"gold_gain":50.0,"event_name":"Golden Shrine","player_choice":"Pray","floor":7.0,"gold_loss":0.0,"damage_taken":0.0}],"is_beta":false,"boss_relics":[],"items_purged_floors":[10,10],"is_endless":false,"potions_floor_spawned":[4,5,8],"killed_by":"Hexaghost","ascension_level":15}}