{"host":"9qh03gjyvt0jixwo","time":1609315869,"event":{"mods":["Act Like it!","BaseMod","CapriCore","Colored Map","Colored Powertips","Dota2Spire","Friendly Minions","Gensokyo","GifTheSpireLib","Highlight Path","Marisa£®ÏF”Í°°ƒß¿Ì…≥£©","Minty Spire (QoL Compilation)","Replay The Spire","StSLib"],"gold_per_floor":[114,216,236,76,76,107,119,142,178,269,298,310,338,364,376,487,499,529,555,579,591,616,628,658,695,733,756,768,780,34,44,44,145,145,158,158,12,22,1,26,26,26],"floor_reached":41,"playtime":2651,"items_purged":["Strike_R"],"score":520,"play_id":"3ddd6893-39bb-4c57-abaf-549cfb269263","local_time":"20201230161109","is_ascension_mode":false,"campfire_choices":[{"data":"Armaments","floor":7,"key":"SMITH"},{"data":"Juggernaut","floor":15,"key":"SMITH"},{"floor":23,"key":"REST"},{"data":"Strike_R","floor":32,"key":"PURGE"}],"circlet_count":0,"master_deck":["Strike_R","Strike_R","Strike_R","Defend_R","Defend_R","Defend_R","Defend_R","Bash","Armaments+1","Fire Breathing","Replay:Undeath\u0027s Touch","Replay:Undeath\u0027s Touch","Injury","Juggernaut+1","Pommel Strike","Pain","Cleave","Life Link+1","Thunderclap+1","Body Slam+1","Armaments","Rampage","Demon Form","ReplayTheSpireMod:Faulty Equipment","Replay:Many Hands","ReplayTheSpireMod:Brewmster","Good Instincts","Fire Breathing","Rampage","Immolate","Fire Breathing","Power Through+1","Gensokyo:RustyChest","Dark Embrace"],"relics":["Burning Blood","NeowsBlessing","Enchiridion","Toy Ornithopter","MawBank","Potion Belt","Mummified Hand","Gensokyo:LunaticRedEyes","Cursed Key","Centennial Puzzle","Smiling Mask","MutagenicStrength","Pet Ghost","Runic Cube","ReplayTheSpireMod:TigerMarble","Lantern","MealTicket"],"acts_visited":["Gensokyo:Gensokyo","TheCity","Gensokyo:Gensokyoest"],"potions_floor_usage":[16,20,20,25,25,30,31,31,33,33,33,38,40],"damage_taken":[{"damage":0,"enemies":"Gensokyo:3_Fairies","floor":1,"turns":2},{"damage":0,"enemies":"Gensokyo:Gryphon","floor":3,"turns":1},{"damage":0,"enemies":"Gensokyo:Aya","floor":6,"turns":1},{"damage":2,"enemies":"Gensokyo:Python","floor":8,"turns":3},{"damage":16,"enemies":"Gensokyo:VengefulSpirit","floor":11,"turns":5},{"damage":8,"enemies":"Gensokyo:2_Rabbits","floor":13,"turns":3},{"damage":0,"enemies":"Gensokyo:Kitsune","floor":14,"turns":1},{"damage":38,"enemies":"Gensokyo:Reimu","floor":16,"turns":13},{"damage":33,"enemies":"Spheric Guardian","floor":18,"turns":4},{"damage":3,"enemies":"Chosen","floor":19,"turns":4},{"damage":7,"enemies":"3 Cultists","floor":20,"turns":4},{"damage":33,"enemies":"Shelled Parasite and Fungi","floor":22,"turns":5},{"damage":5,"enemies":"Chosen and Byrds","floor":24,"turns":4},{"damage":16,"enemies":"Book of Stabbing","floor":25,"turns":4},{"damage":34,"enemies":"Snecko","floor":27,"turns":5},{"damage":5,"enemies":"Cultist and Chosen","floor":31,"turns":3},{"damage":39,"enemies":"Champ","floor":33,"turns":8},{"damage":24,"enemies":"Gensokyo:AncientGuardian","floor":35,"turns":4},{"damage":41,"enemies":"Gensokyo:3_Boulders","floor":38,"turns":5},{"damage":17,"enemies":"Gensokyo:Marisa","floor":40,"turns":1},{"damage":35,"enemies":"Gensokyo:Sharpion","floor":41,"turns":4}],"seed_played":"-1375303198327704810","potions_obtained":[{"floor":8,"key":"SpeedPotion"},{"floor":14,"key":"PowerPotion"},{"floor":16,"key":"Weak Potion"},{"floor":18,"key":"LifebloodPotion"},{"floor":20,"key":"SkillPotion"},{"floor":24,"key":"Swift Potion"},{"floor":27,"key":"FearPotion"},{"floor":38,"key":"DuplicationPotion"}],"is_trial":false,"path_per_floor":["M","?","M","?","?","E","R","M","T","T","M","?","M","M","R","B",null,"M","M","M","?","M","R","M","E","T","M","?","?","$","M","R_BF","B",null,"M","?","$","M","COS","E","M"],"character_chosen":"IRONCLAD","items_purchased":["ReplayTheSpireMod:Brewmster","Good Instincts","Fire Breathing","Pet Ghost","Regen Potion","Energy Potion","Fruit Juice","Lantern"],"campfire_rested":1,"item_purchase_floors":[30,30,30,30,30,30,30,37],"current_hp_per_floor":[80,48,54,54,54,60,60,64,64,64,54,54,52,58,58,31,80,53,56,65,65,38,62,63,63,63,35,35,35,45,65,65,58,85,67,67,67,37,37,31,0,0],"gold":26,"neow_bonus":"THREE_ENEMY_KILL","is_daily":false,"chose_seed":false,"campfire_upgraded":2,"win_rate":0.0,"timestamp":1609315869,"path_taken":["M","?","M","?","?","E","R","M","T","?","?","?","M","?","R","BOSS","M","M","M","?","M","R","?","E","T","M","?","?","$","M","R_BF","BOSS","M","?","$","?","COS","E","M"],"items_purchased_type":["Card","Card","Card","Relic","Potion","Potion","Potion","Relic"],"build_version":"2020-12-22","purchased_purges":1,"victory":false,"max_hp_per_floor":[80,80,80,80,80,80,80,80,80,80,80,80,80,80,80,80,80,80,80,80,80,80,80,80,80,80,80,80,80,85,85,85,85,85,85,85,85,85,85,85,85,85],"card_choices":[{"not_picked":["Havoc","Rampage"],"picked":"Armaments","floor":1},{"not_picked":["Abandon","Ghostly Armor"],"picked":"Feel No Pain","floor":2},{"not_picked":["Wild Strike","Shockwave"],"picked":"Fire Breathing","floor":2},{"not_picked":["Clash","True Grit"],"picked":"Replay:Undeath\u0027s Touch","floor":2},{"not_picked":["Twin Strike","Sword Boomerang"],"picked":"Replay:Undeath\u0027s Touch","floor":3},{"not_picked":["Havoc","Intimidate"],"picked":"Juggernaut","floor":6},{"not_picked":["Sentinel","Replay:Undeath\u0027s Touch","Sever Soul"],"picked":"SKIP","floor":8},{"not_picked":["Shrug It Off","Flex"],"picked":"Pommel Strike","floor":11},{"not_picked":["Combust","Twin Strike"],"picked":"Cleave","floor":13},{"not_picked":["Uppercut","Disarm"],"picked":"Life Link","floor":14},{"not_picked":["Thunderclap","Carnage","Ghostly Armor"],"picked":"SKIP","floor":18},{"not_picked":["Dropkick","Anger"],"picked":"Thunderclap+1","floor":19},{"not_picked":["ReplayTheSpireMod:Corrosion Curse","Battle Trance"],"picked":"Body Slam+1","floor":20},{"not_picked":["Clothesline","ReplayTheSpireMod:Muscle Training"],"picked":"Armaments","floor":22},{"not_picked":["Perfected Strike+1","Armaments"],"picked":"Rampage","floor":24},{"not_picked":["Clash+1","Intimidate"],"picked":"Demon Form","floor":25},{"not_picked":["True Grit","Cleave+1","Intimidate"],"picked":"SKIP","floor":27},{"not_picked":["Headbutt","Hemokinesis"],"picked":"Rampage","floor":31},{"not_picked":["Corruption","Fiend Fire"],"picked":"Immolate","floor":33},{"not_picked":["Thunderclap","Anger"],"picked":"Fire Breathing","floor":35},{"not_picked":["Warcry+1","Thunderclap+1"],"picked":"Power Through+1","floor":38},{"not_picked":["True Grit","Wild Strike"],"picked":"Dark Embrace","floor":40}],"player_experience":217015,"relics_obtained":[{"floor":6,"key":"MawBank"},{"floor":9,"key":"Potion Belt"},{"floor":10,"key":"Mummified Hand"},{"floor":25,"key":"Centennial Puzzle"},{"floor":26,"key":"Smiling Mask"},{"floor":40,"key":"MealTicket"}],"event_choices":[{"damage_healed":0,"gold_gain":0,"player_choice":"Upgraded","damage_taken":0,"max_hp_gain":0,"max_hp_loss":0,"event_name":"Upgrade Shrine","floor":21,"gold_loss":0,"cards_upgraded":["Life Link"]},{"damage_healed":0,"gold_gain":0,"player_choice":"Inject Mutagens","damage_taken":0,"relics_obtained":["MutagenicStrength"],"max_hp_gain":0,"max_hp_loss":0,"event_name":"Drug Dealer","floor":28,"gold_loss":0},{"damage_healed":0,"gold_gain":0,"cards_transformed":["Feel No Pain"],"player_choice":"Transformed","damage_taken":0,"max_hp_gain":0,"max_hp_loss":0,"event_name":"Transmorgrifier","floor":29,"gold_loss":0,"cards_obtained":["Replay:Many Hands"]}],"is_beta":false,"boss_relics":[{"not_picked":["SacredBark","Philosopher\u0027s Stone"],"picked":"Cursed Key"},{"not_picked":["Runic Dome","ReplayTheSpireMod:DimensionalGlitch"],"picked":"Runic Cube"}],"items_purged_floors":[30],"is_endless":false,"potions_floor_spawned":[8,14,16,18,20,24,27,38],"killed_by":"Gensokyo:Sharpion","ascension_level":0}}