{"host":"2no1vwhhkhf0ohz3","time":1609315997,"event":{"mods":["AchievementEnabler","BaseMod","Colored Map","DeckTracker","Keyboard Shortcuts","Minty Spire (QoL Compilation)","Relic Stats","SuperFastMode"],"gold_per_floor":[116,135,135,145,145,145,176,176,231,231,258,272,286,304,304,403,403,423,434,214,214,232,232,250,250,297,297,323,342,361,376,376,478,478,491,536,536,536],"floor_reached":39,"playtime":1207,"items_purged":["Strike_B"],"score":669,"play_id":"13321f3c-faf4-4d88-b12e-94b4ad3c864b","local_time":"20201230171317","is_ascension_mode":true,"campfire_choices":[{"data":"Zap","floor":6,"key":"SMITH"},{"data":"Coolheaded","floor":8,"key":"SMITH"},{"data":"Ball Lightning","floor":10,"key":"SMITH"},{"data":"Capacitor","floor":15,"key":"SMITH"},{"floor":23,"key":"REST"},{"data":"Defragment","floor":25,"key":"SMITH"},{"data":"Loop","floor":27,"key":"SMITH"},{"data":"Beam Cell","floor":32,"key":"SMITH"}],"circlet_count":0,"master_deck":["Defend_B","Defend_B","Zap+1","Dualcast","Ball Lightning+1","Coolheaded+1","Compile Driver","Electrodynamics","Rebound","Capacitor+1","Undo","Chill","Amplify","Loop+1","Self Repair+1","Defragment+1","Glacier","Chill","Hologram+1","Conserve Battery+1","Beam Cell+1","Core Surge","Glacier+1","Reinforced Body+1","All For One+1"],"relics":["Cracked Core","NeowsBlessing","Ancient Tea Set","Happy Flower","Lizard Tail","Black Star","Omamori","Lantern","Ornamental Fan","Astrolabe","StoneCalendar"],"acts_visited":["Exordium","TheCity","TheBeyond"],"potions_floor_usage":[16,33,33,33],"damage_taken":[{"damage":0,"enemies":"Small Slimes","floor":1,"turns":1},{"damage":0,"enemies":"Jaw Worm","floor":2,"turns":1},{"damage":0,"enemies":"Cultist","floor":4,"turns":1},{"damage":13,"enemies":"3 Sentries","floor":7,"turns":6},{"damage":16,"enemies":"Gremlin Nob","floor":11,"turns":3},{"damage":0,"enemies":"2 Fungi Beasts","floor":12,"turns":2},{"damage":16,"enemies":"Lots of Slimes","floor":13,"turns":2},{"damage":0,"enemies":"Large Slime","floor":14,"turns":3},{"damage":6,"enemies":"The Guardian","floor":16,"turns":8},{"damage":39,"enemies":"2 Thieves","floor":18,"turns":3},{"damage":12,"enemies":"3 Byrds","floor":19,"turns":2},{"damage":6,"enemies":"Sentry and Sphere","floor":22,"turns":6},{"damage":18,"enemies":"Snake Plant","floor":24,"turns":5},{"damage":19,"enemies":"Gremlin Leader","floor":28,"turns":8},{"damage":19,"enemies":"Snecko","floor":29,"turns":5},{"damage":12,"enemies":"Centurion and Healer","floor":30,"turns":7},{"damage":12,"enemies":"Snake Plant","floor":31,"turns":4},{"damage":6,"enemies":"Collector","floor":33,"turns":8},{"damage":0,"enemies":"3 Shapes","floor":35,"turns":6},{"damage":61,"enemies":"2 Orb Walkers","floor":36,"turns":4},{"damage":55,"enemies":"Donu and Deca","floor":38,"turns":12}],"seed_played":"-1359702919434815414","potions_obtained":[{"floor":4,"key":"FocusPotion"},{"floor":7,"key":"LiquidBronze"},{"floor":14,"key":"Swift Potion"},{"floor":16,"key":"FearPotion"},{"floor":28,"key":"FocusPotion"},{"floor":31,"key":"FocusPotion"},{"floor":36,"key":"SmokeBomb"}],"is_trial":false,"path_per_floor":["M","M","?","M","?","R","E","R","T","R","E","M","M","M","R","B",null,"M","M","$","?","M","R","M","R","T","R","E","M","M","M","R","B",null,"M","?","?","B",null],"character_chosen":"DEFECT","items_purchased":["Defragment","Glacier"],"campfire_rested":1,"item_purchase_floors":[20,20],"current_hp_per_floor":[75,75,75,75,68,68,55,55,55,55,39,39,23,23,23,17,75,36,24,24,24,28,50,52,52,52,52,43,34,32,30,30,34,75,75,24,24,7],"gold":536,"neow_bonus":"THREE_ENEMY_KILL","is_daily":false,"chose_seed":false,"campfire_upgraded":7,"win_rate":0.0,"timestamp":1609315997,"path_taken":["M","M","?","M","?","R","E","R","T","R","E","M","M","M","R","BOSS","M","M","$","?","M","R","M","R","T","R","E","M","M","M","R","BOSS","M","?","?","BOSS"],"items_purchased_type":["Card","Card"],"build_version":"2020-12-22","purchased_purges":1,"victory":true,"max_hp_per_floor":[75,75,75,75,75,75,75,75,75,75,75,75,75,75,75,75,75,75,75,75,75,75,75,75,75,75,75,75,75,75,75,75,75,75,75,75,75,75],"relic_stats":{"Lizard Tail":37,"Happy Flower":[29],"counters":[21,96],"Ornamental Fan":[12],"Astrolabe":["Glacier","Reinforced Body","All For One"],"StoneCalendar":[72],"Black Star":1,"obtain_stats":[{"Lizard Tail":11,"Lantern":28,"NeowsBlessing":0,"Happy Flower":9,"Ornamental Fan":28,"Astrolabe":34,"StoneCalendar":36,"Black Star":17,"Omamori":26,"Cracked Core":0,"Ancient Tea Set":7},{"Lizard Tail":5,"Lantern":14,"NeowsBlessing":0,"Happy Flower":4,"Ornamental Fan":14,"Astrolabe":18,"StoneCalendar":20,"Black Star":9,"Omamori":13,"Cracked Core":0,"Ancient Tea Set":4},{"Lizard Tail":12,"Lantern":51,"NeowsBlessing":0,"Happy Flower":9,"Ornamental Fan":51,"Astrolabe":74,"StoneCalendar":84,"Black Star":27,"Omamori":43,"Cracked Core":0,"Ancient Tea Set":9}]},"card_choices":[{"not_picked":["Reprogram","Streamline"],"picked":"Ball Lightning","floor":1},{"not_picked":["Barrage","Steam Power"],"picked":"Coolheaded","floor":2},{"not_picked":["Ball Lightning","Aggregate"],"picked":"Compile Driver","floor":4},{"not_picked":["Barrage","Compile Driver"],"picked":"Electrodynamics","floor":7},{"not_picked":["Barrage","Redo"],"picked":"Rebound","floor":11},{"not_picked":["Hologram","Sweeping Beam"],"picked":"Capacitor","floor":12},{"not_picked":["Go for the Eyes","Stack"],"picked":"Undo","floor":13},{"not_picked":["Rebound","Beam Cell"],"picked":"Chill","floor":14},{"not_picked":["Creative AI","Thunder Strike"],"picked":"Amplify","floor":16},{"not_picked":["Hologram","Gash"],"picked":"Loop","floor":18},{"not_picked":["Static Discharge","Stack"],"picked":"Self Repair+1","floor":19},{"not_picked":["Auto Shields+1","Rebound"],"picked":"Chill","floor":22},{"not_picked":["Leap","Rebound","Streamline"],"picked":"SKIP","floor":24},{"not_picked":["Chill+1","Fission"],"picked":"Hologram+1","floor":28},{"not_picked":["Rebound+1","Leap+1"],"picked":"Conserve Battery+1","floor":29},{"not_picked":["Compile Driver","Sunder","Fusion"],"picked":"SKIP","floor":30},{"not_picked":["Rip and Tear+1","Leap"],"picked":"Beam Cell","floor":31},{"not_picked":["Machine Learning","All For One"],"picked":"Core Surge","floor":33},{"not_picked":["Stack","Self Repair","Lockon+1"],"picked":"SKIP","floor":35}],"player_experience":270663,"relics_obtained":[{"floor":7,"key":"Ancient Tea Set"},{"floor":9,"key":"Happy Flower"},{"floor":11,"key":"Lizard Tail"},{"floor":26,"key":"Omamori"},{"floor":28,"key":"Lantern"},{"floor":28,"key":"Ornamental Fan"},{"floor":36,"key":"StoneCalendar"}],"event_choices":[{"cards_removed":["Strike_B"],"damage_healed":0,"gold_gain":0,"player_choice":"Forget","damage_taken":0,"max_hp_gain":0,"max_hp_loss":0,"event_name":"Living Wall","floor":3,"gold_loss":0},{"cards_removed":["Strike_B"],"damage_healed":0,"gold_gain":0,"player_choice":"Card Removal","damage_taken":7,"max_hp_gain":0,"max_hp_loss":0,"event_name":"Golden Wing","floor":5,"gold_loss":0},{"damage_healed":0,"gold_gain":0,"player_choice":"Ignored","damage_taken":0,"max_hp_gain":0,"max_hp_loss":0,"event_name":"Ghosts","floor":21,"gold_loss":0},{"damage_healed":0,"gold_gain":0,"player_choice":"Fight","damage_taken":0,"max_hp_gain":0,"max_hp_loss":0,"event_name":"Mysterious Sphere","floor":36,"gold_loss":0},{"damage_healed":0,"gold_gain":0,"player_choice":"Took Portal","damage_taken":0,"max_hp_gain":0,"max_hp_loss":0,"event_name":"SecretPortal","floor":37,"gold_loss":0}],"is_beta":false,"boss_relics":[{"not_picked":["Coffee Dripper","Velvet Choker"],"picked":"Black Star"},{"not_picked":["Tiny House","Pandora\u0027s Box"],"picked":"Astrolabe"}],"items_purged_floors":[20],"is_endless":false,"potions_floor_spawned":[4,7,14,16,24,28,31,36],"ascension_level":2}}