{"host":"i0avyit1s6jb1siw","time":1609332359,"event":{"mods":["BaseMod","DeckTracker","Dota2Spire","Highlight Path","Minty Spire (QoL Compilation)","Quick Restart","Replay The Spire","StSLib","SuperFastMode"],"gold_per_floor":[119,133,133,146,162,189,189,217,242,258,258,258,283,283,283,378,378,391,147,147,201,224,255,255,280,280,280,300,323,354,370,370,370,370],"floor_reached":33,"playtime":661,"items_purged":["Strike_R"],"score":614,"play_id":"9b0e8bc0-41e9-4a09-9aab-26d39766a721","local_time":"20201230134559","is_ascension_mode":true,"campfire_choices":[{"data":"Carnage","floor":7,"key":"SMITH"},{"data":"Pommel Strike","floor":12,"key":"SMITH"},{"data":"Bloodletting","floor":15,"key":"SMITH"},{"floor":24,"key":"REST"},{"floor":27,"key":"REST"},{"floor":32,"key":"DIG"}],"circlet_count":0,"master_deck":["AscendersBane","Strike_R","Strike_R+1","Strike_R","Strike_R","Defend_R","Defend_R","Defend_R+1","Defend_R","Bash+1","Pommel Strike+1","Shockwave+1","Carnage+1","Perfected Strike+1","Shrug It Off","Bloodletting+1","Shrug It Off+1","Impervious+1","Pot Of Greed","Pot Of Greed","Disarm","Inflame","Rage","Flame Barrier"],"relics":["Burning Blood","NeowsBlessing","Dota2Spire:ArmletOfMordiggian","Art of War","Whetstone","Gremlin Food","Golden Idol","Dota2Spire:RefresherOrb","Grinning Jar","Akabeko","Replay:Baseball","Orichalcum","King of Hearts"],"acts_visited":["Exordium","TheCity"],"potions_floor_usage":[13,16],"damage_taken":[{"damage":0,"enemies":"Cultist","floor":1,"turns":1},{"damage":0,"enemies":"2 Louse","floor":2,"turns":1},{"damage":0,"enemies":"Small Slimes","floor":4,"turns":1},{"damage":0,"enemies":"2 Fungi Beasts","floor":5,"turns":3},{"damage":29,"enemies":"Gremlin Nob","floor":6,"turns":4},{"damage":10,"enemies":"Lagavulin","floor":8,"turns":6},{"damage":8,"enemies":"Exordium Wildlife","floor":10,"turns":3},{"damage":12,"enemies":"3 Sentries","floor":13,"turns":6},{"damage":28,"enemies":"Slime Boss","floor":16,"turns":10},{"damage":15,"enemies":"Shell Parasite","floor":18,"turns":3},{"damage":0,"enemies":"Chosen","floor":22,"turns":4},{"damage":35,"enemies":"Book of Stabbing","floor":23,"turns":7},{"damage":0,"enemies":"Snake Plant","floor":25,"turns":3},{"damage":7,"enemies":"Centurion and Healer","floor":28,"turns":5},{"damage":21,"enemies":"Shelled Parasite and Fungi","floor":29,"turns":4},{"damage":23,"enemies":"Gremlin Leader","floor":30,"turns":5},{"damage":13,"enemies":"Snake Plant","floor":31,"turns":4},{"damage":51,"enemies":"Champ","floor":33,"turns":9}],"seed_played":"-8195482230274725189","potions_obtained":[{"floor":2,"key":"BloodPotion"},{"floor":5,"key":"SteroidPotion"},{"floor":13,"key":"SpeedPotion"},{"floor":18,"key":"SteroidPotion"},{"floor":22,"key":"Dexterity Potion"},{"floor":31,"key":"BlessingOfTheForge"}],"is_trial":false,"path_per_floor":["M","M","?","M","M","E","R","E","T","M","?","R","E","?","R","B",null,"M","$","?","T","M","E","R","M","T","R","M","M","E","M","R","B"],"character_chosen":"IRONCLAD","items_purchased":["Grinning Jar"],"campfire_rested":2,"item_purchase_floors":[19],"current_hp_per_floor":[74,75,75,75,75,52,52,48,48,46,23,23,32,32,32,10,54,45,45,45,45,51,22,42,48,48,68,67,52,35,28,28,0,0],"gold":370,"neow_bonus":"THREE_ENEMY_KILL","is_daily":false,"chose_seed":false,"campfire_upgraded":3,"win_rate":0.0,"timestamp":1609332359,"path_taken":["M","?","?","M","M","E","R","E","T","M","?","R","E","?","R","BOSS","M","$","?","?","?","E","R","M","T","R","M","M","E","M","R","BOSS"],"items_purchased_type":["Relic"],"build_version":"2020-12-22","purchased_purges":1,"victory":false,"max_hp_per_floor":[75,75,75,75,75,75,75,75,75,75,75,75,75,68,68,68,68,68,68,68,68,68,68,68,68,68,68,68,68,68,68,68,68,68],"card_choices":[{"not_picked":["Clash","Seeing Red"],"picked":"Pommel Strike","floor":1},{"not_picked":["True Grit","Run Through"],"picked":"Shockwave","floor":2},{"not_picked":["Iron Wave","Flex"],"picked":"Carnage","floor":4},{"not_picked":["Havoc","Headbutt"],"picked":"Perfected Strike","floor":5},{"not_picked":["Double Tap","Warcry"],"picked":"Shrug It Off","floor":6},{"not_picked":["Ghostly Armor","Carnage"],"picked":"Bloodletting","floor":8},{"not_picked":["Dropkick","Cleave"],"picked":"Shrug It Off","floor":10},{"not_picked":["Feel No Pain","True Grit","Iron Wave"],"picked":"SKIP","floor":13},{"not_picked":["Feed","Berserk"],"picked":"Impervious","floor":16},{"not_picked":["Run Through","Pommel Strike","Flex"],"picked":"SKIP","floor":18},{"not_picked":["Clash","Run Through+1","Rampage"],"picked":"SKIP","floor":22},{"not_picked":["Rampage","Massacre"],"picked":"Inflame","floor":23},{"not_picked":["Replay:Undeath\u0027s Touch","Wild Strike","ReplayTheSpireMod:LeadingStrike"],"picked":"SKIP","floor":25},{"not_picked":["Twin Strike","Pommel Strike","Immolate"],"picked":"SKIP","floor":28},{"not_picked":["Armaments","Thunderclap"],"picked":"Rage","floor":29},{"not_picked":["Body Slam+1","Twin Strike","Flex"],"picked":"SKIP","floor":30},{"not_picked":["Power Through","Pommel Strike"],"picked":"Flame Barrier","floor":31}],"player_experience":2141693,"relics_obtained":[{"floor":6,"key":"Dota2Spire:ArmletOfMordiggian"},{"floor":8,"key":"Art of War"},{"floor":9,"key":"Whetstone"},{"floor":13,"key":"Gremlin Food"},{"floor":21,"key":"Akabeko"},{"floor":23,"key":"Replay:Baseball"},{"floor":30,"key":"Orichalcum"},{"floor":32,"key":"King of Hearts"}],"event_choices":[{"damage_healed":0,"gold_gain":0,"player_choice":"Grow","damage_taken":0,"max_hp_gain":0,"max_hp_loss":0,"event_name":"Living Wall","floor":3,"gold_loss":0,"cards_upgraded":["Shockwave"]},{"damage_healed":0,"gold_gain":0,"player_choice":"Entered Light","damage_taken":23,"max_hp_gain":0,"max_hp_loss":0,"event_name":"Shining Light","floor":11,"gold_loss":0,"cards_upgraded":["Perfected Strike","Defend_R"]},{"damage_healed":0,"gold_gain":0,"player_choice":"Lose Max HP","damage_taken":0,"relics_obtained":["Golden Idol"],"max_hp_gain":0,"max_hp_loss":7,"event_name":"Golden Idol","floor":14,"gold_loss":0},{"damage_healed":0,"gold_gain":0,"player_choice":"Read","damage_taken":0,"max_hp_gain":0,"max_hp_loss":0,"event_name":"The Library","floor":20,"gold_loss":0,"cards_obtained":["Disarm"]}],"is_beta":false,"boss_relics":[{"not_picked":["Velvet Choker","Honey Jar"],"picked":"Dota2Spire:RefresherOrb"}],"items_purged_floors":[19],"is_endless":false,"potions_floor_spawned":[2,5,6,13,18,22,31],"killed_by":"Champ","ascension_level":20}}