{"host":"7khtwbkyze7y134w","time":1609327418,"event":{"mods":["AchievementEnabler","BaseMod","Bestiary","Colored Map","Colored Powertips","Highlight Path","Minty Spire (QoL Compilation)","Quick Restart","Relic Stats","Slay-I","StSLib","SuperFastMode"],"gold_per_floor":[111,123,198,212,27,61,61,78,156,156,156,237,266,281,281,384,384,394,394,394,57,57,82,82,82],"floor_reached":24,"playtime":765,"items_purged":[],"score":247,"play_id":"69e4e342-e185-445b-9143-62f546bafedf","local_time":"20201230112338","is_ascension_mode":false,"campfire_choices":[{"data":"Apotheosis","floor":7.0,"key":"SMITH"},{"data":"FlurryOfBlows","floor":11.0,"key":"SMITH"},{"floor":15.0,"key":"REST"}],"circlet_count":0,"master_deck":["Strike_P+1","Strike_P+1","Strike_P+1","Strike_P+1","Defend_P+1","Defend_P+1","Defend_P+1","Defend_P+1","Eruption+1","Vigilance","FlurryOfBlows+1","ClearTheMind","Apotheosis+1","EmptyFist","EmptyFist","EmptyFist","FlurryOfBlows","Necronomicurse","FlurryOfBlows","Shame"],"relics":["PureWater","Damaru","Prayer Wheel","Bottled Lightning","Ornamental Fan","Centennial Puzzle","Fusion Hammer","Necronomicon","Ice Cream","Nunchaku","Du-Vu Doll"],"acts_visited":["Exordium","TheCity"],"potions_floor_usage":[24],"damage_taken":[{"damage":0.0,"enemies":"2 Louse","floor":1.0,"turns":1.0},{"damage":0.0,"enemies":"Cultist","floor":2.0,"turns":2.0},{"damage":2.0,"enemies":"Jaw Worm","floor":4.0,"turns":4.0},{"damage":20.0,"enemies":"Gremlin Nob","floor":6.0,"turns":3.0},{"damage":0.0,"enemies":"Exordium Wildlife","floor":8.0,"turns":2.0},{"damage":0.0,"enemies":"Lagavulin","floor":13.0,"turns":3.0},{"damage":4.0,"enemies":"Blue Slaver","floor":14.0,"turns":3.0},{"damage":16.0,"enemies":"Hexaghost","floor":16.0,"turns":7.0},{"damage":24.0,"enemies":"3 Byrds","floor":18.0,"turns":4.0},{"damage":17.0,"enemies":"Book of Stabbing","floor":23.0,"turns":3.0},{"damage":15,"enemies":"Masked Bandits","floor":24,"turns":2}],"seed_played":"-1624148487380486053","potions_obtained":[{"floor":4.0,"key":"Fire Potion"},{"floor":6.0,"key":"FearPotion"},{"floor":14.0,"key":"Dexterity Potion"},{"floor":16.0,"key":"GamblersBrew"},{"floor":18.0,"key":"ColorlessPotion"}],"is_trial":false,"path_per_floor":["M","M","?","M","$","E","R","M","T","?","R","T","E","M","R","B",null,"M","?","?","$","?","E","?"],"character_chosen":"WATCHER","items_purchased":["Apotheosis","Ice Cream","FlurryOfBlows"],"campfire_rested":1,"item_purchase_floors":[5,21,21],"current_hp_per_floor":[72,72,65,63,63,43,43,43,43,43,43,43,43,39,60,44,72,48,32,32,32,32,15,0,0],"gold":82,"neow_bonus":"RANDOM_COMMON_RELIC","is_daily":false,"chose_seed":false,"campfire_upgraded":2,"win_rate":0.0,"timestamp":1609327418,"path_taken":["M","M","?","M","$","E","R","?","T","?","R","?","E","M","R","BOSS","M","?","?","$","?","E","?"],"items_purchased_type":["Card","Relic","Card"],"build_version":"2020-12-22","purchased_purges":0,"victory":false,"max_hp_per_floor":[72,72,72,72,72,72,72,72,72,72,72,72,72,72,72,72,72,72,72,72,72,72,72,72,72],"relic_stats":{"Centennial Puzzle":[15],"Nunchaku":[2],"counters":[11,34],"Ornamental Fan":[68],"Prayer Wheel":3,"Necronomicon":[0],"obtain_stats":[{"Ice Cream":21,"Du-Vu Doll":23,"Centennial Puzzle":13,"Nunchaku":22,"Ornamental Fan":12,"Damaru":0,"Prayer Wheel":6,"Fusion Hammer":17,"Necronomicon":19,"Bottled Lightning":9,"PureWater":0},{"Ice Cream":9,"Du-Vu Doll":10,"Centennial Puzzle":6,"Nunchaku":9,"Ornamental Fan":5,"Damaru":0,"Prayer Wheel":4,"Fusion Hammer":8,"Necronomicon":9,"Bottled Lightning":5,"PureWater":0},{"Ice Cream":29,"Du-Vu Doll":32,"Centennial Puzzle":15,"Nunchaku":29,"Ornamental Fan":12,"Damaru":0,"Prayer Wheel":10,"Fusion Hammer":25,"Necronomicon":29,"Bottled Lightning":12,"PureWater":0}]},"card_choices":[{"not_picked":["FollowUp","CrushJoints","Evaluate"],"picked":"SKIP","floor":1.0},{"not_picked":["Wireheading","EmptyBody"],"picked":"FlurryOfBlows","floor":2.0},{"not_picked":["Indignation","Conclude"],"picked":"ClearTheMind","floor":4.0},{"not_picked":["Prostrate","SashWhip","ReachHeaven"],"picked":"SKIP","floor":6.0},{"not_picked":["CutThroughFate","BattleHymn"],"picked":"EmptyFist","floor":8.0},{"not_picked":["FollowUp","Judgement","CutThroughFate"],"picked":"SKIP","floor":8.0},{"not_picked":["InnerPeace","Protect"],"picked":"EmptyFist","floor":13.0},{"not_picked":["SignatureMove","PathToVictory"],"picked":"EmptyFist","floor":14.0},{"not_picked":["ClearTheMind","FlurryOfBlows","TalkToTheHand"],"picked":"SKIP","floor":14.0},{"not_picked":["Perseverance+1","Prostrate"],"picked":"FlurryOfBlows","floor":18.0},{"not_picked":["DeceiveReality","Collect","LikeWater"],"picked":"SKIP","floor":18.0},{"not_picked":["JustLucky","Evaluate+1","Vault"],"picked":"SKIP","floor":23.0}],"player_experience":33058,"relics_obtained":[{"floor":6.0,"key":"Prayer Wheel"},{"floor":9.0,"key":"Bottled Lightning"},{"floor":12.0,"key":"Ornamental Fan"},{"floor":13.0,"key":"Centennial Puzzle"},{"floor":19.0,"key":"Necronomicon"},{"floor":23.0,"key":"Du-Vu Doll"}],"event_choices":[{"damage_healed":0.0,"max_hp_gain":0.0,"max_hp_loss":0.0,"gold_gain":75.0,"event_name":"FaceTrader","player_choice":"Touch","floor":3.0,"gold_loss":0.0,"damage_taken":7.0},{"damage_healed":0.0,"max_hp_gain":0.0,"max_hp_loss":0.0,"gold_gain":0.0,"event_name":"Living Wall","player_choice":"Grow","floor":10.0,"gold_loss":0.0,"damage_taken":0.0,"cards_upgraded":["Eruption"]},{"damage_healed":0.0,"max_hp_gain":0.0,"max_hp_loss":0.0,"gold_gain":0.0,"event_name":"Cursed Tome","player_choice":"Obtained Book","floor":19.0,"gold_loss":0.0,"damage_taken":16.0},{"damage_healed":0.0,"max_hp_gain":0.0,"max_hp_loss":0.0,"gold_gain":0.0,"event_name":"Back to Basics","player_choice":"Simplicity","floor":20.0,"gold_loss":0.0,"damage_taken":0.0,"cards_upgraded":["Strike_P","Strike_P","Strike_P","Strike_P","Defend_P","Defend_P","Defend_P","Defend_P"]},{"damage_healed":0.0,"max_hp_gain":0.0,"max_hp_loss":0.0,"gold_gain":0.0,"event_name":"Addict","player_choice":"Stole Relic","floor":22.0,"gold_loss":0.0,"damage_taken":0.0,"relics_obtained":["Nunchaku"],"cards_obtained":["Shame"]},{"damage_healed":0,"gold_gain":0,"player_choice":"Fought Bandits","damage_taken":0,"max_hp_gain":0,"max_hp_loss":0,"event_name":"Masked Bandits","floor":24,"gold_loss":0}],"is_beta":false,"boss_relics":[{"not_picked":["Snecko Eye","Runic Pyramid"],"picked":"Fusion Hammer"}],"items_purged_floors":[],"is_endless":false,"potions_floor_spawned":[4,6,14,16,18],"killed_by":"Masked Bandits","ascension_level":0}}