{"host":"dhyczjm99amxd3qx","time":1609315000,"event":{"mods":["BaseMod","Colored Map","Googly Eyes","Highlight Path","Minty Spire (QoL Compilation)","Quick Restart","StSLib"],"gold_per_floor":[109,109,122,134,134,164,164,197,197,197,221,65,140,173,173,276,276,288,305,305,323,333,359,375,300,300,327,362,362,388,405,405,504,504,517,377,391,402,92,92,147,181,181,181,214,224,243,253,253,253],"floor_reached":51,"playtime":3194,"items_purged":["Defend_R","Defend_R","Defend_R+1"],"score":987,"play_id":"dec2c4db-7d26-4efa-ba03-7c525c8ceb3d","local_time":"20201230025640","is_ascension_mode":true,"campfire_choices":[{"data":"Whirlwind","floor":7,"key":"SMITH"},{"data":"Bash","floor":10,"key":"SMITH"},{"floor":15,"key":"REST"},{"data":"Offering","floor":29,"key":"SMITH"},{"data":"Iron Wave","floor":32,"key":"SMITH"},{"data":"Iron Wave","floor":40,"key":"SMITH"},{"data":"1","floor":44,"key":"LIFT"},{"data":"2","floor":49,"key":"LIFT"}],"circlet_count":0,"master_deck":["Bash+1","Whirlwind+1","Iron Wave+1","Metallicize+1","Offering+1","Metallicize+1","Iron Wave+1","Bite","Bite","Bite","Bite","Bite","Flex","Iron Wave+1","Iron Wave+1","Battle Trance+1","Demon Form+1","Iron Wave+1","Metallicize+1","Thunderclap+1","Iron Wave+1"],"relics":["Burning Blood","Question Card","Frozen Egg 2","FossilizedHelix","Pear","Odd Mushroom","Whetstone","Coffee Dripper","TungstenRod","Bronze Scales","Matryoshka","Red Mask","The Courier","Sozu","InkBottle","Girya","Vajra","Centennial Puzzle","Ornamental Fan","Red Skull"],"acts_visited":["Exordium","TheCity","TheBeyond"],"potions_floor_usage":[6,16,23,28,30,33,50],"damage_taken":[{"damage":7.0,"enemies":"Small Slimes","floor":1.0,"turns":5.0},{"damage":7.0,"enemies":"Jaw Worm","floor":3.0,"turns":3.0},{"damage":0.0,"enemies":"2 Louse","floor":4.0,"turns":2.0},{"damage":35,"enemies":"3 Sentries","floor":6,"turns":8},{"damage":20,"enemies":"Gremlin Nob","floor":8,"turns":4},{"damage":0,"enemies":"The Mushroom Lair","floor":11,"turns":2},{"damage":11,"enemies":"3 Sentries","floor":14,"turns":5},{"damage":22,"enemies":"The Guardian","floor":16,"turns":15},{"damage":9,"enemies":"Chosen","floor":18,"turns":4},{"damage":6,"enemies":"Shell Parasite","floor":19,"turns":5},{"damage":24,"enemies":"Snake Plant","floor":21,"turns":5},{"damage":0,"enemies":"3 Cultists","floor":22,"turns":2},{"damage":34,"enemies":"Slavers","floor":23,"turns":8},{"damage":3,"enemies":"Shelled Parasite and Fungi","floor":24,"turns":4},{"damage":20,"enemies":"Book of Stabbing","floor":27,"turns":6},{"damage":14,"enemies":"Masked Bandits","floor":28,"turns":3},{"damage":19,"enemies":"Slavers","floor":30,"turns":4},{"damage":2,"enemies":"Snake Plant","floor":31,"turns":4},{"damage":61,"enemies":"Collector","floor":33,"turns":8},{"damage":0,"enemies":"Orb Walker","floor":35,"turns":3},{"damage":27,"enemies":"3 Shapes","floor":37,"turns":4},{"damage":0,"enemies":"Maw","floor":38,"turns":5},{"damage":33,"enemies":"2 Orb Walkers","floor":41,"turns":5},{"damage":24,"enemies":"Reptomancer","floor":42,"turns":5},{"damage":0,"enemies":"Giant Head","floor":45,"turns":6},{"damage":0,"enemies":"Spire Growth","floor":46,"turns":3},{"damage":0,"enemies":"Transient","floor":47,"turns":5},{"damage":0,"enemies":"Jaw Worm Horde","floor":48,"turns":1},{"damage":24,"enemies":"Donu and Deca","floor":50,"turns":7}],"seed_played":"9175424541890917558","potions_obtained":[{"floor":3.0,"key":"Strength Potion"},{"floor":11,"key":"FairyPotion"},{"floor":14,"key":"EssenceOfSteel"},{"floor":21,"key":"BloodPotion"},{"floor":22,"key":"AttackPotion"},{"floor":27,"key":"CultistPotion"},{"floor":28,"key":"PowerPotion"},{"floor":33,"key":"Strength Potion"}],"is_trial":false,"path_per_floor":["M","?","M","M","?","E","R","E","T","R","?","$","?","E","R","B",null,"M","M","?","M","M","E","M","?","T","E","?","R","E","M","R","B",null,"M","$","M","M","$","R","?","E","T","R","E","M","M","M","R","B",null],"character_chosen":"IRONCLAD","items_purchased":["Metallicize+1","Metallicize+1","InkBottle"],"campfire_rested":1,"item_purchase_floors":[12,36,39],"current_hp_per_floor":[87,69,68,74,56,27,27,13,23,23,29,29,18,13,42,26,98,95,95,68,64,68,56,68,68,68,56,65,65,56,68,68,25,68,68,68,53,68,68,68,47,43,43,43,65,68,68,68,68,56],"gold":253,"neow_bonus":"TEN_PERCENT_HP_BONUS","is_daily":false,"chose_seed":false,"campfire_upgraded":5,"win_rate":0.0,"timestamp":1609315000,"path_taken":["M","?","M","M","?","E","R","E","T","R","?","?","?","E","R","BOSS","M","M","?","M","M","E","M","?","T","E","?","R","E","?","R","BOSS","M","$","M","M","$","R","?","E","T","R","E","M","M","M","R","BOSS"],"items_purchased_type":["Card","Card","Relic"],"build_version":"2020-12-22","purchased_purges":3,"victory":true,"max_hp_per_floor":[88,88,88,88,88,88,88,88,98,98,98,98,98,98,98,98,98,98,98,68,68,68,68,68,68,68,68,68,68,68,68,68,68,68,68,68,68,68,68,68,68,68,68,68,68,68,68,68,68,68],"card_choices":[{"not_picked":["Shrug It Off","Clothesline","Heavy Blade"],"picked":"SKIP","floor":1.0},{"not_picked":["Perfected Strike","Headbutt","Warcry"],"picked":"SKIP","floor":3.0},{"not_picked":["Warcry","Anger","Havoc"],"picked":"SKIP","floor":4.0},{"not_picked":["Bloodletting","Perfected Strike","Pommel Strike"],"picked":"Whirlwind","floor":6},{"not_picked":["True Grit","Cleave","Feed","Twin Strike"],"picked":"SKIP","floor":8},{"not_picked":["Rupture+1","Uppercut","Sword Boomerang"],"picked":"Iron Wave","floor":11},{"not_picked":["Havoc","Rupture+1","Evolve+1","Sentinel"],"picked":"SKIP","floor":14},{"not_picked":["Impervious","Barricade+1","Exhume"],"picked":"Offering","floor":16},{"not_picked":["Warcry","Reckless Charge","Headbutt"],"picked":"Metallicize+1","floor":18},{"not_picked":["Bloodletting+1","Armaments","Blood for Blood"],"picked":"Iron Wave+1","floor":19},{"not_picked":["Evolve+1","Armaments","Body Slam"],"picked":"Flex","floor":21},{"not_picked":["Body Slam","Perfected Strike+1","Clash"],"picked":"Iron Wave","floor":22},{"not_picked":["Wild Strike","Searing Blow","Headbutt+1","Pommel Strike"],"picked":"SKIP","floor":23},{"not_picked":["Blood for Blood","Twin Strike","Body Slam"],"picked":"Iron Wave","floor":24},{"not_picked":["Combust+1","Uppercut","Clothesline+1","Rupture+1"],"picked":"SKIP","floor":27},{"not_picked":["Anger","Body Slam","Wild Strike","Headbutt"],"picked":"SKIP","floor":30},{"not_picked":["Power Through","Feel No Pain+1","Seeing Red+1"],"picked":"Battle Trance+1","floor":31},{"not_picked":["Impervious","Bludgeon","Juggernaut+1"],"picked":"Demon Form+1","floor":33},{"not_picked":["Body Slam+1","Armaments","Burning Pact+1"],"picked":"Iron Wave+1","floor":35},{"not_picked":["Clothesline+1","Perfected Strike","Feel No Pain+1","True Grit"],"picked":"SKIP","floor":37},{"not_picked":["Disarm","Body Slam","Flame Barrier+1","Headbutt"],"picked":"SKIP","floor":38},{"not_picked":["Clash","Sentinel+1","Rampage"],"picked":"Thunderclap+1","floor":41},{"not_picked":["Anger","Battle Trance","Fiend Fire","Heavy Blade"],"picked":"SKIP","floor":42},{"not_picked":["Sword Boomerang","True Grit","Bloodletting+1","Whirlwind"],"picked":"SKIP","floor":45},{"not_picked":["Wild Strike+1","Shockwave","Perfected Strike","Whirlwind+1"],"picked":"SKIP","floor":46},{"not_picked":["Heavy Blade","Battle Trance","Headbutt+1","Double Tap"],"picked":"SKIP","floor":47},{"not_picked":["Clash","Infernal Blade+1","Wild Strike"],"picked":"Iron Wave+1","floor":48}],"player_experience":206276,"relics_obtained":[{"floor":6,"key":"Frozen Egg 2"},{"floor":8,"key":"FossilizedHelix"},{"floor":9,"key":"Pear"},{"floor":11,"key":"Odd Mushroom"},{"floor":14,"key":"Whetstone"},{"floor":23,"key":"TungstenRod"},{"floor":26,"key":"Bronze Scales"},{"floor":27,"key":"Matryoshka"},{"floor":28,"key":"Red Mask"},{"floor":30,"key":"The Courier"},{"floor":41,"key":"Girya"},{"floor":42,"key":"Vajra"},{"floor":43,"key":"Centennial Puzzle"},{"floor":43,"key":"Ornamental Fan"},{"floor":45,"key":"Red Skull"}],"event_choices":[{"damage_healed":0.0,"max_hp_gain":0.0,"max_hp_loss":0.0,"gold_gain":0.0,"event_name":"Shining Light","player_choice":"Entered Light","floor":2.0,"gold_loss":0.0,"damage_taken":18.0,"cards_upgraded":["Strike_R","Defend_R"]},{"damage_healed":0.0,"max_hp_gain":0.0,"max_hp_loss":0.0,"gold_gain":0.0,"event_name":"Scrap Ooze","player_choice":"Success","floor":5.0,"gold_loss":0.0,"damage_taken":18.0,"relics_obtained":["Question Card"]},{"damage_healed":0,"gold_gain":0,"player_choice":"Fought Mushrooms","damage_taken":0,"max_hp_gain":0,"max_hp_loss":0,"event_name":"Mushrooms","floor":11,"gold_loss":0},{"damage_healed":0,"gold_gain":75,"player_choice":"Gather Gold","damage_taken":11,"max_hp_gain":0,"max_hp_loss":0,"event_name":"World of Goop","floor":13,"gold_loss":0},{"damage_healed":0,"gold_gain":0,"player_choice":"Became a vampire","damage_taken":0,"max_hp_gain":0,"max_hp_loss":30,"event_name":"Vampires","floor":20,"gold_loss":0,"cards_obtained":["Bite","Bite","Bite","Bite","Bite"]},{"cards_removed":["Defend_R"],"damage_healed":0,"gold_gain":0,"player_choice":"Gave Gold","damage_taken":0,"max_hp_gain":0,"max_hp_loss":0,"event_name":"Beggar","floor":25,"gold_loss":75},{"damage_healed":0,"gold_gain":0,"player_choice":"Fought Bandits","damage_taken":0,"max_hp_gain":0,"max_hp_loss":0,"event_name":"Masked Bandits","floor":28,"gold_loss":0},{"damage_healed":0,"gold_gain":0,"player_choice":"Fight","damage_taken":0,"max_hp_gain":0,"max_hp_loss":0,"event_name":"Mysterious Sphere","floor":41,"gold_loss":0}],"is_beta":false,"boss_relics":[{"not_picked":["Philosopher\u0027s Stone","Black Blood"],"picked":"Coffee Dripper"},{"not_picked":["Empty Cage","Runic Pyramid"],"picked":"Sozu"}],"items_purged_floors":[12,36,39],"is_endless":false,"potions_floor_spawned":[3,11,14,21,22,27,28,33,41,45,46,48],"ascension_level":4}}