{"host":"ge5lrm1y73hv6om0","time":1609304607,"event":{"mods":["2.2 Compatiblity","Arknights The Spire","Aspiration","Astrologer","Bard","BaseMod","Bestiary","Better Altar","Better Match","Better Note","Better Sensory Stone","Better Skull","Better Third Choice","Block Reminder","ChefMod","Colored Powertips","Conspire","Curses Come First","DeckTracker","Dio Mod","Dota2Spire","Downfall","FutureSeer","GungeonMod","Hermit","Hero for Fun","Hunter ??","Infinite Spire","Kratos Character Expansion","Luminous","Mad Scientist","Melee Mod","Minty Spire (QoL Compilation)","Puzzle Mod","Quick Restart","Rare Cards Sparkle","Remilia??????","Replay The Spire","Robot Space Explorer","SIMod","Shade Mod","StSLib","The Alterego","The Bladedancer","The Caster","The Construct","The Cursed","The Disciple","The Dragon Tamer","The Elementalist","The Exalted","The Forsaken","The Hayseed","The Hierophant","The Jungle","The Marked","The Mystic","The Necromancer","The Poker Player","The Runesmith","The Saiyan","The Servant 0.9.4","The Trickster","The Wild Card","TheBandit","TheFirefly","TheVacant","UnlockEverythingMod","??????REMEMod"],"gold_per_floor":[112,112,39,5,5,31,31,61,61,92,110,123,123,152,152,255,255,271,271,271,290,290,323,342,367,437,437,437,39,39,52,52,153,153,169,186,30,43,43,43,43,43,63,0,0,0,26,26,36,56,56,153,153,152,152],"floor_reached":54,"playtime":6968,"items_purged":["theForsaken:PlagueCurse","theForsaken:PlagueCurse","Writhe"],"score":611,"play_id":"8ea6c869-793f-4005-9ccb-e9fde925b9e0","local_time":"20201230020326","is_ascension_mode":false,"campfire_choices":[{"floor":7,"key":"RECALL"},{"floor":13,"key":"REST"},{"data":"theVacant:TimeSkip","floor":15,"key":"SMITH"},{"floor":28,"key":"REST"},{"floor":30,"key":"REST"},{"floor":32,"key":"REST"},{"floor":42,"key":"REST"},{"floor":46,"key":"REST"},{"floor":51,"key":"REST"}],"circlet_count":0,"master_deck":["chefmod:QuickThaw","chefmod:TodaysSpecial","theVacant:TimeSkip+1","chefmod:ColdSteel","chefmod:FullCourseMeal","chefmod:Mince","chefmod:Flambe","chefmod:FreshProduce","chefmod:Ratatouille","chefmod:Tenderizer","chefmod:Sorbet","chefmod:KnifeFlurry","chefmod:FullBurn","chefmod:SushiPlatter","chefmod:FullBurn","chefmod:CapreseSalad","chefmod:Gelato+1","chefmod:KnifeFlurry+1","chefmod:FireUp","chefmod:OldCookbook","chefmod:BaoBuns","chefmod:DinoKale","chefmod:AllYouCanEat","chefmod:Omelette","chefmod:Bruschetta","chefmod:Flambe","chefmod:DoubleChop","chefmod:BaoBuns","chefmod:Canape","chefmod:ColdSteel","chefmod:DinoKale+1","chefmod:Fillet","chefmod:Chop+1","expansioncontent:DefensiveMode","chefmod:TwoForOne","chefmod:FreezeSolid+1","chefmod:Cleavers+1","hexamod:Haunted","chefmod:SushiPlatter","chefmod:Sorbet","chefmod:FreshProduce"],"relics":["chefmod:TrustyPot","REME_ComplimentaryCards","NeowsBlessing","theForsaken:PlagueMask","ats:Originium","chefmod:WoodenSpoon","aspiration:HiddenCompartment","Replay:PocketPolymizer","War Paint","Bromod:ArcaneTempo","Dota2Spire:RefresherOrb","Shovel","Dota2Spire:ArcaneBoots","infinitespire:CheckeredPen","Orrery","Dota2Spire:LinkenSphere","conspire:RoyalGoblet","ClockworkSouvenir","construct:BoolHorns","Red Mask","conspire:InfiniteJournal","aspiration:FrozenJewel","Ring of Searing","Ring of Peace","Pandora\u0027s Box"],"acts_visited":["Exordium","Exordium","TheBeyond","Exordium"],"potions_floor_usage":[14,16,18,23,31,36,38,47],"damage_taken":[{"damage":0,"enemies":"conspire:RoseBush","floor":1,"turns":1},{"damage":0,"enemies":"Gremlin Nob","floor":6,"turns":1},{"damage":0,"enemies":"3 Sentries","floor":8,"turns":2},{"damage":30,"enemies":"Lagavulin","floor":10,"turns":7},{"damage":0,"enemies":"Cultist","floor":11,"turns":3},{"damage":5,"enemies":"Jaw Worm","floor":12,"turns":3},{"damage":0,"enemies":"3 Sentries","floor":14,"turns":3},{"damage":60,"enemies":"Hexaghost","floor":16,"turns":10},{"damage":8,"enemies":"theJungle:GiantWrat","floor":18,"turns":4},{"damage":8,"enemies":"theJungle:5_Spyders","floor":21,"turns":5},{"damage":42,"enemies":"Nightmare","floor":23,"turns":9},{"damage":0,"enemies":"Snake Plant","floor":24,"turns":1},{"damage":9,"enemies":"theJungle:JungleHuntersEncounter","floor":31,"turns":3},{"damage":0,"enemies":"theJungle:FunGuy","floor":33,"turns":1},{"damage":12,"enemies":"Orb Walker","floor":35,"turns":3},{"damage":3,"enemies":"3 Darklings","floor":36,"turns":3},{"damage":5,"enemies":"Maw","floor":38,"turns":8},{"damage":22,"enemies":"Spire Growth","floor":43,"turns":5},{"damage":18,"enemies":"Giant Head","floor":47,"turns":5},{"damage":0,"enemies":"Sphere and 2 Shapes","floor":49,"turns":2},{"damage":5,"enemies":"Maw","floor":50,"turns":8},{"damage":55,"enemies":"conspire:OrnateMirror","floor":52,"turns":6},{"damage":97,"enemies":"Cultist","floor":54,"turns":7}],"seed_played":"885587361127531938","potions_obtained":[{"floor":12,"key":"sneckomod:MuddlingPotion"},{"floor":14,"key":"Block Potion"},{"floor":16,"key":"Toxic Potion"},{"floor":21,"key":"SkillPotion"},{"floor":24,"key":"ColorlessPotion"},{"floor":33,"key":"FearPotion"},{"floor":35,"key":"AttackPotion"},{"floor":36,"key":"Energy Potion"},{"floor":52,"key":"Fire Potion"}],"is_trial":false,"path_per_floor":["M","?","$","$","?","E","R","E","T","E","M","M","R","E","R","B",null,"M","?","?","M","?","NM","M","T","T","AVR","R","$","R","M","R","B",null,"M","M","$","M","AVR","PTL","PTL","R","M","?","T","R","E","?","M","M","R","B",null,"M"],"character_chosen":"THE_CHEF","items_purchased":["chefmod:Mince","chefmod:Flambe","Dota2Spire:LinkenSphere","Good Instincts","ClockworkSouvenir"],"campfire_rested":7,"item_purchase_floors":[3,4,29,29,37],"current_hp_per_floor":[76,76,76,76,76,76,76,76,76,46,46,41,63,63,63,3,76,68,68,68,60,60,18,18,18,18,18,40,40,62,53,75,75,76,64,61,61,56,56,56,56,76,54,54,54,76,58,58,58,53,75,20,76,0,0],"gold":152,"neow_bonus":"THREE_ENEMY_KILL","is_daily":false,"chose_seed":false,"campfire_upgraded":1,"win_rate":0.0,"timestamp":1609304606,"path_taken":["M","?","?","$","?","E","R","E","T","E","M","M","R","E","R","BOSS","M","?","?","M","?","NM","M","?","T","AVR","R","$","R","M","R","BOSS","M","M","$","M","AVR","PTL","PTL","R","M","?","T","R","E","?","M","M","R","BOSS","M"],"items_purchased_type":["Card","Card","Relic","Card","Relic"],"build_version":"2020-12-22","purchased_purges":3,"victory":false,"max_hp_per_floor":[76,76,76,76,76,76,76,76,76,76,76,76,76,76,76,76,76,76,76,76,76,76,76,76,76,76,76,76,76,76,76,76,76,76,76,76,76,76,76,76,76,76,76,76,76,76,76,76,76,76,76,76,76,76,76],"card_choices":[{"not_picked":["chefmod:Defrost","chefmod:CleanHouse"],"picked":"chefmod:ColdSteel","floor":1},{"not_picked":["chefmod:ZaruSoba","chefmod:SliceAndDice"],"picked":"chefmod:FreshProduce","floor":6},{"not_picked":["chefmod:Granita","chefmod:Defrost"],"picked":"chefmod:Ratatouille","floor":8},{"not_picked":["chefmod:FrozenTuna","chefmod:Chop"],"picked":"chefmod:Tenderizer","floor":10},{"not_picked":["chefmod:CayenneCloud","chefmod:Fillet"],"picked":"chefmod:Sorbet","floor":11},{"not_picked":["chefmod:Leftovers","chefmod:BaoBuns"],"picked":"chefmod:KnifeFlurry","floor":12},{"not_picked":["chefmod:Sorbet","chefmod:SpaghettiCarbonara"],"picked":"chefmod:SushiPlatter","floor":14},{"not_picked":["chefmod:OrderUp","chefmod:DeepFreeze"],"picked":"chefmod:CapreseSalad","floor":16},{"not_picked":["chefmod:IcePick","chefmod:Fillet"],"picked":"chefmod:Gelato+1","floor":18},{"not_picked":["chefmod:SliceAndDice","chefmod:Flambe"],"picked":"chefmod:KnifeFlurry+1","floor":21},{"not_picked":["ReplayTheSpireMod:??????????????????????","ReplayTheSpireMod:Black Plague"],"picked":"infinitespire:SealOfDarkness+","floor":23},{"not_picked":["chefmod:KnifeFlurry+1","chefmod:FryPan"],"picked":"chefmod:FireUp","floor":23},{"not_picked":["chefmod:Puree","chefmod:SliceAndDice"],"picked":"chefmod:OldCookbook","floor":24},{"not_picked":["chefmod:DoubleChop","chefmod:FryPan"],"picked":"chefmod:BaoBuns","floor":27},{"not_picked":["chefmod:FreezeSolid","chefmod:Sorbet"],"picked":"chefmod:DinoKale","floor":27},{"not_picked":["chefmod:IcePick","chefmod:DinoKale"],"picked":"chefmod:AllYouCanEat","floor":27},{"not_picked":["chefmod:CandyBowl","chefmod:BaoBuns"],"picked":"chefmod:Omelette","floor":27},{"not_picked":["chefmod:DinoKale","chefmod:ZaruSoba+1"],"picked":"chefmod:Bruschetta","floor":27},{"not_picked":["chefmod:FullBurn","chefmod:Chop","chefmod:FreezeSolid"],"picked":"SKIP","floor":31},{"not_picked":["chefmod:CapreseSalad","chefmod:FrozenTuna"],"picked":"chefmod:Canape","floor":33},{"not_picked":["chefmod:DinoKale","chefmod:Sorbet"],"picked":"chefmod:ColdSteel","floor":35},{"not_picked":["chefmod:Omelette+1","chefmod:IcePick"],"picked":"chefmod:DinoKale+1","floor":36},{"not_picked":["chefmod:Sorbet","chefmod:Defrost+1"],"picked":"chefmod:Fillet","floor":38},{"not_picked":["chefmod:Escargot","chefmod:Sorbet"],"picked":"chefmod:Chop+1","floor":43},{"not_picked":["chefmod:Sorbet+1","chefmod:Granita+1"],"picked":"chefmod:TwoForOne","floor":47},{"not_picked":["chefmod:Gelato","chefmod:FryPan"],"picked":"chefmod:FreezeSolid+1","floor":49},{"not_picked":["chefmod:SliceAndDice","chefmod:Defrost+1"],"picked":"chefmod:Cleavers+1","floor":50},{"not_picked":["chefmod:DeepFreeze","chefmod:TastyDistraction"],"picked":"chefmod:SushiPlatter","floor":52}],"player_experience":30547,"relics_obtained":[{"floor":6,"key":"ats:Originium"},{"floor":6,"key":"chefmod:WoodenSpoon"},{"floor":8,"key":"ats:Originium"},{"floor":8,"key":"aspiration:HiddenCompartment"},{"floor":9,"key":"Replay:PocketPolymizer"},{"floor":10,"key":"ats:Originium"},{"floor":10,"key":"War Paint"},{"floor":14,"key":"Bromod:ArcaneTempo"},{"floor":23,"key":"Dota2Spire:ArcaneBoots"},{"floor":26,"key":"infinitespire:CheckeredPen"},{"floor":45,"key":"conspire:InfiniteJournal"},{"floor":47,"key":"aspiration:FrozenJewel"},{"floor":48,"key":"Ring of Searing"},{"floor":48,"key":"Ring of Peace"}],"event_choices":[{"damage_healed":0,"gold_gain":0,"cards_transformed":["chefmod:Strike"],"player_choice":"Transformed","damage_taken":0,"max_hp_gain":0,"max_hp_loss":0,"event_name":"Transmorgrifier","floor":2,"gold_loss":0,"cards_obtained":["chefmod:FullCourseMeal"]},{"damage_healed":0,"gold_gain":0,"player_choice":"Obtain Plague Curse","damage_taken":0,"max_hp_gain":0,"max_hp_loss":0,"event_name":"Plague Doctor","floor":5,"gold_loss":0,"cards_obtained":["theForsaken:PlagueCurse"]},{"cards_removed":["theForsaken:PlagueCurse"],"damage_healed":0,"gold_gain":0,"player_choice":"Give","damage_taken":0,"max_hp_gain":0,"max_hp_loss":0,"event_name":"betterNote:BetterNote","floor":19,"gold_loss":0,"cards_obtained":["None"]},{"damage_healed":0,"gold_gain":2,"player_choice":"4","damage_taken":0,"max_hp_gain":0,"max_hp_loss":0,"event_name":"betterStone:BetterStone","floor":22,"gold_loss":0,"cards_obtained":["theForsaken:PlagueCurse"]},{"damage_healed":0,"gold_gain":0,"player_choice":"Paid","damage_taken":0,"relics_obtained":["Red Mask"],"max_hp_gain":0,"max_hp_loss":0,"event_name":"Tomb of Lord Red Mask","floor":44,"gold_loss":63}],"is_beta":false,"boss_relics":[{"not_picked":["aspiration:PoetsPen_weak","Philosopher\u0027s Stone"],"picked":"Dota2Spire:RefresherOrb"},{"not_picked":["Empty Cage","Busted Crown"],"picked":"conspire:RoyalGoblet"},{"not_picked":["Replay:Wanted Poster","Fusion Hammer"],"picked":"Pandora\u0027s Box"}],"items_purged_floors":[27,29,39],"is_endless":true,"potions_floor_spawned":[12,14,16,21,24,33,35,36,52],"killed_by":"Cultist","ascension_level":0}}