{"host":"07ljfmttuzqopd7f","time":1609290423,"event":{"mods":["2.2 Compatiblity","BaseMod","Bestiary","Block Reminder","Colored Map","Colored Powertips","Hermit","Minty Spire (QoL Compilation)","Permanent Neow","Quick Restart","Rare Cards Sparkle","Relic Stats","StSLib"],"gold_per_floor":[117,117,130,149,174,174,186,186,186],"floor_reached":8,"playtime":338,"items_purged":[],"score":65,"play_id":"56b32c87-437a-4388-9031-3f12bbd9a1fc","local_time":"20201229200703","is_ascension_mode":true,"campfire_choices":[{"data":"Vigilance","floor":6,"key":"SMITH"}],"circlet_count":0,"master_deck":["Strike_P","Strike_P","Defend_P","Defend_P","Defend_P","Eruption","Vigilance+1","Protect+1","Meditate+1","Devotion+1","Prostrate","FlyingSleeves","CarveReality"],"relics":["Astrolabe","Juzu Bracelet"],"acts_visited":["Exordium"],"potions_floor_usage":[8],"damage_taken":[{"damage":2,"enemies":"2 Louse","floor":1,"turns":5},{"damage":4,"enemies":"Jaw Worm","floor":3,"turns":6},{"damage":12,"enemies":"Small Slimes","floor":4,"turns":3},{"damage":12,"enemies":"2 Fungi Beasts","floor":7,"turns":4},{"damage":41,"enemies":"Lagavulin","floor":8,"turns":7}],"seed_played":"-4636461112973070222","potions_obtained":[{"floor":7,"key":"ColorlessPotion"}],"is_trial":false,"path_per_floor":["M","?","M","M","T","R","M","E"],"character_chosen":"WATCHER","items_purchased":[],"campfire_rested":0,"item_purchase_floors":[],"current_hp_per_floor":[63,63,59,47,47,47,35,0,0],"gold":186,"neow_bonus":"BOSS_RELIC","is_daily":false,"chose_seed":false,"campfire_upgraded":1,"win_rate":0.0,"timestamp":1609290423,"path_taken":["M","?","M","M","?","R","M","E"],"items_purchased_type":[],"build_version":"2020-12-22","purchased_purges":0,"victory":false,"max_hp_per_floor":[72,72,72,72,72,72,72,72,72],"relic_stats":{"counters":[5,25],"Astrolabe":["Protect","Meditate","Devotion"],"Juzu Bracelet":0,"obtain_stats":[{"Astrolabe":0,"Juzu Bracelet":5,"PureWater":0},{"Astrolabe":0,"Juzu Bracelet":3,"PureWater":0},{"Astrolabe":0,"Juzu Bracelet":14,"PureWater":0}]},"card_choices":[{"not_picked":["CrushJoints","PathToVictory"],"picked":"Prostrate","floor":1},{"not_picked":["Protect","Halt"],"picked":"FlyingSleeves","floor":3},{"not_picked":["EmptyMind","Omniscience"],"picked":"CarveReality","floor":4},{"not_picked":["ClearTheMind","Weave","ForeignInfluence"],"picked":"SKIP","floor":7}],"player_experience":437908,"relics_obtained":[{"floor":5,"key":"Juzu Bracelet"}],"event_choices":[{"damage_healed":0,"gold_gain":0,"player_choice":"Ignored","damage_taken":0,"max_hp_gain":0,"max_hp_loss":0,"event_name":"Liars Game","floor":2,"gold_loss":0}],"is_beta":false,"boss_relics":[],"items_purged_floors":[],"is_endless":false,"potions_floor_spawned":[7],"killed_by":"Lagavulin","ascension_level":7}}