{"host":"8lvnnmfamkc2d31d","time":1609298742,"event":{"mods":["2.2 Compatiblity","Act Like it!","BaseMod","Colored Map","Minty Spire (QoL Compilation)","Relic Stats","StSLib","The Dragon Tamer"],"gold_per_floor":[112,112,287,362,372,398,429,460,539,571,602,630,663,135,135,239,239,250,250,281,281,308,342,373,408,408,442,470,489,815,841,841,945,945,1031,1031,1031,347,436,536,548,560,618,630,118,118,118,234,234,418,418,418,418],"floor_reached":51,"playtime":3450,"items_purged":["Doubt"],"score":1839,"play_id":"40e9dfb9-159c-4085-a718-1e31baa23dda","local_time":"20201229212542","daily_mods":["SealedDeck","Vintage","Heirloom","Time Dilation","Flight","DeadlyEvents"],"is_ascension_mode":true,"metric_token":531,"campfire_choices":[{"data":"DTMod:DragonDance","floor":15.0,"key":"SMITH"},{"data":"DTMod:SealedStrike","floor":32,"key":"SMITH"},{"data":"DTMod:SealedStrike+1","floor":41,"key":"SMITH"},{"data":"DTMod:SealedStrike+2","floor":42,"key":"SMITH"},{"data":"DTMod:SealedStrike+3","floor":44,"key":"SMITH"},{"data":"DTMod:SealedStrike+4","floor":49,"key":"SMITH"}],"dtmod_dragon_data":[56,56,0,4,0,3],"circlet_count":0,"master_deck":["DTMod:Training+1","DTMod:Training+1","DTMod:SneakAttack+1","DTMod:InvisibleFlame+1","DTMod:QuickFly+1","DTMod:MagicField+1","DTMod:Adaptation+1","DTMod:Conduct+1","DTMod:Observe+1","DTMod:HeatWave+1","DTMod:FlameSlash+1","DTMod:DragonDance+1","DTMod:Overwhelm+1","DTMod:ShadowImage+1","DTMod:CalculatedDefense+1","DTMod:SealedStrike+5","Necronomicurse","DTMod:CalculatedDefense+1","DTMod:GearUp+1","DTMod:Weaken+1","DTMod:HeatWave+1","DTMod:InvisibleFlame+1","DTMod:Observe+1","DTMod:HeatWave+1","DTMod:BlueScale+1","DTMod:ForkedFire+1","DTMod:ShadowImage+1","DTMod:QuickFly+1","DTMod:BurningEnergy+1","DTMod:Threaten+1","DTMod:Dissolve+1","Secret Technique+1","DTMod:Training+1","DTMod:ResonanceForm"],"relics":["DTMod:PactStone","Pocketwatch","Lizard Tail","War Paint","Vajra","CaptainsWheel","Prayer Wheel","Question Card","Smiling Mask","Tiny Chest","White Beast Statue","The Courier","Bag of Marbles","Ice Cream","Runic Dome","Letter Opener","Necronomicon","Red Mask","Kunai","Bottled Lightning","MealTicket","Ginger","Happy Flower","Bird Faced Urn","Shuriken","Shovel","StrikeDummy","Old Coin","Bottled Tornado","Coffee Dripper","Bronze Scales","Ancient Tea Set","Membership Card","Bag of Preparation","Toxic Egg 2","Gremlin Horn","Potion Belt","FossilizedHelix","DTMod:SolidMemories","Dead Branch","MawBank","Pen Nib","Medical Kit","Mummified Hand","Bottled Flame","Strawberry","Anchor","DTMod:AncientBone","Lantern","CeramicFish","Cursed Key"],"acts_visited":["Exordium","TheCity","TheBeyond","Exordium"],"potions_floor_usage":[20,22,29,30,31,31,33,33,50,50,50,50,50],"damage_taken":[{"damage":0.0,"enemies":"Small Slimes","floor":1.0,"turns":3.0},{"damage":0.0,"enemies":"2 Louse","floor":5.0,"turns":3.0},{"damage":0.0,"enemies":"Lagavulin","floor":6.0,"turns":5.0},{"damage":0.0,"enemies":"3 Sentries","floor":7.0,"turns":8.0},{"damage":0.0,"enemies":"Lagavulin","floor":8.0,"turns":7.0},{"damage":0.0,"enemies":"3 Sentries","floor":10.0,"turns":5.0},{"damage":0.0,"enemies":"Gremlin Nob","floor":11.0,"turns":4.0},{"damage":0.0,"enemies":"Lagavulin","floor":12.0,"turns":5.0},{"damage":0.0,"enemies":"Gremlin Nob","floor":13.0,"turns":3.0},{"damage":6.0,"enemies":"The Guardian","floor":16.0,"turns":9.0},{"damage":0,"enemies":"Chosen","floor":18,"turns":3},{"damage":0,"enemies":"Masked Bandits","floor":20,"turns":3},{"damage":0,"enemies":"Slavers","floor":22,"turns":4},{"damage":0,"enemies":"Gremlin Leader","floor":23,"turns":5},{"damage":0,"enemies":"Book of Stabbing","floor":24,"turns":6},{"damage":0,"enemies":"Gremlin Leader","floor":25,"turns":4},{"damage":0,"enemies":"Slavers","floor":27,"turns":4},{"damage":0,"enemies":"Gremlin Leader","floor":28,"turns":5},{"damage":0,"enemies":"2 Thieves","floor":29,"turns":3},{"damage":0,"enemies":"Book of Stabbing","floor":30,"turns":4},{"damage":0,"enemies":"Slavers","floor":31,"turns":2},{"damage":0,"enemies":"Automaton","floor":33,"turns":5},{"damage":0,"enemies":"3 Shapes","floor":35,"turns":3},{"damage":0,"enemies":"3 Darklings","floor":39,"turns":1},{"damage":0,"enemies":"Nemesis","floor":40,"turns":3},{"damage":0,"enemies":"Giant Head","floor":48,"turns":2},{"damage":0,"enemies":"Awakened One","floor":50,"turns":5}],"seed_played":"1409389618849468517","potions_obtained":[{"floor":1.0,"key":"SkillPotion"},{"floor":8.0,"key":"SteroidPotion"},{"floor":10.0,"key":"BlessingOfTheForge"},{"floor":13.0,"key":"GamblersBrew"},{"floor":16.0,"key":"PowerPotion"},{"floor":18,"key":"Regen Potion"},{"floor":20,"key":"DuplicationPotion"},{"floor":22,"key":"Swift Potion"},{"floor":25,"key":"Fire Potion"},{"floor":29,"key":"Explosive Potion"},{"floor":30,"key":"FearPotion"},{"floor":31,"key":"AttackPotion"},{"floor":33,"key":"DuplicationPotion"},{"floor":35,"key":"Weak Potion"},{"floor":39,"key":"EssenceOfSteel"},{"floor":40,"key":"Energy Potion"},{"floor":48,"key":"SkillPotion"},{"floor":50,"key":"Strength Potion"}],"is_trial":true,"path_per_floor":["M","?","?","?","M","E","E","E","T","E","E","E","E","$","R","B",null,"M","?","?","T","E","E","E","E","T","E","E","M","E","E","R","B",null,"M","T","?","$","M","E","R","R","T","R","$","T","T","E","R","B",null],"character_chosen":"THE_DT","items_purchased":["DTMod:ShadowImage","Bag of Marbles","DTMod:CalculatedDefense","Ice Cream","Membership Card","Bag of Preparation","Toxic Egg 2","Gremlin Horn","Potion Belt","FossilizedHelix","DTMod:SolidMemories","DTMod:BurningEnergy+1","DTMod:Threaten+1","Medical Kit","Mummified Hand","DTMod:Dissolve","Bottled Flame","Strawberry","Anchor","Secret Technique+1"],"campfire_rested":0,"item_purchase_floors":[14,14,14,14,38,38,38,38,38,38,38,45,45,45,45,45,45,45,45,45],"current_hp_per_floor":[45,45,45,41,41,41,41,41,41,41,41,41,41,41,41,35,45,45,29,38,38,38,38,38,38,38,45,45,45,45,45,45,45,45,45,45,45,45,45,45,45,45,45,45,52,52,52,52,52,52,52,52,52],"gold":418,"neow_bonus":"","is_daily":false,"chose_seed":false,"campfire_upgraded":6,"win_rate":0.0,"timestamp":1609298742,"path_taken":["M","?","?","?","?","E","E","E","T","E","?","E","E","?","R","BOSS","M","?","?","?","?","E","E","E","T","E","?","M","?","E","R","BOSS","M","?","?","$","?","E","R","R","T","R","$","?","?","E","R","BOSS"],"items_purchased_type":["Card","Relic","Card","Relic","Relic","Relic","Relic","Relic","Relic","Relic","Relic","Card","Card","Relic","Relic","Card","Relic","Relic","Relic","Card"],"build_version":"2020-12-22","purchased_purges":1,"victory":false,"max_hp_per_floor":[45,45,45,45,45,45,45,45,45,45,45,45,45,45,45,45,45,45,45,45,45,45,45,45,45,45,45,45,45,45,45,45,45,45,45,45,45,45,45,45,45,45,45,45,52,52,52,52,52,52,52,52,52],"relic_stats":{"Gremlin Horn":[4,4],"CeramicFish":18,"Bag of Preparation":[5],"Ginger":[2],"Smiling Mask":10,"Cursed Key":0,"Lizard Tail":0,"Shovel":0,"Mummified Hand":[19],"Prayer Wheel":0,"Tiny Chest":3,"MealTicket":0,"Necronomicon":[5],"Kunai":[9],"Happy Flower":[12],"counters":[27,114],"Dead Branch":[26],"Pen Nib":[2],"Letter Opener":[315],"War Paint":["DTMod:Conduct","DTMod:Observe"],"Question Card":18,"MawBank":60,"Medical Kit":[7],"Shuriken":[8],"Bird Faced Urn":[7],"Bronze Scales":[0],"obtain_stats":[{"Ice Cream":14,"Gremlin Horn":38,"CeramicFish":48,"Vajra":6,"Ginger":24,"Bottled Tornado":31,"Old Coin":30,"Lizard Tail":1,"Strawberry":45,"Prayer Wheel":8,"MealTicket":23,"Necronomicon":19,"Kunai":21,"Toxic Egg 2":38,"Happy Flower":25,"Dead Branch":39,"Pen Nib":43,"Letter Opener":18,"War Paint":5,"Question Card":9,"Runic Dome":17,"Bottled Flame":45,"Shuriken":27,"Bird Faced Urn":26,"Bronze Scales":35,"StrikeDummy":29,"Pocketwatch":0,"Lantern":47,"DTMod:SolidMemories":38,"DTMod:AncientBone":46,"Bag of Preparation":38,"Smiling Mask":10,"Ancient Tea Set":36,"Cursed Key":51,"Shovel":28,"Mummified Hand":45,"Tiny Chest":11,"Red Mask":20,"Potion Belt":38,"The Courier":13,"MawBank":40,"Medical Kit":45,"White Beast Statue":12,"CaptainsWheel":7,"Anchor":45,"DTMod:PactStone":0,"Bag of Marbles":14,"Coffee Dripper":34,"Bottled Lightning":22,"Membership Card":38,"FossilizedHelix":38},{"Ice Cream":9,"Gremlin Horn":23,"CeramicFish":26,"Vajra":3,"Ginger":15,"Bottled Tornado":21,"Old Coin":20,"Lizard Tail":1,"Strawberry":25,"Prayer Wheel":5,"MealTicket":14,"Necronomicon":11,"Kunai":12,"Toxic Egg 2":23,"Happy Flower":16,"Dead Branch":24,"Pen Nib":25,"Letter Opener":11,"War Paint":2,"Question Card":5,"Runic Dome":10,"Bottled Flame":25,"Shuriken":17,"Bird Faced Urn":16,"Bronze Scales":23,"StrikeDummy":19,"Pocketwatch":0,"Lantern":25,"DTMod:SolidMemories":23,"DTMod:AncientBone":25,"Bag of Preparation":23,"Smiling Mask":6,"Ancient Tea Set":23,"Cursed Key":27,"Shovel":18,"Mummified Hand":25,"Tiny Chest":7,"Red Mask":12,"Potion Belt":23,"The Courier":9,"MawBank":25,"Medical Kit":25,"White Beast Statue":8,"CaptainsWheel":4,"Anchor":25,"DTMod:PactStone":0,"Bag of Marbles":9,"Coffee Dripper":22,"Bottled Lightning":13,"Membership Card":23,"FossilizedHelix":23},{"Ice Cream":43,"Gremlin Horn":103,"CeramicFish":109,"Vajra":11,"Ginger":73,"Bottled Tornado":95,"Old Coin":93,"Lizard Tail":3,"Strawberry":107,"Prayer Wheel":26,"MealTicket":67,"Necronomicon":55,"Kunai":58,"Toxic Egg 2":103,"Happy Flower":77,"Dead Branch":104,"Pen Nib":107,"Letter Opener":55,"War Paint":6,"Question Card":26,"Runic Dome":52,"Bottled Flame":107,"Shuriken":81,"Bird Faced Urn":77,"Bronze Scales":103,"StrikeDummy":89,"Pocketwatch":0,"Lantern":107,"DTMod:SolidMemories":103,"DTMod:AncientBone":107,"Bag of Preparation":103,"Smiling Mask":31,"Ancient Tea Set":103,"Cursed Key":114,"Shovel":86,"Mummified Hand":107,"Tiny Chest":35,"Red Mask":58,"Potion Belt":103,"The Courier":43,"MawBank":107,"Medical Kit":107,"White Beast Statue":40,"CaptainsWheel":19,"Anchor":107,"DTMod:PactStone":0,"Bag of Marbles":43,"Coffee Dripper":100,"Bottled Lightning":62,"Membership Card":103,"FossilizedHelix":103}],"Pocketwatch":[64]},"card_choices":[{"not_picked":["DTMod:Coolant","DTMod:Dissolve","DTMod:RecklessFlurry"],"picked":"SKIP","floor":6.0},{"not_picked":["DTMod:Coolant","DTMod:CleansingStrike"],"picked":"DTMod:HeatWave","floor":7.0},{"not_picked":["DTMod:Punisher","DTMod:Training"],"picked":"DTMod:FlameSlash","floor":8.0},{"not_picked":["DTMod:BurningEnergy","DTMod:ComboAttack","DTMod:Threaten"],"picked":"DTMod:DragonDance","floor":10.0},{"not_picked":["DTMod:BizarreTactic","DTMod:CleansingStrike","DTMod:Feint","DTMod:HeatWave"],"picked":"SKIP","floor":11.0},{"not_picked":["DTMod:GhostSkin","DTMod:BurningEnergy","DTMod:ForkedFire"],"picked":"DTMod:Overwhelm","floor":12.0},{"not_picked":["DTMod:MagiciansMark","DTMod:Harmonize","DTMod:Hide","DTMod:Training"],"picked":"SKIP","floor":13.0},{"not_picked":["DTMod:Outburst","DTMod:ResonanceForm","DTMod:Multitask"],"picked":"DTMod:SealedStrike","floor":16.0},{"not_picked":["DTMod:Hide","DTMod:BreakAttack+1","DTMod:HeatWave"],"picked":"DTMod:CalculatedDefense","floor":20},{"not_picked":["DTMod:TagTeam","DTMod:BuildUp","DTMod:FlameSlash"],"picked":"DTMod:GearUp","floor":22},{"not_picked":["DTMod:BizarreTactic","DTMod:RunningTactic","DTMod:Training"],"picked":"DTMod:Weaken","floor":23},{"not_picked":["DTMod:ForkedFire","DTMod:Adaptation+1","DTMod:MaximumCharge"],"picked":"DTMod:HeatWave","floor":24},{"not_picked":["DTMod:Hide","DTMod:Weaken+1","DTMod:Shift"],"picked":"DTMod:InvisibleFlame","floor":25},{"not_picked":["DTMod:InvisibleFlame","DTMod:TauntingStrike","DTMod:ForkedFire"],"picked":"DTMod:Observe+1","floor":27},{"not_picked":["DTMod:Harmonize","DTMod:Observe","DTMod:MagicField"],"picked":"DTMod:HeatWave","floor":28},{"not_picked":["DTMod:Conduct","DTMod:Observe","DTMod:HeatWave+1"],"picked":"DTMod:BlueScale","floor":30},{"not_picked":["DTMod:Weaken","DTMod:Cover","DTMod:FlameSlash"],"picked":"DTMod:ForkedFire+1","floor":31},{"not_picked":["DTMod:LightShield","DTMod:RepeatStrike","DTMod:Multitask"],"picked":"DTMod:ShadowImage","floor":33},{"not_picked":["DTMod:MagicField+1","DTMod:InvisibleFlame","DTMod:LastStand+1"],"picked":"DTMod:QuickFly","floor":40},{"not_picked":["DTMod:Threaten+1","DTMod:FlameSlash+1","DTMod:BuildUp+1"],"picked":"DTMod:Training+1","floor":48},{"not_picked":["DTMod:Outburst+1","DTMod:FierySynthesis","DTMod:Safeguard"],"picked":"DTMod:ResonanceForm","floor":50}],"player_experience":439686,"relics_obtained":[{"floor":1.0,"key":"Lizard Tail"},{"floor":5.0,"key":"War Paint"},{"floor":6.0,"key":"Vajra"},{"floor":7.0,"key":"CaptainsWheel"},{"floor":8.0,"key":"Prayer Wheel"},{"floor":9.0,"key":"Question Card"},{"floor":10.0,"key":"Smiling Mask"},{"floor":11.0,"key":"Tiny Chest"},{"floor":12.0,"key":"White Beast Statue"},{"floor":13.0,"key":"The Courier"},{"floor":18,"key":"Letter Opener"},{"floor":19,"key":"Necronomicon"},{"floor":20,"key":"Red Mask"},{"floor":21,"key":"Kunai"},{"floor":22,"key":"Bottled Lightning"},{"floor":23,"key":"MealTicket"},{"floor":24,"key":"Ginger"},{"floor":25,"key":"Happy Flower"},{"floor":26,"key":"Bird Faced Urn"},{"floor":27,"key":"Shuriken"},{"floor":28,"key":"Shovel"},{"floor":29,"key":"StrikeDummy"},{"floor":30,"key":"Old Coin"},{"floor":31,"key":"Bottled Tornado"},{"floor":35,"key":"Bronze Scales"},{"floor":36,"key":"Ancient Tea Set"},{"floor":39,"key":"Dead Branch"},{"floor":40,"key":"MawBank"},{"floor":43,"key":"Pen Nib"},{"floor":46,"key":"DTMod:AncientBone"},{"floor":47,"key":"Lantern"},{"floor":48,"key":"CeramicFish"}],"event_choices":[{"damage_healed":0.0,"max_hp_gain":0.0,"max_hp_loss":0.0,"gold_gain":0.0,"event_name":"The Cleric","player_choice":"Leave","floor":2.0,"gold_loss":0.0,"damage_taken":0.0},{"damage_healed":0.0,"max_hp_gain":0.0,"max_hp_loss":0.0,"gold_gain":175.0,"event_name":"Liars Game","player_choice":"AGREE","floor":3.0,"gold_loss":0.0,"damage_taken":0.0,"cards_obtained":["Doubt"]},{"damage_healed":0.0,"max_hp_gain":0.0,"max_hp_loss":0.0,"gold_gain":75.0,"event_name":"FaceTrader","player_choice":"Touch","floor":4.0,"gold_loss":0.0,"damage_taken":4.0},{"damage_healed":0,"gold_gain":0,"player_choice":"Obtained Book","damage_taken":16,"max_hp_gain":0,"max_hp_loss":0,"event_name":"Cursed Tome","floor":19,"gold_loss":0},{"damage_healed":0,"gold_gain":0,"player_choice":"Fought Bandits","damage_taken":0,"max_hp_gain":0,"max_hp_loss":0,"event_name":"Masked Bandits","floor":20,"gold_loss":0},{"cards_removed":["DTMod:MagicField"],"damage_healed":0,"gold_gain":0,"player_choice":"Removed Skill","damage_taken":0,"max_hp_gain":0,"max_hp_loss":0,"event_name":"Falling","floor":37,"gold_loss":0}],"is_beta":false,"boss_relics":[{"not_picked":["Ectoplasm","Empty Cage"],"picked":"Runic Dome"},{"not_picked":["Calling Bell","Runic Pyramid"],"picked":"Coffee Dripper"},{"not_picked":["Astrolabe","Busted Crown"],"picked":"Cursed Key"}],"items_purged_floors":[14],"is_endless":true,"potions_floor_spawned":[1,8,10,13,16,18,20,22,23,24,25,27,28,29,30,31,33,35,39,40,48,50],"ascension_level":1}}