{"host":"l8lkgdumzpe3823a","time":1609359759,"event":{"mods":["Always Whale","Aspiration","BaseMod","Beaked The Cultist","Better Note","Clockwork Mod","Colored Powertips","Curses Come First","Custom Start","DeckTracker","Defuse TimeMaze Blight","Highlight Path","Hubris","Infinite Spire","Minty Spire (QoL Compilation)","Quick Restart","Replay The Spire","Shop Mod","StSLib","SuperFastMode","The Construct","The Cursed","The Dragon Tamer","The Servant 0.9.4","vexMod"],"gold_per_floor":[118,67,67,80,80,115,134,63,116,116,150,150,166,166,166,264,464,482,482,121,141,141,141,175,187,187,187,202,218,244,244,244,346,346,358,115,133,133,150,150,164,181,204,204,222,154,154,170,170,170,170],"floor_reached":50,"playtime":2389,"items_purged":["Defend_S","Starlight","CommonCold","Strike_S"],"score":572,"play_id":"91ab4b88-5640-4b63-b45f-97034b0b33d0","local_time":"20201230142239","is_ascension_mode":false,"campfire_choices":[{"floor":10.0,"key":"REST"},{"floor":12.0,"key":"REST"},{"floor":15.0,"key":"REST"},{"data":"Rearm","floor":23.0,"key":"SMITH"},{"data":"Luminosity","floor":32.0,"key":"SMITH"},{"floor":40.0,"key":"REST"},{"floor":44.0,"key":"REST"},{"floor":47.0,"key":"REST"},{"floor":49.0,"key":"REST"}],"circlet_count":0,"master_deck":["Strike_S+1","Strike_S+1","Strike_S","Defend_S","Defend_S","Defend_S","KidneyShot","Exchange","Rearm+1","GearUp+1","GearUp+1","FlawlessForm+1","KillingDoll","Flash of Steel","Finesse+1","Orbit+1","Orbit+1","Sabotage","Luminosity","Luminosity+1","GearUp","Rearm+1","InstantArmor","Unruled+1","Luminosity","Unruled+1"],"relics":["Uniform","Boot","Art of War","vexMod:BarristanHead","Cursed Key","infinitespire:Bottled Soul","MerchantsRug","DollysMirror","vexMod:ImprovementManual","Akabeko","hubris:DeckOfHolding","hubris:TenFootPole","MysterySword","Replay:Baseball","Dream Catcher","Centennial Puzzle","PreservedInsect"],"acts_visited":["Exordium","TheCity","TheBeyond"],"potions_floor_usage":[50,50,50],"damage_taken":[{"damage":5.0,"enemies":"Jaw Worm","floor":1.0,"turns":6.0},{"damage":0.0,"enemies":"Small Slimes","floor":4.0,"turns":3.0},{"damage":31.0,"enemies":"Gremlin Nob","floor":6.0,"turns":4.0},{"damage":11.0,"enemies":"2 Louse","floor":7.0,"turns":3.0},{"damage":29.0,"enemies":"3 Sentries","floor":11.0,"turns":12.0},{"damage":11.0,"enemies":"Gremlin Gang","floor":13.0,"turns":7.0},{"damage":22.0,"enemies":"Slime Boss","floor":16.0,"turns":20.0},{"damage":0.0,"enemies":"Chosen","floor":18.0,"turns":4.0},{"damage":0.0,"enemies":"3 Byrds","floor":21.0,"turns":2.0},{"damage":0.0,"enemies":"Gremlin Leader","floor":24.0,"turns":4.0},{"damage":0.0,"enemies":"Snecko","floor":25.0,"turns":3.0},{"damage":11.0,"enemies":"Centurion and Healer","floor":28.0,"turns":5.0},{"damage":10.0,"enemies":"Chosen and Byrds","floor":29.0,"turns":3.0},{"damage":6.0,"enemies":"Book of Stabbing","floor":30.0,"turns":5.0},{"damage":27.0,"enemies":"Collector","floor":33.0,"turns":10.0},{"damage":24.0,"enemies":"3 Darklings","floor":35.0,"turns":4.0},{"damage":34.0,"enemies":"3 Shapes","floor":37.0,"turns":4.0},{"damage":0.0,"enemies":"3 Darklings","floor":39.0,"turns":3.0},{"damage":24.0,"enemies":"Sphere and 2 Shapes","floor":41.0,"turns":5.0},{"damage":13.0,"enemies":"Writhing Mass","floor":42.0,"turns":6.0},{"damage":4.0,"enemies":"Jaw Worm Horde","floor":45.0,"turns":2.0},{"damage":6.0,"enemies":"Giant Head","floor":46.0,"turns":8.0},{"damage":0.0,"enemies":"Spire Growth","floor":48.0,"turns":3.0},{"damage":64,"enemies":"Donu and Deca","floor":50,"turns":7}],"seed_played":"8940225071784833319","potions_obtained":[{"floor":4.0,"key":"Ancient Potion"},{"floor":7.0,"key":"BlessingOfTheForge"},{"floor":11.0,"key":"PowerPotion"},{"floor":24.0,"key":"Dexterity Potion"},{"floor":25.0,"key":"ColorlessPotion"},{"floor":33.0,"key":"Swift Potion"},{"floor":46.0,"key":"Block Potion"}],"is_trial":false,"path_per_floor":["M","$","?","M","?","E","M","$","T","R","E","R","M","?","R","B",null,"M","?","$","M","AVR","R","E","M","T","R","M","M","E","?","R","B",null,"M","$","M","AVR","M","R","M","M","T","R","M","E","R","M","R","B"],"character_chosen":"THE_SERVANT","items_purchased":["Starlight","GearUp","infinitespire:Bottled Soul","MerchantsRug","Replay:Baseball"],"campfire_rested":7,"item_purchase_floors":[2,8,20,20,36],"current_hp_per_floor":[60,60,60,60,60,29,18,18,18,37,8,27,16,9,28,6,75,75,75,75,75,75,75,75,75,75,75,64,54,48,48,48,21,75,51,51,17,17,17,39,15,2,2,24,20,14,36,36,58,0,0],"gold":170,"neow_bonus":"RANDOM_COMMON_RELIC","is_daily":false,"chose_seed":false,"campfire_upgraded":2,"win_rate":0.0,"timestamp":1609359759,"path_taken":["M","$","?","M","?","E","M","?","T","R","E","R","?","?","R","BOSS","M","?","$","?","AVR","R","E","M","T","R","M","M","E","?","R","BOSS","M","$","M","AVR","M","R","?","M","T","R","M","E","R","M","R","BOSS"],"items_purchased_type":["Card","Card","Relic","Relic","Relic"],"build_version":"2020-12-22","purchased_purges":4,"victory":false,"max_hp_per_floor":[65,65,65,65,65,65,65,65,65,65,65,65,65,65,65,65,75,75,75,75,75,75,75,75,75,75,75,75,75,75,75,75,75,75,75,75,75,75,75,75,75,75,75,75,75,75,75,75,75,75,75],"card_choices":[{"not_picked":["Rewind","ShatteredReality","Spin"],"picked":"SKIP","floor":1.0},{"not_picked":["DualDimension","Defy"],"picked":"Rearm","floor":4.0},{"not_picked":["ReturningBlade","Hightail","Potential"],"picked":"SKIP","floor":6.0},{"not_picked":["TimeWarp","Moondial"],"picked":"GearUp","floor":7.0},{"not_picked":["Replace","InstantArmor"],"picked":"FlawlessForm","floor":11.0},{"not_picked":["Revamp","Defy","Moondial"],"picked":"SKIP","floor":13.0},{"not_picked":["Dilation","FloweringNight"],"picked":"KillingDoll","floor":16.0},{"not_picked":["Alleviate","Ricochet"],"picked":"Orbit","floor":18.0},{"not_picked":["Starlight+1","Read","Reset+1"],"picked":"SKIP","floor":21.0},{"not_picked":["MurderousAura","Revamp"],"picked":"Sabotage","floor":24.0},{"not_picked":["Unruled","FastForward","Rewind"],"picked":"SKIP","floor":25.0},{"not_picked":["FastForward+1","Ricochet","Replace"],"picked":"SKIP","floor":28.0},{"not_picked":["DoubleEdge","Replace+1","Potential"],"picked":"SKIP","floor":29.0},{"not_picked":["DancingSilver","StarChef"],"picked":"Luminosity","floor":30.0},{"not_picked":["Revamp","ShatteredReality+1","Replace"],"picked":"SKIP","floor":35.0},{"not_picked":["Ricochet+1","Revamp+1","FanOfKnives+1"],"picked":"SKIP","floor":37.0},{"not_picked":["InstantArmor","BestPractice+1"],"picked":"GearUp","floor":39.0},{"not_picked":["FlawlessForm","Comet"],"picked":"Rearm+1","floor":40.0},{"not_picked":["Ricochet+1","Unruled+1","Spin"],"picked":"SKIP","floor":41.0},{"not_picked":["Shuttle+1","ReturningBlade+1","Collapse"],"picked":"SKIP","floor":42.0},{"not_picked":["Spin","Revamp"],"picked":"InstantArmor","floor":44.0},{"not_picked":["Replace","Alleviate+1"],"picked":"Unruled+1","floor":45.0},{"not_picked":["TimeTheft","Starlight+1","BottledTime+1"],"picked":"SKIP","floor":46.0},{"not_picked":["BottledTime+1","Spin"],"picked":"Luminosity","floor":47.0},{"not_picked":["Alleviate","DualDimension+1","BestPractice"],"picked":"SKIP","floor":48.0},{"not_picked":["FanOfKnives+1","RealityMarble+1"],"picked":"Unruled+1","floor":49.0}],"player_experience":733112,"relics_obtained":[{"floor":6.0,"key":"Boot"},{"floor":9.0,"key":"Art of War"},{"floor":11.0,"key":"vexMod:BarristanHead"},{"floor":24.0,"key":"Akabeko"},{"floor":26.0,"key":"hubris:DeckOfHolding"},{"floor":30.0,"key":"hubris:TenFootPole"},{"floor":43.0,"key":"Centennial Puzzle"},{"floor":46.0,"key":"PreservedInsect"}],"event_choices":[{"damage_healed":0.0,"max_hp_gain":0.0,"max_hp_loss":0.0,"gold_gain":0.0,"event_name":"Shining Light","player_choice":"Ignored","floor":5.0,"gold_loss":0.0,"damage_taken":0.0},{"damage_healed":0.0,"max_hp_gain":0.0,"max_hp_loss":0.0,"gold_gain":0.0,"event_name":"Scrap Ooze","player_choice":"Success","floor":14.0,"gold_loss":0.0,"damage_taken":7.0,"relics_obtained":["vexMod:RedPlottingStone"]},{"damage_healed":0.0,"max_hp_gain":0.0,"max_hp_loss":0.0,"gold_gain":0.0,"event_name":"Upgrade Shrine","player_choice":"Upgraded","floor":19.0,"gold_loss":0.0,"damage_taken":0.0,"cards_upgraded":["FlawlessForm"]},{"damage_healed":0.0,"max_hp_gain":0.0,"max_hp_loss":0.0,"gold_gain":0.0,"event_name":"Duplicator","player_choice":"Copied","floor":31.0,"gold_loss":0.0,"damage_taken":0.0,"cards_obtained":["Luminosity"]}],"is_beta":false,"boss_relics":[{"not_picked":["Honey Jar","ChewingGum"],"picked":"Cursed Key"},{"not_picked":["Kintsugi","beaked:SacredDeck"],"picked":"MysterySword"}],"items_purged_floors":[20,22,36,38],"is_endless":false,"potions_floor_spawned":[4,7,11,24,25,33,37,41,46,48],"killed_by":"Donu and Deca","ascension_level":0}}