{"host":"qxeepl7ydvsgmfdb","time":1609338043,"event":{"mods":["AchievementEnabler","BaseMod","Colored Powertips","Minty Spire (QoL Compilation)","Quick Restart","slay the spire mod where everything is the same but ironclad has a cowboy hat"],"gold_per_floor":[116,116,128,145,145,145,475,493,563,576,576,601,601,621,621,723,723,742,667,667,682,694,694,714,746,746,763,862,862,862],"floor_reached":29,"playtime":2091,"items_purged":[],"score":270,"play_id":"be1ac7a4-cff5-46db-b32e-c93db142c635","local_time":"20201230092043","is_ascension_mode":true,"campfire_choices":[{"data":"Defragment","floor":6.0,"key":"SMITH"},{"floor":11.0,"key":"REST"},{"floor":15.0,"key":"REST"},{"floor":23,"key":"REST"}],"circlet_count":0,"master_deck":["Strike_B","Strike_B","Strike_B","Defend_B","Defend_B","Defend_B","Defend_B","Zap+1","Dualcast","Leap","Defragment+1","Sweeping Beam","Conserve Battery","Electrodynamics","Redo+1","Sweeping Beam+1","Melter"],"relics":["Cracked Core","NeowsBlessing","Old Coin","Sundial","Pen Nib","CultistMask","Black Star","Potion Belt","Mummified Hand","Bag of Preparation"],"acts_visited":["Exordium","TheCity"],"potions_floor_usage":[18,25,25,25],"damage_taken":[{"damage":0.0,"enemies":"Small Slimes","floor":1.0,"turns":1.0},{"damage":0.0,"enemies":"Cultist","floor":3.0,"turns":1.0},{"damage":0.0,"enemies":"2 Louse","floor":4.0,"turns":1.0},{"damage":23.0,"enemies":"Lagavulin","floor":7.0,"turns":6.0},{"damage":13.0,"enemies":"Exordium Thugs","floor":8.0,"turns":4.0},{"damage":3.0,"enemies":"Large Slime","floor":10.0,"turns":6.0},{"damage":15.0,"enemies":"Gremlin Nob","floor":12.0,"turns":4.0},{"damage":6.0,"enemies":"Lots of Slimes","floor":14.0,"turns":3.0},{"damage":57.0,"enemies":"Hexaghost","floor":16.0,"turns":10.0},{"damage":10,"enemies":"3 Byrds","floor":18,"turns":2},{"damage":25,"enemies":"Shell Parasite","floor":21,"turns":5},{"damage":13,"enemies":"Centurion and Healer","floor":22,"turns":4},{"damage":4,"enemies":"3 Cultists","floor":24,"turns":3},{"damage":27,"enemies":"Book of Stabbing","floor":25,"turns":5},{"damage":0,"enemies":"Sentry and Sphere","floor":27,"turns":3},{"damage":22,"enemies":"Shelled Parasite and Fungi","floor":29,"turns":2}],"seed_played":"5251032744235213173","potions_obtained":[{"floor":3.0,"key":"DuplicationPotion"},{"floor":4.0,"key":"Weak Potion"},{"floor":5.0,"key":"DuplicationPotion"},{"floor":7.0,"key":"LiquidBronze"},{"floor":10.0,"key":"LiquidMemories"},{"floor":22,"key":"EssenceOfDarkness"}],"is_trial":false,"path_per_floor":["M","?","M","M","?","R","E","M","T","M","R","E","?","M","R","B",null,"M","?","?","M","M","R","M","E","T","M","?","M"],"character_chosen":"DEFECT","items_purchased":[],"campfire_rested":3,"item_purchase_floors":[],"current_hp_per_floor":[75,75,75,75,75,75,52,39,39,36,58,43,43,37,59,2,75,65,65,65,40,27,49,45,18,18,18,18,0,0],"gold":862,"neow_bonus":"THREE_ENEMY_KILL","is_daily":false,"chose_seed":false,"campfire_upgraded":1,"win_rate":0.0,"timestamp":1609338043,"path_taken":["M","?","?","M","?","R","E","M","T","?","R","E","?","M","R","BOSS","M","?","?","?","M","R","M","E","T","?","?","M"],"items_purchased_type":[],"build_version":"2020-12-22","purchased_purges":0,"victory":false,"max_hp_per_floor":[75,75,75,75,75,75,75,75,75,75,75,75,75,75,75,75,75,75,75,75,75,75,75,75,75,75,75,75,75,75],"card_choices":[{"not_picked":["Steam","Go for the Eyes"],"picked":"Leap","floor":1.0},{"not_picked":["Cold Snap","Steam Power"],"picked":"Defragment","floor":3.0},{"not_picked":["Turbo","Compile Driver"],"picked":"Sweeping Beam","floor":4.0},{"not_picked":["Compile Driver","Leap","Rip and Tear"],"picked":"SKIP","floor":7.0},{"not_picked":["Beam Cell","Blizzard"],"picked":"Conserve Battery","floor":8.0},{"not_picked":["Gash","Barrage","Steam"],"picked":"SKIP","floor":10.0},{"not_picked":["Rip and Tear","Darkness"],"picked":"Electrodynamics","floor":12.0},{"not_picked":["Coolheaded","Compile Driver"],"picked":"Redo","floor":14.0},{"not_picked":["Barrage+1","Steam"],"picked":"Sweeping Beam+1","floor":18},{"not_picked":["Hello World+1","Streamline","Barrage+1"],"picked":"SKIP","floor":21},{"not_picked":["Static Discharge+1","Compile Driver","Beam Cell"],"picked":"SKIP","floor":22},{"not_picked":["Genetic Algorithm+1","Gash+1","Electrodynamics"],"picked":"SKIP","floor":24},{"not_picked":["Capacitor","Coolheaded+1","Skim+1"],"picked":"SKIP","floor":25},{"not_picked":["Blizzard","Rebound"],"picked":"Melter","floor":27}],"player_experience":328945,"relics_obtained":[{"floor":7.0,"key":"Old Coin"},{"floor":9.0,"key":"Sundial"},{"floor":12.0,"key":"Pen Nib"},{"floor":25,"key":"Potion Belt"},{"floor":25,"key":"Mummified Hand"},{"floor":26,"key":"Bag of Preparation"}],"event_choices":[{"damage_healed":0.0,"max_hp_gain":0.0,"max_hp_loss":0.0,"gold_gain":0.0,"event_name":"Accursed Blacksmith","player_choice":"Forge","floor":2.0,"gold_loss":0.0,"damage_taken":0.0,"cards_upgraded":["Zap"]},{"damage_healed":0.0,"max_hp_gain":0.0,"max_hp_loss":0.0,"gold_gain":0.0,"event_name":"Lab","player_choice":"Got Potions","floor":5.0,"gold_loss":0.0,"damage_taken":0.0},{"damage_healed":0.0,"max_hp_gain":0.0,"max_hp_loss":0.0,"gold_gain":0.0,"event_name":"FaceTrader","player_choice":"Trade","floor":13.0,"gold_loss":0.0,"damage_taken":0.0,"relics_obtained":["CultistMask"]},{"cards_removed":["Strike_B"],"damage_healed":0,"gold_gain":0,"player_choice":"Gave Gold","damage_taken":0,"max_hp_gain":0,"max_hp_loss":0,"event_name":"Beggar","floor":19,"gold_loss":75},{"damage_healed":0,"gold_gain":0,"player_choice":"Upgraded","damage_taken":0,"max_hp_gain":0,"max_hp_loss":0,"event_name":"Upgrade Shrine","floor":20,"gold_loss":0,"cards_upgraded":["Redo"]},{"damage_healed":0,"gold_gain":99,"player_choice":"Stole From Cult","damage_taken":0,"max_hp_gain":0,"max_hp_loss":0,"event_name":"Nest","floor":28,"gold_loss":0}],"is_beta":false,"boss_relics":[{"not_picked":["Ectoplasm","Cursed Key"],"picked":"Black Star"}],"items_purged_floors":[],"is_endless":false,"potions_floor_spawned":[3,4,7,10,16,22],"killed_by":"Shelled Parasite and Fungi","ascension_level":1}}