{"host":"6gwm7y0tp7acoxay","time":1609333403,"event":{"mods":["BaseMod","Colored Map","Keyboard Shortcuts","Minty Spire (QoL Compilation)","Quick Restart","StSLib","SuperFastMode","everything is the same but u backflip on backflip"],"gold_per_floor":[111,111,106,122,242,267,292,342,342,342,375,403,469,494,494,569,569,588,688,102,152,215,240,290,290,290,340,369,397,430,461,461,534,584,598,648,698,773,584,611,344,375,398,398,433,483,512,539,539,539,539,539,539,34,69,69],"floor_reached":57,"playtime":1826,"items_purged":["Pommel Strike","Flex","Ghostly Armor"],"score":3994,"play_id":"cbc86da4-ebeb-4396-8a7d-64c7bce3c225","local_time":"20201230220323","daily_mods":["SealedDeck","Heirloom","Flight"],"is_ascension_mode":true,"campfire_choices":[{"data":"Armaments","floor":10,"key":"SMITH"},{"data":"Feel No Pain","floor":15,"key":"SMITH"},{"floor":25,"key":"RECALL"},{"data":"Battle Trance","floor":32,"key":"SMITH"},{"data":"Evolve","floor":44,"key":"SMITH"},{"data":"Juggernaut","floor":49,"key":"SMITH"},{"data":"Fire Breathing","floor":53,"key":"SMITH"}],"circlet_count":0,"master_deck":["AscendersBane","True Grit+1","Body Slam","Shrug It Off","Flame Barrier+1","Shockwave+1","Feel No Pain+1","Armaments+1","Offering","Fire Breathing+1","Impervious","Reaper","Uppercut","Master of Strategy","Barricade","Evolve+1","Power Through","Battle Trance+1","Juggernaut+1"],"relics":["Burning Blood","Lizard Tail","SsserpentHead","Paper Frog","PreservedInsect","Turnip","Gambling Chip","Question Card","Prayer Wheel","Self Forming Clay","Coffee Dripper","War Paint","MealTicket","Bag of Marbles","Mummified Hand","Art of War","Blood Vial","Boot","Champion Belt","Tiny House","Unceasing Top","Medical Kit","Nunchaku","Potion Belt","Pen Nib","Mercury Hourglass","Juzu Bracelet","Dream Catcher","Membership Card","Happy Flower","TungstenRod","Calipers"],"acts_visited":["Exordium","TheCity","TheBeyond","TheEnding"],"potions_floor_usage":[6,29,31,56,56],"damage_taken":[{"damage":0,"enemies":"2 Louse","floor":1,"turns":3},{"damage":0,"enemies":"Cultist","floor":4,"turns":4},{"damage":49,"enemies":"Gremlin Nob","floor":6,"turns":5},{"damage":4,"enemies":"Lagavulin","floor":7,"turns":7},{"damage":17,"enemies":"Gremlin Nob","floor":11,"turns":4},{"damage":6,"enemies":"Lagavulin","floor":12,"turns":5},{"damage":0,"enemies":"Jaw Worm","floor":13,"turns":2},{"damage":13,"enemies":"3 Sentries","floor":14,"turns":3},{"damage":6,"enemies":"Slime Boss","floor":16,"turns":4},{"damage":6,"enemies":"2 Thieves","floor":18,"turns":4},{"damage":13,"enemies":"Shell Parasite","floor":22,"turns":5},{"damage":6,"enemies":"Book of Stabbing","floor":23,"turns":7},{"damage":18,"enemies":"Gremlin Leader","floor":28,"turns":4},{"damage":0,"enemies":"Slavers","floor":29,"turns":1},{"damage":6,"enemies":"Book of Stabbing","floor":30,"turns":6},{"damage":15,"enemies":"Gremlin Leader","floor":31,"turns":4},{"damage":6,"enemies":"Collector","floor":33,"turns":8},{"damage":6,"enemies":"Orb Walker","floor":35,"turns":1},{"damage":6,"enemies":"Mind Bloom Boss Battle","floor":38,"turns":5},{"damage":42,"enemies":"Reptomancer","floor":40,"turns":5},{"damage":6,"enemies":"Giant Head","floor":42,"turns":4},{"damage":26,"enemies":"Reptomancer","floor":45,"turns":3},{"damage":9,"enemies":"Giant Head","floor":47,"turns":4},{"damage":6,"enemies":"Reptomancer","floor":48,"turns":3},{"damage":6,"enemies":"Donu and Deca","floor":50,"turns":4},{"damage":12,"enemies":"Time Eater","floor":51,"turns":4},{"damage":5,"enemies":"Shield and Spear","floor":55,"turns":2},{"damage":10,"enemies":"The Heart","floor":56,"turns":6}],"seed_played":"-503327100204088209","potions_obtained":[{"floor":1,"key":"SpeedPotion"},{"floor":6,"key":"Fruit Juice"},{"floor":7,"key":"DuplicationPotion"},{"floor":29,"key":"Regen Potion"},{"floor":34,"key":"ElixirPotion"},{"floor":48,"key":"PowerPotion"},{"floor":55,"key":"Energy Potion"}],"is_trial":true,"path_per_floor":["M","?","$","M","T","E","E","?","T","R","E","E","M","E","R","B",null,"M","?","$","?","M","E","?","R","T","?","E","E","E","E","R","B",null,"M","?","?","?","$","E","$","E","T","R","E","?","E","E","R","B","B",null,"R","$","E","B",null],"character_chosen":"IRONCLAD","items_purchased":["Explosive Potion","Uppercut","War Paint","MealTicket","Master of Strategy","Medical Kit","Potion Belt","Membership Card","Happy Flower","TungstenRod","ColorlessPotion"],"campfire_rested":0,"item_purchase_floors":[3,20,20,20,20,39,41,54,54,54,54],"current_hp_per_floor":[74,74,74,75,75,37,39,39,39,39,28,28,34,27,27,27,67,74,74,74,74,67,76,76,76,76,70,68,74,80,80,80,80,85,85,85,85,85,85,67,82,85,85,85,71,71,79,85,85,85,79,84,84,85,85,81],"gold":69,"neow_bonus":"","is_daily":false,"chose_seed":false,"campfire_upgraded":6,"win_rate":0.0,"timestamp":1609333403,"path_taken":["M","?","?","M","?","E","E","?","T","R","E","E","?","E","R","BOSS","M","?","$","?","?","E","?","R","T","?","E","E","E","E","R","BOSS","M","?","?","?","?","E","$","E","T","R","E","?","E","E","R","BOSS","BOSS","R","$","E","BOSS"],"items_purchased_type":["Potion","Card","Relic","Relic","Card","Relic","Relic","Relic","Relic","Relic","Potion"],"build_version":"2020-12-22","purchased_purges":3,"victory":true,"max_hp_per_floor":[75,75,75,75,75,80,80,80,80,80,80,80,80,80,80,80,80,80,80,80,80,80,80,80,80,80,80,80,80,80,80,80,80,85,85,85,85,85,85,85,85,85,85,85,85,85,85,85,85,85,85,85,85,85,85,85],"card_choices":[{"not_picked":["Iron Wave","Headbutt","Thunderclap"],"picked":"SKIP","floor":1},{"not_picked":["Wild Strike","Havoc","Clash"],"picked":"SKIP","floor":4},{"not_picked":["Whirlwind","Rampage"],"picked":"Immolate","floor":6},{"not_picked":["Body Slam","Combust","Sentinel"],"picked":"SKIP","floor":7},{"not_picked":["Body Slam","Rampage"],"picked":"Offering","floor":11},{"not_picked":["Reckless Charge","Hemokinesis","True Grit","Anger"],"picked":"SKIP","floor":12},{"not_picked":["Headbutt","Armaments","Hemokinesis"],"picked":"Fire Breathing","floor":13},{"not_picked":["Havoc","Headbutt","True Grit","Clothesline"],"picked":"SKIP","floor":13},{"not_picked":["Pommel Strike","Havoc","Pummel"],"picked":"Impervious","floor":14},{"not_picked":["Bludgeon","Impervious","Berserk"],"picked":"Reaper","floor":16},{"not_picked":["Dual Wield","Pommel Strike","Ghostly Armor+1","Thunderclap"],"picked":"SKIP","floor":18},{"not_picked":["Headbutt","Clothesline","Pommel Strike","Whirlwind"],"picked":"SKIP","floor":18},{"not_picked":["Uppercut","Sentinel","Thunderclap","Iron Wave"],"picked":"SKIP","floor":22},{"not_picked":["Bloodletting+1","True Grit","Fire Breathing","Warcry+1"],"picked":"SKIP","floor":22},{"not_picked":["Havoc","Combust","Uppercut"],"picked":"Evolve","floor":23},{"not_picked":["Rage","Flex","Uppercut+1"],"picked":"Power Through","floor":28},{"not_picked":["Armaments","Pommel Strike","Barricade","Infernal Blade"],"picked":"SKIP","floor":29},{"not_picked":["Impervious","Metallicize","Infernal Blade"],"picked":"Battle Trance","floor":30},{"not_picked":["Inflame","Perfected Strike","Carnage","Havoc"],"picked":"SKIP","floor":31},{"not_picked":["Inflame+1","Warcry+1","Shrug It Off","Dropkick+1"],"picked":"SKIP","floor":35},{"not_picked":["Clash","Combust","Dark Embrace","Pummel"],"picked":"SKIP","floor":35},{"not_picked":["Searing Blow","Sentinel","Shrug It Off","Carnage"],"picked":"SKIP","floor":40},{"not_picked":["Twin Strike","Shrug It Off+1","Pummel","Anger"],"picked":"SKIP","floor":42},{"not_picked":["Metallicize","Pommel Strike+1","True Grit","Thunderclap"],"picked":"SKIP","floor":45},{"not_picked":["Thunderclap","Shrug It Off","Twin Strike","Dual Wield"],"picked":"SKIP","floor":47},{"not_picked":["Perfected Strike+1","Shockwave","Brutality"],"picked":"Juggernaut","floor":48},{"not_picked":["Sentinel","Shrug It Off","Shockwave","Power Through"],"picked":"SKIP","floor":55},{"not_picked":["Sentinel","Shrug It Off","Shockwave","Power Through"],"picked":"SKIP","floor":55}],"player_experience":4339045,"relics_obtained":[{"floor":5,"key":"Paper Frog"},{"floor":6,"key":"PreservedInsect"},{"floor":7,"key":"Turnip"},{"floor":9,"key":"Gambling Chip"},{"floor":11,"key":"Question Card"},{"floor":12,"key":"Prayer Wheel"},{"floor":14,"key":"Self Forming Clay"},{"floor":23,"key":"Bag of Marbles"},{"floor":26,"key":"Mummified Hand"},{"floor":28,"key":"Art of War"},{"floor":29,"key":"Blood Vial"},{"floor":30,"key":"Boot"},{"floor":31,"key":"Champion Belt"},{"floor":38,"key":"Unceasing Top"},{"floor":40,"key":"Nunchaku"},{"floor":42,"key":"Pen Nib"},{"floor":45,"key":"Mercury Hourglass"},{"floor":47,"key":"Juzu Bracelet"},{"floor":48,"key":"Dream Catcher"},{"floor":55,"key":"Calipers"}],"event_choices":[{"damage_healed":0,"gold_gain":0,"player_choice":"Trade","damage_taken":0,"relics_obtained":["SsserpentHead"],"max_hp_gain":0,"max_hp_loss":0,"event_name":"FaceTrader","floor":2,"gold_loss":0},{"damage_healed":0,"gold_gain":0,"player_choice":"0 cards matched","damage_taken":0,"max_hp_gain":0,"max_hp_loss":0,"event_name":"Match and Keep!","floor":8,"gold_loss":0,"cards_obtained":[]},{"damage_healed":0,"gold_gain":50,"player_choice":"Stole From Cult","damage_taken":0,"max_hp_gain":0,"max_hp_loss":0,"event_name":"Nest","floor":19,"gold_loss":0},{"damage_healed":0,"gold_gain":0,"player_choice":"1 cards matched","damage_taken":0,"max_hp_gain":0,"max_hp_loss":0,"event_name":"Match and Keep!","floor":21,"gold_loss":0,"cards_obtained":["Barricade"]},{"damage_healed":0,"gold_gain":0,"player_choice":"Ignored","damage_taken":0,"max_hp_gain":0,"max_hp_loss":0,"event_name":"Cursed Tome","floor":24,"gold_loss":0},{"damage_healed":0,"gold_gain":0,"player_choice":"","damage_taken":6,"max_hp_gain":0,"max_hp_loss":0,"event_name":"Knowing Skull","floor":27,"potions_obtained":[],"gold_loss":0,"cards_obtained":[]},{"damage_healed":0,"gold_gain":0,"player_choice":"Ignored","damage_taken":0,"max_hp_gain":0,"max_hp_loss":0,"event_name":"Tomb of Lord Red Mask","floor":36,"gold_loss":0},{"damage_healed":0,"gold_gain":0,"player_choice":"Memory 1","damage_taken":0,"max_hp_gain":0,"max_hp_loss":0,"event_name":"SensoryStone","floor":37,"gold_loss":0},{"damage_healed":0,"gold_gain":0,"player_choice":"Fight","damage_taken":0,"max_hp_gain":0,"max_hp_loss":0,"event_name":"MindBloom","floor":38,"gold_loss":0},{"cards_removed":["Immolate"],"damage_healed":0,"gold_gain":0,"player_choice":"Removed Attack","damage_taken":0,"max_hp_gain":0,"max_hp_loss":0,"event_name":"Falling","floor":46,"gold_loss":0}],"is_beta":false,"boss_relics":[{"not_picked":["Astrolabe","Runic Cube"],"picked":"Coffee Dripper"},{"not_picked":["Black Blood","Empty Cage"],"picked":"Tiny House"}],"items_purged_floors":[39,41,54],"is_endless":false,"potions_floor_spawned":[1,6,7,11,18,29,30,35,38,48,55],"ascension_level":20}}