{"host":"474oh00kq6ni8dn3","time":1609317900,"event":{"mods":["AchievementEnabler","Aspiration","BaseMod","Colored Map","Colored Powertips","Conspire","Custom Start","Downfall","Googly Eyes","Hubris","Infinite Spire","Lobotomy","Minty Spire (QoL Compilation)","Permanent Neow","Quick Restart","Replay The Spire","Shop Mod","StSLib","The Bug Knight","The Construct","The Jungle"],"gold_per_floor":[119,119,131,148,148,180,180,196,196,209,224,224,224,263,263,263,263],"floor_reached":16,"playtime":770,"items_purged":[],"score":118,"play_id":"7c3575ad-08ec-492c-9125-2702fbbae941","local_time":"20201230084500","is_ascension_mode":true,"campfire_choices":[{"floor":7,"key":"REST"},{"data":"ReplayTheSpireMod:Chaos Vortex","floor":12,"key":"SMITH"},{"data":"Perfected Strike","floor":15,"key":"SMITH"}],"circlet_count":0,"master_deck":["Strike_R","Strike_R","Strike_R","Strike_R","Strike_R","Defend_R","Defend_R","Defend_R","Defend_R","Bash","ReplayTheSpireMod:Chaos Vortex+1","Armaments","Twin Strike","Flex","Perfected Strike+1","Reaper"],"relics":["construct:WeddingRing","hubris:EvacipatedBox","hubris:KleinBottle","aspiration:BabyByrd","Quantum Egg","ReplayTheSpireMod:Spearhead","Golden Idol","hubris:FunFungus"],"acts_visited":["Exordium"],"potions_floor_usage":[16],"damage_taken":[{"damage":0,"enemies":"Cultist","floor":1,"turns":2},{"damage":3,"enemies":"infinitespire:Voidling","floor":3,"turns":4},{"damage":0,"enemies":"2 Louse","floor":4,"turns":3},{"damage":17,"enemies":"3 Sentries","floor":6,"turns":10},{"damage":2,"enemies":"2 Fungi Beasts","floor":8,"turns":3},{"damage":2,"enemies":"Exordium Wildlife","floor":10,"turns":5},{"damage":0,"enemies":"Blue Slaver","floor":11,"turns":3},{"damage":2,"enemies":"Lagavulin","floor":14,"turns":4},{"damage":8,"enemies":"Fading Forest","floor":16,"turns":10}],"seed_played":"7640995844658394376","potions_obtained":[{"floor":6,"key":"Toxic Potion"},{"floor":11,"key":"LifebloodPotion"},{"floor":14,"key":"EssenceOfSteel"}],"is_trial":false,"path_per_floor":["M","$","M","M","?","E","R","M","T","M","M","R","?","E","R","B"],"character_chosen":"IRONCLAD","items_purchased":["hubris:EvacipatedBox","hubris:KleinBottle"],"campfire_rested":1,"item_purchase_floors":[2,2],"current_hp_per_floor":[80,42,39,39,39,22,46,44,44,42,42,42,42,40,40,56,56],"gold":263,"neow_bonus":"BOSS_RELIC","is_daily":false,"chose_seed":false,"campfire_upgraded":2,"win_rate":0.0,"timestamp":1609317900,"path_taken":["M","?","M","?","?","E","R","M","T","M","M","R","?","E","R","BOSS"],"items_purchased_type":["Relic","Relic"],"build_version":"2020-12-22","purchased_purges":0,"victory":false,"max_hp_per_floor":[80,80,80,80,80,80,80,80,80,80,80,80,74,74,74,74,74],"card_choices":[{"not_picked":["ReplayTheSpireMod:Strike From Hell","Rupture","Warcry"],"picked":"SKIP","floor":1},{"not_picked":["infinitespire:FutureSight","infinitespire:DeathsTouch"],"picked":"ReplayTheSpireMod:Chaos Vortex","floor":2},{"not_picked":["Power Through","True Grit"],"picked":"Armaments","floor":3},{"not_picked":["Entrench","Rage","Iron Wave"],"picked":"SKIP","floor":4},{"not_picked":["Sword Boomerang","Flex"],"picked":"Twin Strike","floor":6},{"not_picked":["Clothesline","Clash"],"picked":"Flex","floor":8},{"not_picked":["infinitespire:OneForAll","Clothesline","Anger"],"picked":"SKIP","floor":10},{"not_picked":["Evolve","Perfected Strike","Hemokinesis"],"picked":"SKIP","floor":11},{"not_picked":["Evolve","Hemokinesis"],"picked":"Perfected Strike","floor":11},{"not_picked":["Blood for Blood","Cleave"],"picked":"Reaper","floor":14}],"player_experience":48912,"relics_obtained":[{"floor":6,"key":"Quantum Egg"},{"floor":9,"key":"ReplayTheSpireMod:Spearhead"},{"floor":14,"key":"hubris:FunFungus"}],"event_choices":[{"damage_healed":0,"gold_gain":0,"player_choice":"Lose Max HP","damage_taken":0,"relics_obtained":["Golden Idol"],"max_hp_gain":0,"max_hp_loss":6,"event_name":"Golden Idol","floor":13,"gold_loss":0}],"is_beta":false,"boss_relics":[],"items_purged_floors":[],"is_endless":false,"potions_floor_spawned":[6,11,14],"killed_by":"Fading Forest","ascension_level":1}}