{"host":"jfjanrmpavyj4ikg","time":1609323114,"event":{"mods":["AchievementEnabler","BaseMod","BetterRewards","Colored Map","Colored Powertips","Downfall","Duelist Mod","GifTheSpireLib","Hermit","Hubris","Infinite Spire","Marisa????????","Minty Spire (QoL Compilation)","Quick Restart","READ ME - Guardian Mod","Rare Cards Sparkle","Replay The Spire","Shop Mod","StSLib","The Animator","The Bug Knight","The Construct","The Cursed","The Disciple","The Hierophant","The Jungle","The Necromancer","The Runesmith","The Servant 0.9.4"],"gold_per_floor":[119,138,138,138,153,153,171,171,171,171,196,196,32,56,56,162,162,177,177,177,177,10,10,60,83,83,83,97,126,126,147,147,276,276,297,297,322,322,337,337,337,337],"floor_reached":41,"playtime":5027,"items_purged":["hierophant:Defend_Hierophant","hierophant:Strike_Hierophant"],"score":426,"play_id":"89ceb76e-7612-4c38-902d-c5962a63ab6a","local_time":"20201230021154","is_ascension_mode":false,"campfire_choices":[{"data":"hierophant:ChurchCoffers","floor":6,"key":"SMITH"},{"data":"hierophant:Endure","floor":8,"key":"SMITH"},{"data":"hierophant:HolyVerse","floor":10,"key":"SMITH"},{"data":"hierophant:Endure","floor":12,"key":"SMITH"},{"floor":15,"key":"REST"},{"data":"ReplayTheSpireMod:??????????????????????","floor":23,"key":"SMITH"},{"data":"hierophant:Punish","floor":30,"key":"SMITH"},{"data":"hierophant:Batter","floor":32,"key":"SMITH"},{"data":"hierophant:Batter","floor":40,"key":"SMITH"}],"circlet_count":0,"master_deck":["hierophant:Strike_Hierophant","hierophant:Strike_Hierophant","hierophant:Strike_Hierophant","hierophant:Punish+1","hierophant:Defend_Hierophant","hierophant:Defend_Hierophant","hierophant:ChurchCoffers+1","hierophant:HolyVerse","hierophant:HolyVerse+1","hierophant:Endure+1","hierophant:Endure+1","hierophant:Zeal+1","hierophant:Encroach+1","hierophant:Encroach+1","hierophant:Zeal","Decay","hermit:Snapshot","hierophant:Batter+1","ReplayTheSpireMod:??????????????????????+1","hierophant:Endure+1","hierophant:Batter+1"],"relics":["hierophant:PropheticMaskRelic","Golden Idol","HollowMod:StagPassRelic","ReplayTheSpireMod:SealedPack","theJungle:WildPear","hubris:Towel","HornCleat","Pen Nib","SlaversCollar","hubris:Icosahedron"],"acts_visited":["Exordium","theJungle:Jungle","TheBeyond"],"potions_floor_usage":[16,16,16,28,29,41,41],"damage_taken":[{"damage":6,"enemies":"Cultist","floor":1,"turns":6},{"damage":1,"enemies":"Jaw Worm","floor":2,"turns":4},{"damage":0,"enemies":"Small Slimes","floor":5,"turns":2},{"damage":0,"enemies":"Exordium Wildlife","floor":7,"turns":3},{"damage":11,"enemies":"Large Slime","floor":11,"turns":5},{"damage":0,"enemies":"Exordium Wildlife","floor":14,"turns":2},{"damage":23,"enemies":"The Guardian","floor":16,"turns":23},{"damage":0,"enemies":"theJungle:MUSHROOMGANG","floor":18,"turns":3},{"damage":4,"enemies":"theJungle:5_Spyders","floor":25,"turns":3},{"damage":5,"enemies":"theJungle:2_Snecko_Cultists","floor":28,"turns":6},{"damage":23,"enemies":"theJungle:2_Phrogs","floor":29,"turns":12},{"damage":0,"enemies":"theJungle:JungleHuntersEncounter","floor":31,"turns":3},{"damage":42,"enemies":"theJungle:QueenSpyder","floor":33,"turns":43},{"damage":17,"enemies":"3 Shapes","floor":35,"turns":3},{"damage":26,"enemies":"3 Darklings","floor":37,"turns":4},{"damage":0,"enemies":"Sphere and 2 Shapes","floor":39,"turns":2},{"damage":58,"enemies":"Nightmare","floor":41,"turns":5}],"seed_played":"-7231318075953857211","potions_obtained":[{"floor":1,"key":"SteroidPotion"},{"floor":5,"key":"Toxic Potion"},{"floor":7,"key":"Venom Potion"},{"floor":14,"key":"Weak Potion"},{"floor":18,"key":"Adrenaline Potion"},{"floor":25,"key":"Regen Potion"},{"floor":33,"key":"SteroidPotion"},{"floor":37,"key":"FearPotion"},{"floor":39,"key":"Energy Potion"}],"is_trial":false,"path_per_floor":["M","M","?","?","M","R","M","R","T","R","M","R","$","M","R","B",null,"M","?","?","?","$","R","?","M","T","$","M","E","R","M","R","B",null,"M","?","M","?","M","R","NM"],"character_chosen":"HIEROPHANT","items_purchased":["hierophant:Zeal","hierophant:Encroach","hierophant:Endure"],"campfire_rested":1,"item_purchase_floors":[13,13,22],"current_hp_per_floor":[76,75,55,55,55,55,55,55,55,55,44,44,44,44,68,45,82,82,92,92,92,92,92,80,76,76,76,71,63,63,63,63,21,92,75,75,49,49,49,49,0,0],"gold":337,"neow_bonus":"TEN_PERCENT_HP_BONUS","is_daily":false,"chose_seed":false,"campfire_upgraded":8,"win_rate":0.0,"timestamp":1609323114,"path_taken":["M","M","?","?","?","R","M","R","T","R","M","R","$","M","R","BOSS","M","?","?","?","$","R","?","M","T","?","M","E","R","?","R","BOSS","M","?","M","?","M","R","NM"],"items_purchased_type":["Card","Card","Card"],"build_version":"2020-12-22","purchased_purges":2,"victory":false,"max_hp_per_floor":[82,82,82,82,82,82,82,82,82,82,82,82,82,82,82,82,82,82,92,92,92,92,92,92,92,92,92,92,92,92,92,92,92,92,92,92,92,92,92,92,92,92],"card_choices":[{"not_picked":["hierophant:MorningPrayer","hierophant:Shelter"],"picked":"hierophant:HolyVerse","floor":1},{"not_picked":["hierophant:FlamingChariot","hierophant:TollTheBells"],"picked":"hierophant:HolyVerse","floor":2},{"not_picked":["hierophant:Rebuild","hierophant:ThreeLashes"],"picked":"hierophant:Endure","floor":5},{"not_picked":["hierophant:Upheaval","hierophant:Remorse","hierophant:AuricShield"],"picked":"SKIP","floor":7},{"not_picked":["hierophant:Doubloon","hierophant:Remorse"],"picked":"hierophant:Endure","floor":11},{"not_picked":["hierophant:RepressedViolence","hierophant:DisplayOfPower"],"picked":"hierophant:Zeal","floor":14},{"not_picked":["Slimebound:CorrosiveSpit","Neutralize"],"picked":"hermit:Snapshot","floor":17},{"not_picked":["hierophant:AuricForm","hierophant:Kindle"],"picked":"hierophant:Batter","floor":17},{"not_picked":["ReplayTheSpireMod:Chaos Vortex","infinitespire:Menacing"],"picked":"ReplayTheSpireMod:??????????????????????","floor":17},{"not_picked":["hierophant:Sermon+1","hierophant:Alms","hierophant:EyeForCoin"],"picked":"SKIP","floor":18},{"not_picked":["hierophant:OrnateJavelin","hierophant:MirrorShield+1","hierophant:Doubloon+1"],"picked":"SKIP","floor":25},{"not_picked":["hierophant:FieryStrike+1","hierophant:ThreeLashes","hierophant:Empathy"],"picked":"SKIP","floor":28},{"not_picked":["hierophant:Upheaval","hierophant:RustyCrate","hierophant:Flagellation"],"picked":"SKIP","floor":29},{"not_picked":["hierophant:Purify","hierophant:Doomsaying","hierophant:Glossolalia"],"picked":"SKIP","floor":31},{"not_picked":["hierophant:BulkyChest","hierophant:Generosity"],"picked":"hierophant:Batter","floor":33},{"not_picked":["hierophant:Upheaval","hierophant:FlamingChariot","hierophant:SolarFlare+1"],"picked":"SKIP","floor":35},{"not_picked":["hierophant:HammerAndAnvil","hierophant:AuricBeam+1","hierophant:RepressedViolence+1"],"picked":"SKIP","floor":37},{"not_picked":["hierophant:RustyCrate","hierophant:AuricBeam+1","hierophant:DisplayOfPower+1"],"picked":"SKIP","floor":39}],"player_experience":46706,"relics_obtained":[{"floor":9,"key":"HollowMod:StagPassRelic"},{"floor":26,"key":"HornCleat"},{"floor":29,"key":"Pen Nib"}],"event_choices":[{"damage_healed":0,"gold_gain":0,"player_choice":"Take Damage","damage_taken":20,"relics_obtained":["Golden Idol"],"max_hp_gain":0,"max_hp_loss":0,"event_name":"Golden Idol","floor":3,"gold_loss":0},{"damage_healed":0,"gold_gain":0,"player_choice":"Bought 0 Potions","damage_taken":0,"max_hp_gain":0,"max_hp_loss":0,"event_name":"The Woman in Blue","floor":4,"gold_loss":0},{"cards_removed":["hierophant:Defend_Hierophant"],"damage_healed":0,"gold_gain":0,"player_choice":"Offered Basic","damage_taken":0,"max_hp_gain":0,"max_hp_loss":0,"event_name":"Bonfire Elementals","floor":38,"gold_loss":0}],"is_beta":false,"boss_relics":[{"not_picked":["Snecko Eye","hubris:RunicObelisk"],"picked":"ReplayTheSpireMod:SealedPack"},{"not_picked":["Black Star","Cursed Key"],"picked":"SlaversCollar"}],"items_purged_floors":[13,22],"is_endless":false,"potions_floor_spawned":[1,5,7,14,18,25,33,37,39],"killed_by":"Nightmare","ascension_level":0}}