{"host":"¿à÷økuyou","time":1609306300,"event":{"mods":["ATMod(°¢èªMod)","Act Like it!","BaseMod","Minty Spire (QoL Compilation)","Pale of the Ancients","Quick Restart","StSLib"],"gold_per_floor":[117,134,59,74,5,38,58,58,82,82,106,126,140,140,140,140,140],"floor_reached":16,"playtime":438,"items_purged":["Strike_G"],"score":115,"play_id":"d1c88e0f-5e3b-40dc-aae3-b2497971c7ce","local_time":"20201230133140","is_ascension_mode":true,"campfire_choices":[{"data":"Noxious Fumes","floor":8,"key":"SMITH"},{"floor":10,"key":"REST"},{"data":"Footwork","floor":15,"key":"SMITH"}],"circlet_count":0,"master_deck":["Strike_G","Strike_G","Strike_G","Strike_G","Defend_G+1","Defend_G","Defend_G","Defend_G","Defend_G","Survivor+1","Neutralize","AT_KneejerkReflex","Noxious Fumes+1","Backflip","Predator","Footwork+1"],"relics":["AT_ATBox","Snecko Eye","War Paint","Odd Mushroom","Snake Skull","AT_ChloranthyRing","Girya"],"acts_visited":["Exordium"],"potions_floor_usage":[16],"damage_taken":[{"damage":0,"enemies":"Cultist","floor":1,"turns":4},{"damage":14,"enemies":"Jaw Worm","floor":2,"turns":4},{"damage":0,"enemies":"Small Slimes","floor":4,"turns":3},{"damage":24,"enemies":"Gremlin Nob","floor":6,"turns":6},{"damage":24,"enemies":"The Mushroom Lair","floor":7,"turns":6},{"damage":14,"enemies":"Exordium Thugs","floor":12,"turns":4},{"damage":6,"enemies":"Exordium Wildlife","floor":13,"turns":4},{"damage":10,"enemies":"The Guardian","floor":16,"turns":2}],"seed_played":"8804354509384251276","potions_obtained":[{"floor":4,"key":"SkillPotion"},{"floor":13,"key":"PowerPotion"}],"is_trial":false,"path_per_floor":["M","M","$","M","$","E","?","R","T","R","T","M","M","?","R","B"],"character_chosen":"THE_SILENT","items_purchased":["Noxious Fumes"],"campfire_rested":1,"item_purchase_floors":[5],"current_hp_per_floor":[70,56,56,56,56,32,8,8,8,29,29,15,9,9,9,0,0],"gold":140,"neow_bonus":"BOSS_RELIC","is_daily":false,"chose_seed":false,"campfire_upgraded":2,"win_rate":0.0,"timestamp":1609306300,"path_taken":["M","M","$","M","?","E","?","R","T","R","?","M","?","?","R","BOSS"],"items_purchased_type":["Card"],"build_version":"2020-12-18","purchased_purges":1,"victory":false,"max_hp_per_floor":[70,70,70,70,70,70,70,70,70,70,70,70,70,70,70,70,70],"card_choices":[{"not_picked":["Blade Dance","Backflip","All Out Attack"],"picked":"SKIP","floor":1},{"not_picked":["Dagger Throw","AT_WomanClash","Blade Dance"],"picked":"SKIP","floor":2},{"not_picked":["Deflect","Flying Knee","Outmaneuver"],"picked":"SKIP","floor":4},{"not_picked":["Setup","Dagger Throw","Outmaneuver"],"picked":"SKIP","floor":6},{"not_picked":["Poisoned Stab","Cloak And Dagger"],"picked":"Backflip","floor":7},{"not_picked":["Blade Dance","Envenom"],"picked":"Predator","floor":12},{"not_picked":["AT_WomanClash","Backflip"],"picked":"Footwork","floor":13}],"player_experience":153287,"relics_obtained":[{"floor":6,"key":"War Paint"},{"floor":7,"key":"Odd Mushroom"},{"floor":9,"key":"Snake Skull"},{"floor":11,"key":"AT_ChloranthyRing"}],"event_choices":[{"damage_healed":0,"gold_gain":0,"player_choice":"Fought Mushrooms","damage_taken":0,"max_hp_gain":0,"max_hp_loss":0,"event_name":"Mushrooms","floor":7,"gold_loss":0},{"damage_healed":0,"gold_gain":0,"player_choice":"Searched \u00271\u0027 times","damage_taken":0,"relics_obtained":["Girya"],"max_hp_gain":0,"max_hp_loss":0,"event_name":"Dead Adventurer","floor":14,"gold_loss":0}],"is_beta":true,"boss_relics":[],"items_purged_floors":[3],"is_endless":false,"potions_floor_spawned":[4,13],"killed_by":"The Guardian","ascension_level":3}}