{"host":"bf9sa99gaumonoeu","time":1609293571,"event":{"mods":["AchievementEnabler","BaseMod","Colored Map","Downfall","Friendly Minions","Marisa????????","Minty Spire (QoL Compilation)","Replay The Spire","StSLib","The Cursed","The Disciple","The Servant 0.9.4"],"gold_per_floor":[118,138,138,63,76,76,93,103,103,278,278,152,184,184,184,289,289,302,313,331,32,32,32,63,63,63,80,91,91,107,138,138,239,239,250,250,250,33,43,75,91,105,105,119,119,65,79,111,111,111],"floor_reached":51,"playtime":4208,"items_purged":["Strike_R","Strike_R","Strike_R"],"score":1258,"play_id":"5533eb0d-2122-49ef-850c-16b1cbdfeb1f","local_time":"20201229235931","is_ascension_mode":true,"campfire_choices":[{"data":"Clothesline","floor":6,"key":"SMITH"},{"data":"Armaments","floor":11,"key":"SMITH"},{"data":"Power Through","floor":15,"key":"SMITH"},{"data":"Shrug It Off","floor":23,"key":"SMITH"},{"data":"Cleave","floor":25,"key":"SMITH"},{"data":"ReplayReversal","floor":32,"key":"SMITH"},{"data":"Replay:SS_forest_6","floor":45,"key":"SMITH"},{"data":"Uppercut","floor":49,"key":"SMITH"}],"circlet_count":0,"master_deck":["AscendersBane","Strike_R","Defend_R","Defend_R","Defend_R","Defend_R","Bash+1","Clothesline+1","Reckless Charge+1","Armaments+1","True Grit","Power Through+1","Uppercut+1","Doubt","ReplayReversal+1","Cleave+1","Shrug It Off+1","Havoc+1","Immolate","Replay:SS_forest_6+1","ReplayTheSpireMod:Splinters","Headbutt+1","Ghostly Armor+1","ReplayTheSpireMod:Limb From Limb"],"relics":["Burning Blood","Gremlin Horn","Darkstone Periapt","Replay:Mystery Machine","Coffee Dripper","Blood Vial","Pocketwatch","ReplayTheSpireMod:Ninjato","FossilizedHelix","Cursed Key","Akabeko","Shuriken","Dream Catcher"],"acts_visited":["Exordium","TheCity","TheBeyond"],"potions_floor_usage":[13,16,20,20,24,31,33,33,35,41,41,50,50],"damage_taken":[{"damage":0,"enemies":"Small Slimes","floor":1,"turns":4},{"damage":6,"enemies":"Jaw Worm","floor":2,"turns":5},{"damage":3,"enemies":"2 Louse","floor":5,"turns":3},{"damage":4,"enemies":"Blue Slaver","floor":7,"turns":4},{"damage":0,"enemies":"Lots of Slimes","floor":8,"turns":5},{"damage":25,"enemies":"Lagavulin","floor":13,"turns":8},{"damage":38,"enemies":"The Guardian","floor":16,"turns":16},{"damage":19,"enemies":"Chosen","floor":18,"turns":6},{"damage":0,"enemies":"Spheric Guardian","floor":19,"turns":4},{"damage":48,"enemies":"Chosen and Byrds","floor":20,"turns":8},{"damage":8,"enemies":"Slavers","floor":24,"turns":5},{"damage":14,"enemies":"Sentry and Sphere","floor":27,"turns":6},{"damage":6,"enemies":"Cultist and Chosen","floor":28,"turns":8},{"damage":0,"enemies":"Snake Plant","floor":30,"turns":4},{"damage":0,"enemies":"Gremlin Leader","floor":31,"turns":5},{"damage":13,"enemies":"Automaton","floor":33,"turns":12},{"damage":5,"enemies":"3 Darklings","floor":35,"turns":4},{"damage":0,"enemies":"Orb Walker","floor":39,"turns":4},{"damage":2,"enemies":"R_Hoarder","floor":40,"turns":13},{"damage":21,"enemies":"Spire Growth","floor":41,"turns":7},{"damage":35,"enemies":"Transient","floor":42,"turns":5},{"damage":5,"enemies":"4 Shapes","floor":44,"turns":5},{"damage":0,"enemies":"Maw","floor":47,"turns":8},{"damage":12,"enemies":"Reptomancer","floor":48,"turns":7},{"damage":57,"enemies":"Time Eater","floor":50,"turns":19}],"seed_played":"4746182962212267222","potions_obtained":[{"floor":13,"key":"ElixirPotion"},{"floor":16,"key":"LiquidBronze"},{"floor":18,"key":"AttackPotion"},{"floor":19,"key":"BloodPotion"},{"floor":28,"key":"Swift Potion"},{"floor":30,"key":"DistilledChaos"},{"floor":31,"key":"hexamod:EctoCoolerPotion"},{"floor":33,"key":"Fire Potion"},{"floor":37,"key":"Swift Potion"},{"floor":37,"key":"ColorlessPotion"},{"floor":42,"key":"Ancient Potion"},{"floor":44,"key":"DuplicationPotion"}],"is_trial":false,"path_per_floor":["M","M","?","$","M","R","M","M","T","?","R","$","E","?","R","B",null,"M","M","M","$","?","R","E","R","T","M","M","?","M","E","R","B",null,"M","?","?","$","M","E","M","M","T","M","R","$","M","E","R","B",null],"character_chosen":"IRONCLAD","items_purchased":["Armaments","True Grit","champ:CounterPotion","Blood Vial","AttackPotion","Replay:SS_forest_6","Ghostly Armor+1"],"campfire_rested":0,"item_purchase_floors":[4,4,12,21,21,38,46],"current_hp_per_floor":[78,78,60,60,63,63,65,71,71,77,77,77,58,41,41,9,67,54,60,35,35,63,63,63,63,63,57,59,59,67,75,75,70,82,85,85,85,85,86,86,71,52,58,69,69,69,77,73,73,24],"gold":111,"neow_bonus":"REMOVE_CARD","is_daily":false,"chose_seed":false,"campfire_upgraded":8,"win_rate":0.0,"timestamp":1609293571,"path_taken":["M","M","?","$","M","R","M","M","T","?","R","$","E","?","R","BOSS","M","M","M","$","?","R","E","R","T","M","M","?","M","E","R","BOSS","M","?","?","$","M","E","M","M","T","M","R","$","M","E","R","BOSS"],"items_purchased_type":["Card","Card","Potion","Relic","Potion","Card","Card"],"build_version":"2020-12-22","purchased_purges":3,"victory":true,"max_hp_per_floor":[80,80,80,80,80,80,80,80,80,86,86,86,86,86,86,86,86,86,86,86,86,86,86,86,86,86,86,86,86,86,86,86,86,86,86,86,86,86,86,86,86,86,92,92,92,92,92,92,92,92],"card_choices":[{"not_picked":["Pummel","Wild Strike"],"picked":"Clothesline","floor":1},{"not_picked":["Abandon","Wild Strike"],"picked":"Reckless Charge","floor":2},{"not_picked":["ReplayTheSpireMod:Muscle Training","Inflame","Sword Boomerang"],"picked":"SKIP","floor":5},{"not_picked":["Hemokinesis","ReplayReversal"],"picked":"Power Through","floor":7},{"not_picked":["Heavy Blade","Sword Boomerang"],"picked":"Uppercut","floor":8},{"not_picked":["Eclipse","Thunderclap","Dropkick"],"picked":"SKIP","floor":13},{"not_picked":["Sword Boomerang","Armaments+1"],"picked":"ReplayReversal","floor":18},{"not_picked":["Massacre","Pommel Strike+1"],"picked":"Cleave","floor":19},{"not_picked":["Whirlwind","Bloodletting"],"picked":"Shrug It Off","floor":20},{"not_picked":["Hemogenesis","Perfected Strike","Run Through"],"picked":"SKIP","floor":24},{"not_picked":["True Grit","Cleave","Body Slam"],"picked":"SKIP","floor":27},{"not_picked":["Sword Boomerang","Second Wind"],"picked":"Havoc+1","floor":28},{"not_picked":["Defy Death","Blood for Blood","Anger"],"picked":"SKIP","floor":30},{"not_picked":["Sword Boomerang","Armaments","Dual Wield"],"picked":"SKIP","floor":31},{"not_picked":["Juggernaut","Berserk"],"picked":"Immolate","floor":33},{"not_picked":["Seeing Red","Anger","Run Through+1"],"picked":"SKIP","floor":35},{"not_picked":["Power Through","Flex","Anger"],"picked":"SKIP","floor":39},{"not_picked":["Clothesline","Clash+1","Searing Blow"],"picked":"SKIP","floor":40},{"not_picked":["Thunderclap","Shockwave","Sword Boomerang"],"picked":"SKIP","floor":41},{"not_picked":["Pommel Strike+1","ReplayTheSpireMod:Limb From Limb+1","Flex"],"picked":"SKIP","floor":42},{"not_picked":["Clothesline+1","Searing Blow"],"picked":"Headbutt+1","floor":44},{"not_picked":["ReplayTheSpireMod:LeadingStrike","Run Through+1"],"picked":"ReplayTheSpireMod:Limb From Limb","floor":47},{"not_picked":["Thunderclap","ReplayTheSpireMod:LeadingStrike+1","Ghostly Armor"],"picked":"SKIP","floor":48}],"player_experience":577434,"relics_obtained":[{"floor":9,"key":"Darkstone Periapt"},{"floor":13,"key":"Replay:Mystery Machine"},{"floor":24,"key":"Pocketwatch"},{"floor":26,"key":"ReplayTheSpireMod:Ninjato"},{"floor":31,"key":"FossilizedHelix"},{"floor":40,"key":"Akabeko"},{"floor":43,"key":"Shuriken"},{"floor":48,"key":"Dream Catcher"}],"event_choices":[{"damage_healed":0,"gold_gain":0,"player_choice":"Success","damage_taken":18,"relics_obtained":["Gremlin Horn"],"max_hp_gain":0,"max_hp_loss":0,"event_name":"Scrap Ooze","floor":3,"gold_loss":0},{"damage_healed":0,"gold_gain":175,"player_choice":"AGREE","damage_taken":0,"max_hp_gain":0,"max_hp_loss":0,"event_name":"Liars Game","floor":10,"gold_loss":0,"cards_obtained":["Doubt"]},{"damage_healed":0,"gold_gain":0,"player_choice":"Entered Light","damage_taken":17,"max_hp_gain":0,"max_hp_loss":0,"event_name":"Shining Light","floor":14,"gold_loss":0,"cards_upgraded":["Bash","Reckless Charge"]},{"damage_healed":28,"gold_gain":0,"player_choice":"Heal","damage_taken":0,"max_hp_gain":0,"max_hp_loss":0,"event_name":"The Library","floor":22,"gold_loss":0},{"damage_healed":0,"gold_gain":0,"player_choice":"Ignored","damage_taken":0,"max_hp_gain":0,"max_hp_loss":0,"event_name":"Tomb of Lord Red Mask","floor":36,"gold_loss":0},{"damage_healed":0,"gold_gain":0,"player_choice":"Got Potions","damage_taken":0,"max_hp_gain":0,"max_hp_loss":0,"event_name":"Lab","floor":37,"gold_loss":0}],"is_beta":false,"boss_relics":[{"not_picked":["Ectoplasm","Fusion Hammer"],"picked":"Coffee Dripper"},{"not_picked":["Replay:Grab Bag","Honey Jar"],"picked":"Cursed Key"}],"items_purged_floors":[12,21,38],"is_endless":false,"potions_floor_spawned":[13,16,18,19,28,30,31,33,42,44],"ascension_level":12}}