{"host":"1jyvlwrg3lqf29t2","time":1609343766,"event":{"mods":["BaseMod","Colored Powertips","Downfall","Hermit","Minty Spire (QoL Compilation)","StSLib","The Blackbeard","The Cursed","The Poker Player","TheBandit"],"gold_per_floor":[112,112,37,55,66,96,112,131,156,156,174,174,174,174],"floor_reached":13,"playtime":535,"items_purged":["Decay"],"score":87,"play_id":"5f0d247f-a7fe-424c-90d8-b70b1ce9e26f","local_time":"20201230095606","is_ascension_mode":false,"campfire_choices":[{"floor":12,"key":"REST"}],"circlet_count":0,"master_deck":["Strike_P","Strike_P","Strike_P","Defend_P","Defend_P","Defend_P","Defend_P","Eruption","Vigilance","LikeWater","BattleHymn","Conclude","PathToVictory"],"relics":["PureWater","Unceasing Top","HornCleat","MealTicket"],"acts_visited":["Exordium"],"potions_floor_usage":[6,6],"damage_taken":[{"damage":12,"enemies":"Small Slimes","floor":1,"turns":4},{"damage":8,"enemies":"2 Louse","floor":4,"turns":3},{"damage":0,"enemies":"Cultist","floor":5,"turns":3},{"damage":15,"enemies":"Gremlin Nob","floor":6,"turns":3},{"damage":26,"enemies":"Gremlin Gang","floor":7,"turns":5},{"damage":6,"enemies":"3 Louse","floor":8,"turns":3},{"damage":2,"enemies":"Looter","floor":11,"turns":3},{"damage":24,"enemies":"3 Sentries","floor":13,"turns":8}],"seed_played":"3301234719053666937","potions_obtained":[{"floor":1,"key":"Block Potion"},{"floor":4,"key":"AttackPotion"}],"is_trial":false,"path_per_floor":["M","?","$","M","M","E","M","M","T","?","M","R","E"],"character_chosen":"WATCHER","items_purchased":[],"campfire_rested":1,"item_purchase_floors":[],"current_hp_per_floor":[60,60,60,52,52,37,11,5,5,5,3,24,0,0],"gold":174,"neow_bonus":"ONE_RARE_RELIC","is_daily":false,"chose_seed":false,"campfire_upgraded":0,"win_rate":0.0,"timestamp":1609343766,"path_taken":["M","?","$","M","M","E","M","M","T","?","?","R","E"],"items_purchased_type":[],"build_version":"2020-12-22","purchased_purges":1,"victory":false,"max_hp_per_floor":[72,72,72,72,72,72,72,72,72,72,72,72,72,72],"card_choices":[{"not_picked":["Pray","ThirdEye"],"picked":"LikeWater","floor":1},{"not_picked":["Indignation","Crescendo","JustLucky"],"picked":"SKIP","floor":4},{"not_picked":["CrushJoints","FlyingSleeves","Consecrate"],"picked":"SKIP","floor":5},{"not_picked":["Halt","Pray","EmptyFist"],"picked":"SKIP","floor":6},{"not_picked":["ClearTheMind","Worship"],"picked":"Conclude","floor":7},{"not_picked":["Adaptation","Crescendo","EmptyFist"],"picked":"SKIP","floor":8},{"not_picked":["Halt","Tantrum"],"picked":"PathToVictory","floor":11}],"player_experience":389459,"relics_obtained":[{"floor":6,"key":"HornCleat"},{"floor":9,"key":"MealTicket"}],"event_choices":[{"damage_healed":0,"gold_gain":0,"cards_transformed":["Strike_P"],"player_choice":"Change","damage_taken":0,"max_hp_gain":0,"max_hp_loss":0,"event_name":"Living Wall","floor":2,"gold_loss":0,"cards_obtained":["BattleHymn"]},{"damage_healed":0,"gold_gain":0,"player_choice":"Ignored","damage_taken":0,"max_hp_gain":0,"max_hp_loss":0,"event_name":"NoteForYourself","floor":10,"gold_loss":0}],"is_beta":false,"boss_relics":[],"items_purged_floors":[3],"is_endless":false,"potions_floor_spawned":[1,4],"killed_by":"3 Sentries","ascension_level":0}}