{"host":"sav7uxregyirlf69","time":1609308780,"event":{"mods":["AchievementEnabler","BaseMod","Colored Map","DeckTracker","Keyboard Shortcuts","Minty Spire (QoL Compilation)","READ ME - Guardian Mod","StSLib","SuperFastMode"],"gold_per_floor":[367,379,304,317,33,33,50,64,64,64,64],"floor_reached":10,"playtime":158,"items_purged":[],"score":120,"play_id":"8f9d63ca-b83a-4f23-b3b8-1f8ec97f1707","local_time":"20201230151300","is_ascension_mode":true,"campfire_choices":[{"data":"Neutralize","floor":6,"key":"SMITH"}],"circlet_count":0,"master_deck":["AscendersBane","Strike_G","Strike_G","Strike_G","Strike_G","Defend_G","Defend_G","Defend_G","Defend_G","Defend_G","Survivor","Neutralize+1","Dagger Throw","Backstab","Dodge and Roll","Backflip"],"relics":["Ring of the Snake","Kunai","Matryoshka"],"acts_visited":["Exordium"],"potions_floor_usage":[10],"damage_taken":[{"damage":16,"enemies":"Cultist","floor":1,"turns":5},{"damage":0,"enemies":"Small Slimes","floor":2,"turns":4},{"damage":2,"enemies":"Jaw Worm","floor":4,"turns":3},{"damage":0,"enemies":"Blue Slaver","floor":7,"turns":4},{"damage":0,"enemies":"Looter","floor":8,"turns":4},{"damage":43,"enemies":"Lagavulin","floor":10,"turns":9}],"seed_played":"-6998451369692734417","potions_obtained":[{"floor":8,"key":"Block Potion"}],"is_trial":false,"path_per_floor":["M","M","?","M","$","R","M","M","T","E"],"character_chosen":"THE_SILENT","items_purchased":["Kunai"],"campfire_rested":0,"item_purchase_floors":[5],"current_hp_per_floor":[43,43,43,41,41,41,41,41,41,0,0],"gold":64,"neow_bonus":"TWO_FIFTY_GOLD","is_daily":false,"chose_seed":false,"campfire_upgraded":1,"win_rate":0.0,"timestamp":1609308780,"path_taken":["M","M","?","M","$","R","M","M","T","E"],"items_purchased_type":["Relic"],"build_version":"2020-12-22","purchased_purges":0,"victory":false,"max_hp_per_floor":[60,60,60,60,60,60,60,60,60,60,60],"card_choices":[{"not_picked":["Acrobatics","Quick Slash"],"picked":"Dagger Throw","floor":1},{"not_picked":["Sucker Punch","Leg Sweep"],"picked":"Backstab","floor":2},{"not_picked":["Quick Slash","Outmaneuver"],"picked":"Dodge and Roll","floor":4},{"not_picked":["Flying Knee","Eviscerate"],"picked":"Backflip","floor":7},{"not_picked":["Quick Slash","Slice","Skewer"],"picked":"SKIP","floor":8}],"player_experience":1066604,"relics_obtained":[{"floor":9,"key":"Matryoshka"}],"event_choices":[{"cards_removed":["Strike_G"],"damage_healed":0,"gold_gain":0,"player_choice":"Card Removal","damage_taken":0,"max_hp_gain":0,"max_hp_loss":0,"event_name":"The Cleric","floor":3,"gold_loss":75}],"is_beta":false,"boss_relics":[],"items_purged_floors":[],"is_endless":false,"potions_floor_spawned":[8],"killed_by":"Lagavulin","ascension_level":20}}