{"host":"1bqbj1s4pyvm9utn","time":1609289473,"event":{"mods":["AchievementEnabler","Aspiration","BaseMod","Beaked The Cultist","Better Altar","Better Match","Better Note","Better Sensory Stone","Better Skull","Better Third Choice","BetterRewards","CCEM","Clawfect","Colored Map","Conspire","Downfall","GifTheSpireLib","Halation","Hermit","Highlight Path","Humility","Infinite Spire","Jedi Mod","Jorbs\u0027s Wanderer Trilogy","Mad Scientist","Marisa????????","Mimic Mod","Minty Spire (QoL Compilation)","Permanent Neow","Shade Mod","Shop Mod","Spicy Shops","StSLib","Stuff the Spire","The Animator","The Bug Knight","The Cursed","The Gatherer","The Hierophant","The Jungle","The Mystic","The Necromancer","The Runesmith","The Servant 0.9.4","everything is the same but u backflip on backflip","slay the spire mod where everything is the same but ironclad has a cowboy hat","vexMod"],"gold_per_floor":[10,10,27,27,46,78,3,3,42,54,54,54,68,78,78,78,78],"floor_reached":16,"playtime":1414,"items_purged":["Clumsy"],"score":107,"play_id":"0f036162-1d09-4d3f-a50f-bf233f31a8c6","local_time":"20201229165113","is_ascension_mode":true,"campfire_choices":[{"floor":8,"key":"REST"},{"data":"Transmutation","floor":12,"key":"SMITH"},{"floor":15,"key":"REST"}],"circlet_count":0,"master_deck":["Strike_P","Strike_P","Strike_P","Strike_P","Defend_P","Defend_P","Defend_P","Defend_P","Eruption","Vigilance","Transmutation+1","LikeWater","PathToVictory","Clumsy","infinitespire:Punishment","FlurryOfBlows","ReachHeaven","Fasting2","SignatureMove","BattleHymn","FollowUp"],"relics":["PureWater","PreservedInsect","Happy Flower","SsserpentHead"],"acts_visited":["Exordium"],"potions_floor_usage":[6,6,6,6,14,16],"damage_taken":[{"damage":21,"enemies":"Cultist","floor":1,"turns":6},{"damage":0,"enemies":"2 Louse","floor":3,"turns":1},{"damage":5,"enemies":"Jaw Worm","floor":5,"turns":2},{"damage":33,"enemies":"Gremlin Nob","floor":6,"turns":5},{"damage":0,"enemies":"2 Fungi Beasts","floor":9,"turns":3},{"damage":0,"enemies":"2 Fungi Beasts","floor":10,"turns":2},{"damage":2,"enemies":"Looter","floor":13,"turns":2},{"damage":17,"enemies":"Gremlin Gang","floor":14,"turns":3},{"damage":43,"enemies":"Slime Boss","floor":16,"turns":6}],"seed_played":"2703345360027442800","potions_obtained":[{"floor":3,"key":"EntropicBrew"},{"floor":6,"key":"SneckoOil"},{"floor":14,"key":"GamblersBrew"}],"is_trial":false,"path_per_floor":["M","?","M","?","M","E","$","R","MIM","M","?","R","M","M","R","B"],"character_chosen":"WATCHER","items_purchased":[],"campfire_rested":2,"item_purchase_floors":[],"current_hp_per_floor":[51,51,51,51,46,13,13,34,34,34,34,34,32,15,36,0,0],"gold":78,"neow_bonus":"RANDOM_COLORLESS_2","is_daily":false,"chose_seed":false,"campfire_upgraded":1,"win_rate":0.0,"timestamp":1609289473,"path_taken":["M","?","M","?","M","E","$","R","MIM","?","?","R","M","M","R","BOSS"],"items_purchased_type":[],"build_version":"2020-12-22","purchased_purges":1,"victory":false,"max_hp_per_floor":[72,72,72,72,72,72,72,72,72,72,72,72,72,72,72,72,72],"card_choices":[{"not_picked":["Panache","HandOfGreed"],"picked":"Transmutation","floor":0},{"not_picked":["CrushJoints","Crescendo"],"picked":"LikeWater","floor":1},{"not_picked":["Study","Crescendo"],"picked":"PathToVictory","floor":3},{"not_picked":["infinitespire:Execution","infinitespire:TheBestDefense"],"picked":"infinitespire:Punishment","floor":4},{"not_picked":["Pray","WaveOfTheHand"],"picked":"FlurryOfBlows","floor":5},{"not_picked":["Crescendo","Wireheading"],"picked":"ReachHeaven","floor":6},{"not_picked":["Sanctity","SashWhip"],"picked":"Fasting2","floor":9},{"not_picked":["DeceiveReality","Nirvana"],"picked":"SignatureMove","floor":10},{"not_picked":["Evaluate","FlyingSleeves"],"picked":"BattleHymn","floor":13},{"not_picked":["Prostrate","Worship"],"picked":"FollowUp","floor":14}],"player_experience":912144,"relics_obtained":[{"floor":6,"key":"PreservedInsect"},{"floor":9,"key":"Happy Flower"}],"event_choices":[{"damage_healed":0,"gold_gain":0,"player_choice":"Leave","damage_taken":0,"max_hp_gain":0,"max_hp_loss":0,"event_name":"conspire:Investor","floor":2,"gold_loss":0},{"damage_healed":0,"gold_gain":0,"player_choice":"Trade","damage_taken":0,"relics_obtained":["SsserpentHead"],"max_hp_gain":0,"max_hp_loss":0,"event_name":"FaceTrader","floor":11,"gold_loss":0}],"is_beta":false,"boss_relics":[],"items_purged_floors":[7],"is_endless":false,"potions_floor_spawned":[3,6,14],"killed_by":"Slime Boss","ascension_level":1}}