{"host":"07ljfmttuzqopd7f","time":1609314887,"event":{"mods":["2.2 Compatiblity","BaseMod","Bestiary","Block Reminder","Colored Map","Colored Powertips","Hermit","Minty Spire (QoL Compilation)","Permanent Neow","Quick Restart","Rare Cards Sparkle","Relic Stats","StSLib"],"gold_per_floor":[116,135,210,210,228,255,255,283,283,283,4,31,31,31,31,130,130,144,69,85,10,10,10,42,42,42,42,60,73,73,2,2,103,103,116,132,132,147,157,157,157,88,88,99,99,99,99,99],"floor_reached":47,"playtime":1832,"items_purged":["Strike_R"],"score":643,"play_id":"370c0b7b-0e48-4f2a-a369-4ac804db3162","local_time":"20201230025447","is_ascension_mode":true,"campfire_choices":[{"data":"Bash","floor":7.0,"key":"SMITH"},{"data":"Combust","floor":10.0,"key":"SMITH"},{"floor":15.0,"key":"REST"},{"floor":23.0,"key":"REST"},{"data":"Uppercut","floor":25.0,"key":"SMITH"},{"data":"Reaper","floor":27.0,"key":"SMITH"},{"floor":32.0,"key":"REST"},{"floor":40,"key":"REST"}],"circlet_count":0,"master_deck":["Bash+1","Headbutt","Combust+1","Clothesline","Whirlwind","Reaper+1","Armaments+1","Berserk+1","Inflame","Uppercut+1","Shrug It Off","Metallicize","Impervious","Pommel Strike","Dark Embrace","Wild Strike","Immolate","Rupture","Evolve"],"relics":["Busted Crown","Regal Pillow","FossilizedHelix","Question Card","Toolbox","Sundial","Astrolabe","Happy Flower","Darkstone Periapt","Pandora\u0027s Box","Pantograph"],"acts_visited":["Exordium","TheCity","TheBeyond"],"potions_floor_usage":[36,39,44,44,47],"damage_taken":[{"damage":5.0,"enemies":"2 Louse","floor":1.0,"turns":3.0},{"damage":2.0,"enemies":"Small Slimes","floor":2.0,"turns":3.0},{"damage":1.0,"enemies":"Cultist","floor":5.0,"turns":3.0},{"damage":5.0,"enemies":"Lagavulin","floor":6.0,"turns":7.0},{"damage":29.0,"enemies":"3 Sentries","floor":8.0,"turns":6.0},{"damage":17.0,"enemies":"Gremlin Nob","floor":12.0,"turns":3.0},{"damage":51.0,"enemies":"Hexaghost","floor":16.0,"turns":10.0},{"damage":24.0,"enemies":"Chosen","floor":18.0,"turns":5.0},{"damage":26.0,"enemies":"2 Thieves","floor":20.0,"turns":4.0},{"damage":33.0,"enemies":"Gremlin Leader","floor":24.0,"turns":5.0},{"damage":18.0,"enemies":"Shelled Parasite and Fungi","floor":28.0,"turns":4.0},{"damage":9.0,"enemies":"Cultist and Chosen","floor":29.0,"turns":3.0},{"damage":57.0,"enemies":"Champ","floor":33.0,"turns":11.0},{"damage":16,"enemies":"Orb Walker","floor":35,"turns":4},{"damage":30,"enemies":"3 Shapes","floor":36,"turns":8},{"damage":7,"enemies":"Maw","floor":38,"turns":6},{"damage":30,"enemies":"Sphere and 2 Shapes","floor":39,"turns":4},{"damage":2,"enemies":"3 Darklings","floor":44,"turns":4},{"damage":90,"enemies":"Giant Head","floor":47,"turns":8}],"seed_played":"-6142846305901415554","potions_obtained":[{"floor":2.0,"key":"SkillPotion"},{"floor":5.0,"key":"Energy Potion"},{"floor":8.0,"key":"Fire Potion"},{"floor":16.0,"key":"FearPotion"},{"floor":20.0,"key":"BlessingOfTheForge"},{"floor":24.0,"key":"BlessingOfTheForge"},{"floor":28.0,"key":"Fire Potion"},{"floor":29.0,"key":"BloodPotion"},{"floor":35,"key":"Swift Potion"},{"floor":37,"key":"FearPotion"},{"floor":37,"key":"Strength Potion"},{"floor":37,"key":"SteroidPotion"},{"floor":39,"key":"Block Potion"}],"is_trial":false,"path_per_floor":["M","M","?","?","M","E","R","E","T","R","$","E","?","?","R","B",null,"M","?","M","$","?","R","E","R","T","R","M","M","?","$","R","B",null,"M","M","?","M","M","R","?","$","T","M","?","?","E"],"character_chosen":"IRONCLAD","items_purchased":["Clothesline","Toolbox","Inflame","Metallicize","Rupture"],"campfire_rested":4,"item_purchase_floors":[11,11,21,31,42],"current_hp_per_floor":[67,65,54,80,79,74,74,45,45,45,45,28,28,28,67,16,64,47,47,33,33,33,72,49,49,49,49,31,39,24,24,64,31,72,66,56,56,49,33,73,73,73,73,71,71,71,0,0],"gold":99,"neow_bonus":"BOSS_RELIC","is_daily":false,"chose_seed":false,"campfire_upgraded":4,"win_rate":0.0,"timestamp":1609314887,"path_taken":["M","M","?","?","M","E","R","E","T","R","$","E","?","?","R","BOSS","M","?","M","$","?","R","E","R","T","R","M","M","?","$","R","BOSS","M","M","?","M","?","R","?","$","T","M","?","?","E"],"items_purchased_type":["Card","Relic","Card","Card","Card"],"build_version":"2020-12-22","purchased_purges":1,"victory":false,"max_hp_per_floor":[80,80,80,80,80,80,80,80,80,80,80,80,80,80,80,80,80,80,80,80,80,80,80,80,80,80,80,80,80,85,85,85,85,85,85,85,85,85,85,85,85,85,85,85,81,81,81,81],"relic_stats":{"Darkstone Periapt":0,"Regal Pillow":60,"Busted Crown":36,"Happy Flower":[17],"counters":[19,101],"Sundial":[16],"Astrolabe":["Armaments","Berserk","Intimidate"],"Pantograph":0,"Pandora\u0027s Box":["Pommel Strike","Dark Embrace","Wild Strike","Immolate"],"Question Card":13,"obtain_stats":[{"Darkstone Periapt":26,"Regal Pillow":6,"Busted Crown":0,"Happy Flower":24,"Sundial":12,"Astrolabe":17,"Pantograph":43,"Toolbox":11,"Pandora\u0027s Box":34,"Question Card":9,"Burning Blood":0,"FossilizedHelix":8},{"Darkstone Periapt":10,"Regal Pillow":4,"Busted Crown":0,"Happy Flower":10,"Sundial":6,"Astrolabe":7,"Pantograph":17,"Toolbox":5,"Pandora\u0027s Box":13,"Question Card":5,"Burning Blood":0,"FossilizedHelix":5},{"Darkstone Periapt":49,"Regal Pillow":16,"Busted Crown":0,"Happy Flower":49,"Sundial":25,"Astrolabe":35,"Pantograph":89,"Toolbox":22,"Pandora\u0027s Box":67,"Question Card":22,"Burning Blood":0,"FossilizedHelix":22}]},"card_choices":[{"not_picked":[],"picked":"Headbutt","floor":1.0},{"not_picked":["Searing Blow"],"picked":"SKIP","floor":2.0},{"not_picked":["Headbutt"],"picked":"SKIP","floor":5.0},{"not_picked":[],"picked":"Combust","floor":6.0},{"not_picked":["Iron Wave"],"picked":"SKIP","floor":8.0},{"not_picked":["Flex"],"picked":"Whirlwind","floor":12.0},{"not_picked":["Brutality"],"picked":"Reaper","floor":16.0},{"not_picked":["Clash+1","Flex"],"picked":"SKIP","floor":18.0},{"not_picked":["Heavy Blade","Headbutt"],"picked":"SKIP","floor":20.0},{"not_picked":["Iron Wave"],"picked":"Uppercut","floor":24.0},{"not_picked":["Searing Blow"],"picked":"Shrug It Off","floor":28.0},{"not_picked":["Havoc+1","Intimidate+1"],"picked":"SKIP","floor":29.0},{"not_picked":["Juggernaut"],"picked":"Impervious","floor":33.0},{"not_picked":["True Grit","Clash+1"],"picked":"SKIP","floor":35},{"not_picked":["Clothesline","Dark Embrace+1"],"picked":"SKIP","floor":36},{"not_picked":["Thunderclap","Searing Blow"],"picked":"SKIP","floor":38},{"not_picked":["Perfected Strike","Clash+1"],"picked":"SKIP","floor":39},{"not_picked":["Thunderclap+1"],"picked":"Evolve","floor":44}],"player_experience":438246,"relics_obtained":[{"floor":6.0,"key":"Regal Pillow"},{"floor":8.0,"key":"FossilizedHelix"},{"floor":9.0,"key":"Question Card"},{"floor":12.0,"key":"Sundial"},{"floor":24.0,"key":"Happy Flower"},{"floor":26.0,"key":"Darkstone Periapt"},{"floor":43,"key":"Pantograph"}],"event_choices":[{"damage_healed":0.0,"max_hp_gain":0.0,"max_hp_loss":0.0,"gold_gain":75.0,"event_name":"World of Goop","player_choice":"Gather Gold","floor":3.0,"gold_loss":0.0,"damage_taken":11.0},{"damage_healed":26.0,"max_hp_gain":0.0,"max_hp_loss":0.0,"gold_gain":0.0,"event_name":"Big Fish","player_choice":"Banana","floor":4.0,"gold_loss":0.0,"damage_taken":0.0},{"damage_healed":0.0,"max_hp_gain":0.0,"max_hp_loss":0.0,"gold_gain":0.0,"event_name":"Golden Idol","player_choice":"Ignored","floor":13.0,"gold_loss":0.0,"damage_taken":0.0},{"damage_healed":0.0,"max_hp_gain":0.0,"max_hp_loss":0.0,"gold_gain":0.0,"event_name":"WeMeetAgain","player_choice":"Ignored","floor":14.0,"gold_loss":0.0,"damage_taken":0.0},{"cards_removed":["Strike_R"],"damage_healed":0.0,"max_hp_gain":0.0,"max_hp_loss":0.0,"gold_gain":0.0,"event_name":"Beggar","player_choice":"Gave Gold","floor":19.0,"gold_loss":75.0,"damage_taken":0.0},{"damage_healed":0.0,"max_hp_gain":0.0,"max_hp_loss":0.0,"gold_gain":0.0,"event_name":"Cursed Tome","player_choice":"Ignored","floor":22.0,"gold_loss":0.0,"damage_taken":0.0},{"damage_healed":0.0,"max_hp_gain":5.0,"max_hp_loss":0.0,"gold_gain":0.0,"event_name":"Forgotten Altar","player_choice":"Shed Blood","floor":30.0,"gold_loss":0.0,"damage_taken":20.0},{"damage_healed":0,"gold_gain":0,"player_choice":"Got Potions","damage_taken":0,"max_hp_gain":0,"max_hp_loss":0,"event_name":"Lab","floor":37,"gold_loss":0},{"damage_healed":0,"gold_gain":0,"player_choice":"Ignored","damage_taken":0,"max_hp_gain":0,"max_hp_loss":0,"event_name":"Tomb of Lord Red Mask","floor":41,"gold_loss":0},{"damage_healed":0,"gold_gain":0,"player_choice":"Max HP","damage_taken":0,"max_hp_gain":0,"max_hp_loss":4,"event_name":"Winding Halls","floor":45,"gold_loss":0},{"cards_removed":["Intimidate"],"damage_healed":0,"gold_gain":0,"player_choice":"Removed Skill","damage_taken":0,"max_hp_gain":0,"max_hp_loss":0,"event_name":"Falling","floor":46,"gold_loss":0}],"is_beta":false,"boss_relics":[{"not_picked":["SlaversCollar","Runic Cube"],"picked":"Astrolabe"},{"not_picked":["SacredBark","Velvet Choker"],"picked":"Pandora\u0027s Box"}],"items_purged_floors":[11],"is_endless":false,"potions_floor_spawned":[2,5,8,16,20,24,28,29,35,39],"killed_by":"Giant Head","ascension_level":8}}