{"host":"foq4mrde4mssg7vt","time":1609357630,"event":{"mods":["AchievementEnabler","BaseMod","Colored Map","Colored Powertips","Highlight Path","Minty Spire (QoL Compilation)","Relic Stats","everything is the same but u backflip on backflip"],"gold_per_floor":[110,122,197,211,224,224,251,251,251,306,306,184,184,214,214,291,291,311,311,323,36,36,71,71,105,105,105,105,120,139,139,139,214,214,227,227,244,257,257,257,284,284,284,384,384,418,432,432,432,432,432],"floor_reached":50,"playtime":2021,"items_purged":["Writhe"],"score":964,"play_id":"09e395f7-cebf-4778-a2b2-3562f2c06c00","local_time":"20201231034710","is_ascension_mode":true,"campfire_choices":[{"data":"Barrage","floor":6.0,"key":"SMITH"},{"data":"Sweeping Beam","floor":8.0,"key":"SMITH"},{"floor":11.0,"key":"REST"},{"floor":15.0,"key":"REST"},{"floor":24.0,"key":"REST"},{"data":"Fission","floor":27.0,"key":"SMITH"},{"data":"Hologram","floor":32.0,"key":"SMITH"},{"data":"Defragment","floor":40.0,"key":"SMITH"},{"floor":42.0,"key":"RECALL"},{"data":"Leap","floor":45.0,"key":"SMITH"},{"data":"Dualcast","floor":49.0,"key":"SMITH"}],"circlet_count":0,"master_deck":["AscendersBane","Strike_B+1","Defend_B+1","Defend_B+1","Defend_B+1","Defend_B+1","Dualcast+1","Sweeping Beam+1","Ball Lightning","Self Repair+1","Barrage+1","Auto Shields","Leap+1","Go for the Eyes+1","Electrodynamics","Beam Cell","Melter","Loop+1","Hologram+1","Echo Form","Coolheaded+1","Loop+1","Defragment+1","Conserve Battery","Shame"],"relics":["Cursed Key","Bird Faced Urn","Turnip","Lizard Tail","Anchor","Empty Cage","Torii","InkBottle","PreservedInsect","Black Star","Thread and Needle","Akabeko","Pantograph","Mercury Hourglass"],"acts_visited":["Exordium","TheCity","TheBeyond"],"potions_floor_usage":[50,50],"damage_taken":[{"damage":5.0,"enemies":"Small Slimes","floor":1.0,"turns":3.0},{"damage":5.0,"enemies":"Cultist","floor":2.0,"turns":4.0},{"damage":4.0,"enemies":"Jaw Worm","floor":4.0,"turns":3.0},{"damage":4.0,"enemies":"Large Slime","floor":5.0,"turns":4.0},{"damage":32.0,"enemies":"Gremlin Nob","floor":7.0,"turns":5.0},{"damage":25.0,"enemies":"Gremlin Nob","floor":10.0,"turns":5.0},{"damage":24.0,"enemies":"Lagavulin","floor":14.0,"turns":9.0},{"damage":25.0,"enemies":"Slime Boss","floor":16.0,"turns":12.0},{"damage":14.0,"enemies":"Shell Parasite","floor":18.0,"turns":6.0},{"damage":0.0,"enemies":"3 Byrds","floor":20.0,"turns":2.0},{"damage":48.0,"enemies":"Book of Stabbing","floor":23.0,"turns":6.0},{"damage":0.0,"enemies":"Gremlin Leader","floor":25.0,"turns":5.0},{"damage":13.0,"enemies":"Sentry and Sphere","floor":29.0,"turns":4.0},{"damage":1.0,"enemies":"Centurion and Healer","floor":30.0,"turns":5.0},{"damage":112.0,"enemies":"Automaton","floor":33.0,"turns":13.0},{"damage":24.0,"enemies":"3 Darklings","floor":35.0,"turns":4.0},{"damage":24.0,"enemies":"Orb Walker","floor":37.0,"turns":5.0},{"damage":9.0,"enemies":"Spire Growth","floor":38.0,"turns":7.0},{"damage":34.0,"enemies":"Nemesis","floor":41.0,"turns":17.0},{"damage":18.0,"enemies":"Reptomancer","floor":46.0,"turns":9.0},{"damage":2.0,"enemies":"Sphere and 2 Shapes","floor":47.0,"turns":7.0},{"damage":80,"enemies":"Awakened One","floor":50,"turns":6}],"seed_played":"-3663158372539836632","potions_obtained":[{"floor":2.0,"key":"Block Potion"},{"floor":10.0,"key":"SkillPotion"},{"floor":16.0,"key":"Swift Potion"},{"floor":23.0,"key":"DistilledChaos"},{"floor":29.0,"key":"Explosive Potion"},{"floor":33.0,"key":"Block Potion"},{"floor":38.0,"key":"GamblersBrew"},{"floor":46.0,"key":"PowerPotion"}],"is_trial":false,"path_per_floor":["M","M","?","M","M","R","E","R","T","?","R","$","?","E","R","B",null,"M","?","M","$","?","E","R","E","T","R","?","M","M","?","R","B",null,"M","?","M","M","?","R","E","R","T","?","R","E","M","?","R","B"],"character_chosen":"DEFECT","items_purchased":["Leap","Torii"],"campfire_rested":3,"item_purchase_floors":[12,21],"current_hp_per_floor":[63,58,51,47,50,50,25,25,25,9,31,31,31,19,41,28,63,63,63,65,65,65,31,53,69,69,69,69,72,75,75,75,23,62,56,56,52,65,65,65,67,67,67,67,67,75,75,71,71,0,0],"gold":432,"neow_bonus":"BOSS_RELIC","is_daily":false,"chose_seed":false,"campfire_upgraded":7,"win_rate":0.0,"timestamp":1609357630,"path_taken":["M","M","?","M","?","R","E","R","T","?","R","$","?","E","R","BOSS","M","?","?","$","?","E","R","E","T","R","?","?","M","?","R","BOSS","M","?","M","?","?","R","E","R","T","?","R","E","?","?","R","BOSS"],"items_purchased_type":["Card","Relic"],"build_version":"2020-12-22","purchased_purges":1,"victory":false,"max_hp_per_floor":[75,75,75,75,75,75,75,75,75,75,75,75,75,75,75,75,75,75,75,75,75,75,75,75,75,75,75,75,75,75,75,75,75,75,75,75,75,75,75,75,75,75,75,75,75,75,75,71,71,71,71],"relic_stats":{"Lizard Tail":37,"Torii":23,"counters":[22,141],"Bird Faced Urn":[106],"Pantograph":0,"Turnip":[27],"PreservedInsect":123,"Black Star":2,"Cursed Key":2,"obtain_stats":[{"Torii":21,"Thread and Needle":41,"PreservedInsect":25,"Cursed Key":0,"Empty Cage":17,"Akabeko":41,"Mercury Hourglass":46,"Lizard Tail":10,"Anchor":14,"Bird Faced Urn":7,"Pantograph":46,"Turnip":9,"Black Star":34,"Cracked Core":0,"InkBottle":23},{"Torii":10,"Thread and Needle":19,"PreservedInsect":12,"Cursed Key":0,"Empty Cage":8,"Akabeko":19,"Mercury Hourglass":20,"Lizard Tail":6,"Anchor":7,"Bird Faced Urn":5,"Pantograph":20,"Turnip":5,"Black Star":15,"Cracked Core":0,"InkBottle":11},{"Torii":53,"Thread and Needle":119,"PreservedInsect":64,"Cursed Key":0,"Empty Cage":45,"Akabeko":119,"Mercury Hourglass":128,"Lizard Tail":24,"Anchor":33,"Bird Faced Urn":19,"Pantograph":128,"Turnip":19,"Black Star":86,"Cracked Core":0,"InkBottle":59}],"InkBottle":[31],"Mercury Hourglass":[56]},"card_choices":[{"not_picked":["Rebound","Stack"],"picked":"Sweeping Beam","floor":1.0},{"not_picked":["Leap","Conserve Battery"],"picked":"Ball Lightning","floor":2.0},{"not_picked":["Redo","Sweeping Beam"],"picked":"Self Repair","floor":4.0},{"not_picked":["Beam Cell","Go for the Eyes"],"picked":"Barrage","floor":5.0},{"not_picked":["Melter","Machine Learning"],"picked":"Auto Shields","floor":7.0},{"not_picked":["Gash","Hologram"],"picked":"Go for the Eyes","floor":14.0},{"not_picked":["Core Surge","Rainbow"],"picked":"Electrodynamics","floor":16.0},{"not_picked":["Streamline","Turbo"],"picked":"Beam Cell","floor":18.0},{"not_picked":["Barrage","Beam Cell","Steam"],"picked":"SKIP","floor":20.0},{"not_picked":["Cold Snap","FTL"],"picked":"Loop+1","floor":23.0},{"not_picked":["Gash","Reprogram"],"picked":"Fission","floor":25.0},{"not_picked":["Scrape","Go for the Eyes","Turbo"],"picked":"SKIP","floor":29.0},{"not_picked":["Darkness","Rebound"],"picked":"Hologram","floor":30.0},{"not_picked":["Hyperbeam","Meteor Strike"],"picked":"Echo Form","floor":33.0},{"not_picked":["Fusion","Skim+1"],"picked":"Coolheaded+1","floor":35.0},{"not_picked":["Fusion+1","Coolheaded+1"],"picked":"Loop+1","floor":37.0},{"not_picked":["Loop","Rebound"],"picked":"Defragment","floor":38.0},{"not_picked":["Turbo","Sweeping Beam"],"picked":"Conserve Battery","floor":41.0},{"not_picked":["Auto Shields","Chill","Turbo+1"],"picked":"SKIP","floor":46.0},{"not_picked":["Storm","Doom and Gloom","Rebound"],"picked":"SKIP","floor":47.0}],"player_experience":331468,"relics_obtained":[{"floor":7.0,"key":"Bird Faced Urn"},{"floor":9.0,"key":"Turnip"},{"floor":10.0,"key":"Lizard Tail"},{"floor":14.0,"key":"Anchor"},{"floor":23.0,"key":"InkBottle"},{"floor":25.0,"key":"PreservedInsect"},{"floor":41.0,"key":"Thread and Needle"},{"floor":41.0,"key":"Akabeko"},{"floor":46.0,"key":"Pantograph"},{"floor":46.0,"key":"Mercury Hourglass"}],"event_choices":[{"damage_healed":0.0,"max_hp_gain":0.0,"max_hp_loss":0.0,"gold_gain":75.0,"event_name":"FaceTrader","player_choice":"Touch","floor":3.0,"gold_loss":0.0,"damage_taken":7.0},{"damage_healed":0.0,"max_hp_gain":0.0,"max_hp_loss":0.0,"gold_gain":30.0,"event_name":"Dead Adventurer","player_choice":"Searched \u00273\u0027 times","floor":10.0,"gold_loss":0.0,"damage_taken":0.0},{"damage_healed":0.0,"max_hp_gain":0.0,"max_hp_loss":0.0,"gold_gain":0.0,"event_name":"Living Wall","player_choice":"Grow","floor":13.0,"gold_loss":0.0,"damage_taken":0.0,"cards_upgraded":["Self Repair"]},{"damage_healed":0.0,"max_hp_gain":0.0,"max_hp_loss":0.0,"gold_gain":0.0,"cards_transformed":["Strike_B"],"event_name":"Transmorgrifier","player_choice":"Transformed","floor":19.0,"gold_loss":0.0,"damage_taken":0.0,"cards_obtained":["Melter"]},{"damage_healed":0.0,"max_hp_gain":0.0,"max_hp_loss":0.0,"gold_gain":0.0,"event_name":"Vampires","player_choice":"Ignored","floor":22.0,"gold_loss":0.0,"damage_taken":0.0},{"damage_healed":0.0,"max_hp_gain":0.0,"max_hp_loss":0.0,"gold_gain":0.0,"event_name":"Upgrade Shrine","player_choice":"Upgraded","floor":28.0,"gold_loss":0.0,"damage_taken":0.0,"cards_upgraded":["Go for the Eyes"]},{"damage_healed":0.0,"max_hp_gain":0.0,"max_hp_loss":0.0,"gold_gain":0.0,"event_name":"Back to Basics","player_choice":"Simplicity","floor":31.0,"gold_loss":0.0,"damage_taken":0.0,"cards_upgraded":["Strike_B","Defend_B","Defend_B","Defend_B","Defend_B"]},{"cards_removed":["Zap"],"damage_healed":0.0,"max_hp_gain":0.0,"max_hp_loss":0.0,"gold_gain":0.0,"event_name":"Purifier","player_choice":"Purged","floor":36.0,"gold_loss":0.0,"damage_taken":0.0},{"cards_removed":["Fission"],"damage_healed":0.0,"max_hp_gain":0.0,"max_hp_loss":0.0,"gold_gain":0.0,"event_name":"Falling","player_choice":"Removed Skill","floor":39.0,"gold_loss":0.0,"damage_taken":0.0},{"damage_healed":0.0,"max_hp_gain":0.0,"max_hp_loss":0.0,"gold_gain":100.0,"event_name":"Golden Shrine","player_choice":"Pray","floor":44.0,"gold_loss":0.0,"damage_taken":0.0},{"damage_healed":0.0,"max_hp_gain":0.0,"max_hp_loss":4.0,"gold_gain":0.0,"event_name":"Winding Halls","player_choice":"Max HP","floor":48.0,"gold_loss":0.0,"damage_taken":0.0}],"is_beta":false,"boss_relics":[{"not_picked":["Runic Dome","Tiny House"],"picked":"Empty Cage"},{"not_picked":["Philosopher\u0027s Stone","Busted Crown"],"picked":"Black Star"}],"items_purged_floors":[12],"is_endless":false,"potions_floor_spawned":[2,10,16,23,29,33,38,46,47],"killed_by":"Awakened One","ascension_level":13}}