{"host":"z9811rt50ti81n54","time":1609296680,"event":{"mods":["BaseMod","Minty Spire (QoL Compilation)","Relic Stats"],"gold_per_floor":[111,31,106,106,16,16,26,52,78,90,90,102,118,135,135,234,234,246,257,182,69,69,69,69,69,69,85,102,117,117,135,135,237,237,254,299,399,441,441,441,474,474,500,530,530,556,556,591,591,591,591,591,30,30,30],"floor_reached":54,"playtime":2244,"items_purged":["Strike_P","Doubt"],"score":762,"play_id":"1f79750e-843a-47ee-a81c-f1a8e5822ef0","local_time":"20201230115120","is_ascension_mode":true,"campfire_choices":[{"data":"MasterReality","floor":6,"key":"SMITH"},{"data":"Eruption","floor":11,"key":"SMITH"},{"data":"MasterReality","floor":15,"key":"SMITH"},{"data":"Vault","floor":23,"key":"SMITH"},{"data":"Wallop","floor":25,"key":"SMITH"},{"floor":30,"key":"REST"},{"floor":32,"key":"REST"},{"floor":40,"key":"REST"},{"floor":42,"key":"REST"},{"floor":45,"key":"REST"},{"floor":49,"key":"RECALL"},{"data":"Wish","floor":52,"key":"SMITH"}],"circlet_count":0,"master_deck":["Defend_P","Defend_P","Defend_P","Eruption+1","Vigilance","MasterReality+1","CarveReality","EmptyBody","TalkToTheHand","EmptyMind","MasterReality+1","JustLucky","FearNoEvil","Wallop+1","InnerPeace","Vault+1","TalkToTheHand","EmptyFist+1","Pray","Necronomicurse","Meditate","Evaluate","Wish+1","Protect+1","DeusExMachina","BattleHymn+1","ThirdEye+1","Study+1","Writhe","Wallop+1","MentalFortress","Violence","Establishment","Vengeance","Conclude"],"relics":["PureWater","Nunchaku","Incense Burner","MealTicket","Philosopher\u0027s Stone","Necronomicon","Mummified Hand","Empty Cage","Oddly Smooth Stone","Calipers","Toy Ornithopter"],"acts_visited":["Exordium","TheCity","TheBeyond","TheEnding"],"potions_floor_usage":[33,33],"damage_taken":[{"damage":0,"enemies":"2 Louse","floor":1,"turns":2},{"damage":0,"enemies":"Small Slimes","floor":7,"turns":3},{"damage":14,"enemies":"Lagavulin","floor":8,"turns":6},{"damage":0,"enemies":"Cultist","floor":10,"turns":2},{"damage":6,"enemies":"Lots of Slimes","floor":12,"turns":3},{"damage":0,"enemies":"Blue Slaver","floor":13,"turns":2},{"damage":0,"enemies":"3 Louse","floor":14,"turns":3},{"damage":2,"enemies":"Slime Boss","floor":16,"turns":8},{"damage":8,"enemies":"Chosen","floor":18,"turns":6},{"damage":9,"enemies":"3 Byrds","floor":19,"turns":6},{"damage":14,"enemies":"Snake Plant","floor":27,"turns":4},{"damage":6,"enemies":"Chosen and Byrds","floor":28,"turns":7},{"damage":0,"enemies":"Centurion and Healer","floor":29,"turns":6},{"damage":15,"enemies":"Snake Plant","floor":31,"turns":3},{"damage":9,"enemies":"Automaton","floor":33,"turns":9},{"damage":27,"enemies":"3 Darklings","floor":35,"turns":7},{"damage":19,"enemies":"Orb Walker","floor":36,"turns":3},{"damage":5,"enemies":"4 Shapes","floor":38,"turns":7},{"damage":4,"enemies":"Reptomancer","floor":41,"turns":5},{"damage":56,"enemies":"Nemesis","floor":44,"turns":7},{"damage":16,"enemies":"Reptomancer","floor":46,"turns":5},{"damage":3,"enemies":"Sphere and 2 Shapes","floor":48,"turns":6},{"damage":45,"enemies":"Donu and Deca","floor":50,"turns":10},{"damage":94,"enemies":"Shield and Spear","floor":54,"turns":7}],"seed_played":"-116785990226384958","potions_obtained":[{"floor":1,"key":"Ambrosia"},{"floor":10,"key":"Weak Potion"},{"floor":14,"key":"Dexterity Potion"},{"floor":16,"key":"BlessingOfTheForge"},{"floor":36,"key":"LiquidBronze"},{"floor":41,"key":"Ancient Potion"}],"is_trial":false,"path_per_floor":["M","$","?","?","$","R","M","E","T","M","R","M","M","M","R","B",null,"M","M","?","$","?","R","?","R","T","M","M","M","R","M","R","B",null,"M","M","?","M","?","R","E","R","T","E","R","E","?","M","R","B",null,"R","$","E"],"character_chosen":"WATCHER","items_purchased":["CarveReality","EmptyBody","TalkToTheHand","Pray","Violence","Establishment","Vengeance","Conclude"],"campfire_rested":5,"item_purchase_floors":[2,5,5,21,53,53,53,53],"current_hp_per_floor":[51,51,40,40,40,40,40,26,26,26,26,20,20,20,20,18,72,64,55,55,70,54,54,54,54,54,40,34,34,55,40,61,52,72,45,26,26,21,39,60,56,72,72,16,37,21,72,69,69,24,72,72,72,0,0],"gold":30,"neow_bonus":"THREE_RARE_CARDS","is_daily":false,"chose_seed":false,"campfire_upgraded":6,"win_rate":0.0,"timestamp":1609296680,"path_taken":["M","$","?","?","$","R","M","E","T","M","R","M","?","M","R","BOSS","M","?","?","$","?","R","?","R","T","M","?","M","R","M","R","BOSS","M","M","?","?","?","R","E","R","T","E","R","E","?","M","R","BOSS","R","$","E"],"items_purchased_type":["Card","Card","Card","Card","Card","Card","Card","Card"],"build_version":"2020-12-22","purchased_purges":2,"victory":false,"max_hp_per_floor":[72,72,72,72,72,72,72,72,72,72,72,72,72,72,72,72,72,72,72,72,72,72,72,72,72,72,72,72,72,72,72,72,72,72,72,72,72,72,72,72,72,72,72,72,72,72,72,72,72,72,72,72,72,72,72],"relic_stats":{"Nunchaku":[31],"counters":[24,127],"Mummified Hand":[54],"MealTicket":15,"Necronomicon":[29],"obtain_stats":[{"Nunchaku":4,"Calipers":44,"Mummified Hand":26,"Oddly Smooth Stone":41,"MealTicket":9,"Philosopher\u0027s Stone":17,"Incense Burner":8,"Necronomicon":22,"PureWater":0,"Empty Cage":34,"Toy Ornithopter":46},{"Nunchaku":1,"Calipers":20,"Mummified Hand":10,"Oddly Smooth Stone":19,"MealTicket":3,"Philosopher\u0027s Stone":8,"Incense Burner":3,"Necronomicon":10,"PureWater":0,"Empty Cage":15,"Toy Ornithopter":21},{"Nunchaku":2,"Calipers":99,"Mummified Hand":41,"Oddly Smooth Stone":92,"MealTicket":11,"Philosopher\u0027s Stone":29,"Incense Burner":11,"Necronomicon":41,"PureWater":0,"Empty Cage":70,"Toy Ornithopter":104}],"Toy Ornithopter":0},"card_choices":[{"not_picked":["SpiritShield","Omniscience"],"picked":"MasterReality","floor":0},{"not_picked":["Sanctity","BowlingBash"],"picked":"CarveReality","floor":1},{"not_picked":["EmptyBody","Evaluate"],"picked":"EmptyMind","floor":7},{"not_picked":["CrushJoints","Evaluate"],"picked":"MasterReality","floor":8},{"not_picked":["SignatureMove","SashWhip"],"picked":"JustLucky","floor":10},{"not_picked":["SignatureMove","FollowUp"],"picked":"FearNoEvil","floor":12},{"not_picked":["Halt","Prostrate"],"picked":"Wallop","floor":13},{"not_picked":["SashWhip","ThirdEye"],"picked":"InnerPeace","floor":14},{"not_picked":["Omniscience","MasterReality"],"picked":"Vault","floor":16},{"not_picked":["Prostrate+1","CutThroughFate"],"picked":"TalkToTheHand","floor":18},{"not_picked":["Prostrate","FlyingSleeves"],"picked":"EmptyFist+1","floor":19},{"not_picked":["Pray","ThirdEye"],"picked":"Meditate","floor":27},{"not_picked":["EmptyFist+1","Collect"],"picked":"Evaluate","floor":28},{"not_picked":["Conclude+1","Evaluate"],"picked":"Wish","floor":29},{"not_picked":["FlurryOfBlows+1","SandsOfTime+1"],"picked":"Protect+1","floor":31},{"not_picked":["Wish","Omniscience"],"picked":"DeusExMachina","floor":33},{"not_picked":["CrushJoints","FearNoEvil"],"picked":"BattleHymn+1","floor":35},{"not_picked":["Evaluate+1","BowlingBash+1"],"picked":"ThirdEye+1","floor":36},{"not_picked":["Consecrate+1","TalkToTheHand+1"],"picked":"Study+1","floor":38},{"not_picked":["Pray","Wish"],"picked":"Wallop+1","floor":41},{"not_picked":["Protect","Weave+1"],"picked":"MentalFortress","floor":44},{"not_picked":["Protect","Fasting2","BowlingBash+1"],"picked":"SKIP","floor":46},{"not_picked":["Crescendo","EmptyFist","Prostrate+1"],"picked":"SKIP","floor":48}],"player_experience":258664,"relics_obtained":[{"floor":8,"key":"Incense Burner"},{"floor":9,"key":"MealTicket"},{"floor":22,"key":"Necronomicon"},{"floor":26,"key":"Mummified Hand"},{"floor":41,"key":"Oddly Smooth Stone"},{"floor":44,"key":"Calipers"},{"floor":46,"key":"Toy Ornithopter"}],"event_choices":[{"damage_healed":0,"gold_gain":75,"player_choice":"Gather Gold","damage_taken":11,"max_hp_gain":0,"max_hp_loss":0,"event_name":"World of Goop","floor":3,"gold_loss":0},{"cards_removed":["CarveReality"],"damage_healed":0,"gold_gain":0,"player_choice":"Gave Card","damage_taken":0,"relics_obtained":["Nunchaku"],"max_hp_gain":0,"max_hp_loss":0,"event_name":"WeMeetAgain","floor":4,"gold_loss":0},{"cards_removed":["Strike_P"],"damage_healed":0,"gold_gain":0,"player_choice":"Gave Gold","damage_taken":0,"max_hp_gain":0,"max_hp_loss":0,"event_name":"Beggar","floor":20,"gold_loss":75},{"damage_healed":0,"gold_gain":0,"player_choice":"Obtained Book","damage_taken":16,"max_hp_gain":0,"max_hp_loss":0,"event_name":"Cursed Tome","floor":22,"gold_loss":0},{"cards_removed":["Strike_P"],"damage_healed":0,"gold_gain":0,"player_choice":"Purged","damage_taken":0,"max_hp_gain":0,"max_hp_loss":0,"event_name":"Purifier","floor":24,"gold_loss":0},{"damage_healed":0,"gold_gain":100,"player_choice":"Pray","damage_taken":0,"max_hp_gain":0,"max_hp_loss":0,"event_name":"Golden Shrine","floor":37,"gold_loss":0},{"damage_healed":18,"gold_gain":0,"player_choice":"Writhe","damage_taken":0,"max_hp_gain":0,"max_hp_loss":0,"event_name":"Winding Halls","floor":39,"gold_loss":0,"cards_obtained":["Writhe"]},{"damage_healed":51,"gold_gain":0,"player_choice":"Heal","damage_taken":0,"max_hp_gain":0,"max_hp_loss":0,"event_name":"MindBloom","floor":47,"gold_loss":0,"cards_obtained":["Doubt"]}],"is_beta":false,"boss_relics":[{"not_picked":["SacredBark","Cursed Key"],"picked":"Philosopher\u0027s Stone"},{"not_picked":["Black Star","Tiny House"],"picked":"Empty Cage"}],"items_purged_floors":[21,53],"is_endless":false,"potions_floor_spawned":[1,10,14,16,19,28,29,36,41,46,48],"killed_by":"Shield and Spear","ascension_level":1}}