{"host":"l8lkgdumzpe3823a","time":1609348437,"event":{"mods":["Always Whale","Aspiration","BaseMod","Beaked The Cultist","Better Note","Clockwork Mod","Colored Powertips","Curses Come First","Custom Start","DeckTracker","Defuse TimeMaze Blight","Highlight Path","Hubris","Infinite Spire","Minty Spire (QoL Compilation)","Quick Restart","Replay The Spire","Shop Mod","StSLib","SuperFastMode","The Construct","The Dragon Tamer","The Servant 0.9.4","vexMod"],"gold_per_floor":[118,118,41,56,66,66,84,119,172,172,186,186,186,198,198,277,277,290,308,308,324,5,5,5,21,21,21,21,37,53,53,53,124,124,139,31,6,6,6],"floor_reached":38,"playtime":1320,"items_purged":[],"score":881,"play_id":"d7bc4a10-1f49-4d8b-a8a3-367a0bb9d812","local_time":"20201230111357","is_ascension_mode":true,"campfire_choices":[{"data":"construct:LaserCore","floor":6,"key":"SMITH"},{"data":"construct:Zapper","floor":13,"key":"SMITH"},{"data":"construct:Zapper+1","floor":15,"key":"SMITH"},{"floor":23,"key":"REST"},{"floor":32,"key":"REST"}],"circlet_count":0,"master_deck":["AscendersBane","construct:Strike_Gold","construct:Strike_Gold","construct:Strike_Gold","construct:Strike_Gold","construct:Strike_Gold","construct:Defend_Gold","construct:Defend_Gold","construct:Defend_Gold","construct:Defend_Gold","construct:Defend_Gold","construct:AttackMode","construct:DefenseMode","construct:Zapper+2","construct:LaserCore+2","construct:Synchronize","construct:Reserves","construct:ElectricArmor","construct:Reinforce","Shame","construct:BatteryCore","construct:FlameCore","construct:Autoturret"],"relics":["construct:ClockworkPhoenix","NeowsBlessing","Ring of Peace","Ring of Misfortune","Akabeko","aspiration:Lifesprig","construct:WeddingRing","Ice Cream","hubris:PeanutButter","hubris:MysteriousPyramids","vexMod:TanglingVine"],"acts_visited":["Exordium","TheCity","TheBeyond"],"potions_floor_usage":[14,18,30,35,38],"damage_taken":[{"damage":0.0,"enemies":"Cultist","floor":1.0,"turns":1.0},{"damage":0.0,"enemies":"2 Louse","floor":4.0,"turns":1.0},{"damage":0.0,"enemies":"Jaw Worm","floor":5.0,"turns":1.0},{"damage":0,"enemies":"Blue Slaver","floor":7,"turns":4},{"damage":10,"enemies":"Gremlin Nob","floor":8,"turns":4},{"damage":8,"enemies":"Exordium Thugs","floor":11,"turns":7},{"damage":6,"enemies":"3 Louse","floor":14,"turns":3},{"damage":0,"enemies":"Fading Forest","floor":16,"turns":11},{"damage":10,"enemies":"3 Byrds","floor":18,"turns":5},{"damage":1,"enemies":"Spheric Guardian","floor":19,"turns":7},{"damage":43,"enemies":"Cultist and Chosen","floor":21,"turns":8},{"damage":19,"enemies":"Snecko","floor":25,"turns":7},{"damage":0,"enemies":"Snake Plant","floor":29,"turns":4},{"damage":14,"enemies":"Cultist and Chosen","floor":30,"turns":9},{"damage":6,"enemies":"hubris:MusketHawk","floor":33,"turns":10},{"damage":43,"enemies":"Orb Walker","floor":35,"turns":7},{"damage":37,"enemies":"3 Shapes","floor":38,"turns":3}],"seed_played":"5168768717390315311","potions_obtained":[{"floor":1.0,"key":"BlessingOfTheForge"},{"floor":4.0,"key":"Fire Potion"},{"floor":14,"key":"Weak Potion"},{"floor":19,"key":"BlessingOfTheForge"},{"floor":29,"key":"AttackPotion"},{"floor":35,"key":"Adrenaline Potion"}],"is_trial":false,"path_per_floor":["M","?","$","M","M","R","M","E","T","?","M","?","R","M","R","B",null,"M","M","?","M","$","R","$","M","T","?","?","M","M","T","R","B",null,"M","$","?","M"],"character_chosen":"THE_CONSTRUCT_MOD","items_purchased":["construct:LaserCore","Ice Cream","construct:FlameCore","construct:Autoturret"],"campfire_rested":2,"item_purchase_floors":[3,22,36,36],"current_hp_per_floor":[72,72,72,72,72,72,72,62,62,62,54,54,54,48,48,48,72,62,61,55,12,12,36,36,17,17,33,33,33,19,19,43,37,69,26,26,26,0,0],"gold":6,"neow_bonus":"THREE_ENEMY_KILL","is_daily":false,"chose_seed":false,"campfire_upgraded":3,"win_rate":0.0,"timestamp":1609348437,"path_taken":["M","?","$","M","M","R","M","E","T","?","?","?","R","M","R","BOSS","M","M","?","M","$","R","?","M","T","?","?","M","M","?","R","BOSS","M","$","?","M"],"items_purchased_type":["Card","Relic","Card","Card"],"build_version":"2020-12-22","purchased_purges":0,"victory":false,"max_hp_per_floor":[80,80,80,80,80,80,80,80,80,80,80,80,80,80,80,80,80,80,80,80,80,80,80,80,80,80,80,80,80,80,80,80,80,80,80,80,80,80,80],"card_choices":[{"not_picked":["construct:CriticalHit","construct:ScrapCannon"],"picked":"construct:Zapper","floor":1.0},{"not_picked":["construct:Construct_Overclock","construct:Reinforce","construct:FocusedBeam"],"picked":"SKIP","floor":4.0},{"not_picked":["construct:ShiftStrike","construct:Versatility"],"picked":"construct:Synchronize","floor":5.0},{"not_picked":["construct:ChargeShot","construct:SuppressiveFire","construct:HeavyBolt"],"picked":"SKIP","floor":7},{"not_picked":["construct:Forcefield","construct:Reinforce","construct:QuickAttack"],"picked":"SKIP","floor":8},{"not_picked":["construct:Dampening","construct:VentSteam","construct:SyphonStrike"],"picked":"SKIP","floor":11},{"not_picked":["construct:Autoturret","construct:ModeShift","construct:Backfire"],"picked":"SKIP","floor":14},{"not_picked":["construct:ClockworkEgg","construct:GoldenBullet"],"picked":"construct:Reserves","floor":16},{"not_picked":["construct:PowerUp","construct:QuickAttack"],"picked":"construct:ElectricArmor","floor":18},{"not_picked":["construct:UnbalancingBlast","construct:SaveState","construct:HeavyBolt"],"picked":"SKIP","floor":19},{"not_picked":["construct:Impenetrable","construct:SyphonStrike","construct:Analyze"],"picked":"SKIP","floor":21},{"not_picked":["construct:ModeShift","construct:Backfire"],"picked":"construct:Reinforce","floor":25},{"not_picked":["construct:Synchronize+1","construct:VentSteam","construct:HardReboot"],"picked":"SKIP","floor":29},{"not_picked":["construct:FocusedBeam","construct:Backfire","construct:Enhance"],"picked":"SKIP","floor":30},{"not_picked":["construct:Reserves","construct:LongRangeLance"],"picked":"construct:BatteryCore","floor":33},{"not_picked":["construct:ModeShift+1","construct:ClusterMines","construct:Boost"],"picked":"SKIP","floor":35}],"player_experience":717956,"relics_obtained":[{"floor":2.0,"key":"Ring of Peace"},{"floor":2.0,"key":"Ring of Misfortune"},{"floor":8,"key":"Akabeko"},{"floor":9,"key":"aspiration:Lifesprig"},{"floor":26,"key":"hubris:PeanutButter"},{"floor":31,"key":"hubris:MysteriousPyramids"}],"event_choices":[{"cards_removed":["Looming Evil"],"damage_healed":0,"gold_gain":0,"player_choice":"Purged","damage_taken":0,"max_hp_gain":0,"max_hp_loss":0,"event_name":"Purifier","floor":10,"gold_loss":0},{"damage_healed":0,"gold_gain":0,"player_choice":"Grow","damage_taken":0,"max_hp_gain":0,"max_hp_loss":0,"event_name":"Living Wall","floor":12,"gold_loss":0,"cards_upgraded":["construct:LaserCore"]},{"damage_healed":0,"gold_gain":0,"player_choice":"","damage_taken":6,"max_hp_gain":0,"max_hp_loss":0,"event_name":"Knowing Skull","floor":20,"potions_obtained":[],"gold_loss":0,"cards_obtained":[]},{"damage_healed":16,"gold_gain":0,"player_choice":"Heal","damage_taken":0,"max_hp_gain":0,"max_hp_loss":0,"event_name":"The Library","floor":27,"gold_loss":0}],"is_beta":false,"boss_relics":[{"not_picked":["Abe\u0027s Treasure","vexMod:NewClearReactor"],"picked":"construct:WeddingRing"},{"not_picked":["vexMod:RockOfEvil","aspiration:RunicSpoon"],"picked":"vexMod:TanglingVine"}],"items_purged_floors":[],"is_endless":false,"potions_floor_spawned":[1,4,14,16,19,21,29,35],"killed_by":"3 Shapes","ascension_level":17}}