{"host":"c5j8t0wyh2hvx9ju","time":1609323918,"event":{"mods":["Astrologer","BaseMod","BetterRewards","HololiveMod","Minty Spire (QoL Compilation)","Prisma Mod","StSLib"],"gold_per_floor":[110,128,141,141,154,187,187,202,202,53,94,115,80,80,80,201,201,222,241,166,180,203,203,237,237,237,336,336,9,9,34,34,160,160,184,203,221,241,241,282,282,282,306,369,369,403,403,428,428,428,428],"floor_reached":50,"playtime":3312,"items_purged":[],"score":767,"play_id":"e3a10346-124a-46cf-8894-39229e2f1326","local_time":"20201230192518","is_ascension_mode":true,"campfire_choices":[{"data":"Eruption","floor":7.0,"key":"SMITH"},{"data":"Vengeance","floor":15.0,"key":"SMITH"},{"data":"Crescendo","floor":23.0,"key":"SMITH"},{"floor":25.0,"key":"REST"},{"data":"Vault","floor":30.0,"key":"SMITH"},{"data":"Meditate","floor":32.0,"key":"SMITH"},{"data":"Vault","floor":42,"key":"SMITH"},{"floor":49,"key":"REST"}],"circlet_count":0,"master_deck":["Strike_P","Defend_P","Defend_P","Eruption+1","Vigilance","Vengeance+1","Bandage Up","FearNoEvil","Perseverance","FlurryOfBlows","ForeignInfluence","Halt","Vault+1","Crescendo+1","DeusExMachina","SashWhip","Halt","FlurryOfBlows","Alpha","Wireheading+1","Indignation+1","Indignation+1","Tantrum","InnerPeace+1","FlurryOfBlows","Meditate+1","Vault+1","Madness+1","Madness+1","Finesse+1","Bandage Up+1","Scrawl+1"],"relics":["PureWater","Golden Idol","Matryoshka","Bag of Preparation","Hololive_LightStick","Orrery","The Courier","Astrolabe","Potion Belt","Pear","Thread and Needle","Ice Cream","Busted Crown","Toxic Egg 2","Bronze Scales","Turnip","Kunai"],"acts_visited":["Exordium","TheCity","TheBeyond"],"potions_floor_usage":[33,33,37,37,40,44],"damage_taken":[{"damage":1.0,"enemies":"Jaw Worm","floor":1.0,"turns":4.0},{"damage":8.0,"enemies":"2 Louse","floor":2.0,"turns":3.0},{"damage":0.0,"enemies":"Small Slimes","floor":3.0,"turns":2.0},{"damage":11.0,"enemies":"Blue Slaver","floor":5.0,"turns":3.0},{"damage":18.0,"enemies":"Lagavulin","floor":6.0,"turns":5.0},{"damage":11.0,"enemies":"Large Slime","floor":8.0,"turns":6.0},{"damage":0.0,"enemies":"Gremlin Nob","floor":11.0,"turns":2.0},{"damage":0.0,"enemies":"Looter","floor":12.0,"turns":2.0},{"damage":32.0,"enemies":"Hexaghost","floor":16.0,"turns":11.0},{"damage":22.0,"enemies":"3 Byrds","floor":18.0,"turns":5.0},{"damage":0.0,"enemies":"Spheric Guardian","floor":19.0,"turns":3.0},{"damage":20.0,"enemies":"Snake Plant","floor":21.0,"turns":4.0},{"damage":0.0,"enemies":"Chosen and Byrds","floor":22.0,"turns":5.0},{"damage":29.0,"enemies":"Slavers","floor":24.0,"turns":5.0},{"damage":0.0,"enemies":"3 Cultists","floor":31.0,"turns":4.0},{"damage":7,"enemies":"Collector","floor":33,"turns":5},{"damage":0,"enemies":"3 Shapes","floor":35,"turns":4},{"damage":0,"enemies":"Orb Walker","floor":36,"turns":3},{"damage":1,"enemies":"Spire Growth","floor":37,"turns":5},{"damage":15,"enemies":"Maw","floor":38,"turns":8},{"damage":21,"enemies":"Reptomancer","floor":40,"turns":7},{"damage":0,"enemies":"Mind Bloom Boss Battle","floor":44,"turns":5},{"damage":46,"enemies":"Giant Head","floor":46,"turns":8},{"damage":0,"enemies":"4 Shapes","floor":48,"turns":3},{"damage":48,"enemies":"Time Eater","floor":50,"turns":3}],"seed_played":"-8584629388481111168","potions_obtained":[{"floor":2.0,"key":"Fire Potion"},{"floor":5.0,"key":"SkillPotion"},{"floor":12.0,"key":"SpeedPotion"},{"floor":31.0,"key":"GamblersBrew"},{"floor":33,"key":"ColorlessPotion"},{"floor":36,"key":"LiquidBronze"},{"floor":37,"key":"DuplicationPotion"},{"floor":38,"key":"Strength Potion"},{"floor":44,"key":"Fruit Juice"},{"floor":48,"key":"AttackPotion"}],"is_trial":false,"path_per_floor":["M","M","M","?","M","E","R","M","T","$","E","M","?","?","R","B",null,"M","M","?","M","M","R","E","R","T","?","?","$","R","M","R","B",null,"M","M","M","M","?","E","?","R","T","?","?","E","?","M","R","B"],"character_chosen":"WATCHER","items_purchased":["Vengeance","Bandage Up","Strength Potion","Orrery","Ice Cream","FlurryOfBlows","Strength Potion"],"campfire_rested":2,"item_purchase_floors":[0,0,0,10,29,29,29],"current_hp_per_floor":[71,67,71,53,46,32,32,25,25,25,29,29,47,47,47,19,72,50,50,50,34,38,38,13,34,44,44,44,44,44,48,48,45,82,82,82,81,70,70,53,43,43,43,52,42,6,6,10,36,0,0],"gold":428,"neow_bonus":"","is_daily":false,"chose_seed":false,"campfire_upgraded":6,"win_rate":0.0,"timestamp":1609323918,"path_taken":["M","M","M","?","M","E","R","M","T","$","E","M","?","?","R","BOSS","M","M","?","M","M","R","E","R","T","?","?","$","R","M","R","BOSS","M","M","M","M","?","E","?","R","T","?","?","E","?","M","R","BOSS"],"items_purchased_type":["Card","Card","Potion","Relic","Relic","Card","Potion"],"build_version":"2020-12-22","purchased_purges":0,"victory":false,"max_hp_per_floor":[72,72,72,72,72,72,72,72,72,72,72,72,72,72,72,72,72,72,72,72,72,72,72,72,72,82,82,82,82,82,82,82,82,82,82,82,82,82,82,82,82,82,82,87,87,87,87,87,87,87,87],"card_choices":[{"not_picked":["JustLucky","BowlingBash"],"picked":"FearNoEvil","floor":1.0},{"not_picked":["InnerPeace","FlyingSleeves"],"picked":"Perseverance","floor":2.0},{"not_picked":["ClearTheMind","CutThroughFate"],"picked":"FlurryOfBlows","floor":3.0},{"not_picked":["JustLucky","CarveReality"],"picked":"ForeignInfluence","floor":5.0},{"not_picked":["CarveReality","Nirvana"],"picked":"Halt","floor":6.0},{"not_picked":["Collect","InnerPeace"],"picked":"Vault","floor":8.0},{"not_picked":["WheelKick","Evaluate"],"picked":"Crescendo","floor":10.0},{"not_picked":["Evaluate","ThirdEye"],"picked":"DeusExMachina","floor":10.0},{"not_picked":["BowlingBash","Perseverance"],"picked":"SashWhip","floor":10.0},{"not_picked":["JustLucky","FlyingSleeves"],"picked":"Halt","floor":10.0},{"not_picked":["PathToVictory","Devotion"],"picked":"FlurryOfBlows","floor":10.0},{"not_picked":["EmptyFist","FlyingSleeves","JustLucky"],"picked":"SKIP","floor":11.0},{"not_picked":["Swivel","FearNoEvil","BowlingBash"],"picked":"SKIP","floor":12.0},{"not_picked":["Vault","DeusExMachina"],"picked":"Alpha","floor":16.0},{"not_picked":["Indignation+1","Prostrate"],"picked":"Tantrum","floor":18.0},{"not_picked":["Crescendo","Wireheading","CrushJoints"],"picked":"SKIP","floor":19.0},{"not_picked":["CrushJoints+1","Protect","ThirdEye"],"picked":"SKIP","floor":21.0},{"not_picked":["PathToVictory+1","FlyingSleeves"],"picked":"InnerPeace+1","floor":22.0},{"not_picked":["ThirdEye","ClearTheMind","Protect"],"picked":"SKIP","floor":24.0},{"not_picked":["FlurryOfBlows","Sanctity"],"picked":"Meditate","floor":31.0},{"not_picked":["Devotion","SpiritShield"],"picked":"Vault","floor":33},{"not_picked":["PathToVictory"],"picked":"SKIP","floor":35},{"not_picked":["Halt+1"],"picked":"SKIP","floor":36},{"not_picked":["FlyingSleeves"],"picked":"SKIP","floor":37},{"not_picked":["EmptyFist"],"picked":"SKIP","floor":38},{"not_picked":["BowlingBash"],"picked":"SKIP","floor":40},{"not_picked":[],"picked":"Finesse+1","floor":45},{"not_picked":[],"picked":"Bandage Up+1","floor":45},{"not_picked":[],"picked":"Scrawl+1","floor":46},{"not_picked":["Study"],"picked":"SKIP","floor":48}],"player_experience":880061,"relics_obtained":[{"floor":6.0,"key":"Matryoshka"},{"floor":9.0,"key":"Bag of Preparation"},{"floor":9.0,"key":"Hololive_LightStick"},{"floor":11.0,"key":"The Courier"},{"floor":24.0,"key":"Potion Belt"},{"floor":26.0,"key":"Pear"},{"floor":26.0,"key":"Thread and Needle"},{"floor":40,"key":"Toxic Egg 2"},{"floor":43,"key":"Bronze Scales"},{"floor":44,"key":"Turnip"},{"floor":46,"key":"Kunai"}],"event_choices":[{"damage_healed":0.0,"max_hp_gain":0.0,"max_hp_loss":0.0,"gold_gain":0.0,"event_name":"Golden Idol","player_choice":"Take Damage","floor":4.0,"gold_loss":0.0,"damage_taken":18.0,"relics_obtained":["Golden Idol"]},{"damage_healed":18.0,"max_hp_gain":0.0,"max_hp_loss":0.0,"gold_gain":0.0,"event_name":"The Cleric","player_choice":"Healed","floor":13.0,"gold_loss":35.0,"damage_taken":0.0},{"damage_healed":0.0,"max_hp_gain":0.0,"max_hp_loss":0.0,"gold_gain":0.0,"cards_transformed":["Defend_P"],"event_name":"Living Wall","player_choice":"Change","floor":14.0,"gold_loss":0.0,"damage_taken":0.0,"cards_obtained":["Nirvana"]},{"cards_removed":["Defend_P"],"damage_healed":0.0,"max_hp_gain":0.0,"max_hp_loss":0.0,"gold_gain":0.0,"event_name":"Beggar","player_choice":"Gave Gold","floor":20.0,"gold_loss":75.0,"damage_taken":0.0},{"damage_healed":0.0,"max_hp_gain":0.0,"max_hp_loss":0.0,"gold_gain":99.0,"event_name":"Nest","player_choice":"Stole From Cult","floor":27.0,"gold_loss":0.0,"damage_taken":0.0},{"damage_healed":0.0,"max_hp_gain":0.0,"max_hp_loss":0.0,"gold_gain":0.0,"event_name":"Vampires","player_choice":"Ignored","floor":28.0,"gold_loss":0.0,"damage_taken":0.0},{"cards_removed":["Nirvana"],"damage_healed":0,"gold_gain":0,"player_choice":"Removed Power","damage_taken":0,"max_hp_gain":0,"max_hp_loss":0,"event_name":"Falling","floor":39,"gold_loss":0},{"damage_healed":0,"gold_gain":0,"player_choice":"Embrace Madness","damage_taken":10,"max_hp_gain":0,"max_hp_loss":0,"event_name":"Winding Halls","floor":41,"gold_loss":0,"cards_obtained":["Madness","Madness"]},{"damage_healed":0,"gold_gain":0,"player_choice":"Fight","damage_taken":0,"max_hp_gain":0,"max_hp_loss":0,"event_name":"MindBloom","floor":44,"gold_loss":0},{"damage_healed":0,"gold_gain":0,"player_choice":"Memory 3","damage_taken":10,"max_hp_gain":0,"max_hp_loss":0,"event_name":"SensoryStone","floor":45,"gold_loss":0},{"damage_healed":0,"gold_gain":0,"player_choice":"Ignored","damage_taken":0,"max_hp_gain":0,"max_hp_loss":0,"event_name":"Tomb of Lord Red Mask","floor":47,"gold_loss":0}],"is_beta":false,"boss_relics":[{"not_picked":["Calling Bell","Tiny House"],"picked":"Astrolabe"},{"not_picked":["Coffee Dripper","Pandora\u0027s Box"],"picked":"Busted Crown"}],"items_purged_floors":[],"is_endless":false,"potions_floor_spawned":[2,5,12,31,33,36,37,38,44,48],"killed_by":"Time Eater","ascension_level":1}}