{"host":"fo1pcjb7ykmk7tjo","time":1609362892,"event":{"mods":["BaseMod","Colored Map","Downfall","Hermit","Hubris","Infinite Spire","Marisa????????","Minty Spire (QoL Compilation)","Replay The Spire","StSLib","The Disciple","The Servant 0.9.4"],"gold_per_floor":[361,376,376,376,37,68,68,85,85,85,100,111,111,61,61,157,257,273,78,78,98,117,117,130,142,169,202,212,212,228,263,263,359,359,375,375,375,375],"floor_reached":37,"playtime":2821,"items_purged":["hermit:Strike_Hermit"],"score":436,"play_id":"c48533db-af9f-4bed-a531-befb234e7ce4","local_time":"20201230221452","is_ascension_mode":false,"campfire_choices":[{"data":"infinitespire:TheBestDefense","floor":10,"key":"SMITH"},{"data":"hermit:Coalescence","floor":13,"key":"SMITH"},{"data":"hermit:Desperado","floor":15,"key":"SMITH"},{"floor":23,"key":"REST"},{"data":"hermit:Gestalt","floor":32,"key":"SMITH"}],"circlet_count":0,"master_deck":["hermit:Strike_Hermit","hermit:Strike_Hermit","hermit:Strike_Hermit","hermit:Defend_Hermit+1","hermit:Defend_Hermit","hermit:Defend_Hermit","hermit:Defend_Hermit","hermit:Snapshot","hermit:Covet","Defend_MRS","hermit:Defend_Hermit","hermit:Desperado+1","infinitespire:TheBestDefense+1","hermit:Coalescence+1","hermit:Gestalt+1","SporeBomb","Cold Snap","expansioncontent:GuardianWhirl+1","MysteriousBeam+1","MoonPhase+1","Ball Lightning","6A","DoubleEdge","Cold Snap","Bludgeon"],"relics":["hermit:Momento","hubris:Towel","Durian","Gremlin Food","PrismaticShard","InkBottle","Replay:Wanted Poster","BargainBundle","ReplayFunnel","HornCleat","Mercury Hourglass","Lantern","Coffee Dripper"],"acts_visited":["Exordium","TheCity","TheBeyond"],"potions_floor_usage":[20,37],"damage_taken":[{"damage":0,"enemies":"Jaw Worm","floor":1,"turns":4},{"damage":7,"enemies":"Small Slimes","floor":2,"turns":3},{"damage":10,"enemies":"3 Sentries","floor":6,"turns":11},{"damage":0,"enemies":"Cultist","floor":8,"turns":5},{"damage":0,"enemies":"Lots of Slimes","floor":11,"turns":5},{"damage":0,"enemies":"Looter","floor":12,"turns":2},{"damage":1,"enemies":"Fading Forest","floor":16,"turns":11},{"damage":3,"enemies":"2 Thieves","floor":18,"turns":5},{"damage":5,"enemies":"Shell Parasite","floor":21,"turns":6},{"damage":5,"enemies":"Snecko","floor":22,"turns":10},{"damage":9,"enemies":"Snake Plant","floor":24,"turns":7},{"damage":2,"enemies":"Shelled Parasite and Fungi","floor":25,"turns":2},{"damage":17,"enemies":"Slavers","floor":27,"turns":5},{"damage":0,"enemies":"Snecko","floor":28,"turns":3},{"damage":0,"enemies":"Centurion and Healer","floor":30,"turns":5},{"damage":0,"enemies":"Nightmare","floor":31,"turns":7},{"damage":1,"enemies":"Automaton","floor":33,"turns":9},{"damage":2,"enemies":"3 Darklings","floor":35,"turns":4},{"damage":51,"enemies":"Orin","floor":37,"turns":12}],"seed_played":"-2051515363959601727","potions_obtained":[{"floor":1,"key":"Energy Potion"},{"floor":11,"key":"Regen Potion"},{"floor":16,"key":"Block Potion"},{"floor":20,"key":"Fruit Juice"},{"floor":20,"key":"Flashbang"},{"floor":33,"key":"PowerPotion"}],"is_trial":false,"path_per_floor":["M","M","?","?","$","E","?","M","T","R","M","M","R","?","R","B",null,"M","$","?","M","M","R","M","M","T","E","M","AVR","M","NM","R","B",null,"M","$","?"],"character_chosen":"HERMIT","items_purchased":["Durian","hermit:Coalescence","BargainBundle"],"campfire_rested":1,"item_purchase_floors":[5,5,19],"current_hp_per_floor":[75,68,68,49,54,44,44,44,44,44,44,44,44,44,44,43,80,77,77,82,77,72,85,76,74,74,57,57,57,57,57,57,56,85,83,83,32,32],"gold":375,"neow_bonus":"TWO_FIFTY_GOLD","is_daily":false,"chose_seed":false,"campfire_upgraded":4,"win_rate":0.0,"timestamp":1609362892,"path_taken":["M","M","?","?","?","E","?","?","T","R","M","M","R","?","R","BOSS","M","$","?","M","?","R","M","M","T","E","M","AVR","M","NM","R","BOSS","M","?","?"],"items_purchased_type":["Relic","Card","Relic"],"build_version":"2020-12-22","purchased_purges":1,"victory":false,"max_hp_per_floor":[75,75,75,75,80,80,80,80,80,80,80,80,80,80,80,80,80,80,80,85,85,85,85,85,85,85,85,85,85,85,85,85,85,85,85,85,85,85],"card_choices":[{"not_picked":["hermit:LoneWolf","hermit:HoleUp"],"picked":"hermit:Desperado","floor":1},{"not_picked":["hermit:Ricochet","hermit:Misfire","hermit:Snipe"],"picked":"SKIP","floor":2},{"not_picked":["infinitespire:FinalStrike","ReplayTheSpireMod:Haul"],"picked":"infinitespire:TheBestDefense","floor":4},{"not_picked":["hermit:Feint","hermit:Snipe"],"picked":"hermit:Gestalt","floor":6},{"not_picked":["Slimebound:LeechingTouch","Slimebound:GrowthPunch"],"picked":"SporeBomb","floor":8},{"not_picked":["Guardian:ShieldCharger","Guardian:Gem_Blue","champ:AdrenalArmor"],"picked":"SKIP","floor":11},{"not_picked":["hexamod:GhostOfSpireFuture","Prostrate"],"picked":"Cold Snap","floor":12},{"not_picked":["Cleave","sneckomod:IronFang+1"],"picked":"expansioncontent:GuardianWhirl+1","floor":18},{"not_picked":["Guardian:Emergency","DoubleSpark","Blood for Blood"],"picked":"SKIP","floor":21},{"not_picked":["champ:BladeFlurry","Undo","Prepared"],"picked":"SKIP","floor":22},{"not_picked":["Slimebound:SplitMire","Body Slam+1"],"picked":"MysteriousBeam+1","floor":24},{"not_picked":["Clash+1","Flechettes"],"picked":"MoonPhase+1","floor":25},{"not_picked":["hexamod:EmpoweredFlame","hermit:Glare"],"picked":"Ball Lightning","floor":27},{"not_picked":["hermit:Glare","Run Through"],"picked":"6A","floor":28},{"not_picked":["FastForward","champ:CrookedStrike"],"picked":"DoubleEdge","floor":30},{"not_picked":["hexamod:Hexaguard","The Bomb"],"picked":"Cold Snap","floor":31},{"not_picked":["Meteor Strike","Secret Weapon"],"picked":"Bludgeon","floor":33},{"not_picked":["GalacticHalo+1","Steam+1","Slimebound:Dissolve+1"],"picked":"SKIP","floor":35}],"player_experience":176566,"relics_obtained":[{"floor":6,"key":"Gremlin Food"},{"floor":9,"key":"InkBottle"},{"floor":26,"key":"ReplayFunnel"},{"floor":27,"key":"HornCleat"},{"floor":31,"key":"Lantern"}],"event_choices":[{"cards_removed":["ReplayTheSpireMod:Restless Dread"],"damage_healed":0,"gold_gain":0,"player_choice":"Card Removal","damage_taken":0,"max_hp_gain":0,"max_hp_loss":0,"event_name":"The Cleric","floor":14,"gold_loss":50},{"damage_healed":0,"gold_gain":0,"player_choice":"Got Potions","damage_taken":0,"max_hp_gain":0,"max_hp_loss":0,"event_name":"Lab","floor":20,"gold_loss":0},{"damage_healed":0,"gold_gain":0,"player_choice":"Fight","damage_taken":0,"max_hp_gain":0,"max_hp_loss":0,"event_name":"OrinTheCat","floor":37,"gold_loss":0}],"is_beta":false,"boss_relics":[{"not_picked":["Tiny House","ReplayTheSpireMod:SealedPack"],"picked":"Replay:Wanted Poster"},{"not_picked":["Calling Bell","Empty Cage"],"picked":"Coffee Dripper"}],"items_purged_floors":[19],"is_endless":true,"potions_floor_spawned":[1,6,11,16,24,25,27,33],"killed_by":"Orin","ascension_level":0}}