{"host":"cvi30shpqg1ukvbr","time":1609323256,"event":{"mods":["Act Like it!","BaseMod","Better Altar","Better Match","Better Note","Better Sensory Stone","Better Skull","Better Third Choice","Conspire","GifTheSpireLib","Hubris","Infinite Spire","Minty Spire (QoL Compilation)","Relic Stats","Replay The Spire","Shop Mod","Spicy Shops","StSLib","Stuff the Spire"],"gold_per_floor":[112,126,141,152,427,427,458,469,469,481,510,49,70,112,112,220,220,243,265,19,40,70,70,115,390,461,461,501,524,544,454,454,566,566,592,608,652,46,85,85,130,130,130,172,172,196,196,217,217,221],"floor_reached":51,"playtime":2214,"items_purged":["Strike_R","Strike_R"],"score":962,"play_id":"1a2fb72f-c40e-4807-a11e-83e526f71bc0","local_time":"20201230191416","is_ascension_mode":true,"campfire_choices":[{"data":"Bludgeon","floor":6.0,"key":"SMITH"},{"data":"Regret","floor":15,"key":"PURGE"},{"data":"Armaments","floor":23,"key":"SMITH"},{"data":"Carnage","floor":27,"key":"SMITH"},{"data":"Metallicize","floor":32,"key":"SMITH"},{"floor":40,"key":"RECALL"},{"data":"ReplayTheSpireMod:Limb From Limb","floor":42,"key":"SMITH"},{"data":"Bash","floor":42,"key":"SMITH"},{"floor":45,"key":"REST"}],"circlet_count":0,"master_deck":["Strike_R+1","Strike_R+1","Strike_R","Defend_R+1","Defend_R","Defend_R+1","Defend_R","Bash+1","Bludgeon+1","ReplayTheSpireMod:Stacked","Burning Pact","Fire Breathing","Metallicize+1","Carnage+1","StuffTheSpire:BloodClot","StuffTheSpire:Slingshot","Headbutt","Inflame","Cleave","Shrug It Off","Reaper","Armaments+1","Shrug It Off","Fire Breathing","StuffTheSpire:Pyroclast+1","Whirlwind","Exhume","hubris:ReadiedAction+1","Dual Wield+1","Fiend Fire","Flex+1","Replay:Undeath\u0027s Touch","conspire:Charge","ReplayTheSpireMod:LeadingStrike+1","Evolve","ReplayTheSpireMod:Limb From Limb+1","Limit Break","Inflame","StuffTheSpire:CuriosityCurse","Spot Weakness"],"relics":["Burning Blood","Red Skull","Replay:Bandana","ReplayTheSpireMod:Shallot","HandDrill","infinitespire:BottledMercury","infinitespire:Burning Sword","Pen Nib","Replay:Ringing Soul","Bottled Tornado","hubris:Backtick","ReplayTheSpireMod:EnergyBall","infinitespire:Bottled Soul","War Paint","Replay:Arrowhead","StuffTheSpire:PointBlank","Whetstone","Vajra"],"acts_visited":["Exordium","TheCity","TheBeyond"],"potions_floor_usage":[7,8,14,16,33,33,41,41,44],"damage_taken":[{"damage":7.0,"enemies":"Small Slimes","floor":1.0,"turns":3.0},{"damage":4.0,"enemies":"infinitespire:Voidling","floor":2.0,"turns":3.0},{"damage":0.0,"enemies":"2 Louse","floor":3.0,"turns":3.0},{"damage":9.0,"enemies":"Blue Slaver","floor":4.0,"turns":3.0},{"damage":9,"enemies":"Gremlin Nob","floor":7,"turns":3},{"damage":12,"enemies":"Lots of Slimes","floor":8,"turns":5},{"damage":8,"enemies":"Exordium Thugs","floor":10,"turns":5},{"damage":12,"enemies":"Replay:BlueRogue","floor":11,"turns":7},{"damage":3,"enemies":"Large Slime","floor":13,"turns":4},{"damage":12,"enemies":"Gremlin Nob","floor":14,"turns":3},{"damage":23,"enemies":"Fading Forest","floor":16,"turns":11},{"damage":0,"enemies":"Shell Parasite","floor":18,"turns":2},{"damage":9,"enemies":"Chosen","floor":19,"turns":2},{"damage":14,"enemies":"Snecko","floor":21,"turns":4},{"damage":0,"enemies":"Centurion and Healer","floor":22,"turns":5},{"damage":6,"enemies":"Replay:Snechameleon","floor":24,"turns":3},{"damage":0,"enemies":"conspire:Head Lice","floor":28,"turns":3},{"damage":1,"enemies":"Cultist and Chosen","floor":29,"turns":4},{"damage":14,"enemies":"conspire:HollyBat","floor":30,"turns":7},{"damage":68,"enemies":"Champ","floor":33,"turns":11},{"damage":39,"enemies":"3 Darklings","floor":35,"turns":6},{"damage":0,"enemies":"Orb Walker","floor":36,"turns":3},{"damage":24,"enemies":"4 Shapes","floor":37,"turns":2},{"damage":2,"enemies":"Transient","floor":39,"turns":5},{"damage":16,"enemies":"Nemesis","floor":41,"turns":5},{"damage":70,"enemies":"Giant Head","floor":44,"turns":7},{"damage":11,"enemies":"Sphere and 2 Shapes","floor":46,"turns":4},{"damage":24,"enemies":"Writhing Mass","floor":48,"turns":5},{"damage":82,"enemies":"Time Eater","floor":50,"turns":6}],"seed_played":"976201482796628815","potions_obtained":[{"floor":1.0,"key":"FearPotion"},{"floor":2.0,"key":"Fire Potion"},{"floor":3.0,"key":"Weak Potion"},{"floor":11,"key":"DistilledChaos"},{"floor":13,"key":"Reflective Coating"},{"floor":14,"key":"LiquidMemories"},{"floor":18,"key":"SpeedPotion"},{"floor":30,"key":"Doom Potion"},{"floor":35,"key":"Death Potion"},{"floor":37,"key":"Weak Potion"},{"floor":41,"key":"Fruit Juice"},{"floor":48,"key":"ColorlessPotion"}],"is_trial":false,"path_per_floor":["M","M","M","M","?","R","E","M","T","M","E","$","M","E","R","B",null,"M","M","$","M","M","R","E","?","T","R","E","M","M","?","R","B",null,"M","M","M","$","M","R","E","R","T","E","R","M","?","M","R","B",null],"character_chosen":"IRONCLAD","items_purchased":["ReplayTheSpireMod:Shallot","HandDrill","Inflame","Fire Breathing","infinitespire:Bottled Soul","War Paint","ReplayTheSpireMod:LeadingStrike"],"campfire_rested":1,"item_purchase_floors":[12,12,12,20,38,38,38],"current_hp_per_floor":[55,61,67,64,64,64,61,55,55,53,47,47,50,44,44,51,80,80,77,77,79,80,80,80,80,80,80,83,86,78,78,78,28,89,59,68,53,56,63,63,61,61,61,12,46,72,75,82,119,43],"gold":221,"neow_bonus":"THREE_RARE_CARDS","is_daily":false,"chose_seed":false,"campfire_upgraded":6,"win_rate":0.0,"timestamp":1609323256,"path_taken":["M","M","M","M","?","R","E","?","T","M","E","$","M","E","R","BOSS","M","M","$","M","M","R","E","?","T","R","E","?","M","?","R","BOSS","M","M","M","$","M","R","E","R","T","E","R","?","?","M","R","BOSS"],"items_purchased_type":["Relic","Relic","Card","Card","Relic","Relic","Card"],"build_version":"2020-12-22","purchased_purges":2,"victory":true,"max_hp_per_floor":[80,80,80,80,80,80,80,80,80,80,80,80,80,80,80,80,80,80,80,80,80,80,80,80,80,80,80,83,86,86,86,86,89,89,92,95,98,101,104,104,112,112,112,115,115,118,121,124,124,124],"relic_stats":{"counters":[29,133],"Pen Nib":[7],"HandDrill":[20],"Whetstone":["Strike_R","Strike_R"],"War Paint":["Dual Wield","Defend_R"],"obtain_stats":[{"infinitespire:BottledMercury":14,"Vajra":47,"Pen Nib":24,"Whetstone":44,"Bottled Tornado":28,"War Paint":38,"Burning Blood":0,"Replay:Arrowhead":41,"ReplayTheSpireMod:EnergyBall":34,"Replay:Ringing Soul":26,"Replay:Bandana":11,"hubris:Backtick":34,"ReplayTheSpireMod:Shallot":12,"infinitespire:Bottled Soul":38,"HandDrill":12,"infinitespire:Burning Sword":17,"StuffTheSpire:PointBlank":43,"Red Skull":7},{"infinitespire:BottledMercury":10,"Vajra":27,"Pen Nib":16,"Whetstone":26,"Bottled Tornado":17,"War Paint":23,"Burning Blood":0,"Replay:Arrowhead":25,"ReplayTheSpireMod:EnergyBall":20,"Replay:Ringing Soul":16,"Replay:Bandana":8,"hubris:Backtick":20,"ReplayTheSpireMod:Shallot":8,"infinitespire:Bottled Soul":23,"HandDrill":8,"infinitespire:Burning Sword":11,"StuffTheSpire:PointBlank":25,"Red Skull":5},{"infinitespire:BottledMercury":39,"Vajra":122,"Pen Nib":66,"Whetstone":118,"Bottled Tornado":69,"War Paint":101,"Burning Blood":0,"Replay:Arrowhead":111,"ReplayTheSpireMod:EnergyBall":90,"Replay:Ringing Soul":66,"Replay:Bandana":32,"hubris:Backtick":90,"ReplayTheSpireMod:Shallot":32,"infinitespire:Bottled Soul":101,"HandDrill":32,"infinitespire:Burning Sword":50,"StuffTheSpire:PointBlank":111,"Red Skull":15}],"Burning Blood":152},"card_choices":[{"not_picked":["Eclipse","conspire:HitWhereItHurts"],"picked":"Bludgeon","floor":0.0},{"not_picked":["Hemokinesis","Warcry"],"picked":"ReplayTheSpireMod:Stacked","floor":1.0},{"not_picked":["StuffTheSpire:RockThrow","Iron Wave"],"picked":"Burning Pact","floor":2.0},{"not_picked":["Shrug It Off","Sword Boomerang"],"picked":"Fire Breathing","floor":3.0},{"not_picked":["Twin Strike","Second Wind"],"picked":"Metallicize","floor":4.0},{"not_picked":["Replay:Undeath\u0027s Touch","StuffTheSpire:Pyroclast"],"picked":"Carnage","floor":7},{"not_picked":["Uppercut","Abandon"],"picked":"StuffTheSpire:BloodClot","floor":8},{"not_picked":["Burning Pact","Iron Wave"],"picked":"StuffTheSpire:Slingshot","floor":10},{"not_picked":["StuffTheSpire:RockThrow","Sword Boomerang"],"picked":"Headbutt","floor":11},{"not_picked":["Sword Boomerang","hubris:CleavingFinish"],"picked":"Cleave","floor":13},{"not_picked":["Sever Soul","conspire:HitWhereItHurts"],"picked":"Shrug It Off","floor":14},{"not_picked":["Impervious","Corruption"],"picked":"Reaper","floor":16},{"not_picked":["Clash","Replay:Undeath\u0027s Touch+1"],"picked":"Armaments","floor":18},{"not_picked":["Armaments","StuffTheSpire:RockThrow+1"],"picked":"Shrug It Off","floor":19},{"not_picked":["Demonic Infusion","Pommel Strike"],"picked":"StuffTheSpire:Pyroclast+1","floor":21},{"not_picked":["Pommel Strike","Dual Wield"],"picked":"Whirlwind","floor":22},{"not_picked":["ReplayTheSpireMod:Limb From Limb","Sentinel+1"],"picked":"Exhume","floor":24},{"not_picked":["True Grit","Twin Strike"],"picked":"hubris:ReadiedAction+1","floor":28},{"not_picked":["Thunderclap+1","ReplayTheSpireMod:Strike From Hell"],"picked":"Dual Wield","floor":29},{"not_picked":["Run Through","Twin Strike","Dual Wield"],"picked":"SKIP","floor":30},{"not_picked":["hubris:StunningStrike","Exhume"],"picked":"Fiend Fire","floor":33},{"not_picked":["Thunderclap+1","Reckless Charge+1"],"picked":"Flex+1","floor":35},{"not_picked":["Carnage","Uppercut"],"picked":"Replay:Undeath\u0027s Touch","floor":36},{"not_picked":["Sever Soul","Heavy Blade+1"],"picked":"conspire:Charge","floor":37},{"not_picked":["Warcry","True Grit+1"],"picked":"Evolve","floor":39},{"not_picked":["infinitespire:OneForAll+1","StuffTheSpire:Slingshot"],"picked":"ReplayTheSpireMod:Limb From Limb","floor":41},{"not_picked":["Barricade","Sword Boomerang+1"],"picked":"Limit Break","floor":44},{"not_picked":["Sever Soul+1","conspire:ExplosiveBarrier+1"],"picked":"Inflame","floor":46},{"not_picked":["Cleave","StuffTheSpire:Incineration"],"picked":"Spot Weakness","floor":48}],"player_experience":1785470,"relics_obtained":[{"floor":7,"key":"Red Skull"},{"floor":11,"key":"Replay:Bandana"},{"floor":14,"key":"infinitespire:BottledMercury"},{"floor":24,"key":"Pen Nib"},{"floor":26,"key":"Replay:Ringing Soul"},{"floor":28,"key":"Bottled Tornado"},{"floor":41,"key":"Replay:Arrowhead"},{"floor":43,"key":"StuffTheSpire:PointBlank"},{"floor":44,"key":"Whetstone"}],"event_choices":[{"damage_healed":0.0,"max_hp_gain":0.0,"max_hp_loss":0.0,"gold_gain":275.0,"event_name":"Golden Shrine","player_choice":"Desecrate","floor":5.0,"gold_loss":0.0,"damage_taken":0.0,"cards_obtained":["Regret"]},{"damage_healed":0,"gold_gain":275,"player_choice":"Desecrate","damage_taken":0,"max_hp_gain":0,"max_hp_loss":0,"event_name":"Golden Shrine","floor":25,"gold_loss":0,"cards_obtained":["Regret"]},{"cards_removed":["Regret"],"damage_healed":0,"gold_gain":0,"player_choice":"Upgrade and Remove","damage_taken":0,"max_hp_gain":0,"max_hp_loss":0,"event_name":"Designer","floor":31,"gold_loss":90,"cards_upgraded":["Defend_R"]}],"is_beta":false,"boss_relics":[{"not_picked":["Empty Cage","Fusion Hammer"],"picked":"infinitespire:Burning Sword"},{"not_picked":["hubris:HollowSoul","hubris:CrackedHourglass"],"picked":"hubris:Backtick"}],"items_purged_floors":[38,38],"is_endless":false,"potions_floor_spawned":[1,2,3,11,13,14,18,19,24,28,30,35,37,41,48],"ascension_level":1}}