{"host":"8xt6qtpg1rkermdd","time":1609327445,"event":{"mods":["AchievementEnabler","Astrologer","Bard","BaseMod","Colored Powertips","Conspire","Downfall","Gremlin Mod","Hermit","Highlight Path","Hubris","Infinite Spire","Jorbs\u0027s Wanderer Trilogy","Minty Spire (QoL Compilation)","Replay The Spire","Shade Mod","StSLib","The Blackbeard","The Bladedancer","The Bug Knight","The Caster","The Construct","The Cursed","The Disciple","The Gatherer","The Hayseed","The Hierophant","The Marked","The Mystic","The Runesmith","The Servant 0.9.4","TheArtist","TheFirefly","TheVacant"],"gold_per_floor":[119,132,132,150,165,180,180,197,197,40,40,52,52,85,85,189,189,205,216,227,227,25,57,57,73,73,73,73],"floor_reached":27,"playtime":1573,"items_purged":[],"score":287,"play_id":"657123d9-be9a-4608-8afd-84cec11e55d3","local_time":"20201230052405","is_ascension_mode":false,"campfire_choices":[{"data":"theVacant:ShriekingBlast","floor":7.0,"key":"SMITH"},{"data":"theVacant:Release","floor":11,"key":"SMITH"},{"data":"theVacant:ShutAway","floor":13,"key":"SMITH"},{"data":"theVacant:Crunch","floor":15,"key":"SMITH"},{"data":"theVacant:Gloom","floor":24,"key":"SMITH"}],"circlet_count":0,"master_deck":["theVacant:VacantStarterStrike","theVacant:VacantStarterStrike","theVacant:VacantStarterStrike","theVacant:VacantStarterStrike","theVacant:VacantStarterDefend","theVacant:VacantStarterDefend","theVacant:VacantStarterDefend","theVacant:VacantStarterDefend","theVacant:Release+1","theVacant:Crunch+1","theVacant:Cower","theVacant:ShriekingBlast+1","theVacant:Enrage","theVacant:ShutAway+1","theVacant:Enrage","theVacant:EyePoke","theVacant:Enrage","theVacant:Enrage","theVacant:FiendFrost","theVacant:LichStrike","theVacant:Snowball","theVacant:Gloom+1","theVacant:Fortify","theVacant:Fortify","theVacant:GraveDigger","theVacant:BattleScars+1"],"relics":["theVacant:BrassGoblet","PreservedInsect","Chemical X","Blue Doll","Sozu","hubris:TenFootPole","hubris:ToyBattleship","infinitespire:Eraser"],"acts_visited":["Exordium","TheCity"],"potions_floor_usage":[],"damage_taken":[{"damage":7.0,"enemies":"2 Louse","floor":1.0,"turns":4.0},{"damage":0.0,"enemies":"Cultist","floor":2.0,"turns":4.0},{"damage":0.0,"enemies":"Jaw Worm","floor":4.0,"turns":5.0},{"damage":4.0,"enemies":"Red Slaver","floor":5.0,"turns":5.0},{"damage":0.0,"enemies":"2 Fungi Beasts","floor":6.0,"turns":3.0},{"damage":6,"enemies":"Blue Slaver","floor":8,"turns":4},{"damage":0,"enemies":"3 Louse","floor":12,"turns":1},{"damage":0,"enemies":"Gremlin Nob","floor":14,"turns":2},{"damage":53,"enemies":"The Guardian","floor":16,"turns":10},{"damage":8,"enemies":"Chosen","floor":18,"turns":5},{"damage":8,"enemies":"3 Byrds","floor":19,"turns":2},{"damage":31,"enemies":"Snecko","floor":20,"turns":6},{"damage":39,"enemies":"conspire:SneckoGhost","floor":23,"turns":8},{"damage":13,"enemies":"conspire:HollyBat","floor":25,"turns":7},{"damage":25,"enemies":"Colosseum Slavers","floor":27,"turns":1}],"seed_played":"7386349895269505721","potions_obtained":[{"floor":1.0,"key":"Ancient Potion"},{"floor":2.0,"key":"champ:CounterPotion"},{"floor":4.0,"key":"SpeedPotion"}],"is_trial":false,"path_per_floor":["M","M","?","M","M","M","R","M","T","$","R","M","R","E","R","B",null,"M","M","M","?","$","E","R","M","T","?"],"character_chosen":"THE_VACANT","items_purchased":["Chemical X","hubris:TenFootPole","theVacant:Fortify"],"campfire_rested":0,"item_purchase_floors":[10,22,22],"current_hp_per_floor":[81,81,81,81,77,77,77,71,71,71,71,71,71,71,71,18,88,80,75,50,50,50,32,32,19,19,0,0],"gold":73,"neow_bonus":"TEN_PERCENT_HP_BONUS","is_daily":false,"chose_seed":false,"campfire_upgraded":5,"win_rate":0.0,"timestamp":1609327445,"path_taken":["M","M","?","?","M","M","R","M","T","$","R","?","R","E","R","BOSS","M","M","M","?","$","E","R","M","T","?"],"items_purchased_type":["Relic","Relic","Card"],"build_version":"2020-12-22","purchased_purges":0,"victory":false,"max_hp_per_floor":[88,88,88,88,88,88,88,88,88,88,88,88,88,88,88,88,88,88,88,88,88,88,88,88,88,88,88,88],"card_choices":[{"not_picked":["theVacant:Soothe","theVacant:FranticBlow"],"picked":"theVacant:Cower","floor":1.0},{"not_picked":["theVacant:Thoughtseize","theVacant:CursedBlast"],"picked":"theVacant:ShriekingBlast","floor":2.0},{"not_picked":["theVacant:Acceptance","theVacant:IntoTheAbyss"],"picked":"theVacant:Enrage","floor":4.0},{"not_picked":["theVacant:Jab","theVacant:OnSecondThought"],"picked":"theVacant:ShutAway","floor":5.0},{"not_picked":["theVacant:LichStrike","theVacant:FromNothing"],"picked":"theVacant:Enrage","floor":6.0},{"not_picked":["theVacant:Throttle","theVacant:EmbraceDarkness"],"picked":"theVacant:EyePoke","floor":8},{"not_picked":["theVacant:ShutAway","theVacant:Fling"],"picked":"theVacant:Enrage","floor":12},{"not_picked":["theVacant:Voidstone","theVacant:Fling"],"picked":"theVacant:Enrage","floor":14},{"not_picked":["theVacant:Rejection","theVacant:TimeSkip"],"picked":"theVacant:FiendFrost","floor":16},{"not_picked":["theVacant:IntoTheAbyss","theVacant:FranticBlow"],"picked":"theVacant:LichStrike","floor":18},{"not_picked":["theVacant:BellToll+1","theVacant:Fling+1"],"picked":"theVacant:Snowball","floor":19},{"not_picked":["theVacant:EyePoke+1","theVacant:LichStrike"],"picked":"theVacant:Gloom","floor":20},{"not_picked":["theVacant:ShutAway","theVacant:Unearth+1"],"picked":"theVacant:GraveDigger","floor":23},{"not_picked":["theVacant:EmbraceDarkness","theVacant:Barrage"],"picked":"theVacant:BattleScars+1","floor":25}],"player_experience":44297,"relics_obtained":[{"floor":9,"key":"PreservedInsect"},{"floor":14,"key":"Blue Doll"},{"floor":23,"key":"hubris:ToyBattleship"},{"floor":26,"key":"infinitespire:Eraser"}],"event_choices":[{"damage_healed":0.0,"max_hp_gain":0.0,"max_hp_loss":0.0,"gold_gain":0.0,"event_name":"The Woman in Blue","player_choice":"Bought 0 Potions","floor":3.0,"gold_loss":0.0,"damage_taken":0.0},{"damage_healed":0,"gold_gain":0,"player_choice":"Leave","damage_taken":0,"max_hp_gain":0,"max_hp_loss":0,"event_name":"conspire:Investor","floor":21,"gold_loss":0},{"damage_healed":0,"gold_gain":0,"player_choice":"Fight","damage_taken":0,"max_hp_gain":0,"max_hp_loss":0,"event_name":"Colosseum","floor":27,"gold_loss":0}],"is_beta":false,"boss_relics":[{"not_picked":["construct:WeddingRing","hubris:GrandSneckoEye"],"picked":"Sozu"}],"items_purged_floors":[],"is_endless":false,"potions_floor_spawned":[1,2,4,23],"killed_by":"Colosseum Slavers","ascension_level":0}}