{"host":"m77rrhbqzv44va4v","time":1609356548,"event":{"mods":["AchievementEnabler","BaseMod","Colored Map","DeckTracker","Keyboard Shortcuts","Minty Spire (QoL Compilation)","StSLib","SuperFastMode","everything is the same but u backflip on backflip"],"gold_per_floor":[109,109,184,184,203,203,242,109,109,109,133,148,7,28,28,119,119,150,187,199,211,211],"floor_reached":21,"playtime":463,"items_purged":["Strike_G","Strike_G"],"score":408,"play_id":"fb6da85e-67cc-4c38-8f96-ae76e057bb95","local_time":"20201231042908","is_ascension_mode":true,"campfire_choices":[{"data":"Wraith Form v2","floor":6.0,"key":"SMITH"},{"floor":15.0,"key":"REST"}],"circlet_count":0,"master_deck":["AscendersBane","Strike_G","Strike_G","Strike_G","Defend_G","Defend_G","Defend_G","Defend_G","Defend_G","Survivor","Neutralize","Choke","Wraith Form v2+1","All Out Attack","Blade Dance","Terror","Backflip","Dash","Adrenaline","CurseOfTheBell","Dagger Throw","Cloak And Dagger"],"relics":["Ring of the Snake","NeowsBlessing","Golden Idol","Bag of Marbles","The Courier","Kunai","Calling Bell","MawBank","Mummified Hand","WingedGreaves"],"acts_visited":["Exordium","TheCity"],"potions_floor_usage":[16,19,19],"damage_taken":[{"damage":0.0,"enemies":"Small Slimes","floor":1.0,"turns":1.0},{"damage":0.0,"enemies":"Jaw Worm","floor":5.0,"turns":1.0},{"damage":0.0,"enemies":"Gremlin Nob","floor":7.0,"turns":1.0},{"damage":5.0,"enemies":"2 Louse","floor":11.0,"turns":2.0},{"damage":4.0,"enemies":"Lots of Slimes","floor":12.0,"turns":3.0},{"damage":4.0,"enemies":"3 Louse","floor":14.0,"turns":3.0},{"damage":8,"enemies":"The Guardian","floor":16,"turns":16},{"damage":22,"enemies":"Spheric Guardian","floor":18,"turns":5},{"damage":3,"enemies":"Shell Parasite","floor":19,"turns":3},{"damage":39,"enemies":"Cultist and Chosen","floor":21,"turns":3}],"seed_played":"8889650384569041211","potions_obtained":[{"floor":1.0,"key":"SpeedPotion"},{"floor":5.0,"key":"GhostInAJar"},{"floor":16,"key":"FearPotion"}],"is_trial":false,"path_per_floor":["M","?","?","?","M","R","E","$","T","?","M","M","$","M","R","B",null,"M","M","?","M"],"character_chosen":"THE_SILENT","items_purchased":["Blade Dance","Dash"],"campfire_rested":1,"item_purchase_floors":[8,13],"current_hp_per_floor":[59,36,25,47,47,47,47,47,47,21,16,12,12,8,27,19,54,32,29,29,0,0],"gold":211,"neow_bonus":"THREE_ENEMY_KILL","is_daily":false,"chose_seed":false,"campfire_upgraded":1,"win_rate":0.0,"timestamp":1609356548,"path_taken":["M","?","?","?","M","R","E","$","T","?","M","M","$","M","R","BOSS","M","M","?","?"],"items_purchased_type":["Card","Card"],"build_version":"2020-12-22","purchased_purges":2,"victory":false,"max_hp_per_floor":[66,66,66,66,66,66,66,66,66,66,66,66,66,66,66,66,66,66,66,66,66,66],"card_choices":[{"not_picked":["Deadly Poison","Slice"],"picked":"Choke","floor":1.0},{"not_picked":["Slice","Deflect"],"picked":"Wraith Form v2","floor":5.0},{"not_picked":["Deadly Poison","Dodge and Roll"],"picked":"All Out Attack","floor":7.0},{"not_picked":["PiercingWail","Sucker Punch"],"picked":"Terror","floor":11.0},{"not_picked":["Noxious Fumes","After Image"],"picked":"Backflip","floor":12.0},{"not_picked":["Well Laid Plans","Finisher","Cloak And Dagger"],"picked":"SKIP","floor":14.0},{"not_picked":["Wraith Form v2","Malaise"],"picked":"Adrenaline","floor":16},{"not_picked":["Poisoned Stab","Bane"],"picked":"Dagger Throw","floor":18},{"not_picked":["Bane","Backflip"],"picked":"Cloak And Dagger","floor":19}],"player_experience":840414,"relics_obtained":[{"floor":7.0,"key":"Bag of Marbles"},{"floor":9.0,"key":"The Courier"},{"floor":17,"key":"MawBank"},{"floor":17,"key":"Mummified Hand"},{"floor":17,"key":"WingedGreaves"}],"event_choices":[{"damage_healed":0.0,"max_hp_gain":0.0,"max_hp_loss":0.0,"gold_gain":0.0,"event_name":"Golden Idol","player_choice":"Take Damage","floor":2.0,"gold_loss":0.0,"damage_taken":23.0,"relics_obtained":["Golden Idol"]},{"damage_healed":0.0,"max_hp_gain":0.0,"max_hp_loss":0.0,"gold_gain":75.0,"event_name":"World of Goop","player_choice":"Gather Gold","floor":3.0,"gold_loss":0.0,"damage_taken":11.0},{"damage_healed":22.0,"max_hp_gain":0.0,"max_hp_loss":0.0,"gold_gain":0.0,"event_name":"Big Fish","player_choice":"Banana","floor":4.0,"gold_loss":0.0,"damage_taken":0.0},{"damage_healed":0.0,"max_hp_gain":0.0,"max_hp_loss":0.0,"gold_gain":0.0,"event_name":"Scrap Ooze","player_choice":"Success","floor":10.0,"gold_loss":0.0,"damage_taken":26.0,"relics_obtained":["Kunai"]},{"damage_healed":0,"gold_gain":0,"player_choice":"0 cards matched","damage_taken":0,"max_hp_gain":0,"max_hp_loss":0,"event_name":"Match and Keep!","floor":20,"gold_loss":0,"cards_obtained":[]}],"is_beta":false,"boss_relics":[{"not_picked":["Ectoplasm","Runic Dome"],"picked":"Calling Bell"}],"items_purged_floors":[8,13],"is_endless":false,"potions_floor_spawned":[1,5,14,16],"killed_by":"Cultist and Chosen","ascension_level":20}}