{"host":"sc0o2qwpf9j16a4i","time":1609331672,"event":{"mods":["AchievementEnabler","BaseMod","BetterRewards","Block Reminder","Colored Map","Colored Powertips","Custom Start","Highlight Path","Minty Spire (QoL Compilation)","Relic Stats"],"gold_per_floor":[364,364,379,47,47,47,76,76,76,109,120,120,132,132,132,209,209,167,185,203,203,36,66,341,341,341,341,341],"floor_reached":27,"playtime":1707,"items_purged":["Strike_B"],"score":478,"play_id":"e57cac46-dca0-4bff-a2a4-c86f29f6de27","local_time":"20201230143432","is_ascension_mode":true,"campfire_choices":[{"data":"Ball Lightning","floor":6.0,"key":"SMITH"},{"floor":8.0,"key":"REST"},{"floor":12.0,"key":"REST"},{"data":"Echo Form","floor":15.0,"key":"SMITH"},{"data":"Ghostly","floor":25.0,"key":"SMITH"}],"circlet_count":0,"master_deck":["AscendersBane","Strike_B","Strike_B","Strike_B","Defend_B","Defend_B","Defend_B","Defend_B","Zap+1","Dualcast","White Noise","Ball Lightning+1","BootSequence","Echo Form+1","Undo","Cold Snap","Self Repair","Core Surge","Turbo","Conserve Battery","Meteor Strike","Ghostly+1","Ghostly","Ghostly","Leap","Regret"],"relics":["Cracked Core","Vajra","Sundial","DataDisk","Matryoshka","Runic Pyramid","Ancient Tea Set","Calipers","Bottled Flame","Symbiotic Virus"],"acts_visited":["Exordium","TheCity"],"potions_floor_usage":[27],"damage_taken":[{"damage":2.0,"enemies":"Jaw Worm","floor":1.0,"turns":4.0},{"damage":1.0,"enemies":"Cultist","floor":3.0,"turns":3.0},{"damage":15.0,"enemies":"Lagavulin","floor":7.0,"turns":7.0},{"damage":41.0,"enemies":"Gremlin Nob","floor":10.0,"turns":4.0},{"damage":0.0,"enemies":"2 Louse","floor":11.0,"turns":2.0},{"damage":0.0,"enemies":"Lots of Slimes","floor":13.0,"turns":3.0},{"damage":24.0,"enemies":"Hexaghost","floor":16.0,"turns":7.0},{"damage":22.0,"enemies":"2 Thieves","floor":18.0,"turns":5.0},{"damage":0.0,"enemies":"Chosen","floor":19.0,"turns":6.0},{"damage":0.0,"enemies":"Centurion and Healer","floor":20.0,"turns":8.0},{"damage":18.0,"enemies":"Slavers","floor":23.0,"turns":7.0},{"damage":28,"enemies":"Shelled Parasite and Fungi","floor":27,"turns":4}],"seed_played":"-8291297685962979820","potions_obtained":[{"floor":1.0,"key":"Dexterity Potion"},{"floor":3.0,"key":"DuplicationPotion"},{"floor":10.0,"key":"FocusPotion"},{"floor":14.0,"key":"EntropicBrew"},{"floor":23.0,"key":"PowerPotion"}],"is_trial":false,"path_per_floor":["M","?","M","$","?","R","E","R","T","E","M","R","M","?","R","B",null,"M","M","M","?","$","E","?","R","T","M"],"character_chosen":"DEFECT","items_purchased":["Vajra","BootSequence","Ancient Tea Set"],"campfire_rested":2,"item_purchase_floors":[4,4,22],"current_hp_per_floor":[62,62,61,61,61,61,46,64,64,23,23,42,42,42,42,32,56,48,62,64,32,32,28,28,28,28,0,0],"gold":341,"neow_bonus":"TWO_FIFTY_GOLD","is_daily":false,"chose_seed":false,"campfire_upgraded":3,"win_rate":0.0,"timestamp":1609331672,"path_taken":["M","?","?","$","?","R","E","R","T","E","M","R","M","?","R","BOSS","M","M","?","?","$","E","?","R","T","?"],"items_purchased_type":["Relic","Card","Relic"],"build_version":"2020-12-22","purchased_purges":1,"victory":false,"max_hp_per_floor":[64,64,64,64,64,64,64,64,64,64,64,64,64,64,64,64,64,64,64,64,32,32,32,32,32,32,32,32],"relic_stats":{"counters":[12,60],"Sundial":[4],"obtain_stats":[{"DataDisk":9,"Bottled Flame":26,"Matryoshka":10,"Calipers":23,"Sundial":7,"Vajra":4,"Cracked Core":0,"Ancient Tea Set":22,"Symbiotic Virus":26,"Runic Pyramid":17},{"DataDisk":3,"Bottled Flame":11,"Matryoshka":4,"Calipers":11,"Sundial":3,"Vajra":2,"Cracked Core":0,"Ancient Tea Set":10,"Symbiotic Virus":11,"Runic Pyramid":7},{"DataDisk":14,"Bottled Flame":56,"Matryoshka":18,"Calipers":56,"Sundial":14,"Vajra":7,"Cracked Core":0,"Ancient Tea Set":49,"Symbiotic Virus":56,"Runic Pyramid":30}]},"card_choices":[{"not_picked":["Turbo","Leap"],"picked":"White Noise","floor":1.0},{"not_picked":["Compile Driver","Barrage"],"picked":"Ball Lightning","floor":3.0},{"not_picked":["Go for the Eyes","Barrage"],"picked":"Echo Form","floor":7.0},{"not_picked":["Go for the Eyes","Beam Cell"],"picked":"Undo","floor":10.0},{"not_picked":["Conserve Battery","Steam Power"],"picked":"Cold Snap","floor":11.0},{"not_picked":["Gash","Streamline"],"picked":"Self Repair","floor":13.0},{"not_picked":["All For One","Rainbow"],"picked":"Core Surge","floor":16.0},{"not_picked":["Coolheaded","Reinforced Body"],"picked":"Turbo","floor":18.0},{"not_picked":["Leap","Stack"],"picked":"Conserve Battery","floor":19.0},{"not_picked":["Undo","White Noise"],"picked":"Meteor Strike","floor":20.0},{"not_picked":["Ball Lightning","Beam Cell"],"picked":"Leap","floor":23.0}],"player_experience":440361,"relics_obtained":[{"floor":7.0,"key":"Sundial"},{"floor":9.0,"key":"DataDisk"},{"floor":10.0,"key":"Matryoshka"},{"floor":23.0,"key":"Calipers"},{"floor":26.0,"key":"Bottled Flame"},{"floor":26.0,"key":"Symbiotic Virus"}],"event_choices":[{"damage_healed":0.0,"max_hp_gain":0.0,"max_hp_loss":0.0,"gold_gain":0.0,"event_name":"Upgrade Shrine","player_choice":"Upgraded","floor":2.0,"gold_loss":0.0,"damage_taken":0.0,"cards_upgraded":["Zap"]},{"damage_healed":0.0,"max_hp_gain":0.0,"max_hp_loss":0.0,"gold_gain":0.0,"event_name":"The Cleric","player_choice":"Leave","floor":5.0,"gold_loss":0.0,"damage_taken":0.0},{"damage_healed":0.0,"max_hp_gain":0.0,"max_hp_loss":0.0,"gold_gain":0.0,"event_name":"Lab","player_choice":"Got Potions","floor":14.0,"gold_loss":0.0,"damage_taken":0.0},{"damage_healed":0.0,"max_hp_gain":0.0,"max_hp_loss":32.0,"gold_gain":0.0,"event_name":"Ghosts","player_choice":"Became a Ghost","floor":21.0,"gold_loss":0.0,"damage_taken":0.0,"cards_obtained":["Ghostly","Ghostly","Ghostly"]},{"damage_healed":0.0,"max_hp_gain":0.0,"max_hp_loss":0.0,"gold_gain":275.0,"event_name":"Golden Shrine","player_choice":"Desecrate","floor":24.0,"gold_loss":0.0,"damage_taken":0.0,"cards_obtained":["Regret"]}],"is_beta":false,"boss_relics":[{"not_picked":["Black Star","Astrolabe"],"picked":"Runic Pyramid"}],"items_purged_floors":[4],"is_endless":false,"potions_floor_spawned":[1,3,10,11,23],"killed_by":"Shelled Parasite and Fungi","ascension_level":20}}