{"host":"tq7pufgtqftqw8yr","time":1609349947,"event":{"mods":["BaseMod","Downfall","Minty Spire (QoL Compilation)","StSLib"],"gold_per_floor":[99,115,128,38,51,51,51,78,3,36,52,152,103,119,135,135,135],"floor_reached":16,"playtime":1343,"items_purged":["sneckomod:Strike"],"score":112,"play_id":"9c81b1be-ad2c-462f-9641-ab8f68a9141e","local_time":"20201231013907","is_ascension_mode":false,"campfire_choices":[{"data":"sneckomod:SnekBite","floor":1,"key":"SMITH"},{"floor":6,"key":"RECALL"},{"floor":9,"key":"REST"}],"circlet_count":0,"master_deck":["sneckomod:Defend","sneckomod:Defend","sneckomod:Defend","sneckomod:TailWhip","sneckomod:SnekBite+1","sneckomod:Unknown","sneckomod:Unknown","sneckomod:SoulDraw","sneckomod:UnknownCommonAttack","sneckomod:SnekBeam","sneckomod:QuickBite","sneckomod:UnknownUncommonAttack","sneckomod:UnknownUncommonAttack","sneckomod:UnknownBlock","sneckomod:DiceBlock","sneckomod:UnknownExhaust","sneckomod:UnknownVulnerable","sneckomod:CheapStock","sneckomod:Unknown0Cost"],"relics":["sneckomod:SneckoSoul","PreservedInsect","Art of War","downfall:HeartBlessingGreen","Darkstone Periapt"],"acts_visited":["Exordium"],"potions_floor_usage":[16],"damage_taken":[{"damage":1,"enemies":"Jaw Worm","floor":2,"turns":4},{"damage":3,"enemies":"2 Louse","floor":3,"turns":3},{"damage":2,"enemies":"downfall:FleeingMerchant","floor":4,"turns":4},{"damage":7,"enemies":"Small Slimes","floor":5,"turns":3},{"damage":34,"enemies":"Lagavulin","floor":8,"turns":3},{"damage":3,"enemies":"Gremlin Nob","floor":10,"turns":3},{"damage":0,"enemies":"Exordium Wildlife","floor":11,"turns":1},{"damage":8,"enemies":"downfall:FleeingMerchant","floor":13,"turns":4},{"damage":2,"enemies":"2 Fungi Beasts","floor":14,"turns":4},{"damage":19,"enemies":"Blue Slaver","floor":15,"turns":3},{"damage":61,"enemies":"downfall:Silent","floor":16,"turns":8}],"seed_played":"-5623371123219140925","potions_obtained":[{"floor":8,"key":"DuplicationPotion"},{"floor":10,"key":"Swift Potion"},{"floor":11,"key":"SmokeBomb"},{"floor":15,"key":"Slimebound:ThreeZeroPotion"}],"is_trial":false,"path_per_floor":["R","M","M","$","M","R","T","E","R","E","M","?","$","M","M","B"],"character_chosen":"THE_SNECKO","items_purchased":["sneckomod:CheapStock"],"campfire_rested":1,"item_purchase_floors":[13],"current_hp_per_floor":[82,81,78,77,71,71,71,56,81,78,79,79,72,72,54,0,0],"gold":135,"neow_bonus":"TRANSFORM_TWO_CARDS","is_daily":false,"chose_seed":false,"campfire_upgraded":1,"win_rate":0.0,"timestamp":1609349947,"path_taken":["R","M","M","$","M","R","T","E","R","E","M","?","$","M","M","BOSS"],"items_purchased_type":["Card"],"build_version":"2020-12-22","purchased_purges":1,"victory":false,"max_hp_per_floor":[82,82,82,83,84,84,84,85,85,85,86,86,87,87,88,88,88],"card_choices":[{"not_picked":["sneckomod:SnakeSap","sneckomod:Unknown2Cost"],"picked":"sneckomod:SnekBeam","floor":2},{"not_picked":["sneckomod:DiceCrush","sneckomod:IronFang"],"picked":"sneckomod:QuickBite","floor":3},{"not_picked":["sneckomod:UnknownStrike","sneckomod:UnlimitedRolls"],"picked":"sneckomod:UnknownUncommonAttack","floor":4},{"not_picked":["sneckomod:UnknownExhaust","sneckomod:Unknown1Cost"],"picked":"sneckomod:UnknownUncommonAttack","floor":5},{"not_picked":["sneckomod:UnknownClassPURPLE","sneckomod:UnknownClassGREEN"],"picked":"sneckomod:UnknownBlock","floor":8},{"not_picked":["sneckomod:WideSting","sneckomod:MasterEye"],"picked":"sneckomod:DiceBlock","floor":10},{"not_picked":["sneckomod:Unknown1Cost","sneckomod:UnknownX"],"picked":"sneckomod:UnknownExhaust","floor":11},{"not_picked":["sneckomod:UnknownClassHEXA_GHOST_PURPLE","sneckomod:DiceCrush"],"picked":"sneckomod:UnknownVulnerable","floor":13},{"not_picked":["sneckomod:QuickMove","sneckomod:UnknownWeak","sneckomod:SoulRoll"],"picked":"SKIP","floor":14},{"not_picked":["sneckomod:UnknownX","sneckomod:SoulRoll"],"picked":"sneckomod:Unknown0Cost","floor":15}],"player_experience":773568,"relics_obtained":[{"floor":7,"key":"PreservedInsect"},{"floor":8,"key":"Art of War"},{"floor":10,"key":"Darkstone Periapt"}],"event_choices":[],"is_beta":false,"boss_relics":[],"items_purged_floors":[4],"is_endless":false,"potions_floor_spawned":[8,10,11,15],"killed_by":"downfall:Silent","ascension_level":0}}