{"host":"daa8jqyg4gqfaysm","time":1609348186,"event":{"mods":["BaseMod","Colored Powertips","Minty Spire (QoL Compilation)","StSLib"],"gold_per_floor":[109,109,24,40,15,15,51,76,76,76,99,83,124,138,138,138,138],"floor_reached":16,"playtime":568,"items_purged":[],"score":274,"play_id":"fcc75659-9dd6-470e-8785-f85e54b2ba41","local_time":"20201231010946","is_ascension_mode":true,"campfire_choices":[{"data":"Neutralize","floor":6,"key":"SMITH"},{"data":"Well Laid Plans","floor":10,"key":"SMITH"},{"data":"Bane","floor":15,"key":"SMITH"}],"circlet_count":0,"master_deck":["AscendersBane","Strike_G","Strike_G","Strike_G","Strike_G","Strike_G","Defend_G","Defend_G","Defend_G","Defend_G","Defend_G","Survivor","Neutralize+1","Predator","Deadly Poison","Bane+1","Backflip+1","Well Laid Plans+1","Footwork","PiercingWail+1"],"relics":["Ring of the Snake","NeowsBlessing","Golden Idol","Tingsha","Turnip","War Paint"],"acts_visited":["Exordium"],"potions_floor_usage":[13],"damage_taken":[{"damage":0,"enemies":"Jaw Worm","floor":1,"turns":1},{"damage":0,"enemies":"2 Louse","floor":4,"turns":1},{"damage":0,"enemies":"Gremlin Nob","floor":7,"turns":1},{"damage":0,"enemies":"Small Slimes","floor":8,"turns":4},{"damage":6,"enemies":"3 Louse","floor":11,"turns":5},{"damage":10,"enemies":"Exordium Thugs","floor":12,"turns":4},{"damage":25,"enemies":"3 Sentries","floor":13,"turns":11},{"damage":8,"enemies":"Looter","floor":14,"turns":3},{"damage":9,"enemies":"Hexaghost","floor":16,"turns":12}],"seed_played":"-3246480175604115912","potions_obtained":[{"floor":11,"key":"Strength Potion"},{"floor":13,"key":"SteroidPotion"}],"is_trial":false,"path_per_floor":["M","?","$","M","$","R","E","M","T","R","M","M","E","M","R","B"],"character_chosen":"THE_SILENT","items_purchased":["Deadly Poison","Bane","Backflip"],"campfire_rested":0,"item_purchase_floors":[3,3,5],"current_hp_per_floor":[59,59,59,59,59,59,59,59,59,59,53,43,18,10,10,1,1],"gold":138,"neow_bonus":"THREE_ENEMY_KILL","is_daily":false,"chose_seed":false,"campfire_upgraded":3,"win_rate":0.0,"timestamp":1609348186,"path_taken":["M","?","$","M","$","R","E","M","T","R","M","M","E","M","R","BOSS"],"items_purchased_type":["Card","Card","Card"],"build_version":"2020-12-22","purchased_purges":0,"victory":false,"max_hp_per_floor":[66,60,60,60,60,60,60,60,60,60,60,60,60,60,60,60,60],"card_choices":[{"not_picked":["Deflect","Sucker Punch"],"picked":"Predator","floor":1},{"not_picked":["Deadly Poison","Setup","Underhanded Strike"],"picked":"SKIP","floor":4},{"not_picked":["Flying Knee","Backflip"],"picked":"Well Laid Plans","floor":7},{"not_picked":["Deadly Poison","Cloak And Dagger"],"picked":"Footwork","floor":8},{"not_picked":["Backflip","Slice"],"picked":"PiercingWail","floor":11},{"not_picked":["Flying Knee","Underhanded Strike","Outmaneuver"],"picked":"SKIP","floor":12},{"not_picked":["Bullet Time","Outmaneuver","Infinite Blades"],"picked":"SKIP","floor":13},{"not_picked":["Choke","Bane","Terror"],"picked":"SKIP","floor":14}],"player_experience":759907,"relics_obtained":[{"floor":7,"key":"Tingsha"},{"floor":9,"key":"Turnip"},{"floor":13,"key":"War Paint"}],"event_choices":[{"damage_healed":0,"gold_gain":0,"player_choice":"Lose Max HP","damage_taken":0,"relics_obtained":["Golden Idol"],"max_hp_gain":0,"max_hp_loss":6,"event_name":"Golden Idol","floor":2,"gold_loss":0}],"is_beta":false,"boss_relics":[],"items_purged_floors":[],"is_endless":false,"potions_floor_spawned":[11,13],"killed_by":"Hexaghost","ascension_level":20}}