{"host":"h7phgxvratutj9mx","time":1609351058,"event":{"mods":["BaseMod","Highlight Path","Minty Spire (QoL Compilation)","Quick Restart"],"gold_per_floor":[114,129,144,159,174,174,189,204,504,534,88,103,133,148,148,248,248,263,13,13,28,28,58,0,15,15,30,60,75,75,90,90,190,190,205,0,0,0,15,15,30,45,70,100,115,130,130,145,145,145],"floor_reached":51,"playtime":4422,"items_purged":["Strike_B","Defend_B"],"score":914,"play_id":"697b37a0-3c95-4b2b-9bf8-3f2e63edb51c","local_time":"25631231005738","daily_mods":["Cursed Run","Diverse","DeadlyEvents"],"is_ascension_mode":false,"campfire_choices":[{"data":"Dualcast","floor":6,"key":"SMITH"},{"floor":15,"key":"REST"},{"floor":30,"key":"REST"},{"data":"Fire Breathing","floor":32,"key":"SMITH"},{"data":"Body Slam","floor":40,"key":"SMITH"},{"floor":49,"key":"REST"}],"circlet_count":0,"master_deck":["Strike_B","Strike_B","Strike_B","Defend_B","Defend_B","Defend_B","Zap","Dualcast+1","PiercingWail","Doom and Gloom","Fire Breathing+1","Redo","Genetic Algorithm","Flame Barrier","Doubt","Quick Slash","Defragment","Armaments","ThirdEye","Doubt","DeusExMachina","CurseOfTheBell","Carnage","Offering","Lockon","Prepared","Ball Lightning","PiercingWail","Reboot","Parasite","Parasite","Writhe","Body Slam+1","Doubt","Injury","Clumsy","Defragment+1","Darkness+1","Redo+1","Normality"],"relics":["Cursed Key","Darkstone Periapt","Du-Vu Doll","Old Coin","Meat on the Bone","Question Card","Bottled Flame","Calling Bell","Lantern","Pear","Girya","Lee\u0027s Waffle","Eternal Feather","Letter Opener","StrikeDummy","HornCleat","Astrolabe","Red Mask","Singing Bowl","Pantograph","Anchor","Symbiotic Virus"],"acts_visited":["Exordium","TheCity","TheBeyond"],"potions_floor_usage":[13,13,16,33,44,50,50],"damage_taken":[{"damage":1,"enemies":"Cultist","floor":1,"turns":4},{"damage":0,"enemies":"Small Slimes","floor":2,"turns":4},{"damage":1,"enemies":"Jaw Worm","floor":3,"turns":2},{"damage":11,"enemies":"Exordium Thugs","floor":4,"turns":4},{"damage":0,"enemies":"2 Fungi Beasts","floor":5,"turns":2},{"damage":0,"enemies":"Looter","floor":7,"turns":3},{"damage":3,"enemies":"Blue Slaver","floor":8,"turns":5},{"damage":13,"enemies":"3 Sentries","floor":10,"turns":6},{"damage":0,"enemies":"3 Louse","floor":12,"turns":1},{"damage":30,"enemies":"Gremlin Nob","floor":13,"turns":4},{"damage":11,"enemies":"Large Slime","floor":14,"turns":5},{"damage":34,"enemies":"Hexaghost","floor":16,"turns":10},{"damage":6,"enemies":"Shell Parasite","floor":18,"turns":9},{"damage":0,"enemies":"3 Byrds","floor":21,"turns":3},{"damage":46,"enemies":"Book of Stabbing","floor":23,"turns":6},{"damage":17,"enemies":"Snecko","floor":25,"turns":4},{"damage":20,"enemies":"Sentry and Sphere","floor":27,"turns":5},{"damage":12,"enemies":"Gremlin Leader","floor":28,"turns":5},{"damage":25,"enemies":"Snake Plant","floor":29,"turns":3},{"damage":18,"enemies":"Snecko","floor":31,"turns":4},{"damage":94,"enemies":"Collector","floor":33,"turns":10},{"damage":24,"enemies":"3 Shapes","floor":35,"turns":4},{"damage":11,"enemies":"Orb Walker","floor":39,"turns":3},{"damage":21,"enemies":"Writhing Mass","floor":41,"turns":4},{"damage":24,"enemies":"4 Shapes","floor":42,"turns":4},{"damage":50,"enemies":"Nemesis","floor":44,"turns":5},{"damage":6,"enemies":"Maw","floor":45,"turns":6},{"damage":27,"enemies":"Transient","floor":46,"turns":5},{"damage":7,"enemies":"4 Shapes","floor":48,"turns":4},{"damage":75,"enemies":"Donu and Deca","floor":50,"turns":7}],"seed_played":"9091901603564859836","potions_obtained":[{"floor":4,"key":"EssenceOfSteel"},{"floor":7,"key":"Dexterity Potion"},{"floor":8,"key":"FearPotion"},{"floor":10,"key":"LiquidMemories"},{"floor":13,"key":"FearPotion"},{"floor":14,"key":"GamblersBrew"},{"floor":21,"key":"BlessingOfTheForge"},{"floor":27,"key":"PotionOfCapacity"},{"floor":29,"key":"Block Potion"},{"floor":35,"key":"Swift Potion"},{"floor":42,"key":"Explosive Potion"}],"is_trial":false,"path_per_floor":["M","M","M","M","M","R","M","M","T","E","$","M","E","M","R","B",null,"M","$","?","M","T","E","?","M","T","M","E","M","R","M","R","B",null,"M","?","T","T","M","R","M","M","T","E","M","M","?","M","R","B",null],"character_chosen":"DEFECT","items_purchased":["Defragment","Question Card","Armaments","Lee\u0027s Waffle"],"campfire_rested":3,"item_purchase_floors":[11,11,11,19],"current_hp_per_floor":[74,74,73,62,62,62,62,59,65,52,52,52,34,35,59,43,103,97,110,110,110,116,70,70,65,71,63,63,50,104,86,104,28,146,122,122,128,134,125,146,127,105,111,73,81,66,66,71,143,99],"gold":145,"neow_bonus":"","is_daily":true,"chose_seed":false,"campfire_upgraded":3,"win_rate":0.0,"timestamp":1609351058,"path_taken":["M","M","?","?","?","R","M","M","T","E","?","M","?","M","R","BOSS","M","$","?","M","?","?","?","M","T","M","E","?","R","M","R","BOSS","M","?","?","?","?","R","M","M","T","?","M","M","?","M","R","BOSS"],"items_purchased_type":["Card","Relic","Card","Relic"],"build_version":"2020-12-22","purchased_purges":2,"victory":true,"max_hp_per_floor":[75,75,75,75,75,75,75,75,81,81,81,81,81,81,81,87,103,103,110,110,110,116,116,116,116,122,122,122,122,122,122,122,128,146,146,146,152,158,160,160,162,164,170,170,172,172,172,172,172,178],"card_choices":[{"not_picked":["Compile Driver","Poisoned Stab"],"picked":"PiercingWail","floor":1},{"not_picked":["EmptyFist","Havoc"],"picked":"Doom and Gloom","floor":2},{"not_picked":["Outmaneuver","Melter"],"picked":"Fire Breathing","floor":3},{"not_picked":["PathToVictory","FlyingSleeves"],"picked":"Redo","floor":4},{"not_picked":["CrushJoints","Second Wind"],"picked":"Genetic Algorithm","floor":5},{"not_picked":["Poisoned Stab","Headbutt","Barrage"],"picked":"SKIP","floor":7},{"not_picked":["Warcry","Consecrate"],"picked":"Flame Barrier","floor":8},{"not_picked":["Outmaneuver","Slice"],"picked":"Quick Slash","floor":10},{"not_picked":["EmptyMind","Heavy Blade","Vengeance","Crescendo"],"picked":"SKIP","floor":12},{"not_picked":["Hyperbeam","Thunderclap","FlurryOfBlows"],"picked":"ThirdEye","floor":13},{"not_picked":["LikeWater","Poisoned Stab","EmptyBody","Dagger Spray"],"picked":"SKIP","floor":14},{"not_picked":["Hyperbeam","Core Surge","Double Tap"],"picked":"DeusExMachina","floor":16},{"not_picked":["Prostrate","Coolheaded","Prepared"],"picked":"Carnage","floor":18},{"not_picked":["Heavy Blade+1","Havoc","Perfected Strike"],"picked":"Offering","floor":21},{"not_picked":["Cold Snap","Underhanded Strike","Crescendo"],"picked":"Lockon","floor":23},{"not_picked":["Chill","Cold Snap","Rebound","Fasting2"],"picked":"SKIP","floor":25},{"not_picked":["Crescendo+1","Pray","Infinite Blades"],"picked":"Prepared","floor":27},{"not_picked":["Reboot","JustLucky","Twin Strike"],"picked":"Ball Lightning","floor":28},{"not_picked":["Sword Boomerang","Halt","Prostrate"],"picked":"PiercingWail","floor":29},{"not_picked":["Underhanded Strike","Shrug It Off","SandsOfTime+1","Barrage"],"picked":"SKIP","floor":31},{"not_picked":["MasterReality","After Image","Bullet Time"],"picked":"Reboot","floor":33},{"not_picked":["Clothesline","JustLucky","Warcry+1"],"picked":"Body Slam","floor":35},{"not_picked":["Poisoned Stab","Force Field","Evaluate+1","Double Energy"],"picked":"Singing Bowl","floor":39},{"not_picked":["Rage+1","Choke","PiercingWail+1","Flechettes+1"],"picked":"Singing Bowl","floor":41},{"not_picked":["Crescendo+1","SignatureMove+1","Flex+1","Noxious Fumes+1"],"picked":"Singing Bowl","floor":42},{"not_picked":["All Out Attack","Stack+1","Capacitor+1"],"picked":"Defragment+1","floor":44},{"not_picked":["Reckless Charge","Gash","Clothesline+1","Blade Dance"],"picked":"Singing Bowl","floor":45},{"not_picked":["Battle Trance","Blur","Sweeping Beam"],"picked":"Darkness+1","floor":46},{"not_picked":["Perfected Strike+1","Rampage+1","Prepared+1"],"picked":"Redo+1","floor":48}],"player_experience":360741,"relics_obtained":[{"floor":9,"key":"Old Coin"},{"floor":10,"key":"Meat on the Bone"},{"floor":13,"key":"Bottled Flame"},{"floor":17,"key":"Lantern"},{"floor":17,"key":"Pear"},{"floor":17,"key":"Girya"},{"floor":22,"key":"Eternal Feather"},{"floor":23,"key":"Letter Opener"},{"floor":26,"key":"StrikeDummy"},{"floor":28,"key":"HornCleat"},{"floor":37,"key":"Singing Bowl"},{"floor":38,"key":"Pantograph"},{"floor":43,"key":"Anchor"},{"floor":44,"key":"Symbiotic Virus"}],"event_choices":[{"damage_healed":0,"gold_gain":0,"player_choice":"Ignored","damage_taken":0,"max_hp_gain":0,"max_hp_loss":0,"event_name":"Ghosts","floor":20,"gold_loss":0},{"damage_healed":0,"gold_gain":0,"player_choice":"Paid Fearfully","damage_taken":0,"max_hp_gain":0,"max_hp_loss":0,"event_name":"Masked Bandits","floor":24,"gold_loss":58},{"damage_healed":0,"gold_gain":0,"player_choice":"Paid","damage_taken":0,"relics_obtained":["Red Mask"],"max_hp_gain":0,"max_hp_loss":0,"event_name":"Tomb of Lord Red Mask","floor":36,"gold_loss":205},{"damage_healed":0,"gold_gain":0,"player_choice":"Ignored","damage_taken":0,"max_hp_gain":0,"max_hp_loss":0,"event_name":"SecretPortal","floor":47,"gold_loss":0}],"is_beta":false,"boss_relics":[{"not_picked":["Philosopher\u0027s Stone","Empty Cage"],"picked":"Calling Bell"},{"not_picked":["Runic Dome","Inserter"],"picked":"Astrolabe"}],"items_purged_floors":[11,19],"is_endless":false,"potions_floor_spawned":[4,7,8,10,13,14,21,27,29,35,39,42],"ascension_level":0}}