{"host":"i0avyit1s6jb1siw","time":1609349243,"event":{"mods":["BaseMod","DeckTracker","Dota2Spire","Highlight Path","Minty Spire (QoL Compilation)","Quick Restart","Replay The Spire","StSLib","SuperFastMode"],"gold_per_floor":[109,65,65,65,115,147,191,191,191,201,241,241,241,305,305,414,414,459,244,244,294,209,270,270,281,281,324,371,414,414,477,477,580,680,693,738,778,818,818,873,873,873,873],"floor_reached":42,"playtime":1130,"items_purged":["Strike_G"],"score":1331,"play_id":"b843730c-b468-4c88-aab7-4e863341bf1b","local_time":"20201230182723","is_ascension_mode":true,"campfire_choices":[{"data":"Cloak And Dagger","floor":8,"key":"SMITH"},{"data":"A Thousand Cuts","floor":12,"key":"SMITH"},{"data":"Strike_G","floor":15,"key":"PURGE"},{"data":"Accuracy","floor":24,"key":"SMITH"},{"floor":30,"key":"REST"},{"floor":32,"key":"REST"},{"floor":41,"key":"REST"}],"circlet_count":0,"master_deck":["AscendersBane","Strike_G","Strike_G","Defend_G","Defend_G","Defend_G+1","Defend_G","Defend_G","Survivor","Neutralize","Blade Dance","Cloak And Dagger+1","Cloak And Dagger+1","Finisher+1","PiercingWail+1","Leg Sweep+1","A Thousand Cuts+1","AbeCurse","Escape Plan+1","Accuracy+1","Deep Breath","Deflect+1","Hidden Blade","Escape Plan","Reflex","Noxious Fumes+1"],"relics":["Ring of the Snake","NeowsBlessing","Dota2Spire:HandOfMidas","ReplayTheSpireMod:TigerMarble","HornCleat","Gremlin Food","Abe\u0027s Treasure","Replay:Rubber Ducky","War Paint","Garlic","Mummified Hand","Replay:Wanted Poster","Boot"],"acts_visited":["Exordium","TheCity","TheBeyond"],"potions_floor_usage":[16,16,23,31,33,38,40],"damage_taken":[{"damage":0,"enemies":"2 Louse","floor":1,"turns":1},{"damage":0,"enemies":"Jaw Worm","floor":5,"turns":1},{"damage":0,"enemies":"Lagavulin","floor":6,"turns":2},{"damage":0,"enemies":"Small Slimes","floor":7,"turns":3},{"damage":2,"enemies":"Blue Slaver","floor":10,"turns":2},{"damage":0,"enemies":"Large Slime","floor":11,"turns":4},{"damage":1,"enemies":"3 Sentries","floor":14,"turns":4},{"damage":14,"enemies":"Slime Boss","floor":16,"turns":8},{"damage":2,"enemies":"3 Byrds","floor":18,"turns":5},{"damage":16,"enemies":"Gremlin Leader","floor":23,"turns":7},{"damage":0,"enemies":"2 Thieves","floor":25,"turns":4},{"damage":0,"enemies":"Sentry and Sphere","floor":27,"turns":3},{"damage":0,"enemies":"Snake Plant","floor":28,"turns":5},{"damage":25,"enemies":"Snecko","floor":29,"turns":6},{"damage":6,"enemies":"Slavers","floor":31,"turns":6},{"damage":38,"enemies":"Pondfish","floor":33,"turns":8},{"damage":0,"enemies":"3 Shapes","floor":35,"turns":3},{"damage":0,"enemies":"3 Darklings","floor":36,"turns":3},{"damage":6,"enemies":"Sphere and 2 Shapes","floor":37,"turns":6},{"damage":19,"enemies":"Transient","floor":38,"turns":6},{"damage":15,"enemies":"Nemesis","floor":40,"turns":7},{"damage":29,"enemies":"Giant Head","floor":42,"turns":6}],"seed_played":"3270277670248579647","potions_obtained":[{"floor":6,"key":"SkillPotion"},{"floor":10,"key":"Weak Potion"},{"floor":11,"key":"Dexterity Potion"},{"floor":16,"key":"Fire Potion"},{"floor":23,"key":"AttackPotion"},{"floor":25,"key":"Elixir"},{"floor":31,"key":"Poison Potion"},{"floor":36,"key":"GhostInAJar"},{"floor":40,"key":"PowerPotion"}],"is_trial":false,"path_per_floor":["M","$","?","?","M","E","M","R","T","M","M","R","?","E","R","B",null,"M","$","?","?","?","E","R","M","T","M","M","M","R","E","R","B",null,"M","M","M","M","?","E","R","E"],"character_chosen":"THE_SILENT","items_purchased":["Cloak And Dagger","Accuracy","Deep Breath"],"campfire_rested":3,"item_purchase_floors":[2,19,19],"current_hp_per_floor":[59,59,59,33,33,33,33,33,33,31,31,31,31,30,30,16,54,52,52,52,52,52,36,36,36,36,36,36,11,30,24,43,5,51,51,51,45,26,26,11,29,0,0],"gold":873,"neow_bonus":"THREE_ENEMY_KILL","is_daily":false,"chose_seed":false,"campfire_upgraded":3,"win_rate":0.0,"timestamp":1609349243,"path_taken":["M","$","?","?","M","E","M","R","T","M","M","R","?","E","R","BOSS","M","$","?","?","?","E","R","M","T","M","M","M","R","E","R","BOSS","M","M","M","M","?","E","R","E"],"items_purchased_type":["Card","Card","Card"],"build_version":"2020-12-22","purchased_purges":1,"victory":false,"max_hp_per_floor":[66,66,66,66,66,66,66,66,66,66,66,66,66,66,66,66,66,66,66,66,66,66,66,66,66,66,66,66,66,66,66,66,66,66,66,66,66,66,63,63,63,63,63],"card_choices":[{"not_picked":["Hidden Blade","Backflip"],"picked":"Blade Dance","floor":1},{"not_picked":["Distraction","Outmaneuver"],"picked":"PiercingWail","floor":5},{"not_picked":["Underhanded Strike","Heel Hook","Backflip"],"picked":"SKIP","floor":6},{"not_picked":["Prepared","Hidden Blade"],"picked":"Leg Sweep","floor":7},{"not_picked":["Flying Knee","Dodge and Roll","ReplayTheSpireMod:Exploit Weakness"],"picked":"SKIP","floor":10},{"not_picked":["Tactician","ReplayTheSpireMod:Exploit Weakness"],"picked":"A Thousand Cuts","floor":11},{"not_picked":["Cloak And Dagger","ReplayTheSpireMod:Scrap Shanks","Flying Knee"],"picked":"SKIP","floor":14},{"not_picked":["Backflip","Dodge and Roll"],"picked":"Escape Plan","floor":18},{"not_picked":["Infinite Blades","Tools of the Trade"],"picked":"Deflect+1","floor":23},{"not_picked":["Replay:Poison Smokescreen","Draining Mist"],"picked":"Hidden Blade","floor":25},{"not_picked":["Dodge and Roll","Underhanded Strike"],"picked":"Escape Plan","floor":27},{"not_picked":["Cloak And Dagger","Underhanded Strike","Crippling Poison"],"picked":"SKIP","floor":28},{"not_picked":["ReplayTheSpireMod:Exploit Weakness","Blade Dance"],"picked":"Reflex","floor":29},{"not_picked":["Cloak And Dagger","Glass Knife"],"picked":"Noxious Fumes+1","floor":31},{"not_picked":["Underhanded Strike","Bane+1","Expertise"],"picked":"SKIP","floor":35},{"not_picked":["Dagger Spray","Predator","Riddle With Holes"],"picked":"SKIP","floor":36},{"not_picked":["Blade Dance","Poisoned Stab","Skewer"],"picked":"SKIP","floor":37},{"not_picked":["Quick Slash+1","Deadly Poison","Flechettes"],"picked":"SKIP","floor":38},{"not_picked":["Dagger Spray","Distraction+1","ReplayTheSpireMod:Exploit Weakness"],"picked":"SKIP","floor":40}],"player_experience":2144491,"relics_obtained":[{"floor":6,"key":"ReplayTheSpireMod:TigerMarble"},{"floor":9,"key":"HornCleat"},{"floor":14,"key":"Gremlin Food"},{"floor":23,"key":"War Paint"},{"floor":26,"key":"Garlic"},{"floor":31,"key":"Mummified Hand"},{"floor":40,"key":"Boot"}],"event_choices":[{"damage_healed":0,"gold_gain":0,"player_choice":"Success","damage_taken":26,"relics_obtained":["Dota2Spire:HandOfMidas"],"max_hp_gain":0,"max_hp_loss":0,"event_name":"Scrap Ooze","floor":4,"gold_loss":0},{"damage_healed":0,"gold_gain":0,"player_choice":"Ignored","damage_taken":0,"max_hp_gain":0,"max_hp_loss":0,"event_name":"Liars Game","floor":13,"gold_loss":0},{"damage_healed":0,"gold_gain":0,"player_choice":"Ignored","damage_taken":0,"max_hp_gain":0,"max_hp_loss":0,"event_name":"Ghosts","floor":20,"gold_loss":0},{"damage_healed":0,"gold_gain":50,"player_choice":"Stole From Cult","damage_taken":0,"max_hp_gain":0,"max_hp_loss":0,"event_name":"Nest","floor":21,"gold_loss":0},{"damage_healed":0,"gold_gain":0,"player_choice":"Obtained Relic","damage_taken":0,"relics_obtained":["Replay:Rubber Ducky"],"max_hp_gain":0,"max_hp_loss":0,"event_name":"Addict","floor":22,"gold_loss":85},{"damage_healed":0,"gold_gain":0,"player_choice":"Max HP","damage_taken":0,"max_hp_gain":0,"max_hp_loss":3,"event_name":"Winding Halls","floor":39,"gold_loss":0}],"is_beta":false,"boss_relics":[{"not_picked":["ReplayTheSpireMod:DimensionalGlitch","Honey Jar"],"picked":"Abe\u0027s Treasure"},{"not_picked":["Coffee Dripper","Snecko Heart"],"picked":"Replay:Wanted Poster"}],"items_purged_floors":[19],"is_endless":false,"potions_floor_spawned":[6,10,11,14,16,23,25,28,31,36,40],"killed_by":"Giant Head","ascension_level":20}}