{"host":"l8lkgdumzpe3823a","time":1609346769,"event":{"mods":["Always Whale","Aspiration","BaseMod","Beaked The Cultist","Better Note","Clockwork Mod","Colored Powertips","Curses Come First","Custom Start","DeckTracker","Defuse TimeMaze Blight","Highlight Path","Hubris","Infinite Spire","Minty Spire (QoL Compilation)","Quick Restart","Replay The Spire","Shop Mod","StSLib","SuperFastMode","The Construct","The Dragon Tamer","The Servant 0.9.4","vexMod"],"gold_per_floor":[115,134,134,7,7,7,7,7],"floor_reached":7,"playtime":231,"items_purged":["construct:AttackMode"],"score":72,"play_id":"a28e04ae-6a3a-4654-a416-2c52bbcc869a","local_time":"20201230104609","is_ascension_mode":true,"campfire_choices":[{"data":"construct:ElectricArmor+1","floor":6,"key":"SMITH"}],"circlet_count":0,"master_deck":["AscendersBane","construct:Strike_Gold","construct:Strike_Gold","construct:Strike_Gold","construct:Strike_Gold","construct:Strike_Gold","construct:Defend_Gold","construct:Defend_Gold","construct:Defend_Gold","construct:Defend_Gold","construct:Defend_Gold","construct:DefenseMode+1","construct:ElectricArmor+2","construct:ElectricArmor","construct:Autoturret"],"relics":["construct:ClockworkPhoenix","Chameleon Ring"],"acts_visited":["Exordium"],"potions_floor_usage":[7,7],"damage_taken":[{"damage":11,"enemies":"Cultist","floor":1,"turns":4},{"damage":7,"enemies":"Jaw Worm","floor":2,"turns":8},{"damage":62,"enemies":"3 Sentries","floor":7,"turns":14}],"seed_played":"-4915871940222901743","potions_obtained":[{"floor":1,"key":"Dexterity Potion"},{"floor":2,"key":"Languid Potion"}],"is_trial":false,"path_per_floor":["M","M","?","$","T","R","E"],"character_chosen":"THE_CONSTRUCT_MOD","items_purchased":["construct:Autoturret"],"campfire_rested":0,"item_purchase_floors":[4],"current_hp_per_floor":[61,54,54,54,54,54,0,0],"gold":7,"neow_bonus":"UPGRADE_CARD","is_daily":false,"chose_seed":false,"campfire_upgraded":1,"win_rate":0.0,"timestamp":1609346769,"path_taken":["M","?","?","$","?","R","E"],"items_purchased_type":["Card"],"build_version":"2020-12-22","purchased_purges":1,"victory":false,"max_hp_per_floor":[80,80,80,80,80,80,80,80],"card_choices":[{"not_picked":["construct:Antimatter","construct:Versatility"],"picked":"construct:ElectricArmor","floor":1},{"not_picked":["construct:FierceBash","construct:SuppressiveFire"],"picked":"construct:ElectricArmor","floor":2}],"player_experience":716923,"relics_obtained":[{"floor":5,"key":"Chameleon Ring"}],"event_choices":[{"damage_healed":0,"gold_gain":0,"player_choice":"Upgraded","damage_taken":0,"max_hp_gain":0,"max_hp_loss":0,"event_name":"Upgrade Shrine","floor":3,"gold_loss":0,"cards_upgraded":["construct:ElectricArmor"]}],"is_beta":false,"boss_relics":[],"items_purged_floors":[4],"is_endless":false,"potions_floor_spawned":[1,2],"killed_by":"3 Sentries","ascension_level":17}}