{"host":"873t0y8ybyo38pfq","time":1609350973,"event":{"mods":["BaseMod","Bestiary","Colored Map","Colored Powertips","Highlight Path","Minty Spire (QoL Compilation)","Quick Restart","RNG Fix","Rare Cards Sparkle","Relic Stats","StSLib"],"gold_per_floor":[117,117,137,154,170,170,201,34,89,120,120,155,155,155,155,155,155],"floor_reached":16,"playtime":330,"items_purged":[],"score":236,"play_id":"d33e29aa-cf1a-488a-ba04-ca47bb3f9814","local_time":"20201230125613","is_ascension_mode":true,"campfire_choices":[{"data":"Eviscerate","floor":6,"key":"SMITH"},{"data":"All Out Attack","floor":11,"key":"SMITH"},{"data":"Acrobatics","floor":13,"key":"SMITH"},{"data":"Dagger Throw","floor":15,"key":"SMITH"}],"circlet_count":0,"master_deck":["AscendersBane","Strike_G","Strike_G","Strike_G+1","Strike_G","Strike_G+1","Defend_G","Defend_G","Defend_G","Defend_G","Defend_G","Survivor","Neutralize","Eviscerate+1","Dagger Throw","Acrobatics+1","Tactician","Dagger Throw+1","All Out Attack+1","Terror"],"relics":["Ring of the Snake","NeowsBlessing","Eternal Feather","PreservedInsect","Regal Pillow","Vajra","Tiny Chest"],"acts_visited":["Exordium"],"potions_floor_usage":[7,10,12,12,16],"damage_taken":[{"damage":0,"enemies":"2 Louse","floor":1,"turns":1},{"damage":0,"enemies":"Small Slimes","floor":3,"turns":1},{"damage":0,"enemies":"Jaw Worm","floor":4,"turns":1},{"damage":5,"enemies":"Large Slime","floor":5,"turns":6},{"damage":12,"enemies":"3 Sentries","floor":7,"turns":6},{"damage":8,"enemies":"Lagavulin","floor":10,"turns":4},{"damage":8,"enemies":"3 Sentries","floor":12,"turns":5},{"damage":44,"enemies":"The Guardian","floor":16,"turns":8}],"seed_played":"8813546020077037389","potions_obtained":[{"floor":3,"key":"Strength Potion"},{"floor":4,"key":"Explosive Potion"},{"floor":7,"key":"EssenceOfSteel"},{"floor":10,"key":"EntropicBrew"}],"is_trial":false,"path_per_floor":["M","?","M","M","M","R","E","$","T","E","R","E","R","?","R","B"],"character_chosen":"THE_SILENT","items_purchased":["PreservedInsect"],"campfire_rested":0,"item_purchase_floors":[8],"current_hp_per_floor":[59,64,64,64,59,59,47,47,47,39,48,40,52,31,43,0,0],"gold":155,"neow_bonus":"THREE_ENEMY_KILL","is_daily":false,"chose_seed":false,"campfire_upgraded":4,"win_rate":0.0,"timestamp":1609350973,"path_taken":["M","?","M","?","?","R","E","$","T","E","R","E","R","?","R","BOSS"],"items_purchased_type":["Relic"],"build_version":"2020-12-22","purchased_purges":0,"victory":false,"max_hp_per_floor":[66,71,71,71,71,71,71,71,71,71,71,71,71,71,71,71,71],"relic_stats":{"Regal Pillow":0,"counters":[8,32],"Eternal Feather":33,"Tiny Chest":0,"PreservedInsect":61,"obtain_stats":[{"Regal Pillow":9,"NeowsBlessing":0,"Vajra":10,"Eternal Feather":7,"Tiny Chest":12,"PreservedInsect":8,"Ring of the Snake":0},{"Regal Pillow":5,"NeowsBlessing":0,"Vajra":6,"Eternal Feather":5,"Tiny Chest":7,"PreservedInsect":5,"Ring of the Snake":0},{"Regal Pillow":15,"NeowsBlessing":0,"Vajra":19,"Eternal Feather":15,"Tiny Chest":24,"PreservedInsect":15,"Ring of the Snake":0}],"Ring of the Snake":[16]},"card_choices":[{"not_picked":["Deflect","Dodge and Roll"],"picked":"Eviscerate","floor":1},{"not_picked":["Calculated Gamble","Acrobatics"],"picked":"Dagger Throw","floor":3},{"not_picked":["Night Terror","Dagger Throw"],"picked":"Acrobatics","floor":4},{"not_picked":["Deadly Poison","Dodge and Roll"],"picked":"Tactician","floor":5},{"not_picked":["Backflip","Heel Hook"],"picked":"Dagger Throw","floor":7},{"not_picked":["Poisoned Stab","Setup"],"picked":"All Out Attack","floor":10},{"not_picked":["Storm of Steel","Blade Dance"],"picked":"Terror","floor":12}],"player_experience":1422412,"relics_obtained":[{"floor":7,"key":"Eternal Feather"},{"floor":9,"key":"Regal Pillow"},{"floor":10,"key":"Vajra"},{"floor":12,"key":"Tiny Chest"}],"event_choices":[{"damage_healed":0,"gold_gain":0,"player_choice":"Donut","damage_taken":0,"max_hp_gain":5,"max_hp_loss":0,"event_name":"Big Fish","floor":2,"gold_loss":0},{"damage_healed":0,"gold_gain":0,"player_choice":"Entered Light","damage_taken":21,"max_hp_gain":0,"max_hp_loss":0,"event_name":"Shining Light","floor":14,"gold_loss":0,"cards_upgraded":["Strike_G","Strike_G"]}],"is_beta":false,"boss_relics":[],"items_purged_floors":[],"is_endless":false,"potions_floor_spawned":[3,4,7,10],"killed_by":"The Guardian","ascension_level":20}}