{"host":"f5ezd1v29dtbwkzo","time":1609309065,"event":{"mods":["2.2 Compatiblity","BaseMod","Hermit","Hubris","Infinite Spire","Minty Spire (QoL Compilation)","Rare Cards Sparkle","Replay The Spire","StSLib"],"gold_per_floor":[118,68,85,85,114,139,170,203,203,228,259,288,315,315,315,411,411,441,466,492,523,554,589,620,620,673,726,741,761,789,805,805,903,903,917,933,933,945,40,40,65,65,91,91,125,125,137,153,153,153],"floor_reached":51,"playtime":2746,"items_purged":["Decay"],"score":1117,"play_id":"522a3756-aaa1-4374-a54b-759e1e7c8cc4","local_time":"20201230091745","is_ascension_mode":false,"campfire_choices":[{"floor":15,"key":"DIG"},{"floor":25,"key":"REST"},{"floor":32,"key":"DIG"},{"floor":40,"key":"DIG"},{"floor":42,"key":"DIG"},{"floor":44,"key":"DIG"},{"floor":46,"key":"DIG"},{"floor":49,"key":"DIG"}],"circlet_count":0,"master_deck":["Strike_R","Strike_R","Strike_R","Strike_R","Defend_R","Defend_R+1","Defend_R","Defend_R+1","Bash","Immolate","Thunderclap+1","Thunderclap+1","Hallucinations","Armaments","Dual Wield","Pommel Strike","Cleave","True Grit+1","Exhume","AbeCurse","Thunderclap+1","ReplayTheSpireMod:Stacked+1","True Grit+1","Wild Strike+1","Clash+1","Spot Weakness","Anger","Twin Strike+1","Eclipse+1","Pain","Overencumbered","infinitespire:Gouge","Headbutt+1","Inflame","Parasite","True Grit+1"],"relics":["Burning Blood","ReplayTheSpireMod:Ring of Addiction","ReplayTheSpireMod:Ring of Challenge","hubris:EmptyBottle","Potion Belt","Mango","infinitespire:Broken Mirror","Ornamental Fan","Shovel","hubris:PeanutButter","Replay:Grab Bag","Busted Crown","Abe\u0027s Treasure","Ring of Chaos","hubris:Backtick","Lizard Tail","Pen Nib","infinitespire:Lucky Rock","Bag of Marbles","Bag of Preparation","Omamori","InkBottle","Darkstone Periapt","Replay:Ancient Bell","Oddly Smooth Stone","Kunai","Turnip","Replay:Bottled Eggs","Medical Kit","hubris:Reverence","War Paint","Another Sword","Red Skull","Simple Rune","Mummified Hand","Regal Pillow","Strawberry","ReplayTheSpireMod:Ninjato"],"acts_visited":["Exordium","TheCity","TheBeyond"],"potions_floor_usage":[5,5,5,6,6,8,8,11,12,16,18,20,21,21,21,24,24,28,31,33,33,35,36,41,45,45,45,47,50,50,50,50],"damage_taken":[{"damage":0,"enemies":"Small Slimes","floor":1,"turns":2},{"damage":1,"enemies":"Jaw Worm","floor":3,"turns":3},{"damage":0,"enemies":"Cultist","floor":5,"turns":2},{"damage":0,"enemies":"Gremlin Nob","floor":6,"turns":2},{"damage":1,"enemies":"Exordium Thugs","floor":7,"turns":3},{"damage":5,"enemies":"Red Slaver","floor":8,"turns":2},{"damage":0,"enemies":"2 Fungi Beasts","floor":10,"turns":1},{"damage":12,"enemies":"Blue Slaver","floor":11,"turns":1},{"damage":12,"enemies":"Lagavulin","floor":12,"turns":3},{"damage":8,"enemies":"Red Slaver","floor":13,"turns":3},{"damage":4,"enemies":"Slime Boss","floor":16,"turns":4},{"damage":19,"enemies":"3 Byrds","floor":18,"turns":7},{"damage":10,"enemies":"Chosen","floor":20,"turns":3},{"damage":1,"enemies":"Shelled Parasite and Fungi","floor":21,"turns":5},{"damage":26,"enemies":"Centurion and Healer","floor":22,"turns":7},{"damage":68,"enemies":"Nightmare","floor":23,"turns":14},{"damage":24,"enemies":"Snake Plant","floor":24,"turns":5},{"damage":0,"enemies":"Sentry and Sphere","floor":28,"turns":3},{"damage":0,"enemies":"Centurion and Healer","floor":29,"turns":4},{"damage":14,"enemies":"Slavers","floor":30,"turns":2},{"damage":0,"enemies":"Shelled Parasite and Fungi","floor":31,"turns":2},{"damage":43,"enemies":"Automaton","floor":33,"turns":8},{"damage":3,"enemies":"Orb Walker","floor":35,"turns":2},{"damage":2,"enemies":"3 Darklings","floor":36,"turns":6},{"damage":24,"enemies":"Maw","floor":38,"turns":8},{"damage":0,"enemies":"R_Hoarder","floor":41,"turns":5},{"damage":32,"enemies":"Nemesis","floor":45,"turns":5},{"damage":7,"enemies":"Writhing Mass","floor":47,"turns":4},{"damage":0,"enemies":"Jaw Worm Horde","floor":48,"turns":2},{"damage":112,"enemies":"infinitespire:MassOfShapes","floor":50,"turns":10}],"seed_played":"-4729385790520496232","potions_obtained":[{"floor":1,"key":"EssenceOfSteel"},{"floor":4,"key":"Energy Potion"},{"floor":4,"key":"ElixirPotion"},{"floor":4,"key":"Swift Potion"},{"floor":5,"key":"AttackPotion"},{"floor":7,"key":"GamblersBrew"},{"floor":10,"key":"Death Potion"},{"floor":11,"key":"Death Potion"},{"floor":18,"key":"SkillPotion"},{"floor":22,"key":"FairyPotion"},{"floor":23,"key":"Adrenaline Potion"},{"floor":30,"key":"Block Potion"},{"floor":31,"key":"Elixir"},{"floor":38,"key":"Adrenaline Potion"},{"floor":45,"key":"SkillPotion"},{"floor":47,"key":"Elixir"}],"is_trial":false,"path_per_floor":["M","?","M","?","M","E","M","M","T","M","M","E","M","T","R","B",null,"M","T","M","M","M","NM","M","R","T","T","M","M","E","M","R","B",null,"M","M","?","M","$","R","E","R","T","R","E","R","M","M","R","B",null],"character_chosen":"IRONCLAD","items_purchased":["Replay:Bottled Eggs","Medical Kit","SkillPotion","SkillPotion","hubris:Reverence","Inflame"],"campfire_rested":1,"item_purchase_floors":[39,39,39,39,39,39],"current_hp_per_floor":[72,72,72,72,72,86,86,86,86,86,80,74,72,72,72,74,84,71,71,67,72,52,52,34,59,59,59,65,71,63,69,69,32,88,88,88,100,82,82,82,88,88,88,88,62,69,74,80,80,27],"gold":153,"neow_bonus":"THREE_RARE_CARDS","is_daily":false,"chose_seed":false,"campfire_upgraded":0,"win_rate":0.0,"timestamp":1609309065,"path_taken":["M","?","M","?","M","E","M","M","T","M","M","E","M","?","R","BOSS","M","?","M","M","M","NM","M","R","T","?","?","M","E","M","R","BOSS","M","M","?","M","$","R","E","R","T","R","E","R","M","M","R","BOSS"],"items_purchased_type":["Relic","Relic","Potion","Potion","Relic","Card"],"build_version":"2020-12-22","purchased_purges":1,"victory":true,"max_hp_per_floor":[72,72,72,72,72,86,86,86,86,86,86,86,86,86,86,84,84,84,84,84,84,84,84,84,84,84,84,82,82,82,82,82,82,88,88,88,100,100,100,98,98,98,98,98,96,103,109,109,109,109],"card_choices":[{"not_picked":["Corruption","Exhume"],"picked":"Immolate","floor":0},{"not_picked":["Armaments","Seeing Red"],"picked":"Thunderclap","floor":1},{"not_picked":["Anger","Clash"],"picked":"Thunderclap","floor":3},{"not_picked":["Fire Breathing","Twin Strike"],"picked":"Armaments","floor":5},{"not_picked":["ReplayTheSpireMod:Muscle Training","ReplayTheSpireMod:Stacked"],"picked":"Dual Wield","floor":6},{"not_picked":["Shrug It Off","Blood for Blood"],"picked":"Pommel Strike","floor":7},{"not_picked":["Wild Strike","Havoc","Clothesline"],"picked":"SKIP","floor":8},{"not_picked":["Demonic Infusion","Iron Wave","Rampage"],"picked":"SKIP","floor":10},{"not_picked":["Iron Wave","Headbutt","Sword Boomerang"],"picked":"SKIP","floor":11},{"not_picked":["Infernal Blade","Body Slam"],"picked":"Cleave","floor":12},{"not_picked":["Perfected Strike","Headbutt"],"picked":"True Grit","floor":13},{"not_picked":["Corruption","Fiend Fire"],"picked":"Exhume","floor":16},{"not_picked":[],"picked":"Thunderclap","floor":18},{"not_picked":[],"picked":"ReplayTheSpireMod:Stacked+1","floor":20},{"not_picked":["Clash"],"picked":"SKIP","floor":21},{"not_picked":[],"picked":"True Grit+1","floor":22},{"not_picked":[],"picked":"Wild Strike+1","floor":23},{"not_picked":[],"picked":"Clash+1","floor":24},{"not_picked":["Searing Blow+1"],"picked":"SKIP","floor":28},{"not_picked":["Body Slam+1"],"picked":"SKIP","floor":29},{"not_picked":[],"picked":"Spot Weakness","floor":30},{"not_picked":[],"picked":"Anger","floor":31},{"not_picked":[],"picked":"ReplayTheSpireMod:Splinters","floor":34},{"not_picked":[],"picked":"Amnesia","floor":34},{"not_picked":[],"picked":"Decay","floor":34},{"not_picked":[],"picked":"Twin Strike+1","floor":35},{"not_picked":[],"picked":"Eclipse","floor":36},{"not_picked":["infinitespire:SevenWalls","infinitespire:Execution"],"picked":"infinitespire:Gouge","floor":37},{"not_picked":[],"picked":"Headbutt+1","floor":38},{"not_picked":["Replay:Undeath\u0027s Touch"],"picked":"SKIP","floor":41},{"not_picked":["Shrug It Off"],"picked":"SKIP","floor":45},{"not_picked":["ReplayTheSpireMod:Strike From Hell+1"],"picked":"SKIP","floor":47},{"not_picked":[],"picked":"True Grit+1","floor":48}],"player_experience":323029,"relics_obtained":[{"floor":4,"key":"ReplayTheSpireMod:Ring of Addiction"},{"floor":4,"key":"ReplayTheSpireMod:Ring of Challenge"},{"floor":4,"key":"hubris:EmptyBottle"},{"floor":4,"key":"Potion Belt"},{"floor":6,"key":"Mango"},{"floor":9,"key":"infinitespire:Broken Mirror"},{"floor":12,"key":"Ornamental Fan"},{"floor":14,"key":"Shovel"},{"floor":15,"key":"hubris:PeanutButter"},{"floor":19,"key":"Pen Nib"},{"floor":22,"key":"infinitespire:Lucky Rock"},{"floor":23,"key":"Bag of Marbles"},{"floor":26,"key":"Bag of Preparation"},{"floor":27,"key":"Omamori"},{"floor":30,"key":"InkBottle"},{"floor":32,"key":"Darkstone Periapt"},{"floor":40,"key":"War Paint"},{"floor":41,"key":"Another Sword"},{"floor":42,"key":"Red Skull"},{"floor":43,"key":"Simple Rune"},{"floor":44,"key":"Mummified Hand"},{"floor":45,"key":"Regal Pillow"},{"floor":46,"key":"Strawberry"},{"floor":49,"key":"ReplayTheSpireMod:Ninjato"}],"event_choices":[{"cards_removed":["Strike_R"],"damage_healed":0,"gold_gain":0,"player_choice":"Card Removal","damage_taken":0,"max_hp_gain":0,"max_hp_loss":0,"event_name":"The Cleric","floor":2,"gold_loss":50}],"is_beta":false,"boss_relics":[{"not_picked":["Honey Jar","hubris:RunicObelisk"],"picked":"Replay:Grab Bag"},{"not_picked":["hubris:CrackedHourglass","Replay:Bronze Core"],"picked":"Busted Crown"},{"not_picked":["ReplayTheSpireMod:Onyx Gauntlets","hubris:GrandSneckoEye"],"picked":"Abe\u0027s Treasure"},{"not_picked":["SlaversCollar","Kintsugi"],"picked":"Ring of Chaos"},{"not_picked":["Empty Cage","ReplayTheSpireMod:SealedPack"],"picked":"hubris:Backtick"},{"not_picked":["hubris:BlackHole","Calling Bell"],"picked":"Replay:Ancient Bell"},{"not_picked":["MawBank","Tiny Chest"],"picked":"Oddly Smooth Stone"},{"not_picked":["hubris:MobiusCoin","infinitespire:Midas Blood"],"picked":"Kunai"},{"not_picked":["Prayer Wheel","TungstenRod"],"picked":"Turnip"}],"items_purged_floors":[39],"is_endless":false,"potions_floor_spawned":[1,5,7,10,11,18,22,23,30,31,38,45,47],"ascension_level":0}}