{"host":"p7j7o00jacnw7qzt","time":1609308479,"event":{"mods":["BaseMod","Colored Map","Colored Powertips","DeckTracker","Highlight Path","Minty Spire (QoL Compilation)","Relic Stats"],"gold_per_floor":[117,117,117,129,129,154,169,94,94,94,104,104,114,131,131,131,131],"floor_reached":16,"playtime":314,"items_purged":["Strike_G"],"score":254,"play_id":"4c048de7-2f24-4ede-a721-5e12905bf340","local_time":"20201230010759","is_ascension_mode":true,"campfire_choices":[{"data":"Blade Dance","floor":10,"key":"SMITH"},{"data":"Acrobatics","floor":12,"key":"SMITH"},{"data":"Expertise","floor":15,"key":"SMITH"}],"circlet_count":0,"master_deck":["AscendersBane","Strike_G","Strike_G","Strike_G","Defend_G","Defend_G","Defend_G","Defend_G","Survivor","Neutralize","Expertise+1","Acrobatics+1","Blade Dance+1","Acrobatics"],"relics":["Ring of the Snake","NeowsBlessing","StrikeDummy","Bag of Marbles"],"acts_visited":["Exordium"],"potions_floor_usage":[],"damage_taken":[{"damage":0.0,"enemies":"Jaw Worm","floor":1.0,"turns":1.0},{"damage":0.0,"enemies":"Small Slimes","floor":4.0,"turns":1.0},{"damage":0.0,"enemies":"3 Sentries","floor":6.0,"turns":1.0},{"damage":1.0,"enemies":"Cultist","floor":7.0,"turns":4.0},{"damage":1,"enemies":"Blue Slaver","floor":11,"turns":2},{"damage":0,"enemies":"Exordium Wildlife","floor":13,"turns":4},{"damage":0,"enemies":"3 Louse","floor":14,"turns":3},{"damage":0,"enemies":"Hexaghost","floor":16,"turns":2}],"seed_played":"-5377564274280672993","potions_obtained":[{"floor":11,"key":"Dexterity Potion"},{"floor":13,"key":"Block Potion"}],"is_trial":false,"path_per_floor":["M","?","?","M","?","E","M","$","T","R","M","R","M","M","R","B"],"character_chosen":"THE_SILENT","items_purchased":[],"campfire_rested":0,"item_purchase_floors":[],"current_hp_per_floor":[59,52,52,52,52,52,51,51,51,51,50,50,50,50,50,50,50],"gold":131,"neow_bonus":"THREE_ENEMY_KILL","is_daily":false,"chose_seed":false,"campfire_upgraded":3,"win_rate":0.0,"timestamp":1609308479,"path_taken":["M","?","?","M","?","E","M","?","T","R","M","R","?","?","R","BOSS"],"items_purchased_type":[],"build_version":"2020-12-22","purchased_purges":1,"victory":false,"max_hp_per_floor":[66,66,66,66,66,66,66,66,66,66,66,66,66,66,66,66,66],"relic_stats":{"counters":[8,17],"obtain_stats":[{"NeowsBlessing":0,"Bag of Marbles":9,"StrikeDummy":6,"Ring of the Snake":0},{"NeowsBlessing":0,"Bag of Marbles":4,"StrikeDummy":3,"Ring of the Snake":0},{"NeowsBlessing":0,"Bag of Marbles":7,"StrikeDummy":3,"Ring of the Snake":0}],"Ring of the Snake":[16]},"card_choices":[{"not_picked":["Underhanded Strike","Cloak And Dagger","Noxious Fumes"],"picked":"SKIP","floor":1.0},{"not_picked":["Underhanded Strike","Slice"],"picked":"Expertise","floor":4.0},{"not_picked":["Sucker Punch","Poisoned Stab"],"picked":"Acrobatics","floor":6.0},{"not_picked":["Finisher","Accuracy"],"picked":"Blade Dance","floor":7.0},{"not_picked":["Slice","Quick Slash","Cloak And Dagger"],"picked":"SKIP","floor":11},{"not_picked":["Setup","Masterful Stab","Noxious Fumes"],"picked":"SKIP","floor":13},{"not_picked":["Dagger Spray","Dash"],"picked":"Acrobatics","floor":14}],"player_experience":894825,"relics_obtained":[{"floor":6.0,"key":"StrikeDummy"},{"floor":9,"key":"Bag of Marbles"}],"event_choices":[{"cards_removed":["Strike_G"],"damage_healed":0.0,"max_hp_gain":0.0,"max_hp_loss":0.0,"gold_gain":0.0,"event_name":"Golden Wing","player_choice":"Card Removal","floor":2.0,"gold_loss":0.0,"damage_taken":7.0},{"damage_healed":0.0,"max_hp_gain":0.0,"max_hp_loss":0.0,"gold_gain":0.0,"event_name":"Scrap Ooze","player_choice":"Fled","floor":3.0,"gold_loss":0.0,"damage_taken":0.0},{"cards_removed":["Defend_G"],"damage_healed":0.0,"max_hp_gain":0.0,"max_hp_loss":0.0,"gold_gain":0.0,"event_name":"Living Wall","player_choice":"Forget","floor":5.0,"gold_loss":0.0,"damage_taken":0.0}],"is_beta":false,"boss_relics":[],"items_purged_floors":[8],"is_endless":false,"potions_floor_spawned":[11,13],"killed_by":"Hexaghost","ascension_level":20}}