{"host":"n7mxhpjy89lltbhc","time":1609322248,"event":{"mods":["2.2 Compatiblity","Act Like it!","Bard","BaseMod","Better Match","Better Sensory Stone","Better Synergies","Better Third Choice","Better Vampires","BetterRewards","Challenge The Spire","Colored Map","Colored Powertips","Downfall","Gensokyo","Hubris","Infinite Spire","Jedi Mod","Marisa????????","Marked Mod","Minty Spire (QoL Compilation)","Permanent Neow","Rare Cards Sparkle","Relic Sorter","Relic Stats","Replay The Spire","Shop Mod","Small Relic Pack","Spicy Shops","StSLib","Strawberry Spire","The Blue Laboratory","The Disciple","The Servant 0.9.4","Uncapped","Waifu the Spire","Wandering Minibosses","Yakumo Yukari mod","vexMod"],"gold_per_floor":[118,129,129,141,141,154,180,180,204,218,218,245,245,259,259,336,336,336,336],"floor_reached":18,"playtime":417,"items_purged":[],"score":346,"play_id":"d59c92fe-fa5b-4d9c-b858-e13cced8790e","local_time":"25631230165728","is_ascension_mode":true,"campfire_choices":[{"data":"EnergyFlow","floor":8.0,"key":"SMITH"},{"data":"FairyDestructionRay","floor":11.0,"key":"SMITH"}],"circlet_count":0,"master_deck":["AscendersBane","Strike_MRS","Strike_MRS","Strike_MRS","Strike_MRS","Defend_MRS","Defend_MRS","Defend_MRS","Defend_MRS","MasterSpark+1","UpSweep","FairyDestructionRay+1","strawberrySpire:AscendersBanana","MagicAbsorber","EnergyFlow+1","Clumsy","DeepEcoloBomb","StarDustReverie"],"relics":["MiniHakkero","Ring of Peace","Ring of Hypnosis","vexMod:FocusSash","Replay:Baseball","ReplayTheSpireMod:Lightbulb","strawberrySpire:Fadefruit","expansioncontent:StudyCardRelic"],"acts_visited":["Exordium","TheCity"],"potions_floor_usage":[],"damage_taken":[{"damage":7.0,"enemies":"Small Slimes","floor":1.0,"turns":3.0},{"damage":3.0,"enemies":"2 Louse","floor":2.0,"turns":2.0},{"damage":0.0,"enemies":"Jaw Worm","floor":4.0,"turns":3.0},{"damage":6.0,"enemies":"Exordium Wildlife","floor":6.0,"turns":4.0},{"damage":0.0,"enemies":"Gremlin Nob","floor":7.0,"turns":4.0},{"damage":0.0,"enemies":"Large Slime","floor":10.0,"turns":4.0},{"damage":0.0,"enemies":"2 Fungi Beasts","floor":14.0,"turns":2.0},{"damage":12.0,"enemies":"Slime Boss","floor":16.0,"turns":10.0},{"damage":0,"enemies":"Spheric Guardian","floor":18,"turns":1}],"seed_played":"-7272154122036711930","potions_obtained":[{"floor":1.0,"key":"SpeedPotion"},{"floor":6.0,"key":"blueLaboratory:FruitPunch"},{"floor":7.0,"key":"Explosive Potion"}],"is_trial":false,"path_per_floor":["M","M","?","M","?","M","E","R","T","M","R","T","?","M","R","B",null,"M"],"character_chosen":"MARISA","items_purchased":[],"campfire_rested":0,"item_purchase_floors":[],"current_hp_per_floor":[56,53,53,53,53,47,49,49,49,49,49,49,49,49,49,37,63,63,63],"gold":336,"neow_bonus":"UPGRADE_CARD","is_daily":false,"chose_seed":false,"campfire_upgraded":2,"win_rate":0.0,"timestamp":1609322248,"path_taken":["M","M","?","M","?","M","E","R","T","?","R","?","?","?","R","BOSS","M"],"items_purchased_type":[],"build_version":"2020-12-22","purchased_purges":0,"victory":false,"max_hp_per_floor":[70,70,70,70,70,70,72,72,72,72,72,72,72,72,72,72,72,72,72],"relic_stats":{"counters":[8,32],"obtain_stats":[{"Replay:Baseball":9,"Ring of Hypnosis":5,"Ring of Peace":5,"strawberrySpire:Blandfruit":13,"strawberrySpire:Fadefruit":15,"expansioncontent:StudyCardRelic":17,"MiniHakkero":0,"vexMod:FocusSash":7,"ReplayTheSpireMod:Lightbulb":12},{"Replay:Baseball":5,"Ring of Hypnosis":3,"Ring of Peace":3,"strawberrySpire:Blandfruit":6,"strawberrySpire:Fadefruit":7,"expansioncontent:StudyCardRelic":8,"MiniHakkero":0,"vexMod:FocusSash":5,"ReplayTheSpireMod:Lightbulb":6},{"Replay:Baseball":16,"Ring of Hypnosis":8,"Ring of Peace":8,"strawberrySpire:Blandfruit":20,"strawberrySpire:Fadefruit":22,"expansioncontent:StudyCardRelic":32,"MiniHakkero":0,"vexMod:FocusSash":16,"ReplayTheSpireMod:Lightbulb":20}]},"card_choices":[{"not_picked":["DC","OpenUniverse"],"picked":"FairyDestructionRay","floor":1.0},{"not_picked":["ShootingEcho","NonDirectionalLaser","FairyDestructionRay"],"picked":"SKIP","floor":2.0},{"not_picked":["UnstableBomb","OneTimeOff","SporeBomb"],"picked":"SKIP","floor":4.0},{"not_picked":["MysteriousBeam","DoubleSpark"],"picked":"MagicAbsorber","floor":6.0},{"not_picked":["PropBag","AsteroidBelt"],"picked":"EnergyFlow","floor":7.0},{"not_picked":["MeteoricShower","WitchOfGreed","SatelliteIllusion"],"picked":"SKIP","floor":10.0},{"not_picked":["DoubleSpark","GalacticHalo"],"picked":"DeepEcoloBomb","floor":14.0},{"not_picked":["BinaryStars","CollectingQuirk"],"picked":"StarDustReverie","floor":16.0}],"player_experience":1028069,"relics_obtained":[{"floor":5.0,"key":"Ring of Peace"},{"floor":5.0,"key":"Ring of Hypnosis"},{"floor":7.0,"key":"vexMod:FocusSash"},{"floor":9.0,"key":"Replay:Baseball"},{"floor":12.0,"key":"ReplayTheSpireMod:Lightbulb"},{"floor":15.0,"key":"strawberrySpire:Fadefruit"}],"event_choices":[],"is_beta":false,"boss_relics":[{"not_picked":["strawberrySpire:JuiceKeg","Ectoplasm"],"picked":"expansioncontent:StudyCardRelic"}],"items_purged_floors":[],"is_endless":false,"potions_floor_spawned":[1,6,7,14],"killed_by":"Spheric Guardian","ascension_level":17}}