{"host":"zig6x0mxqzam82fb","time":1609292169,"event":{"mods":["BaseMod","Block Reminder","Colored Map","Colored Powertips","Marisa????????","Minty Spire (QoL Compilation)","Relic Stats","StSLib","The Cursed","The Marked","Waifu the Spire"],"gold_per_floor":[113,128,128,145,156,182,182,194,194,229,255,267,298,326,338,452,464,488,70,70,86,11,11,40,40,65,90,113,113,113,139,139,244,316,345,371,380,380,380],"floor_reached":38,"playtime":1840,"items_purged":["theMarked:Strike"],"score":540,"play_id":"52348295-78de-427e-968b-324f4324a8d1","local_time":"20201229203609","is_ascension_mode":true,"campfire_choices":[{"floor":7,"key":"REST"},{"floor":12,"key":"REST"},{"floor":15,"key":"REST"},{"data":"1","floor":23,"key":"LIFT"},{"floor":25,"key":"REST"},{"data":"2","floor":29,"key":"LIFT"},{"floor":32,"key":"REST"}],"circlet_count":0,"master_deck":["theMarked:SoldierOfQuellstein+1","theMarked:SwordAndMagic","theMarked:Static","theMarked:EmpowerWeapon","theMarked:TwofoldDefense","theMarked:SwordAndMagic","theMarked:EmpowerWeapon","theMarked:BanishingWave","theMarked:SummonStrength","theMarked:SwordAndMagic","theMarked:DispelDoubt","theMarked:GodGivenPower+1","theMarked:MaelstromOfLightning","theMarked:HeightenedSenses","theMarked:RepellingDischarge+1","theMarked:ReduceFriction+1","theMarked:TwofoldDefense","theMarked:WardOff","theMarked:Levitate","theMarked:Opportunist","theMarked:WastefulDefense","theMarked:EmpowerWeapon","theMarked:Parkour","theMarked:ContemptForTheProud","theMarked:Challenge","theMarked:Seal","theMarked:ElectricStrings","theMarked:BanishingStrike+1","theMarked:TakeCover"],"relics":["theMarked:ArtifactOfAir","Strawberry","MawBank","War Paint","Fusion Hammer","Girya","FaceOfCleric","Akabeko","CeramicFish","Bronze Scales","Pandora\u0027s Box"],"acts_visited":["Exordium","TheCity","TheBeyond"],"potions_floor_usage":[11,33,33],"damage_taken":[{"damage":7,"enemies":"Small Slimes","floor":1,"turns":3},{"damage":0,"enemies":"Cultist","floor":2,"turns":3},{"damage":0,"enemies":"2 Louse","floor":4,"turns":2},{"damage":11,"enemies":"Blue Slaver","floor":5,"turns":3},{"damage":32,"enemies":"Lagavulin","floor":6,"turns":6},{"damage":17,"enemies":"3 Louse","floor":8,"turns":3},{"damage":11,"enemies":"Gremlin Gang","floor":11,"turns":4},{"damage":11,"enemies":"Exordium Wildlife","floor":13,"turns":4},{"damage":12,"enemies":"Large Slime","floor":14,"turns":4},{"damage":0,"enemies":"Slime Boss","floor":16,"turns":6},{"damage":7,"enemies":"Chosen","floor":18,"turns":3},{"damage":15,"enemies":"3 Byrds","floor":21,"turns":5},{"damage":48,"enemies":"Slavers","floor":24,"turns":4},{"damage":12,"enemies":"Cultist and Chosen","floor":27,"turns":4},{"damage":6,"enemies":"Snake Plant","floor":28,"turns":3},{"damage":62,"enemies":"Automaton","floor":33,"turns":9},{"damage":19,"enemies":"Orb Walker","floor":35,"turns":3},{"damage":31,"enemies":"3 Darklings","floor":36,"turns":5},{"damage":54,"enemies":"Transient","floor":38,"turns":5}],"seed_played":"1417106529505105891","potions_obtained":[{"floor":2,"key":"Fire Potion"},{"floor":3,"key":"FairyPotion"},{"floor":3,"key":"BlessingOfTheForge"},{"floor":13,"key":"Dexterity Potion"},{"floor":28,"key":"Strength Potion"},{"floor":36,"key":"ColorlessPotion"}],"is_trial":false,"path_per_floor":["M","M","?","M","M","E","R","M","T","T","M","R","M","M","R","B",null,"M","$","?","M","$","R","E","R","T","M","M","R","?","T","R","B",null,"M","M","?","M"],"character_chosen":"THE_DEFAULT","items_purchased":["theMarked:MaelstromOfLightning","theMarked:HeightenedSenses","Girya"],"campfire_rested":5,"item_purchase_floors":[19,19,19],"current_hp_per_floor":[70,70,70,70,59,34,59,42,42,42,31,56,45,33,58,58,84,77,77,77,63,63,63,16,41,41,30,25,25,25,25,51,24,89,71,41,41,0,0],"gold":380,"neow_bonus":"TEN_PERCENT_HP_BONUS","is_daily":false,"chose_seed":false,"campfire_upgraded":0,"win_rate":0.0,"timestamp":1609292169,"path_taken":["M","M","?","M","M","E","R","?","T","?","M","R","M","M","R","BOSS","M","$","?","M","$","R","E","R","T","M","?","R","?","?","R","BOSS","M","M","?","?"],"items_purchased_type":["Card","Card","Relic"],"build_version":"2020-12-22","purchased_purges":1,"victory":false,"max_hp_per_floor":[77,77,77,77,77,84,84,84,84,84,84,84,84,84,84,84,84,84,84,84,85,85,85,86,86,86,87,88,88,88,88,88,89,89,90,91,91,91,91],"relic_stats":{"FaceOfCleric":7,"counters":[19,79],"CeramicFish":126,"Bronze Scales":[57],"Pandora\u0027s Box":["theMarked:Opportunist","theMarked:WastefulDefense","theMarked:EmpowerWeapon","theMarked:Parkour","theMarked:ContemptForTheProud","theMarked:Challenge","theMarked:EmpowerWeapon","theMarked:Seal"],"War Paint":["theMarked:SoldierOfQuellstein","theMarked:Defend"],"MawBank":120,"obtain_stats":[{"theMarked:ArtifactOfAir":0,"Girya":19,"FaceOfCleric":20,"Strawberry":6,"CeramicFish":26,"Bronze Scales":31,"Pandora\u0027s Box":34,"Fusion Hammer":17,"War Paint":10,"MawBank":9,"Akabeko":24},{"theMarked:ArtifactOfAir":0,"Girya":11,"FaceOfCleric":11,"Strawberry":5,"CeramicFish":13,"Bronze Scales":15,"Pandora\u0027s Box":16,"Fusion Hammer":10,"War Paint":6,"MawBank":6,"Akabeko":13},{"theMarked:ArtifactOfAir":0,"Girya":41,"FaceOfCleric":41,"Strawberry":17,"CeramicFish":50,"Bronze Scales":57,"Pandora\u0027s Box":66,"Fusion Hammer":38,"War Paint":20,"MawBank":20,"Akabeko":50}]},"card_choices":[{"not_picked":["theMarked:ChainLightning","theMarked:Static"],"picked":"theMarked:SwordAndMagic","floor":1},{"not_picked":["theMarked:CreepingChasm","theMarked:Improvise"],"picked":"theMarked:Static","floor":2},{"not_picked":["theMarked:Reabsorb","theMarked:Frustration"],"picked":"theMarked:EmpowerWeapon","floor":4},{"not_picked":["theMarked:Generate","theMarked:Frustration"],"picked":"theMarked:TwofoldDefense","floor":5},{"not_picked":["theMarked:ChainLightning","theMarked:BanishingStrike"],"picked":"theMarked:SwordAndMagic","floor":6},{"not_picked":["theMarked:HeightenedSenses","theMarked:LightningStrikesTwice"],"picked":"theMarked:EmpowerWeapon","floor":8},{"not_picked":["theMarked:EmpowerWeapon","theMarked:KeepCalmAndFightOn"],"picked":"theMarked:BanishingWave","floor":11},{"not_picked":["theMarked:HeightenedSenses","theMarked:Indomitable"],"picked":"theMarked:SummonStrength","floor":13},{"not_picked":["theMarked:ChainLightning","theMarked:ElectricStrings"],"picked":"theMarked:SwordAndMagic","floor":14},{"not_picked":["theMarked:Challenge","theMarked:UnarmedFury"],"picked":"theMarked:DispelDoubt","floor":16},{"not_picked":["theMarked:Parkour+1","theMarked:ResourceFulStrike"],"picked":"theMarked:GodGivenPower+1","floor":18},{"not_picked":["theMarked:BanishingStrike","theMarked:Improvise"],"picked":"theMarked:RepellingDischarge+1","floor":21},{"not_picked":["theMarked:MysticalArsenal","theMarked:Improvise"],"picked":"theMarked:ReduceFriction+1","floor":24},{"not_picked":["theMarked:Electrocute","theMarked:ChainLightning+1"],"picked":"theMarked:TwofoldDefense","floor":27},{"not_picked":["theMarked:KeepCalmAndFightOn","theMarked:ComboAttacks"],"picked":"theMarked:WardOff","floor":28},{"not_picked":["theMarked:UnarmedFury","theMarked:Challenge"],"picked":"theMarked:Levitate","floor":33},{"not_picked":["theMarked:Parkour+1","theMarked:EmpowerWeapon+1"],"picked":"theMarked:ElectricStrings","floor":35},{"not_picked":["theMarked:WastefulAttack+1","theMarked:Electrocute"],"picked":"theMarked:BanishingStrike+1","floor":36}],"player_experience":398920,"relics_obtained":[{"floor":6,"key":"Strawberry"},{"floor":9,"key":"MawBank"},{"floor":10,"key":"War Paint"},{"floor":24,"key":"Akabeko"},{"floor":26,"key":"CeramicFish"},{"floor":31,"key":"Bronze Scales"}],"event_choices":[{"damage_healed":0,"gold_gain":0,"player_choice":"Got Potions","damage_taken":0,"max_hp_gain":0,"max_hp_loss":0,"event_name":"Lab","floor":3,"gold_loss":0},{"damage_healed":0,"gold_gain":0,"player_choice":"Trade","damage_taken":0,"relics_obtained":["FaceOfCleric"],"max_hp_gain":0,"max_hp_loss":0,"event_name":"FaceTrader","floor":20,"gold_loss":0},{"damage_healed":0,"gold_gain":0,"player_choice":"Ignored","damage_taken":0,"max_hp_gain":0,"max_hp_loss":0,"event_name":"Ghosts","floor":30,"gold_loss":0},{"damage_healed":0,"gold_gain":0,"cards_transformed":["theMarked:EmpowerWeapon"],"player_choice":"Transformed","damage_taken":0,"max_hp_gain":0,"max_hp_loss":0,"event_name":"Transmorgrifier","floor":37,"gold_loss":0,"cards_obtained":["theMarked:TakeCover"]}],"is_beta":false,"boss_relics":[{"not_picked":["Tiny House","SacredBark"],"picked":"Fusion Hammer"},{"not_picked":["Black Star","Astrolabe"],"picked":"Pandora\u0027s Box"}],"items_purged_floors":[22],"is_endless":false,"potions_floor_spawned":[2,8,13,16,18,27,28,36],"killed_by":"Transient","ascension_level":3}}