{"host":"ab2s6ezjqdgtrlyf","time":1609331786,"event":{"mods":["BaseMod","Colored Map","Highlight Path","Minty Spire (QoL Compilation)","Quick Restart","Relic Stats","Spicy Shops","StSLib","Waifu the Spire","vexMod","¡¾ÒÅÎï¿¨ÅÆ¡¿REMEMod"],"gold_per_floor":[119,138,138,138,138,178,178,191,216,216,216,216,241,262,262,382,382,403,403,437,111,111,154,154,179,179,179,104,104,120,144,144,237,237,251,83,103,128,128,128,350,225,252,252,252],"floor_reached":44,"playtime":1238,"items_purged":["Defend_P","Defend_P","Strike_P"],"score":786,"play_id":"a92854ff-fdd7-4d1b-9271-b68d8979c1a5","local_time":"20201230203626","is_ascension_mode":true,"campfire_choices":[{"data":"Eruption","floor":7.0,"key":"SMITH"},{"data":"Vigilance","floor":10.0,"key":"SMITH"},{"data":"ReachHeaven","floor":12.0,"key":"SMITH"},{"data":"Establishment","floor":15.0,"key":"SMITH"},{"data":"Protect","floor":24.0,"key":"SMITH"},{"data":"ThirdEye","floor":27.0,"key":"SMITH"},{"data":"MasterReality","floor":29.0,"key":"SMITH"},{"data":"SandsOfTime","floor":32.0,"key":"SMITH"},{"floor":40.0,"key":"REST"}],"circlet_count":0,"master_deck":["AscendersBane","Strike_P","Strike_P","Defend_P","Eruption+1","Vigilance+1","ReachHeaven+1","Establishment+1","MasterReality+1","ThirdEye+1","Protect+1","Evaluate+1","SandsOfTime+1","FearNoEvil"],"relics":["HolyWater","REME_ComplimentaryCards","NeowsBlessing","Golden Idol","REME_HandOfSuture","Vajra","SacredBark","Red Mask","Shuriken","Nunchaku","Eternal Feather","MealTicket"],"acts_visited":["Exordium","TheCity","TheBeyond"],"potions_floor_usage":[],"damage_taken":[{"damage":0.0,"enemies":"Cultist","floor":1.0,"turns":1.0},{"damage":0.0,"enemies":"2 Louse","floor":2.0,"turns":1.0},{"damage":0.0,"enemies":"3 Sentries","floor":6.0,"turns":1.0},{"damage":0.0,"enemies":"Small Slimes","floor":8.0,"turns":2.0},{"damage":0.0,"enemies":"Exordium Wildlife","floor":13.0,"turns":2.0},{"damage":11.0,"enemies":"Blue Slaver","floor":14.0,"turns":4.0},{"damage":37.0,"enemies":"The Guardian","floor":16.0,"turns":12.0},{"damage":2.0,"enemies":"Chosen","floor":18.0,"turns":3.0},{"damage":7.0,"enemies":"Masked Bandits","floor":20.0,"turns":3.0},{"damage":2.0,"enemies":"REME_1_Revenger","floor":23.0,"turns":3.0},{"damage":0.0,"enemies":"Spheric Guardian","floor":25.0,"turns":2.0},{"damage":6.0,"enemies":"Snecko","floor":30.0,"turns":6.0},{"damage":8.0,"enemies":"Centurion and Healer","floor":31.0,"turns":5.0},{"damage":34.0,"enemies":"Automaton","floor":33.0,"turns":8.0},{"damage":0.0,"enemies":"3 Darklings","floor":35.0,"turns":4.0},{"damage":0.0,"enemies":"Orb Walker","floor":37.0,"turns":4.0},{"damage":28.0,"enemies":"Spire Growth","floor":38.0,"turns":5.0},{"damage":72,"enemies":"Reptomancer","floor":44,"turns":3}],"seed_played":"5243475125805030153","potions_obtained":[{"floor":2.0,"key":"Explosive Potion"},{"floor":6.0,"key":"REME_GoldPotion"},{"floor":20.0,"key":"Strength Potion"},{"floor":23.0,"key":"Dexterity Potion"},{"floor":31.0,"key":"StancePotion"}],"is_trial":false,"path_per_floor":["M","M","?","?","?","E","R","M","T","R","?","R","M","M","R","B",null,"M","?","?","$","?","E","R","M","T","R","?","R","M","M","R","B",null,"M","$","M","M","?","R","?","$","T","E"],"character_chosen":"WATCHER","items_purchased":["Shuriken","FearNoEvil"],"campfire_rested":1,"item_purchase_floors":[21,36],"current_hp_per_floor":[61,61,61,66,66,66,66,66,66,66,66,66,66,55,55,18,55,53,53,46,46,46,44,44,44,44,53,53,59,53,45,54,20,55,55,55,55,27,27,56,56,56,56,0,0],"gold":252,"neow_bonus":"THREE_ENEMY_KILL","is_daily":false,"chose_seed":false,"campfire_upgraded":8,"win_rate":0.0,"timestamp":1609331786,"path_taken":["M","M","?","?","?","E","R","?","T","R","?","R","M","M","R","BOSS","M","?","?","$","?","E","R","M","T","R","?","R","M","M","R","BOSS","M","$","M","M","?","R","?","?","T","E"],"items_purchased_type":["Relic","Card"],"build_version":"2020-12-22","purchased_purges":3,"victory":false,"max_hp_per_floor":[68,68,62,67,67,67,67,67,67,67,67,67,67,67,67,67,67,67,67,67,67,67,67,67,67,67,67,67,67,67,67,67,67,67,67,67,67,67,67,67,67,67,67,67,67],"relic_stats":{"Nunchaku":[6],"counters":[18,69],"Golden Idol":102,"Shuriken":[13],"Eternal Feather":33,"MealTicket":0,"obtain_stats":[{"NeowsBlessing":0,"Golden Idol":3,"SacredBark":17,"Vajra":9,"Eternal Feather":26,"Nunchaku":23,"Shuriken":21,"HolyWater":34,"MealTicket":43,"REME_HandOfSuture":6,"Red Mask":20,"PureWater":0,"REME_ComplimentaryCards":0},{"NeowsBlessing":0,"Golden Idol":2,"SacredBark":7,"Vajra":4,"Eternal Feather":11,"Nunchaku":10,"Shuriken":9,"HolyWater":14,"MealTicket":17,"REME_HandOfSuture":3,"Red Mask":9,"PureWater":0,"REME_ComplimentaryCards":0},{"NeowsBlessing":0,"Golden Idol":2,"SacredBark":23,"Vajra":5,"Eternal Feather":34,"Nunchaku":32,"Shuriken":29,"HolyWater":53,"MealTicket":66,"REME_HandOfSuture":3,"Red Mask":29,"PureWater":0,"REME_ComplimentaryCards":0}]},"card_choices":[{"not_picked":["BowlingBash","DeceiveReality"],"picked":"ReachHeaven","floor":1.0},{"not_picked":["FlurryOfBlows","EmptyFist","CutThroughFate"],"picked":"SKIP","floor":2.0},{"not_picked":["SashWhip","Protect"],"picked":"Establishment","floor":6.0},{"not_picked":["CrushJoints","EmptyBody","REME_Repentance"],"picked":"SKIP","floor":8.0},{"not_picked":["Prostrate","Consecrate","SpiritShield"],"picked":"SKIP","floor":13.0},{"not_picked":["Halt","EmptyBody","FollowUp"],"picked":"SKIP","floor":14.0},{"not_picked":["REME_EmptyShield","Establishment"],"picked":"MasterReality","floor":16.0},{"not_picked":["ReachHeaven+1","EmptyMind"],"picked":"ThirdEye","floor":18.0},{"not_picked":["DeceiveReality","Consecrate"],"picked":"Protect","floor":23.0},{"not_picked":["EmptyBody","Wireheading"],"picked":"Evaluate+1","floor":25.0},{"not_picked":["FlyingSleeves","Swivel"],"picked":"SandsOfTime","floor":30.0},{"not_picked":["CutThroughFate","SignatureMove","Protect"],"picked":"SKIP","floor":31.0},{"not_picked":["Prostrate+1","ClearTheMind+1","SandsOfTime+1"],"picked":"SKIP","floor":35.0},{"not_picked":["Consecrate+1","InnerPeace+1","Crescendo+1"],"picked":"SKIP","floor":37.0},{"not_picked":["FlyingSleeves","REME_Repentance","CutThroughFate"],"picked":"SKIP","floor":38.0}],"player_experience":648737,"relics_obtained":[{"floor":6.0,"key":"REME_HandOfSuture"},{"floor":9.0,"key":"Vajra"},{"floor":20.0,"key":"Red Mask"},{"floor":23.0,"key":"Nunchaku"},{"floor":26.0,"key":"Eternal Feather"},{"floor":43.0,"key":"MealTicket"}],"event_choices":[{"damage_healed":0.0,"max_hp_gain":0.0,"max_hp_loss":6.0,"gold_gain":0.0,"event_name":"Golden Idol","player_choice":"Lose Max HP","floor":3.0,"gold_loss":0.0,"damage_taken":0.0,"relics_obtained":["Golden Idol"]},{"damage_healed":0.0,"max_hp_gain":5.0,"max_hp_loss":0.0,"gold_gain":0.0,"event_name":"Big Fish","player_choice":"Donut","floor":4.0,"gold_loss":0.0,"damage_taken":0.0},{"damage_healed":0.0,"max_hp_gain":0.0,"max_hp_loss":0.0,"gold_gain":0.0,"event_name":"Scrap Ooze","player_choice":"Fled","floor":5.0,"gold_loss":0.0,"damage_taken":0.0},{"damage_healed":0.0,"max_hp_gain":0.0,"max_hp_loss":0.0,"gold_gain":0.0,"event_name":"The Mausoleum","player_choice":"Ignored","floor":19.0,"gold_loss":0.0,"damage_taken":0.0},{"damage_healed":0.0,"max_hp_gain":0.0,"max_hp_loss":0.0,"gold_gain":0.0,"event_name":"Masked Bandits","player_choice":"Fought Bandits","floor":20.0,"gold_loss":0.0,"damage_taken":0.0},{"damage_healed":0.0,"max_hp_gain":0.0,"max_hp_loss":0.0,"gold_gain":0.0,"event_name":"Cursed Tome","player_choice":"Ignored","floor":22.0,"gold_loss":0.0,"damage_taken":0.0},{"cards_removed":["Defend_P"],"damage_healed":0.0,"max_hp_gain":0.0,"max_hp_loss":0.0,"gold_gain":0.0,"event_name":"Beggar","player_choice":"Gave Gold","floor":28.0,"gold_loss":75.0,"damage_taken":0.0},{"damage_healed":0.0,"max_hp_gain":0.0,"max_hp_loss":0.0,"gold_gain":0.0,"event_name":"Mysterious Sphere","player_choice":"Ignored","floor":39.0,"gold_loss":0.0,"damage_taken":0.0},{"damage_healed":0.0,"max_hp_gain":0.0,"max_hp_loss":0.0,"gold_gain":222.0,"event_name":"Tomb of Lord Red Mask","player_choice":"Wore Mask","floor":41.0,"gold_loss":0.0,"damage_taken":0.0}],"is_beta":false,"boss_relics":[{"not_picked":["vexMod:NewClearReactor","REME_DemonsWealth"],"picked":"SacredBark"},{"not_picked":["SlaversCollar","Cursed Key"],"picked":"HolyWater"}],"items_purged_floors":[21,36,42],"is_endless":false,"potions_floor_spawned":[2,6,20,23,31,33],"killed_by":"Reptomancer","ascension_level":15}}