{"host":"kw4o7b3ro2ktmmbe","time":1609372568,"event":{"mods":["BaseMod","Evolution","Minty Spire (QoL Compilation)","Shade Mod","StSLib"],"gold_per_floor":[111,36,51,67,80,80,80,80,80,103,103,103,117,131,131,271,283,319,350,362,374,386,429,441,476,515,527,573,585,597,597],"floor_reached":30,"playtime":1711,"items_purged":["Regret"],"score":311,"play_id":"c47b3628-992a-4a7e-8722-108e934d6be5","local_time":"20201231125608","is_ascension_mode":true,"campfire_choices":[{"floor":6.0,"key":"DIG"},{"floor":11.0,"key":"DIG"},{"floor":15.0,"key":"DIG"},{"floor":24,"key":"DIG"},{"floor":27,"key":"DIG"},{"floor":29,"key":"DIG"}],"circlet_count":0,"master_deck":["Shade:FingerOfDeath","Shade:FingerOfDeath","Shade:FingerOfDeath","Shade:GraveStillness","Shade:GraveStillness","Shade:GraveStillness","Shade:GraveStillness","Shade:AnimateDead","Shade:CarefulCut","Shade:CloudOfShrapnel","Shade:Bite_Shade","Shade:AuraOfUnlife","Shade:PotionOfRestlessness","Shade:LichForm"],"relics":["Shade:YorickSkull","EVO:Axolotl","Shovel","Unceasing Top","Golden Idol","Turnip","Juzu Bracelet","MawBank","Coffee Dripper","Bronze Scales","Pear","Pen Nib","Anchor","Frozen Egg 2","Orichalcum"],"acts_visited":["Exordium","TheCity"],"potions_floor_usage":[23,25,30],"damage_taken":[{"damage":0.0,"enemies":"Cultist","floor":1.0,"turns":2.0},{"damage":0.0,"enemies":"2 Louse","floor":3.0,"turns":1.0},{"damage":0.0,"enemies":"Jaw Worm","floor":4.0,"turns":3.0},{"damage":0.0,"enemies":"2 Fungi Beasts","floor":5.0,"turns":2.0},{"damage":0.0,"enemies":"Exordium Wildlife","floor":10.0,"turns":3.0},{"damage":0.0,"enemies":"3 Louse","floor":13.0,"turns":2.0},{"damage":0.0,"enemies":"2 Fungi Beasts","floor":14.0,"turns":2.0},{"damage":4,"enemies":"The Guardian","floor":16,"turns":13},{"damage":2,"enemies":"Chosen","floor":18,"turns":5},{"damage":14,"enemies":"2 Thieves","floor":19,"turns":4},{"damage":51,"enemies":"Slavers","floor":23,"turns":7},{"damage":29,"enemies":"3 Cultists","floor":25,"turns":5},{"damage":1,"enemies":"Gremlin Leader","floor":28,"turns":6},{"damage":9,"enemies":"Snake Plant","floor":30,"turns":2}],"seed_played":"-7137418667839109808","potions_obtained":[{"floor":4.0,"key":"Regen Potion"},{"floor":5.0,"key":"Ancient Potion"},{"floor":13.0,"key":"LiquidMemories"},{"floor":23,"key":"SteroidPotion"}],"is_trial":false,"path_per_floor":["M","$","M","M","M","R","?","$","T","M","R","?","M","M","R","B",null,"M","M","?","?","?","E","R","M","T","R","E","R","M"],"character_chosen":"SHADE","items_purchased":[],"campfire_rested":0,"item_purchase_floors":[],"current_hp_per_floor":[65,65,65,65,65,65,49,49,49,51,51,51,53,55,55,59,65,65,55,55,55,55,23,33,4,4,4,7,7,0,0],"gold":597,"neow_bonus":"ONE_RARE_RELIC","is_daily":false,"chose_seed":false,"campfire_upgraded":0,"win_rate":0.0,"timestamp":1609372568,"path_taken":["M","$","?","M","M","R","?","?","T","M","R","?","M","M","R","BOSS","M","M","?","?","?","E","R","M","T","R","E","R","M"],"items_purchased_type":[],"build_version":"2020-12-22","purchased_purges":1,"victory":false,"max_hp_per_floor":[65,65,65,65,65,65,65,65,65,65,65,65,65,65,65,65,65,65,65,65,65,65,65,75,75,75,75,75,75,75,75],"card_choices":[{"not_picked":["Shade:WallOfFlesh","Shade:FleshToFlesh"],"picked":"Shade:CloudOfShrapnel","floor":1.0},{"not_picked":["Shade:GreyBargain","Shade:WallOfFlesh","Shade:Doomsay"],"picked":"SKIP","floor":3.0},{"not_picked":["Shade:ScuttlingHand","Shade:AncientSpear"],"picked":"Shade:Bite_Shade","floor":4.0},{"not_picked":["Shade:FuneraryArmor","Shade:GreaterAnimation","Shade:GraveStillness"],"picked":"SKIP","floor":5.0},{"not_picked":["Shade:GreyBargain","Shade:CallWraith","Shade:Premonition"],"picked":"SKIP","floor":10.0},{"not_picked":["Shade:Frenzy","Shade:Bonestorm","Shade:BoneShards"],"picked":"SKIP","floor":13.0},{"not_picked":["Shade:FuneraryArmor","Shade:GraveStillness","Shade:AncientSpear"],"picked":"SKIP","floor":14.0},{"not_picked":["Shade:GraveStillness","Shade:CoffinDance"],"picked":"Shade:AuraOfUnlife","floor":18},{"not_picked":["Shade:GraveStillness","Shade:Frenzy+1"],"picked":"Shade:PotionOfRestlessness","floor":19},{"not_picked":["Shade:Doomsay","Shade:Bite_Shade"],"picked":"Shade:LichForm","floor":23},{"not_picked":["Shade:RitualOffering","Shade:SpontaneousRitual","Shade:Trample"],"picked":"SKIP","floor":25},{"not_picked":["Shade:Consume","Shade:BoneShards","Shade:FingerOfDeath"],"picked":"SKIP","floor":28}],"player_experience":1818692,"relics_obtained":[{"floor":6.0,"key":"Unceasing Top"},{"floor":9.0,"key":"Turnip"},{"floor":11.0,"key":"Juzu Bracelet"},{"floor":15.0,"key":"MawBank"},{"floor":23,"key":"Bronze Scales"},{"floor":24,"key":"Pear"},{"floor":26,"key":"Pen Nib"},{"floor":27,"key":"Anchor"},{"floor":28,"key":"Frozen Egg 2"},{"floor":29,"key":"Orichalcum"}],"event_choices":[{"damage_healed":0.0,"max_hp_gain":0.0,"max_hp_loss":0.0,"gold_gain":0.0,"event_name":"Golden Idol","player_choice":"Take Damage","floor":7.0,"gold_loss":0.0,"damage_taken":16.0,"relics_obtained":["Golden Idol"]},{"damage_healed":0.0,"max_hp_gain":0.0,"max_hp_loss":0.0,"gold_gain":0.0,"event_name":"The Cleric","player_choice":"Leave","floor":12.0,"gold_loss":0.0,"damage_taken":0.0},{"damage_healed":0,"gold_gain":0,"player_choice":"Ignored","damage_taken":0,"max_hp_gain":0,"max_hp_loss":0,"event_name":"Ghosts","floor":20,"gold_loss":0},{"cards_removed":["Shade:FingerOfDeath"],"damage_healed":0,"gold_gain":0,"player_choice":"Elegance","damage_taken":0,"max_hp_gain":0,"max_hp_loss":0,"event_name":"Back to Basics","floor":21,"gold_loss":0},{"damage_healed":0,"gold_gain":0,"player_choice":"Ignored","damage_taken":0,"max_hp_gain":0,"max_hp_loss":0,"event_name":"Beggar","floor":22,"gold_loss":0}],"is_beta":false,"boss_relics":[{"not_picked":["Shade:YorickPolishedSkull","Sozu"],"picked":"Coffee Dripper"}],"items_purged_floors":[2],"is_endless":false,"potions_floor_spawned":[4,5,13,14,18,23],"killed_by":"Snake Plant","ascension_level":2}}