{"host":"yplokfwlx8kpnt0a","time":1609321516,"event":{"mods":["2.2 Compatiblity","AchievementEnabler","Act Like it!","Aspiration","Astrologer","BaseMod","Beaked The Cultist","Better Altar","Better Match","Better Note","Better Sensory Stone","Better Skull","Better Synergies","Better Third Choice","BetterRewards","CCEM","ChefMod","Colored Powertips","Curses Come First","Downfall","Elementarium","Emptier Cage","Evolution","Friendly Minions","Gensokyo","Googly Eyes","Hallownest","Hermit","Highlight Path","Hubris","Infinite Spire","JesterMod","Menagerie","Mimic Mod","Minty Spire (QoL Compilation)","RNG Fix","Random Character Button","Rare Cards Sparkle","Relic Sorter","Replay The Spire","Retaliation","Robot Space Explorer","Shop Mod","Spicy Shops","Spikes Relics","StSLib","The Blue Laboratory","The Bug Knight","The Construct","The Cursed","The Disciple","The Forsaken","The Marked","The Mystic","The Runesmith","TheVacant","Transform Curses","Treasure Hunter"],"gold_per_floor":[124,140,152,12,38,237,267,192,223,223,223,73,73,73,88,189,189,114,114,132,132,132,167,301,301,301,301,301],"floor_reached":26,"playtime":4552,"items_purged":[],"score":262,"play_id":"f749545f-5ffc-47c0-b7ca-e8e4cc5eaf9f","local_time":"20201230024516","is_ascension_mode":true,"campfire_choices":[{"floor":1.0,"key":"RECALL"},{"floor":12.0,"key":"DIG"},{"floor":18.0,"key":"DIG"},{"floor":25.0,"key":"DIG"}],"circlet_count":0,"master_deck":["champ:FlashCut","champ:Strike","champ:Strike","champ:Defend","champ:Defend","champ:Defend","champ:Defend","champ:Execute","champ:Taunt","champ:StanceDance","champ:GutPunch","champ:Backstep","TH:DeckOfManyThings","champ:IgnorePain","champ:FanOfKnives","Hallownest:skillGreenpathMap","TH:DeckOfManyThings","champ:StrikeOfGenius","Transmutation","expansioncontent:StudyTheSpire","beaked:WarriorEssence","Gensokyo:FourOfAKind","Gensokyo:FourOfAKind","Gensokyo:FourOfAKind","Gensokyo:FourOfAKind","champ:Backstep+1","beaked:WarriorSpirit+1"],"relics":["champ:ChampionCrown","EVO:Axolotl","NeowsBlessing","MerchantsRug","Shovel","Pear","hubris:CuriousFeather","hubris:EvacipatedBox","hubris:FruitBowl","downfall:HeartBlessingBlue","downfall:HeartBlessingRed","hubris:Spice","Hallownest:SalubrasBlessingRelic","hubris:Icosahedron","aspiration:BeakedSkillbook","downfall:HeartBlessingGreen","Runesmith:Nanobots","Frozen Eye"],"acts_visited":["Hallownest:Greenpath","Gensokyo:Gensokyoer"],"potions_floor_usage":[],"damage_taken":[{"damage":0.0,"enemies":"Hallownest:2_Tiktiks_and_1_Crawlid","floor":2.0,"turns":2.0},{"damage":0.0,"enemies":"Hallownest:monsterHuskWarrior","floor":3.0,"turns":1.0},{"damage":0.0,"enemies":"downfall:FleeingMerchant","floor":4.0,"turns":1.0},{"damage":42.0,"enemies":"Hallownest:eliteVengeflyKing","floor":5.0,"turns":9.0},{"damage":10.0,"enemies":"Hallownest:2_Baldur","floor":7.0,"turns":7.0},{"damage":27.0,"enemies":"Hallownest:eliteVengeflyKing","floor":9.0,"turns":10.0},{"damage":0.0,"enemies":"Hallownest:2_Baldur","floor":15.0,"turns":2.0},{"damage":48.0,"enemies":"downfall:Watcher","floor":16.0,"turns":12.0},{"damage":20.0,"enemies":"Gensokyo:CosmicMonolith","floor":20.0,"turns":6.0},{"damage":45.0,"enemies":"Gensokyo:Reisen","floor":23.0,"turns":6.0},{"damage":17.0,"enemies":"Gensokyo:Chomper","floor":24.0,"turns":4.0},{"damage":50,"enemies":"Gensokyo:Koishi","floor":26,"turns":6}],"seed_played":"7179720697709157973","potions_obtained":[{"floor":5.0,"key":"Strength Potion"},{"floor":16.0,"key":"SkillPotion"},{"floor":23.0,"key":"SkillPotion"}],"is_trial":false,"path_per_floor":["R","M","M","$","?","?","MIM","?","E","?","$","R","?","?","M","B",null,"R","?","M","?","?","E","MIM","R","E"],"character_chosen":"THE_CHAMP","items_purchased":["MerchantsRug","Shovel","hubris:EvacipatedBox","hubris:FruitBowl"],"campfire_rested":0,"item_purchase_floors":[4,4,11,11],"current_hp_per_floor":[90,90,90,90,73,73,73,73,57,57,19,46,46,46,46,107,127,127,127,117,117,70,48,31,31,0,0,0],"gold":301,"neow_bonus":"THREE_ENEMY_KILL","is_daily":false,"chose_seed":false,"campfire_upgraded":0,"win_rate":0.0,"timestamp":1609321516,"path_taken":["R","M","M","$","?","?","MIM","?","E","?","?","R","?","?","M","BOSS","R","?","?","?","?","E","MIM","R","E"],"items_purchased_type":["Relic","Relic","Relic","Relic"],"build_version":"2020-12-22","purchased_purges":0,"victory":false,"max_hp_per_floor":[90,90,90,90,100,100,100,100,100,100,100,127,127,127,127,127,127,127,127,127,127,70,82,82,82,82,82,82],"card_choices":[{"not_picked":["champ:ShieldSigil","champ:SwordSigil"],"picked":"champ:StanceDance","floor":2.0},{"not_picked":["champ:FocusedBerserking","champ:PerfectedStrike"],"picked":"champ:GutPunch","floor":3.0},{"not_picked":["champ:GladiatorsShout","champ:RageSigil"],"picked":"champ:Backstep","floor":4.0},{"not_picked":["TH:CopperCoins"],"picked":"TH:DeckOfManyThings","floor":5.0},{"not_picked":["champ:AdrenalArmor","champ:Riposte"],"picked":"champ:IgnorePain","floor":5.0},{"not_picked":["champ:FalseCounter","champ:Circumvent"],"picked":"champ:FanOfKnives","floor":7.0},{"not_picked":["TH:BikiniMail","TH:PixieDust"],"picked":"SKIP","floor":9.0},{"not_picked":["champ:DefensiveShout","champ:Circumvent","champ:BerserkersShout"],"picked":"SKIP","floor":9.0},{"not_picked":["champ:SwordSigil","champ:CrookedStrike","champ:BerserkerStyle"],"picked":"SKIP","floor":15.0},{"not_picked":["TH:ElvenBoots"],"picked":"TH:DeckOfManyThings","floor":16.0},{"not_picked":["champ:EnchantCrown","champ:LastStand"],"picked":"champ:StrikeOfGenius","floor":16.0},{"not_picked":["expansioncontent:CaCaw","Replay:SS_fish_1","Magnetism"],"picked":"Transmutation","floor":19.0},{"not_picked":["ReplayUltimateDefense","expansioncontent:Collect","Replay:SS_hec_1"],"picked":"expansioncontent:StudyTheSpire","floor":19.0},{"not_picked":["champ:FlashCut","beaked:Daydream","beaked:BraceForImpact"],"picked":"beaked:WarriorEssence","floor":20.0},{"not_picked":["beaked:StunningBlow","beaked:Pecker","beaked:Daydream+1"],"picked":"champ:Backstep+1","floor":23.0},{"not_picked":["TH:Mimic","TH:PixieDust","TH:BikiniMail"],"picked":"SKIP","floor":23.0},{"not_picked":["beaked:DigDeeper","champ:Aggression","beaked:Ceremony"],"picked":"beaked:WarriorSpirit+1","floor":24.0}],"player_experience":602615,"relics_obtained":[{"floor":5.0,"key":"Pear"},{"floor":9.0,"key":"hubris:CuriousFeather"},{"floor":12.0,"key":"hubris:Spice"},{"floor":18.0,"key":"Runesmith:Nanobots"},{"floor":23.0,"key":"hubris:Spice"}],"event_choices":[{"damage_healed":0.0,"max_hp_gain":0.0,"max_hp_loss":0.0,"gold_gain":2.0,"event_name":"betterStone:BetterStone","player_choice":"1","floor":19.0,"gold_loss":0.0,"damage_taken":0.0}],"is_beta":false,"boss_relics":[{"not_picked":["Coffee Dripper","ChewingGum","CosmicIsotope"],"picked":"aspiration:BeakedSkillbook"}],"items_purged_floors":[],"is_endless":false,"potions_floor_spawned":[5,16,23],"killed_by":"Gensokyo:Koishi","ascension_level":1}}