{"host":"czzthkrvfe6r7fjf","time":1609326152,"event":{"mods":["ATMod(∞¢Ë™Mod)","Act Like it!","BaseMod","Downfall","GungeonMod","Marisa£®ÏF”Í°°ƒß¿Ì…≥£©","Minty Spire (QoL Compilation)","Quick Restart","StSLib","The Servant 0.9.4","Waifu the Spire","°æπ¶ƒ‹Mod°øªÏ„Á÷Æª∑–ﬁ∏¥≤π∂°"],"gold_per_floor":[118,118,193,193,208,208,235,253,279,329,368,368,427,516,516,516,516],"floor_reached":16,"playtime":465,"items_purged":[],"score":247,"play_id":"304ad892-7196-4444-ab0f-326efbae8a4d","local_time":"20201230190232","is_ascension_mode":true,"campfire_choices":[{"data":"AT_WindFlip","floor":6.0,"key":"SMITH"},{"floor":15,"key":"REST"}],"circlet_count":0,"master_deck":["AscendersBane","Strike_G","Strike_G","Strike_G","Strike_G","Strike_G","Defend_G","Defend_G","Defend_G","Defend_G","Defend_G","Survivor","Neutralize","AT_WindFlip+1","Deflect","Prepared","Underhanded Strike","Skewer","AT_ShadowStep","Prepared"],"relics":["Ring of the Snake","AT_ATBox","NeowsBlessing","Vajra","FaceOfCleric","Matryoshka","Dream Catcher","AT_MibuBalloonWealth","Boot","AT_ChloranthyRing"],"acts_visited":["Exordium"],"potions_floor_usage":[13,13,16,16],"damage_taken":[{"damage":0.0,"enemies":"2 Louse","floor":1.0,"turns":1.0},{"damage":0.0,"enemies":"Small Slimes","floor":5.0,"turns":1.0},{"damage":0.0,"enemies":"Lagavulin","floor":7.0,"turns":1.0},{"damage":2.0,"enemies":"Cultist","floor":8.0,"turns":3.0},{"damage":24.0,"enemies":"Gremlin Nob","floor":10.0,"turns":4.0},{"damage":0.0,"enemies":"Looter","floor":11.0,"turns":3.0},{"damage":15,"enemies":"Lagavulin","floor":13,"turns":5},{"damage":0,"enemies":"3 Louse","floor":14,"turns":3},{"damage":14,"enemies":"Hexaghost","floor":16,"turns":4}],"seed_played":"5746389967151927481","potions_obtained":[{"floor":8.0,"key":"ColorlessPotion"},{"floor":10.0,"key":"Fruit Juice"},{"floor":11.0,"key":"SkillPotion"},{"floor":13,"key":"SpeedPotion"},{"floor":14,"key":"CunningPotion"}],"is_trial":false,"path_per_floor":["M","?","?","?","M","R","E","M","T","E","M","?","E","M","R","B"],"character_chosen":"THE_SILENT","items_purchased":[],"campfire_rested":1,"item_purchase_floors":[],"current_hp_per_floor":[59,59,48,48,49,49,50,49,49,31,32,32,18,19,42,28,28],"gold":516,"neow_bonus":"THREE_ENEMY_KILL","is_daily":false,"chose_seed":false,"campfire_upgraded":1,"win_rate":0.0,"timestamp":1609326152,"path_taken":["M","?","?","?","M","R","E","M","T","E","?","?","E","M","R","BOSS"],"items_purchased_type":[],"build_version":"2020-12-22","purchased_purges":0,"victory":false,"max_hp_per_floor":[66,66,66,66,67,67,68,69,69,75,76,76,77,78,78,78,78],"card_choices":[{"not_picked":["Outmaneuver","AT_WindFlip"],"picked":"Deflect","floor":1.0},{"not_picked":["Terror","PiercingWail"],"picked":"Prepared","floor":5.0},{"not_picked":["Terror","AT_FocusSwordFire","Sucker Punch"],"picked":"SKIP","floor":7.0},{"not_picked":["Slice","Prepared"],"picked":"Underhanded Strike","floor":8.0},{"not_picked":["AT_WindFlip","Wraith Form v2","Deflect"],"picked":"SKIP","floor":10.0},{"not_picked":["Sucker Punch","Prepared","Caltrops"],"picked":"SKIP","floor":11.0},{"not_picked":["Sucker Punch","Dodge and Roll"],"picked":"Skewer","floor":13},{"not_picked":["Leg Sweep","Skewer"],"picked":"AT_ShadowStep","floor":14},{"not_picked":["AT_KneejerkReflex","Cloak And Dagger"],"picked":"Prepared","floor":15}],"player_experience":483771,"relics_obtained":[{"floor":7.0,"key":"Matryoshka"},{"floor":9.0,"key":"Dream Catcher"},{"floor":9.0,"key":"AT_MibuBalloonWealth"},{"floor":10.0,"key":"Boot"},{"floor":13,"key":"AT_ChloranthyRing"}],"event_choices":[{"damage_healed":0.0,"max_hp_gain":0.0,"max_hp_loss":0.0,"gold_gain":0.0,"event_name":"Big Fish","player_choice":"Box","floor":2.0,"gold_loss":0.0,"damage_taken":0.0,"relics_obtained":["Vajra"],"cards_obtained":["Regret"]},{"damage_healed":0.0,"max_hp_gain":0.0,"max_hp_loss":0.0,"gold_gain":75.0,"event_name":"World of Goop","player_choice":"Gather Gold","floor":3.0,"gold_loss":0.0,"damage_taken":11.0},{"damage_healed":0.0,"max_hp_gain":0.0,"max_hp_loss":0.0,"gold_gain":0.0,"event_name":"FaceTrader","player_choice":"Trade","floor":4.0,"gold_loss":0.0,"damage_taken":0.0,"relics_obtained":["FaceOfCleric"]},{"cards_removed":["Regret"],"damage_healed":0.0,"max_hp_gain":0.0,"max_hp_loss":0.0,"gold_gain":0.0,"event_name":"Living Wall","player_choice":"Forget","floor":12.0,"gold_loss":0.0,"damage_taken":0.0}],"is_beta":false,"boss_relics":[],"items_purged_floors":[],"is_endless":false,"potions_floor_spawned":[8,10,11,13,14],"killed_by":"Hexaghost","ascension_level":14}}