{"host":"za9ilm1uiwmpmin1","time":1609289143,"event":{"mods":["AchievementEnabler","Act Like it!","BaseMod","CapriCore","Dota2Spire","Downfall","Friendly Minions","Gensokyo","KomeijiMod","Lobotomy","LobotomyExtend","Marisa£¨ìFÓê¡¡Ä§ÀíÉ³£©","Minty Spire (QoL Compilation)","MostiFishMod","Reorder Act Four","RumiaBox-Â¶Ã×æ«µÄÉñÃØºÐ×Ó","StSLib","TestMod","The Alterego","The Immortal","Waifu the Spire","[IsaacMod]ÒÔÈö¼âËþ","¡¾¹¦ÄÜMod¡¿»ìãçÖ®»·ÐÞ¸´²¹¶¡"],"gold_per_floor":[119,128,144,162,162,194,243,257,257,282,361,392,407,418,418,517,517,533,542,558,571,582,582,609,635,635,635,654,673,550,550,500,514,541,556,568,594,613,629,661,680,709,709,808,808,808,748,748,777,777],"floor_reached":23,"playtime":3262,"items_purged":["alterego_mod:Strike","alterego_mod:Strike","alterego_mod:Strike"],"score":1330,"play_id":"fa6489a5-8ed4-4f70-b424-e91faaed8a7d","local_time":"20201230084543","is_ascension_mode":false,"campfire_choices":[{"data":"alterego_mod:BigMeatyClaws","floor":15.0,"key":"SMITH"},{"floor":23.0,"key":"RECALL"},{"data":"alterego_mod:TrashNCrash","floor":27.0,"key":"SMITH"},{"data":"alterego_mod:ClassAdvantage","floor":15,"key":"SMITH"},{"data":"alterego_mod:SakuraFive","floor":20,"key":"SMITH"}],"circlet_count":0,"master_deck":["alterego_mod:Strike","alterego_mod:Defend","alterego_mod:Defend","alterego_mod:Defend","alterego_mod:BigMeatyClaws+1","alterego_mod:BrynhildrsRune","alterego_mod:Birthday+1","alterego_mod:RocketPunch","alterego_mod:SakuraFive+1","alterego_mod:TrashNCrash+1","alterego_mod:ClassAdvantage+1"],"relics":["alterego_mod:MasochisticConstitution","DaveBox","HushsDoor","testmod-TestBox","Civilization","D6","testmod-Charity","The Courier","GodSword7","PreservedInsect","Question Card","testmod-DragonStarHat","Transparent","SatanicBible","Eternal Feather","Dota2Spire:EchoSabre","Letter Opener","LetterFromLob","GoodDreamPillow","Lantern","Pantograph","BelialBook","Dota2Spire:DrumOfEndurance","Civilization","testmod-Brilliant"],"acts_visited":["Exordium","Gensokyo:Gensokyo","TheEnding"],"potions_floor_usage":[22,22,22],"damage_taken":[{"damage":17.0,"enemies":"Gensokyo:Python","floor":1.0,"turns":7.0},{"damage":4.0,"enemies":"Gensokyo:Gryphon","floor":2.0,"turns":5.0},{"damage":0.0,"enemies":"Gensokyo:2_Kodama","floor":3.0,"turns":5.0},{"damage":0.0,"enemies":"Gensokyo:LivingMonolith","floor":4.0,"turns":3.0},{"damage":0.0,"enemies":"Gensokyo:Cirno","floor":6.0,"turns":6.0},{"damage":13.0,"enemies":"Hiden Room Battle","floor":7.0,"turns":4.0},{"damage":0.0,"enemies":"Gensokyo:VengefulSpirit","floor":8.0,"turns":2.0},{"damage":0.0,"enemies":"Gensokyo:Aya","floor":10.0,"turns":2.0},{"damage":0.0,"enemies":"Gensokyo:Cirno","floor":12.0,"turns":5.0},{"damage":0.0,"enemies":"Gensokyo:2_Rabbits","floor":13.0,"turns":1.0},{"damage":0.0,"enemies":"Gensokyo:3_Kodama","floor":14.0,"turns":1.0},{"damage":0.0,"enemies":"Gensokyo:Yukari","floor":16.0,"turns":4.0},{"damage":27.0,"enemies":"Gensokyo:2_Gloops","floor":18.0,"turns":1.0},{"damage":31.0,"enemies":"Gensokyo:AngelMirror","floor":19.0,"turns":1.0},{"damage":70.0,"enemies":"Gensokyo:3_Gloops","floor":20.0,"turns":2.0},{"damage":40.0,"enemies":"Gensokyo:Monolith_and_Dog","floor":21.0,"turns":1.0},{"damage":44.0,"enemies":"Gensokyo:Chomper_and_Gloop","floor":22.0,"turns":1.0},{"damage":49.0,"enemies":"Gensokyo:Tenshi","floor":24.0,"turns":1.0},{"damage":54.0,"enemies":"Gensokyo:Koishi","floor":25.0,"turns":1.0},{"damage":59.0,"enemies":"Gensokyo:3_Gloops","floor":28.0,"turns":1.0},{"damage":64.0,"enemies":"Small Slimes","floor":1.0,"turns":1.0},{"damage":70.0,"enemies":"Jaw Worm","floor":5.0,"turns":1.0},{"damage":76.0,"enemies":"3 Sentries","floor":6.0,"turns":1.0},{"damage":81.0,"enemies":"2 Louse","floor":7.0,"turns":1.0},{"damage":88.0,"enemies":"Exordium Thugs","floor":8.0,"turns":1.0},{"damage":94.0,"enemies":"Exordium Wildlife","floor":10.0,"turns":1.0},{"damage":100.0,"enemies":"2 Fungi Beasts","floor":11.0,"turns":1.0},{"damage":107.0,"enemies":"Lagavulin","floor":12.0,"turns":1.0},{"damage":114.0,"enemies":"Large Slime","floor":13.0,"turns":1.0},{"damage":121.0,"enemies":"3 Sentries","floor":14.0,"turns":1.0},{"damage":128,"enemies":"The Guardian","floor":16,"turns":1},{"damage":135,"enemies":"Shield and Spear","floor":21,"turns":1},{"damage":244,"enemies":"The Heart","floor":22,"turns":3}],"seed_played":"-5906795966867547760","potions_obtained":[{"floor":2.0,"key":"Fire Potion"},{"floor":7.0,"key":"Block Potion"},{"floor":12.0,"key":"Dexterity Potion"},{"floor":13.0,"key":"SkillPotion"},{"floor":22.0,"key":"testmod-TestPotion"}],"is_trial":false,"path_per_floor":["M","M","M","M","?","E","?","M","T","E","?","E","M","M","R","B",null,"M","M","M","M","M","R","E","E","T","R","M","M","M","?","?","?","M","E","M","M","T","M","M","E","M","E","R","B",null,null,"$","R","E","B",null],"character_chosen":"The_Alterego","items_purchased":["SatanicBible"],"campfire_rested":0,"item_purchase_floors":[17],"current_hp_per_floor":[56,56,63,71,71,90,106,128,128,151,152,186,222,258,258,298,278,318,359,403,449,497,497,546,596,596,596,649,704,704,689,689,760,819,880,943,944,1009,1076,1144,1213,1285,1285,1359,1359,1359,1359,1359,1437,1516],"gold":777,"neow_bonus":"REMOVE_CARD","is_daily":false,"chose_seed":false,"campfire_upgraded":4,"win_rate":0.0,"timestamp":1609289143,"path_taken":["M","M","M","M","?","E","?","M","T","E","?","E","?","M","R","BOSS","M","M","M","M","M","R","E","E","T","R","M","M","M","?","?","?","M","E","M","M","T","M","M","E","M","E","R","BOSS","$","R","E","BOSS"],"items_purchased_type":["Relic"],"build_version":"2020-12-22","purchased_purges":3,"victory":true,"max_hp_per_floor":[73,77,82,88,88,104,123,142,142,162,163,194,227,263,263,300,278,318,359,403,449,497,497,546,596,596,596,649,704,704,704,704,760,819,880,943,944,1009,1076,1144,1213,1285,1285,1359,1359,1359,1359,1359,1437,1516],"card_choices":[{"not_picked":[],"picked":"Bomb","floor":0.0},{"not_picked":["alterego_mod:BeGentle","alterego_mod:PurpleHair","alterego_mod:Crossover"],"picked":"SKIP","floor":1.0},{"not_picked":["alterego_mod:DustData","alterego_mod:SakuraLabyrinth"],"picked":"alterego_mod:Birthday","floor":2.0},{"not_picked":["alterego_mod:DeftHands","alterego_mod:BiFurious","alterego_mod:DustData"],"picked":"SKIP","floor":3.0},{"not_picked":["alterego_mod:Punishment","alterego_mod:IndependentAction"],"picked":"alterego_mod:RocketPunch","floor":4.0},{"not_picked":["alterego_mod:1TonWallop","alterego_mod:MagicResistance","alterego_mod:Table"],"picked":"SKIP","floor":6.0},{"not_picked":["alterego_mod:1TonWallop","alterego_mod:MagicResistance","alterego_mod:Table"],"picked":"SKIP","floor":6.0},{"not_picked":["alterego_mod:HighServant","alterego_mod:1TonWallop","alterego_mod:Punishment"],"picked":"SKIP","floor":8.0},{"not_picked":["alterego_mod:Clap","alterego_mod:Valentines","alterego_mod:Pet"],"picked":"SKIP","floor":10.0},{"not_picked":["alterego_mod:BreastValley","alterego_mod:1TonWallop","alterego_mod:Undulate","alterego_mod:Crossover"],"picked":"SKIP","floor":12.0},{"not_picked":["alterego_mod:BreastValley","alterego_mod:1TonWallop","alterego_mod:Undulate","alterego_mod:Crossover"],"picked":"SKIP","floor":12.0},{"not_picked":["alterego_mod:Belts","alterego_mod:BrynhildrRomantia","alterego_mod:Swimsuit","alterego_mod:Crossover"],"picked":"SKIP","floor":13.0},{"not_picked":["alterego_mod:Belts","alterego_mod:BrynhildrRomantia","alterego_mod:Swimsuit","alterego_mod:Crossover"],"picked":"SKIP","floor":13.0},{"not_picked":["alterego_mod:BiFurious","alterego_mod:DiscoLights","alterego_mod:Mirror","alterego_mod:Cycle"],"picked":"SKIP","floor":14.0},{"not_picked":["alterego_mod:Punishment+1","alterego_mod:PurpleHair+1","alterego_mod:Pet","alterego_mod:Bounce+1"],"picked":"SKIP","floor":18.0},{"not_picked":["alterego_mod:MagicResistance","alterego_mod:Cooking","alterego_mod:Birthday","alterego_mod:Pet"],"picked":"SKIP","floor":19.0},{"not_picked":["alterego_mod:Maid","alterego_mod:Jiggle","alterego_mod:HighServant","alterego_mod:Complex+1"],"picked":"SKIP","floor":20.0},{"not_picked":["alterego_mod:GachaTicket","alterego_mod:Mirror","alterego_mod:Table","alterego_mod:Rip"],"picked":"SKIP","floor":21.0},{"not_picked":["alterego_mod:Bloomers","alterego_mod:VirginLaserPalladion","alterego_mod:DestructionOfProperty"],"picked":"alterego_mod:SakuraFive","floor":22.0},{"not_picked":["alterego_mod:Cooking+1","alterego_mod:Birthday","alterego_mod:Bloomers+1","alterego_mod:SakuraFive"],"picked":"SKIP","floor":24.0},{"not_picked":["alterego_mod:1TonWallop","alterego_mod:DiscoLights","alterego_mod:Pet"],"picked":"alterego_mod:TrashNCrash","floor":25.0},{"not_picked":["alterego_mod:MagicResistance","alterego_mod:Punishment","alterego_mod:Rip+1","alterego_mod:TrashNCrash"],"picked":"SKIP","floor":28.0},{"not_picked":["alterego_mod:Cooking","alterego_mod:Santa","alterego_mod:RingBreak","alterego_mod:Maid"],"picked":"SKIP","floor":1.0},{"not_picked":["alterego_mod:DustData","alterego_mod:Bounce","alterego_mod:Smother","alterego_mod:Exercise"],"picked":"SKIP","floor":5.0},{"not_picked":["alterego_mod:SakuraFive","alterego_mod:IndependentAction","alterego_mod:Birthday","alterego_mod:Cooking"],"picked":"SKIP","floor":6.0},{"not_picked":["alterego_mod:ChallengeComplete","alterego_mod:Punishment","alterego_mod:Collar","alterego_mod:Skirt"],"picked":"SKIP","floor":7.0},{"not_picked":["alterego_mod:Schoolgirl","alterego_mod:BusterCard","alterego_mod:BiFurious","alterego_mod:Maid"],"picked":"SKIP","floor":8.0},{"not_picked":["alterego_mod:Swimsuit","alterego_mod:ChallengeComplete","alterego_mod:Rip"],"picked":"alterego_mod:ClassAdvantage","floor":10.0},{"not_picked":["alterego_mod:Support","alterego_mod:Santa","alterego_mod:1TonWallop","alterego_mod:Bloomers"],"picked":"SKIP","floor":11.0},{"not_picked":["alterego_mod:Cooking","alterego_mod:Undulate","alterego_mod:Punishment","alterego_mod:Lingerie"],"picked":"SKIP","floor":12.0},{"not_picked":["alterego_mod:TrashNCrash","alterego_mod:Belts","alterego_mod:Pet","alterego_mod:PerceptionDisorder"],"picked":"SKIP","floor":13.0},{"not_picked":["alterego_mod:MaintainEyeContact","alterego_mod:GoddessCore","alterego_mod:STier","alterego_mod:Cycle"],"picked":"SKIP","floor":14.0},{"not_picked":["alterego_mod:Stockings","alterego_mod:Valentines+1","alterego_mod:BiFurious+1","alterego_mod:HighServant+1"],"picked":"SKIP","floor":21}],"player_experience":1205882,"relics_obtained":[{"floor":1.0,"key":"LetterFromLob"},{"floor":6.0,"key":"The Courier"},{"floor":7.0,"key":"GodSword7"},{"floor":7.0,"key":"PreservedInsect"},{"floor":10.0,"key":"Question Card"},{"floor":12.0,"key":"testmod-DragonStarHat"},{"floor":24.0,"key":"Eternal Feather"},{"floor":25.0,"key":"Dota2Spire:EchoSabre"},{"floor":26.0,"key":"Letter Opener"},{"floor":1.0,"key":"LetterFromLob"},{"floor":6.0,"key":"Pantograph"},{"floor":9.0,"key":"BelialBook"},{"floor":12.0,"key":"Dota2Spire:DrumOfEndurance"},{"floor":14.0,"key":"Diplopia"},{"floor":21,"key":"testmod-Brilliant"}],"event_choices":[{"damage_healed":0.0,"max_hp_gain":0.0,"max_hp_loss":0.0,"gold_gain":0.0,"event_name":"HidenRoomEvent","player_choice":"Fight","floor":7.0,"gold_loss":0.0,"damage_taken":0.0},{"cards_removed":["alterego_mod:Defend"],"damage_healed":0.0,"max_hp_gain":0.0,"max_hp_loss":0.0,"gold_gain":0.0,"event_name":"The Cleric","player_choice":"Card Removal","floor":4.0,"gold_loss":50.0,"damage_taken":0.0}],"is_beta":false,"boss_relics":[{"not_picked":["testmod-BloodSacrificeSpiritualization","TakeMeEscape"],"picked":"Transparent"},{"not_picked":[]}],"items_purged_floors":[17,17,19],"is_endless":false,"potions_floor_spawned":[2,7,10,12,13,21,22,24,28,5,6,10,13,14],"ascension_level":0}}