{"host":"6pgtslebjnyv5xmi","time":1609334018,"event":{"mods":["AchievementEnabler","BaseMod","Colored Map","Minty Spire (QoL Compilation)","Rare Cards Sparkle","StSLib","SuperFastMode","everything is the same but u backflip on backflip"],"gold_per_floor":[118,118,68,84,104,104,124,134,134,134,59,74,86,86,86,186,186,199,199,65,65,78,78,96,96,96,96,96,96,106,106,106,106,106],"floor_reached":33,"playtime":1182,"items_purged":["Defend_R","Strike_R"],"score":312,"play_id":"767a02a4-0b02-4c8d-9ac0-d86791d8165c","local_time":"20201230221338","is_ascension_mode":false,"campfire_choices":[{"data":"Evolve","floor":6.0,"key":"SMITH"},{"data":"Fiend Fire","floor":10.0,"key":"SMITH"},{"data":"Ghostly Armor","floor":15.0,"key":"SMITH"},{"data":"Fire Breathing","floor":23.0,"key":"SMITH"},{"data":"Wild Strike","floor":29,"key":"SMITH"},{"data":"Sentinel","floor":32,"key":"SMITH"}],"circlet_count":0,"master_deck":["Strike_R","Strike_R+1","Defend_R","Defend_R","Defend_R+1","Bash","Evolve+1","Sentinel+1","Fiend Fire+1","Ghostly Armor+1","Fiend Fire+1","Second Wind+1","Fire Breathing+1","Ghostly","Ghostly","Ghostly","Ghostly","Ghostly","Second Wind+1","Wild Strike+1"],"relics":["Black Blood"],"acts_visited":["Exordium","TheCity"],"potions_floor_usage":[24,24,33,33],"damage_taken":[{"damage":2.0,"enemies":"2 Louse","floor":1.0,"turns":3.0},{"damage":2.0,"enemies":"Jaw Worm","floor":4.0,"turns":5.0},{"damage":0.0,"enemies":"Cultist","floor":5.0,"turns":4.0},{"damage":20.0,"enemies":"2 Fungi Beasts","floor":7.0,"turns":4.0},{"damage":7.0,"enemies":"Exordium Wildlife","floor":8.0,"turns":5.0},{"damage":7.0,"enemies":"Blue Slaver","floor":12.0,"turns":5.0},{"damage":5.0,"enemies":"3 Louse","floor":13.0,"turns":5.0},{"damage":0.0,"enemies":"Slime Boss","floor":16.0,"turns":3.0},{"damage":34.0,"enemies":"3 Byrds","floor":18.0,"turns":11.0},{"damage":18.0,"enemies":"2 Thieves","floor":22.0,"turns":5.0},{"damage":16,"enemies":"Snecko","floor":24,"turns":5},{"damage":3,"enemies":"Snake Plant","floor":30,"turns":4},{"damage":62,"enemies":"Champ","floor":33,"turns":16}],"seed_played":"1584503598526377173","potions_obtained":[{"floor":1.0,"key":"FearPotion"},{"floor":7.0,"key":"ElixirPotion"},{"floor":13.0,"key":"Energy Potion"},{"floor":22.0,"key":"EssenceOfSteel"},{"floor":24,"key":"Energy Potion"},{"floor":30,"key":"Dexterity Potion"}],"is_trial":false,"path_per_floor":["M","?","?","M","M","R","M","M","T","R","$","M","M","?","R","B",null,"M","T","$","?","M","R","M","$","T","$","?","R","M","?","R","B"],"character_chosen":"IRONCLAD","items_purchased":["Fire Breathing"],"campfire_rested":0,"item_purchase_floors":[20],"current_hp_per_floor":[88,70,70,74,80,80,66,65,65,65,65,64,65,65,65,71,88,66,66,66,44,38,38,34,34,34,34,34,34,43,43,43,0,0],"gold":106,"neow_bonus":"TEN_PERCENT_HP_BONUS","is_daily":false,"chose_seed":false,"campfire_upgraded":6,"win_rate":0.0,"timestamp":1609334018,"path_taken":["M","?","?","M","M","R","M","M","T","R","$","?","M","?","R","BOSS","M","?","$","?","M","R","M","?","T","$","?","R","M","?","R","BOSS"],"items_purchased_type":["Card"],"build_version":"2020-12-22","purchased_purges":2,"victory":false,"max_hp_per_floor":[88,88,88,88,88,88,88,88,88,88,88,88,88,88,88,88,88,88,88,88,44,44,44,44,44,44,44,44,44,44,44,44,44,44],"card_choices":[{"not_picked":["Feel No Pain","Metallicize"],"picked":"Evolve","floor":1.0},{"not_picked":["Anger","Heavy Blade","Havoc"],"picked":"SKIP","floor":4.0},{"not_picked":["Rage","Heavy Blade","Thunderclap"],"picked":"SKIP","floor":5.0},{"not_picked":["Pommel Strike","Clothesline"],"picked":"Sentinel","floor":7.0},{"not_picked":["Perfected Strike","Havoc"],"picked":"Fiend Fire","floor":8.0},{"not_picked":["Carnage","Sentinel"],"picked":"Ghostly Armor","floor":12.0},{"not_picked":["Rupture","Searing Blow","Thunderclap"],"picked":"SKIP","floor":13.0},{"not_picked":["Juggernaut","Impervious"],"picked":"Fiend Fire","floor":16.0},{"not_picked":["Thunderclap","Havoc+1"],"picked":"Second Wind+1","floor":18.0},{"not_picked":["Perfected Strike","Infernal Blade"],"picked":"Second Wind+1","floor":22.0},{"not_picked":["Headbutt","Second Wind+1","Sentinel+1"],"picked":"SKIP","floor":24},{"not_picked":["Clothesline+1","Pommel Strike+1","Twin Strike"],"picked":"SKIP","floor":30}],"player_experience":624201,"relics_obtained":[],"event_choices":[{"damage_healed":0.0,"max_hp_gain":0.0,"max_hp_loss":0.0,"gold_gain":0.0,"event_name":"Shining Light","player_choice":"Entered Light","floor":2.0,"gold_loss":0.0,"damage_taken":18.0,"cards_upgraded":["Defend_R","Strike_R"]},{"cards_removed":["Strike_R"],"damage_healed":0.0,"max_hp_gain":0.0,"max_hp_loss":0.0,"gold_gain":0.0,"event_name":"The Cleric","player_choice":"Card Removal","floor":3.0,"gold_loss":50.0,"damage_taken":0.0},{"cards_removed":["Strike_R"],"damage_healed":0.0,"max_hp_gain":0.0,"max_hp_loss":0.0,"gold_gain":0.0,"event_name":"Purifier","player_choice":"Purged","floor":14.0,"gold_loss":0.0,"damage_taken":0.0},{"damage_healed":0.0,"max_hp_gain":0.0,"max_hp_loss":44.0,"gold_gain":0.0,"event_name":"Ghosts","player_choice":"Became a Ghost","floor":21.0,"gold_loss":0.0,"damage_taken":0.0,"cards_obtained":["Ghostly","Ghostly","Ghostly","Ghostly","Ghostly"]},{"damage_healed":0,"gold_gain":0,"player_choice":"Read","damage_taken":0,"max_hp_gain":0,"max_hp_loss":0,"event_name":"The Library","floor":28,"gold_loss":0,"cards_obtained":["Wild Strike"]},{"damage_healed":0,"gold_gain":0,"player_choice":"Upgraded","damage_taken":0,"max_hp_gain":0,"max_hp_loss":0,"event_name":"Upgrade Shrine","floor":31,"gold_loss":0,"cards_upgraded":["Fiend Fire"]}],"is_beta":false,"boss_relics":[{"not_picked":["Velvet Choker","Calling Bell"],"picked":"Black Blood"}],"items_purged_floors":[11,20],"is_endless":false,"potions_floor_spawned":[1,7,13,16,22,24,30],"killed_by":"Champ","ascension_level":0}}