{"host":"qwp6882a7gaon7u5","time":1609340621,"event":{"mods":["ATMod(°¢èªMod)","BaseMod","BetterRewards","Minty Spire (QoL Compilation)","Red Circlet Mod","Replay The Spire","RumiaBox-Â¶Ã×æ«µÄÉñÃØºÐ×Ó","Spicy Shops","StSLib","¡¾¹¦ÄÜMod¡¿»ìãçÖ®»·ÐÞ¸´²¹¶¡","¡¾ÒÅÎï¿¨ÅÆ¡¿REMEMod"],"gold_per_floor":[115,115,115,129,129,158,158,185,208,208,208],"floor_reached":10,"playtime":414,"items_purged":[],"score":78,"play_id":"a8edb910-9f32-4e49-bdab-d6cae8f92a88","local_time":"20201230230341","is_ascension_mode":true,"campfire_choices":[{"data":"Creative AI","floor":7,"key":"SMITH"}],"circlet_count":0,"master_deck":["Strike_B","Strike_B","Strike_B","Strike_B","Defend_B","Defend_B","Defend_B","Defend_B","Zap","Dualcast","Gash","AT_StudyProgram","Discovery+1","Creative AI+1","AT_DarkMatter"],"relics":["Cracked Core","REME_ComplimentaryCards","AT_ATBox","Replay:Antivirus Software","Geode","Art of War"],"acts_visited":["Exordium"],"potions_floor_usage":[6,6],"damage_taken":[{"damage":1,"enemies":"Cultist","floor":1,"turns":3},{"damage":1,"enemies":"Jaw Worm","floor":4,"turns":3},{"damage":25,"enemies":"Gremlin Nob","floor":6,"turns":5},{"damage":16,"enemies":"Lagavulin","floor":8,"turns":9},{"damage":44,"enemies":"Gremlin Nob","floor":10,"turns":4}],"seed_played":"-6605150539667048798","potions_obtained":[{"floor":3,"key":"Doom Potion"},{"floor":3,"key":"EssenceOfSteel"},{"floor":3,"key":"Flashbang"},{"floor":4,"key":"Languid Potion"}],"is_trial":false,"path_per_floor":["M","?","?","M","?","E","R","E","T","E"],"character_chosen":"DEFECT","items_purchased":["Gash"],"campfire_rested":0,"item_purchase_floors":[0],"current_hp_per_floor":[74,74,74,73,78,53,53,37,37,0,0],"gold":208,"neow_bonus":"","is_daily":false,"chose_seed":false,"campfire_upgraded":1,"win_rate":0.0,"timestamp":1609340621,"path_taken":["M","?","?","?","?","E","R","E","T","E"],"items_purchased_type":["Card"],"build_version":"2020-12-22","purchased_purges":0,"victory":false,"max_hp_per_floor":[75,75,75,75,80,80,80,80,80,80,80],"card_choices":[{"not_picked":["Barrage","Go for the Eyes","Cold Snap"],"picked":"SKIP","floor":1},{"not_picked":["FIFO Queue","Barrage","Leap"],"picked":"SKIP","floor":4},{"not_picked":["Tempest","Rebound"],"picked":"Creative AI","floor":6},{"not_picked":["Lockon","Skim"],"picked":"AT_DarkMatter","floor":8}],"player_experience":156843,"relics_obtained":[{"floor":6,"key":"Replay:Antivirus Software"},{"floor":8,"key":"Geode"},{"floor":9,"key":"Art of War"}],"event_choices":[{"damage_healed":0,"gold_gain":0,"player_choice":"Grow","damage_taken":0,"max_hp_gain":0,"max_hp_loss":0,"event_name":"Living Wall","floor":2,"gold_loss":0,"cards_upgraded":["Discovery"]},{"damage_healed":0,"gold_gain":0,"player_choice":"Got Potions","damage_taken":0,"max_hp_gain":0,"max_hp_loss":0,"event_name":"Lab","floor":3,"gold_loss":0},{"damage_healed":0,"gold_gain":0,"player_choice":"Donut","damage_taken":0,"max_hp_gain":5,"max_hp_loss":0,"event_name":"Big Fish","floor":5,"gold_loss":0}],"is_beta":false,"boss_relics":[],"items_purged_floors":[],"is_endless":false,"potions_floor_spawned":[4],"killed_by":"Gremlin Nob","ascension_level":1}}