{"host":"anox4050deqdcqoh","time":1609353728,"event":{"mods":["BaseMod","Colored Map","Minty Spire (QoL Compilation)","Quick Restart"],"gold_per_floor":[113,123,137,67,78,78,106,106,106,106,37,51,68,88,88,192,192,212,212,232,243,168,200,200,48,71,86,86,86,86,46,46,148,148,168,182,182,195,205,205,230,243,243,74,90,90,18,36,36,36,36,36,36,64,64,64],"floor_reached":55,"playtime":4527,"items_purged":[],"score":766,"play_id":"e658c947-3140-4cea-b301-be18f2793f4e","local_time":"20201230134208","is_ascension_mode":true,"campfire_choices":[{"data":"Loop","floor":6.0,"key":"SMITH"},{"data":"Defragment","floor":10.0,"key":"SMITH"},{"floor":15.0,"key":"REST"},{"data":"Dualcast","floor":24,"key":"SMITH"},{"floor":29,"key":"REST"},{"data":"Loop","floor":32,"key":"SMITH"},{"floor":40,"key":"REST"},{"floor":46,"key":"REST"},{"floor":49,"key":"RECALL"},{"data":"Stack","floor":52,"key":"SMITH"}],"circlet_count":0,"master_deck":["Defend_B","Defend_B","Defend_B","Defend_B","Zap","Dualcast+1","Chaos","Self Repair","BootSequence","Doom and Gloom","Loop+1","Defragment+1","Melter","Cold Snap","Conserve Battery","Force Field","Seek","Compile Driver+1","Chaos+1","Glacier","Hello World","Go for the Eyes","J.A.X.","Loop+1","Cold Snap+1","Glacier","Conserve Battery","Compile Driver+1","Stack+1","Hologram+1","Parasite","Heatsinks+1"],"relics":["Cracked Core","StoneCalendar","White Beast Statue","SlaversCollar","Mummified Hand","Runic Capacitor","StrikeDummy","Nuclear Battery","Bottled Tornado","Kunai","Membership Card","Lee\u0027s Waffle","Anchor"],"acts_visited":["Exordium","TheCity","TheBeyond","TheEnding"],"potions_floor_usage":[21,21,23,36,38,41,41,42,48,55,55],"damage_taken":[{"damage":2.0,"enemies":"Jaw Worm","floor":1.0,"turns":4.0},{"damage":0.0,"enemies":"Cultist","floor":2.0,"turns":3.0},{"damage":2.0,"enemies":"2 Louse","floor":3.0,"turns":3.0},{"damage":2.0,"enemies":"Looter","floor":5.0,"turns":4.0},{"damage":29.0,"enemies":"Gremlin Nob","floor":7.0,"turns":5.0},{"damage":0.0,"enemies":"Lots of Slimes","floor":12.0,"turns":2.0},{"damage":0.0,"enemies":"2 Fungi Beasts","floor":13.0,"turns":3.0},{"damage":44.0,"enemies":"Exordium Thugs","floor":14.0,"turns":5.0},{"damage":32.0,"enemies":"The Guardian","floor":16.0,"turns":7.0},{"damage":0,"enemies":"Spheric Guardian","floor":18,"turns":3},{"damage":6,"enemies":"Shell Parasite","floor":20,"turns":7},{"damage":25,"enemies":"3 Cultists","floor":21,"turns":7},{"damage":25,"enemies":"Gremlin Leader","floor":23,"turns":12},{"damage":0,"enemies":"Chosen and Byrds","floor":27,"turns":5},{"damage":20,"enemies":"Champ","floor":33,"turns":7},{"damage":2,"enemies":"3 Shapes","floor":35,"turns":7},{"damage":10,"enemies":"3 Darklings","floor":36,"turns":7},{"damage":37,"enemies":"Transient","floor":38,"turns":5},{"damage":28,"enemies":"Jaw Worm Horde","floor":39,"turns":7},{"damage":20,"enemies":"Reptomancer","floor":41,"turns":7},{"damage":12,"enemies":"Sphere and 2 Shapes","floor":42,"turns":3},{"damage":22,"enemies":"Transient","floor":45,"turns":5},{"damage":0,"enemies":"Writhing Mass","floor":48,"turns":6},{"damage":43,"enemies":"Time Eater","floor":50,"turns":9},{"damage":20,"enemies":"Shield and Spear","floor":54,"turns":7},{"damage":94,"enemies":"The Heart","floor":55,"turns":6}],"seed_played":"6216002860116591588","potions_obtained":[{"floor":1.0,"key":"FairyPotion"},{"floor":12.0,"key":"PowerPotion"},{"floor":14.0,"key":"Explosive Potion"},{"floor":16.0,"key":"SkillPotion"},{"floor":21,"key":"SkillPotion"},{"floor":23,"key":"Dexterity Potion"},{"floor":27,"key":"DistilledChaos"},{"floor":36,"key":"Weak Potion"},{"floor":38,"key":"EssenceOfSteel"},{"floor":41,"key":"PowerPotion"},{"floor":42,"key":"Strength Potion"},{"floor":45,"key":"PowerPotion"},{"floor":48,"key":"SneckoOil"},{"floor":54,"key":"Block Potion"}],"is_trial":false,"path_per_floor":["M","M","M","$","M","R","E","?","T","R","$","M","M","M","R","B",null,"M","?","M","M","?","E","R","$","T","M","?","R","T","$","R","B",null,"M","M","?","M","M","R","E","M","T","$","M","R","$","M","R","B",null,"R","$","E","B"],"character_chosen":"DEFECT","items_purchased":["Doom and Gloom","Melter","Runic Capacitor","Loop","Membership Card","Stack","Lee\u0027s Waffle"],"campfire_rested":4,"item_purchase_floors":[4,11,25,31,44,44,47],"current_hp_per_floor":[52,52,57,57,62,62,40,40,40,40,40,47,54,17,39,7,75,75,75,75,57,57,39,39,39,39,46,46,68,68,68,68,48,75,75,72,72,42,21,43,30,25,25,25,10,32,82,82,82,39,82,82,82,69,0,0],"gold":64,"neow_bonus":"REMOVE_TWO","is_daily":false,"chose_seed":false,"campfire_upgraded":5,"win_rate":0.0,"timestamp":1609353728,"path_taken":["M","M","M","$","M","R","E","?","T","R","?","M","?","M","R","BOSS","M","?","M","M","?","E","R","$","T","M","?","R","?","$","R","BOSS","M","?","?","M","M","R","E","M","T","$","M","R","?","M","R","BOSS","R","$","E","BOSS"],"items_purchased_type":["Card","Card","Relic","Card","Relic","Card","Relic"],"build_version":"2020-12-22","purchased_purges":0,"victory":false,"max_hp_per_floor":[75,75,75,75,75,75,75,75,75,75,75,75,75,75,75,75,75,75,75,75,75,75,75,75,75,75,75,75,75,75,75,75,75,75,75,75,75,75,75,75,75,75,75,75,75,75,82,82,82,82,82,82,82,82,82,82],"card_choices":[{"not_picked":["Turbo","Recycle"],"picked":"Chaos","floor":1.0},{"not_picked":["Go for the Eyes","Rip and Tear"],"picked":"Self Repair","floor":2.0},{"not_picked":["Steam","Fission"],"picked":"BootSequence","floor":3.0},{"not_picked":["Go for the Eyes","Gash"],"picked":"Loop","floor":5.0},{"not_picked":["Double Energy","Auto Shields"],"picked":"Defragment","floor":7.0},{"not_picked":["Streamline","Heatsinks"],"picked":"Cold Snap","floor":12.0},{"not_picked":["Leap","Barrage"],"picked":"Conserve Battery","floor":13.0},{"not_picked":["Conserve Battery","White Noise"],"picked":"Force Field","floor":14.0},{"not_picked":["Core Surge","Electrodynamics"],"picked":"Seek","floor":16.0},{"not_picked":["Streamline","Sunder"],"picked":"Compile Driver+1","floor":18},{"not_picked":["Gash+1","Hyperbeam"],"picked":"Chaos+1","floor":20},{"not_picked":["Turbo","Chaos"],"picked":"Glacier","floor":21},{"not_picked":["Streamline","Turbo+1"],"picked":"Hello World","floor":23},{"not_picked":["Redo","Conserve Battery"],"picked":"Go for the Eyes","floor":27},{"not_picked":["Rebound+1","Steam+1"],"picked":"Cold Snap+1","floor":35},{"not_picked":["Steam+1","Hologram"],"picked":"Skim+1","floor":36},{"not_picked":["Sweeping Beam","Turbo+1"],"picked":"Glacier","floor":38},{"not_picked":["Seek","Steam"],"picked":"Conserve Battery","floor":39},{"not_picked":["Cold Snap","Hologram","Core Surge"],"picked":"SKIP","floor":41},{"not_picked":["Coolheaded+1","Gash"],"picked":"Compile Driver+1","floor":42},{"not_picked":["Doom and Gloom+1","Coolheaded"],"picked":"Hologram+1","floor":45},{"not_picked":["Compile Driver+1","Gash+1"],"picked":"Heatsinks+1","floor":48},{"not_picked":["Streamline+1","Compile Driver","Core Surge"],"picked":"SKIP","floor":54}],"player_experience":234390,"relics_obtained":[{"floor":7.0,"key":"StoneCalendar"},{"floor":9.0,"key":"White Beast Statue"},{"floor":23,"key":"Mummified Hand"},{"floor":30,"key":"StrikeDummy"},{"floor":41,"key":"Bottled Tornado"},{"floor":43,"key":"Kunai"},{"floor":54,"key":"Anchor"}],"event_choices":[{"cards_removed":["Strike_B"],"damage_healed":0.0,"max_hp_gain":0.0,"max_hp_loss":0.0,"gold_gain":0.0,"event_name":"Bonfire Elementals","player_choice":"Offered Basic","floor":8.0,"gold_loss":0.0,"damage_taken":0.0},{"damage_healed":0,"gold_gain":0,"player_choice":"Ignored","damage_taken":0,"max_hp_gain":0,"max_hp_loss":0,"event_name":"Ghosts","floor":19,"gold_loss":0},{"cards_removed":["Strike_B"],"damage_healed":0,"gold_gain":0,"player_choice":"Gave Gold","damage_taken":0,"max_hp_gain":0,"max_hp_loss":0,"event_name":"Beggar","floor":22,"gold_loss":75},{"damage_healed":0,"gold_gain":0,"player_choice":"Obtain J.A.X.","damage_taken":0,"max_hp_gain":0,"max_hp_loss":0,"event_name":"Drug Dealer","floor":28,"gold_loss":0,"cards_obtained":["J.A.X."]},{"cards_removed":["Skim"],"damage_healed":0,"gold_gain":0,"player_choice":"Removed Skill","damage_taken":0,"max_hp_gain":0,"max_hp_loss":0,"event_name":"Falling","floor":37,"gold_loss":0}],"is_beta":false,"boss_relics":[{"not_picked":["Tiny House","Coffee Dripper"],"picked":"SlaversCollar"},{"not_picked":["Cursed Key","Black Star"],"picked":"Nuclear Battery"}],"items_purged_floors":[],"is_endless":false,"potions_floor_spawned":[1,12,13,14,16,18,20,21,23,27,33,35,36,38,39,41,42,45,48,54],"killed_by":"The Heart","ascension_level":2}}