{"host":"1tkoe3l8wf0xx8if","time":1609313448,"event":{"mods":["AchievementEnabler","BaseMod","Colored Map","Minty Spire (QoL Compilation)","Quick Restart","StSLib","SuperFastMode"],"gold_per_floor":[116,131,149,161,173,173,98,98,123,138,171,71,101,121,121,198,198,212,223,583,124,134,134,144,178,226,259,64,64,64,94,94,165,165,180,205,45,56,103,103,131,144,144,9,9,9,35,54,54,54],"floor_reached":51,"playtime":2164,"items_purged":["Strike_R","Strike_R","Strike_R","Defend_R","Defend_R","Anger"],"score":1435,"play_id":"e62e4e3b-c344-48cd-aed4-0316cc4eafe7","local_time":"20201230163048","is_ascension_mode":true,"campfire_choices":[{"data":"Uppercut","floor":6.0,"key":"SMITH"},{"data":"Cleave","floor":8.0,"key":"SMITH"},{"data":"Inflame","floor":15.0,"key":"SMITH"},{"data":"True Grit","floor":23.0,"key":"SMITH"},{"data":"Heavy Blade","floor":30.0,"key":"SMITH"},{"data":"Flex","floor":32.0,"key":"SMITH"},{"data":"Dark Embrace","floor":40.0,"key":"SMITH"},{"data":"Pommel Strike","floor":46.0,"key":"SMITH"},{"data":"Heavy Blade","floor":49.0,"key":"SMITH"}],"circlet_count":0,"master_deck":["AscendersBane","Strike_R","Strike_R","Defend_R","Defend_R","Bash","Sword Boomerang","Shrug It Off","Uppercut+1","Cleave+1","Flex+1","Evolve","Inflame+1","Impervious","Battle Trance","Pommel Strike+1","True Grit+1","Feel No Pain","Shrug It Off","Heavy Blade+1","Intimidate+1","Juggernaut","Headbutt","Reaper","Warcry+1","Dark Embrace+1","Rage+1","Heavy Blade+1"],"relics":["Burning Blood","CaptainsWheel","Nunchaku","Bag of Marbles","Art of War","Coffee Dripper","PreservedInsect","Membership Card","Blood Vial","Pen Nib","Red Skull","Juzu Bracelet","Toxic Egg 2","Oddly Smooth Stone","Sozu","Thread and Needle","Vajra","Lizard Tail","Toy Ornithopter","Orichalcum","Bottled Flame"],"acts_visited":["Exordium","TheCity","TheBeyond"],"potions_floor_usage":[],"damage_taken":[{"damage":10.0,"enemies":"2 Louse","floor":1.0,"turns":3.0},{"damage":1.0,"enemies":"Cultist","floor":2.0,"turns":3.0},{"damage":4.0,"enemies":"Small Slimes","floor":3.0,"turns":4.0},{"damage":3.0,"enemies":"3 Louse","floor":4.0,"turns":4.0},{"damage":23.0,"enemies":"Exordium Wildlife","floor":5.0,"turns":6.0},{"damage":8.0,"enemies":"Looter","floor":10.0,"turns":2.0},{"damage":15.0,"enemies":"Lagavulin","floor":11.0,"turns":5.0},{"damage":7.0,"enemies":"Gremlin Nob","floor":13.0,"turns":3.0},{"damage":4.0,"enemies":"Blue Slaver","floor":14.0,"turns":3.0},{"damage":24.0,"enemies":"Slime Boss","floor":16.0,"turns":9.0},{"damage":3.0,"enemies":"Chosen","floor":18.0,"turns":3.0},{"damage":6.0,"enemies":"Spheric Guardian","floor":19.0,"turns":3.0},{"damage":13.0,"enemies":"Snecko","floor":22.0,"turns":4.0},{"damage":0.0,"enemies":"Chosen and Byrds","floor":24.0,"turns":6.0},{"damage":18.0,"enemies":"Slavers","floor":25.0,"turns":4.0},{"damage":0.0,"enemies":"Gremlin Leader","floor":27.0,"turns":4.0},{"damage":7.0,"enemies":"Slavers","floor":31.0,"turns":3.0},{"damage":11.0,"enemies":"Automaton","floor":33.0,"turns":7.0},{"damage":0.0,"enemies":"3 Darklings","floor":35.0,"turns":5.0},{"damage":0.0,"enemies":"Mind Bloom Boss Battle","floor":36.0,"turns":5.0},{"damage":0.0,"enemies":"Orb Walker","floor":38.0,"turns":3.0},{"damage":20.0,"enemies":"2 Orb Walkers","floor":39.0,"turns":4.0},{"damage":0.0,"enemies":"Giant Head","floor":41.0,"turns":5.0},{"damage":7.0,"enemies":"Jaw Worm Horde","floor":42.0,"turns":4.0},{"damage":11.0,"enemies":"Nemesis","floor":47.0,"turns":3.0},{"damage":0.0,"enemies":"3 Darklings","floor":48.0,"turns":4.0},{"damage":71,"enemies":"Time Eater","floor":50,"turns":9}],"seed_played":"4270403696144659958","potions_obtained":[{"floor":1.0,"key":"Energy Potion"},{"floor":2.0,"key":"Strength Potion"},{"floor":5.0,"key":"BloodPotion"},{"floor":10.0,"key":"PowerPotion"},{"floor":19.0,"key":"SneckoOil"},{"floor":24.0,"key":"Fire Potion"},{"floor":27.0,"key":"Explosive Potion"}],"is_trial":false,"path_per_floor":["M","M","M","M","M","R","$","R","T","M","E","$","E","M","R","B",null,"M","M","?","$","M","R","M","E","T","E","$","?","R","E","R","B",null,"M","?","$","M","?","R","E","M","T","$","?","R","E","M","R","B",null],"character_chosen":"IRONCLAD","items_purchased":["PreservedInsect","Membership Card","Blood Vial","Pommel Strike","Toxic Egg 2","Vajra","Rage+1"],"campfire_rested":0,"item_purchase_floors":[21,21,21,21,28,37,44],"current_hp_per_floor":[64,68,68,68,51,51,51,51,51,62,53,53,52,54,54,36,60,63,63,27,27,22,22,30,20,20,28,28,16,16,17,17,14,58,66,73,73,73,73,73,73,72,72,72,69,69,64,69,69,12],"gold":54,"neow_bonus":"ONE_RARE_RELIC","is_daily":false,"chose_seed":false,"campfire_upgraded":9,"win_rate":0.0,"timestamp":1609313448,"path_taken":["M","M","M","M","M","R","$","R","T","M","E","$","E","M","R","BOSS","M","M","?","$","?","R","?","E","T","E","$","?","R","E","R","BOSS","M","?","$","M","?","R","E","M","T","?","?","R","E","M","R","BOSS"],"items_purchased_type":["Relic","Relic","Relic","Card","Relic","Relic","Card"],"build_version":"2020-12-22","purchased_purges":6,"victory":true,"max_hp_per_floor":[68,68,68,68,68,68,68,68,68,68,68,68,68,68,68,68,68,68,68,68,68,68,68,68,68,68,68,68,73,73,73,73,73,73,73,73,73,73,73,73,73,73,73,73,69,69,69,69,69,69],"card_choices":[{"not_picked":["Blood for Blood","Heavy Blade"],"picked":"Sword Boomerang","floor":1.0},{"not_picked":["Warcry","Flame Barrier"],"picked":"Shrug It Off","floor":2.0},{"not_picked":["Searing Blow","Spot Weakness"],"picked":"Uppercut","floor":3.0},{"not_picked":["Exhume","Flex"],"picked":"Cleave","floor":4.0},{"not_picked":["Seeing Red","Thunderclap"],"picked":"Anger","floor":5.0},{"not_picked":["Flame Barrier","Entrench"],"picked":"Flex","floor":10.0},{"not_picked":["Demon Form","Dark Embrace"],"picked":"Evolve","floor":11.0},{"not_picked":["Sword Boomerang","Shrug It Off"],"picked":"Inflame","floor":13.0},{"not_picked":["Anger","Combust","Rampage"],"picked":"SKIP","floor":14.0},{"not_picked":["Bludgeon","Corruption"],"picked":"Impervious","floor":16.0},{"not_picked":["Cleave+1","Burning Pact"],"picked":"Battle Trance","floor":18.0},{"not_picked":["Wild Strike","Evolve","Dual Wield"],"picked":"SKIP","floor":19.0},{"not_picked":["Headbutt","Warcry"],"picked":"True Grit","floor":22.0},{"not_picked":["Clothesline","Blood for Blood"],"picked":"Feel No Pain","floor":24.0},{"not_picked":["Perfected Strike","Clothesline"],"picked":"Shrug It Off","floor":25.0},{"not_picked":["Second Wind","Anger"],"picked":"Heavy Blade","floor":27.0},{"not_picked":["Corruption","Clash"],"picked":"Intimidate+1","floor":31.0},{"not_picked":["Barricade","Exhume+1"],"picked":"Juggernaut","floor":33.0},{"not_picked":["Shrug It Off+1","Armaments+1"],"picked":"Headbutt","floor":35.0},{"not_picked":["Clothesline","Second Wind+1"],"picked":"Reaper","floor":36.0},{"not_picked":["Wild Strike","Thunderclap"],"picked":"Warcry+1","floor":38.0},{"not_picked":["Havoc+1","Intimidate+1"],"picked":"Dark Embrace","floor":39.0},{"not_picked":["Sentinel+1","Whirlwind","Flex+1"],"picked":"SKIP","floor":41.0},{"not_picked":["Pommel Strike","Anger","Havoc+1"],"picked":"SKIP","floor":42.0},{"not_picked":["Flex+1","Intimidate+1","Double Tap+1"],"picked":"SKIP","floor":47.0},{"not_picked":["True Grit+1","Intimidate+1"],"picked":"Heavy Blade","floor":48.0}],"player_experience":323922,"relics_obtained":[{"floor":9.0,"key":"Nunchaku"},{"floor":11.0,"key":"Bag of Marbles"},{"floor":13.0,"key":"Art of War"},{"floor":25.0,"key":"Pen Nib"},{"floor":26.0,"key":"Red Skull"},{"floor":27.0,"key":"Juzu Bracelet"},{"floor":31.0,"key":"Oddly Smooth Stone"},{"floor":36.0,"key":"Thread and Needle"},{"floor":39.0,"key":"Lizard Tail"},{"floor":41.0,"key":"Toy Ornithopter"},{"floor":43.0,"key":"Orichalcum"},{"floor":47.0,"key":"Bottled Flame"}],"event_choices":[{"damage_healed":0.0,"max_hp_gain":0.0,"max_hp_loss":0.0,"gold_gain":360.0,"event_name":"Knowing Skull","player_choice":"GOLD GOLD GOLD GOLD ","floor":20.0,"potions_obtained":[],"gold_loss":0.0,"damage_taken":36.0,"cards_obtained":[]},{"damage_healed":0.0,"max_hp_gain":5.0,"max_hp_loss":0.0,"gold_gain":0.0,"event_name":"Forgotten Altar","player_choice":"Shed Blood","floor":29.0,"gold_loss":0.0,"damage_taken":17.0},{"damage_healed":0.0,"max_hp_gain":0.0,"max_hp_loss":0.0,"gold_gain":0.0,"event_name":"MindBloom","player_choice":"Fight","floor":36.0,"gold_loss":0.0,"damage_taken":0.0},{"damage_healed":0.0,"max_hp_gain":0.0,"max_hp_loss":0.0,"gold_gain":0.0,"event_name":"Mysterious Sphere","player_choice":"Fight","floor":39.0,"gold_loss":0.0,"damage_taken":0.0},{"damage_healed":0.0,"max_hp_gain":0.0,"max_hp_loss":4.0,"gold_gain":0.0,"event_name":"Winding Halls","player_choice":"Max HP","floor":45.0,"gold_loss":0.0,"damage_taken":0.0}],"is_beta":false,"boss_relics":[{"not_picked":["Snecko Eye","Philosopher\u0027s Stone"],"picked":"Coffee Dripper"},{"not_picked":["Mark of Pain","SlaversCollar"],"picked":"Sozu"}],"items_purged_floors":[7,12,21,28,37,44],"is_endless":false,"potions_floor_spawned":[1,2,5,10,11,19,24,27,38,39,42,47],"ascension_level":14}}