{"host":"obbn5gje3893ci3z","time":1609330423,"event":{"mods":["BaseMod","Colored Powertips","Minty Spire (QoL Compilation)","Youmu£®ªÍ∆«—˝√Œ£©"],"gold_per_floor":[109,109,129,14,34,63,80,80,106,106,136,149,169,169,169,266,266,282,282,282,282,293,293,305,305,328,345,345,345,357,375,375,475,475,490,503,403,403,448,448,498,510,510,510,335,335,54,54,54,54,54,54,54,82,82],"floor_reached":56,"playtime":6992,"items_purged":["Defend_YM","Defend_YM","Strike_YM"],"score":1355,"play_id":"fc8fb912-d370-4e12-827e-e2156ebc6628","local_time":"20201230201343","is_ascension_mode":false,"campfire_choices":[{"data":"SpiderLilyBurial","floor":8.0,"key":"SMITH"},{"data":"PreachingAvici","floor":10.0,"key":"SMITH"},{"data":"SlashClearingTheSixSenses","floor":15.0,"key":"SMITH"},{"data":"HellRealmSword","floor":23.0,"key":"SMITH"},{"data":"LotusPostureSlash","floor":25.0,"key":"SMITH"},{"data":"ASingleThoughtAndInfiniteKalpas","floor":28.0,"key":"SMITH"},{"data":"HellGodSword","floor":32.0,"key":"SMITH"},{"data":"HeavenGodSword","floor":40.0,"key":"SMITH"},{"data":"RapidSlash","floor":44.0,"key":"SMITH"},{"data":"FlashingScatteredFlowers","floor":46.0,"key":"SMITH"},{"floor":49.0,"key":"RECALL"},{"data":"WheelOfPainOfLivingAndDead","floor":52,"key":"SMITH"}],"circlet_count":0,"master_deck":["Strike_YM","Defend_YM","SlashOfPresentWorld","WheelOfPainOfLivingAndDead+1","PreachingAvici+1","EchoesOfTheInclemencyOfAllBeings","SpiderLilyBurial+1","SlashClearingTheSixSenses+1","LotusPostureSlash+1","GhostSword","ThreeKonsSevenHakus","HellRealmSword+1","Decay","SpiritCuttingSword+1","ASingleThoughtAndInfiniteKalpas+1","HellGodSword+1","TwoHundredYojanaInOneSlash","HeavenGodSword+1","HumanRealmSword","CherryBlossomFlashing+1","TwoHundredYojanaInOneSlash+1","RapidSlash+1","FlashingScatteredFlowers+1","PretaSword","Violence","Flash of Steel"],"relics":["HalfPhantom","NeowsBlessing","Bag of Preparation","Blood Vial","PreservedInsect","Sozu","Lantern","Regal Pillow","Hakurouken","SlaversCollar","Dead Branch","Calipers","FencingExperience","Akabeko"],"acts_visited":["TheEnding"],"potions_floor_usage":[],"damage_taken":[{"damage":0.0,"enemies":"Jaw Worm","floor":1.0,"turns":1.0},{"damage":0.0,"enemies":"Cultist","floor":3.0,"turns":1.0},{"damage":0.0,"enemies":"2 Louse","floor":5.0,"turns":2.0},{"damage":25.0,"enemies":"3 Sentries","floor":6.0,"turns":12.0},{"damage":4.0,"enemies":"2 Fungi Beasts","floor":7.0,"turns":2.0},{"damage":12.0,"enemies":"Lagavulin","floor":11.0,"turns":5.0},{"damage":0.0,"enemies":"3 Louse","floor":12.0,"turns":3.0},{"damage":5.0,"enemies":"Looter","floor":13.0,"turns":3.0},{"damage":0.0,"enemies":"Slime Boss","floor":16.0,"turns":11.0},{"damage":4.0,"enemies":"2 Thieves","floor":18.0,"turns":3.0},{"damage":13.0,"enemies":"Spheric Guardian","floor":22.0,"turns":6.0},{"damage":19.0,"enemies":"Centurion and Healer","floor":24.0,"turns":6.0},{"damage":0.0,"enemies":"3 Cultists","floor":27.0,"turns":2.0},{"damage":0.0,"enemies":"Cultist and Chosen","floor":30.0,"turns":4.0},{"damage":0.0,"enemies":"Snake Plant","floor":31.0,"turns":1.0},{"damage":0.0,"enemies":"Collector","floor":33.0,"turns":2.0},{"damage":0.0,"enemies":"3 Darklings","floor":35.0,"turns":1.0},{"damage":2.0,"enemies":"Orb Walker","floor":36.0,"turns":2.0},{"damage":0.0,"enemies":"2 Orb Walkers","floor":39.0,"turns":1.0},{"damage":0.0,"enemies":"Mind Bloom Boss Battle","floor":41.0,"turns":1.0},{"damage":0.0,"enemies":"Jaw Worm Horde","floor":42.0,"turns":2.0},{"damage":0,"enemies":"Donu and Deca","floor":50,"turns":1},{"damage":0,"enemies":"Shield and Spear","floor":54,"turns":1},{"damage":12,"enemies":"The Heart","floor":55,"turns":3}],"seed_played":"-4424005728442141844","potions_obtained":[{"floor":6.0,"key":"LiquidBronze"},{"floor":7.0,"key":"DuplicationPotion"},{"floor":13.0,"key":"LiquidBronze"},{"floor":16.0,"key":"FairyPotion"}],"is_trial":false,"path_per_floor":["M","?","M","$","M","E","M","R","T","R","E","M","M","?","R","B",null,"M","?","?","?","M","R","M","R","T","M","R","T","M","M","R","B",null,"M","M","$","?","?","R","?","M","T","R","$","R","$","?","R","B",null,"R","$","E","B",null],"character_chosen":"YOUMU","items_purchased":["SpiderLilyBurial","FlashingScatteredFlowers","FencingExperience","PretaSword"],"campfire_rested":0,"item_purchase_floors":[4,45,47,47],"current_hp_per_floor":[75,75,75,75,75,50,46,46,46,46,36,38,35,35,35,37,75,71,71,71,71,60,60,43,43,43,45,45,45,47,49,49,51,75,75,73,73,73,75,75,75,75,75,75,75,75,75,70,70,72,75,75,75,75,63],"gold":82,"neow_bonus":"THREE_ENEMY_KILL","is_daily":false,"chose_seed":false,"campfire_upgraded":11,"win_rate":0.0,"timestamp":1609330423,"path_taken":["M","?","M","$","?","E","M","R","T","R","E","M","M","?","R","BOSS","M","?","?","?","M","R","M","R","T","M","R","?","M","M","R","BOSS","M","M","$","?","?","R","?","M","T","R","$","R","$","?","R","BOSS","R","$","E","BOSS"],"items_purchased_type":["Card","Card","Relic","Card"],"build_version":"2020-12-22","purchased_purges":3,"victory":true,"max_hp_per_floor":[75,75,75,75,75,75,75,75,75,75,75,75,75,75,75,75,75,75,75,75,75,75,75,75,75,75,75,75,75,75,75,75,75,75,75,75,75,75,75,75,75,75,75,75,75,75,75,75,75,75,75,75,75,75,75],"card_choices":[{"not_picked":["PhosphoricSlash","SlashOfDelusionalInnerEye"],"picked":"PreachingAvici","floor":1.0},{"not_picked":["ThreeKonsSevenHakus","HesitationCuttingSword"],"picked":"EchoesOfTheInclemencyOfAllBeings","floor":3.0},{"not_picked":["SpiritCuttingSword","CrescentMoonSlash"],"picked":"SlashClearingTheSixSenses","floor":5.0},{"not_picked":["SwordOfBindingDesires","FastingOfTheYoungPreta"],"picked":"LotusPostureSlash","floor":6.0},{"not_picked":["FiveSignsOfTheDyingDeva","SanzenSekai","ConstancyOfTheConventionalTruth"],"picked":"SKIP","floor":7.0},{"not_picked":["CrescentMoonSlash","FastingOfTheYoungPreta"],"picked":"GhostSword","floor":11.0},{"not_picked":["TwoHundredYojanaInOneSlash","ThreeKonsSevenHakus","SpiritCuttingSword"],"picked":"SKIP","floor":12.0},{"not_picked":["SwordOfBindingDesires","BloodOfAsura"],"picked":"ThreeKonsSevenHakus","floor":13.0},{"not_picked":["HeavenSword","AsuraSword"],"picked":"HellRealmSword","floor":16.0},{"not_picked":["LowerRealmReflectionSlash+1","ConstancyOfTheConventionalTruth","CrescentMoonSlash"],"picked":"SKIP","floor":18.0},{"not_picked":["LifeCuttingSword+1","HellFireSword","LowerRealmReflectionSlash+1"],"picked":"SKIP","floor":22.0},{"not_picked":["ThreeKonsSevenHakus","FlashingScatteredFlowers"],"picked":"SpiritCuttingSword+1","floor":24.0},{"not_picked":["LifeCuttingSword+1","SpiritCuttingSword"],"picked":"ASingleThoughtAndInfiniteKalpas","floor":27.0},{"not_picked":["ThreeKonsSevenHakus","LifeCuttingSword"],"picked":"HellGodSword","floor":30.0},{"not_picked":["BloodOfAsura","BizarrenessOfSixRealms"],"picked":"TwoHundredYojanaInOneSlash","floor":31.0},{"not_picked":["HeavenSword","WickedSoul"],"picked":"HeavenGodSword","floor":33.0},{"not_picked":["SlashClearingTheSixSenses+1","LowerRealmReflectionSlash"],"picked":"HumanRealmSword","floor":35.0},{"not_picked":["ConstancyOfTheConventionalTruth","SpiritCuttingSword+1"],"picked":"CherryBlossomFlashing+1","floor":36.0},{"not_picked":["SpiritCuttingSword+1","HeavenlyHaloSlash"],"picked":"TwoHundredYojanaInOneSlash+1","floor":39.0},{"not_picked":["CherryBlossomFlashing+1","TwoHundredYojanaInOneSlash+1"],"picked":"RapidSlash","floor":41.0},{"not_picked":["WickedSoul","CherryBlossomFlashing+1","TwoHundredYojanaInOneSlash"],"picked":"SKIP","floor":42.0},{"not_picked":["WickedSoul","CherryBlossomFlashing+1","TwoHundredYojanaInOneSlash"],"picked":"SKIP","floor":42.0},{"not_picked":["Secret Weapon","Purity"],"picked":"Violence","floor":48.0},{"not_picked":["Jack Of All Trades","Purity"],"picked":"Flash of Steel","floor":48.0},{"not_picked":["TransmigrationSlash","FourBirthsSword+1","PretaSword+1"],"picked":"SKIP","floor":54}],"player_experience":32770,"relics_obtained":[{"floor":6.0,"key":"Bag of Preparation"},{"floor":9.0,"key":"Blood Vial"},{"floor":11.0,"key":"PreservedInsect"},{"floor":26.0,"key":"Regal Pillow"},{"floor":29.0,"key":"Hakurouken"},{"floor":39.0,"key":"Dead Branch"},{"floor":41.0,"key":"Calipers"},{"floor":54,"key":"Akabeko"}],"event_choices":[{"cards_removed":["Strike_YM"],"damage_healed":0.0,"max_hp_gain":0.0,"max_hp_loss":0.0,"gold_gain":0.0,"event_name":"Purifier","player_choice":"Purged","floor":2.0,"gold_loss":0.0,"damage_taken":0.0},{"cards_removed":["Defend_YM"],"damage_healed":0.0,"max_hp_gain":0.0,"max_hp_loss":0.0,"gold_gain":0.0,"event_name":"Living Wall","player_choice":"Forget","floor":14.0,"gold_loss":0.0,"damage_taken":0.0},{"cards_removed":["Strike_YM"],"damage_healed":0.0,"max_hp_gain":0.0,"max_hp_loss":0.0,"gold_gain":0.0,"event_name":"Back to Basics","player_choice":"Elegance","floor":19.0,"gold_loss":0.0,"damage_taken":0.0},{"damage_healed":0.0,"max_hp_gain":0.0,"max_hp_loss":0.0,"gold_gain":0.0,"event_name":"Forgotten Altar","player_choice":"Smashed Altar","floor":20.0,"gold_loss":0.0,"damage_taken":0.0,"cards_obtained":["Decay"]},{"damage_healed":0.0,"max_hp_gain":0.0,"max_hp_loss":0.0,"gold_gain":0.0,"event_name":"The Mausoleum","player_choice":"Opened","floor":21.0,"gold_loss":0.0,"damage_taken":0.0,"relics_obtained":["Lantern"]},{"damage_healed":0.0,"max_hp_gain":0.0,"max_hp_loss":0.0,"gold_gain":0.0,"event_name":"Tomb of Lord Red Mask","player_choice":"Ignored","floor":38.0,"gold_loss":0.0,"damage_taken":0.0},{"damage_healed":0.0,"max_hp_gain":0.0,"max_hp_loss":0.0,"gold_gain":0.0,"event_name":"Mysterious Sphere","player_choice":"Fight","floor":39.0,"gold_loss":0.0,"damage_taken":0.0},{"damage_healed":0.0,"max_hp_gain":0.0,"max_hp_loss":0.0,"gold_gain":0.0,"event_name":"MindBloom","player_choice":"Fight","floor":41.0,"gold_loss":0.0,"damage_taken":0.0},{"damage_healed":0.0,"max_hp_gain":0.0,"max_hp_loss":0.0,"gold_gain":0.0,"event_name":"SensoryStone","player_choice":"Memory 2","floor":48.0,"gold_loss":0.0,"damage_taken":5.0}],"is_beta":false,"boss_relics":[{"not_picked":["Coffee Dripper","Runic Dome"],"picked":"Sozu"},{"not_picked":["SacredBark","Snecko Eye"],"picked":"SlaversCollar"}],"items_purged_floors":[4,37,45],"is_endless":false,"potions_floor_spawned":[6,7,13,16,18,24,30,36,42],"ascension_level":0}}