{"host":"gx4mysb2tifc5ce4","time":1609316517,"event":{"mods":["AchievementEnabler","Act Like it!","Ascension Reborn","BaseMod","BetterRewards","Block Reminder","Colored Map","Colored Powertips","Downfall","Duelist Mod","Gensokyo","GifTheSpireLib","Gold Saver","GungeonMod","Lobotomy","LobotomyExtend","Minty Spire (QoL Compilation)","Prisma Mod","Rare Cards Sparkle","Spicy Shops","StSLib","The Animator","The Jungle","The Necromancer","The Poker Player","The Wild Card","Waifu the Spire","WarShipGirlsR/????R mod"],"gold_per_floor":[694,694,705,705,717,717,745,760,760,835,852,539,539,573,573,668,668,678,678,750,750,768,787,802,839,839,839,764,178,23,61,61,188,188,202,215,119,119,0,50,68,68,144,174,174,244,244,280,280,305,305,305,305,30,83,83,83],"floor_reached":56,"playtime":4840,"items_purged":[],"score":767,"play_id":"e5abb97c-695e-4278-be12-4acaddcd2a69","local_time":"20201230002157","is_ascension_mode":true,"campfire_choices":[{"floor":6.0,"key":"REST"},{"data":"Transmutation","floor":13.0,"key":"SMITH"},{"floor":15.0,"key":"REST"},{"floor":32.0,"key":"RECALL"},{"floor":42.0,"key":"REST"},{"floor":49,"key":"REST"},{"data":"PrismaMod:MiyuDefendChannelDefend","floor":53,"key":"SMITH"}],"circlet_count":1,"master_deck":["PrismaMod:MiyuCommonDefend","PrismaMod:MiyuCommonDefend","PrismaMod:MiyuCommonDefend","PrismaMod:MiyuCommonAttack","PrismaMod:MiyuCheapChannelAttack","PrismaMod:MiyuCheapChannelDefend","PrismaMod:MiyuEvokeCheapAttack","PrismaMod:MiyuUncommonAOEAttack","PrismaMod:MiyuUberAOEAttack","PrismaMod:MiyuDefenseRemoval","PrismaMod:MiyuUncommonAOEAttack","PrismaMod:MiyuAttackChannelWeak","PrismaMod:MiyuCheapChannelVul","Transmutation+1","PrismaMod:MiyuCarnivalAttack","PrismaMod:MiyuAttackChannelAttack","PrismaMod:MiyuCheapAttack2","PrismaMod:MiyuDefendChannelDefend+1","PrismaMod:MiyuEvokeBuffDex+1","PrismaMod:MiyuUberAttack+1","PrismaMod:MiyuEvokeBuffStr","PrismaMod:MiyuAttackChannelVul+1","PrismaMod:MiyuCarnivalAttack+1","Mayhem","PrismaMod:MiyuCheapStrBuff","PrismaMod:MiyuChristmas+1","PrismaMod:MiyuEvokeAllAttack+1","PrismaMod:MiyuCheapAttack1+1","PrismaMod:MiyuCheapAttack2+1","PrismaMod:MiyuAttackChannelWeak+1","PrismaMod:MiyuCheapStrBuff+1","PrismaMod:MiyuCheapDexBuff+1","PrismaMod:MiyuUberAOEAttack+1","PrismaMod:MiyuUncommonPlate+1","PrismaMod:MiyuCheapStrBuff+1","PrismaMod:MiyuUncommonDefend","PrismaMod:MiyuUncommonAttack+1","PrismaMod:MiyuUberAttack+1"],"relics":["Snecko Eye","LetterFromLob","Circlet","Bag of Preparation","DemoMod:OrangeGuonStone","DemoMod:SerJunkan","Molten Egg 2","DemoMod:Junk","Kunai","DemoMod:Bottle","Strange Spoon","Black Star","Red Mask","Frozen Egg 2","Pen Nib","Pear","Meat on the Bone","DemoMod:PoisonVial","Sundial","Happy Flower","Shuriken","DemoMod:WeirdEgg"],"acts_visited":["TheEnding"],"potions_floor_usage":[50,50,55],"damage_taken":[{"damage":6.0,"enemies":"Small Slimes","floor":1.0,"turns":5.0},{"damage":6.0,"enemies":"Cultist","floor":3.0,"turns":4.0},{"damage":8.0,"enemies":"Jaw Worm","floor":5.0,"turns":2.0},{"damage":7.0,"enemies":"3 Sentries","floor":7.0,"turns":4.0},{"damage":0.0,"enemies":"Large Slime","floor":8.0,"turns":3.0},{"damage":0.0,"enemies":"2 Fungi Beasts","floor":11.0,"turns":3.0},{"damage":27.0,"enemies":"Gremlin Nob","floor":14.0,"turns":4.0},{"damage":2.0,"enemies":"Hexaghost","floor":16.0,"turns":6.0},{"damage":0.0,"enemies":"Chosen","floor":18.0,"turns":2.0},{"damage":0.0,"enemies":"2 Thieves","floor":22.0,"turns":4.0},{"damage":2.0,"enemies":"Snake Plant","floor":23.0,"turns":3.0},{"damage":0.0,"enemies":"Shelled Parasite and Fungi","floor":24.0,"turns":3.0},{"damage":9.0,"enemies":"Snecko","floor":25.0,"turns":5.0},{"damage":0.0,"enemies":"Cultist and Chosen","floor":31.0,"turns":3.0},{"damage":49.0,"enemies":"Automaton","floor":33.0,"turns":8.0},{"damage":23.0,"enemies":"3 Darklings","floor":35.0,"turns":3.0},{"damage":0.0,"enemies":"Orb Walker","floor":36.0,"turns":4.0},{"damage":22.0,"enemies":"Giant Head","floor":40.0,"turns":7.0},{"damage":16.0,"enemies":"4 Shapes","floor":41.0,"turns":2.0},{"damage":31.0,"enemies":"Reptomancer","floor":44.0,"turns":6.0},{"damage":24.0,"enemies":"Spire Growth","floor":46.0,"turns":3.0},{"damage":1.0,"enemies":"Writhing Mass","floor":48.0,"turns":6.0},{"damage":59,"enemies":"Awakened One","floor":50,"turns":12},{"damage":57,"enemies":"Shield and Spear","floor":55,"turns":5},{"damage":55,"enemies":"The Heart","floor":56,"turns":3}],"seed_played":"306107514832848029","potions_obtained":[{"floor":3.0,"key":"GamblersBrew"},{"floor":8.0,"key":"Ancient Potion"},{"floor":16.0,"key":"Fire Potion"},{"floor":23.0,"key":"Fire Potion"},{"floor":24.0,"key":"ColorlessPotion"},{"floor":36.0,"key":"hexamod:EctoCoolerPotion"},{"floor":44.0,"key":"Guardian:BlockOnCardUsePotion"},{"floor":47.0,"key":"SkillPotion"},{"floor":47.0,"key":"LiquidBronze"},{"floor":48.0,"key":"DuplicationPotion"}],"is_trial":false,"path_per_floor":["M","?","M","?","M","R","E","M","T","?","M","$","R","E","R","B",null,"M","?","T","?","M","M","M","M","T","?","?","$","$","M","R","B",null,"M","M","$","?","?","E","M","R","T","E","T","M","?","M","R","B",null,null,"R","$","E","B"],"character_chosen":"MIYU","items_purchased":["Transmutation","PrismaMod:MiyuCarnivalAttack","PrismaMod:MiyuAttackChannelAttack","Mayhem","PrismaMod:MiyuCheapStrBuff","Kunai","DemoMod:Bottle","Strange Spoon","PrismaMod:MiyuAttackChannelWeak+1","Happy Flower","PrismaMod:MiyuUncommonDefend","PrismaMod:MiyuUncommonAttack+1"],"campfire_rested":4,"item_purchase_floors":[12,12,12,29,29,29,29,30,37,54,54,54],"current_hp_per_floor":[69,69,63,63,55,75,68,68,68,57,57,57,57,30,52,50,75,75,75,75,75,75,73,75,66,66,75,75,75,75,75,75,26,75,56,60,60,75,75,53,41,63,73,42,42,30,30,45,70,27,27,85,85,85,40,0,0],"gold":83,"neow_bonus":"BOSS_RELIC","is_daily":false,"chose_seed":false,"campfire_upgraded":2,"win_rate":0.0,"timestamp":1609316517,"path_taken":["M","?","?","?","M","R","E","M","T","?","M","$","R","E","R","BOSS","M","?","?","?","M","M","M","?","T","?","?","?","$","M","R","BOSS","M","M","$","?","?","E","M","R","T","E","?","M","?","?","R","BOSS","R","$","E","BOSS"],"items_purchased_type":["Card","Card","Card","Card","Card","Relic","Relic","Relic","Card","Relic","Card","Card"],"build_version":"2020-12-22","purchased_purges":0,"victory":false,"max_hp_per_floor":[75,75,75,75,75,75,75,75,75,75,75,75,75,75,75,75,75,75,75,75,75,75,75,75,75,75,75,75,75,75,75,75,75,75,75,75,75,75,75,75,75,75,85,85,85,85,85,85,85,85,85,85,85,85,85,85,85],"card_choices":[{"not_picked":["PrismaMod:MiyuCarnivalAttack","PrismaMod:MiyuDefenseExplosion"],"picked":"PrismaMod:MiyuEvokeCheapAttack","floor":1.0},{"not_picked":["PrismaMod:MiyuEvokeCheapAttack","PrismaMod:MiyuUberAOEAttack"],"picked":"PrismaMod:MiyuUncommonAOEAttack","floor":3.0},{"not_picked":["PrismaMod:MiyuCheapStrBuff","PrismaMod:MiyuUncommonStrBuff"],"picked":"PrismaMod:MiyuDefenseRemoval","floor":5.0},{"not_picked":["PrismaMod:MiyuOrbIncreasePerm","PrismaMod:MiyuUberAOEAttack"],"picked":"PrismaMod:MiyuUncommonAOEAttack","floor":7.0},{"not_picked":["PrismaMod:MiyuCheapDexBuff","PrismaMod:MiyuEvokeCheapAttack"],"picked":"PrismaMod:MiyuAttackChannelWeak","floor":8.0},{"not_picked":["PrismaMod:MiyuDefenseExplosion","PrismaMod:MiyuCarnivalAttack"],"picked":"PrismaMod:MiyuCheapChannelVul","floor":11.0},{"not_picked":["PrismaMod:MiyuCheapStrBuff","PrismaMod:MiyuDefenseExplosion"],"picked":"PrismaMod:MiyuCheapAttack2","floor":14.0},{"not_picked":["PrismaMod:MiyuChannelDefendEvoke","PrismaMod:MiyuDefenseAbsorbMinor"],"picked":"PrismaMod:MiyuDefendChannelDefend","floor":16.0},{"not_picked":["PrismaMod:MiyuEvokeCheapAttack","PrismaMod:MiyuUncommonPlate"],"picked":"PrismaMod:MiyuEvokeBuffDex+1","floor":18.0},{"not_picked":["PrismaMod:MiyuDefenseExplosion+1","PrismaMod:MiyuCheapPlate"],"picked":"PrismaMod:MiyuUberAttack+1","floor":22.0},{"not_picked":["PrismaMod:MiyuCheapStrBuff","PrismaMod:MiyuMaid"],"picked":"PrismaMod:MiyuEvokeBuffStr","floor":23.0},{"not_picked":["PrismaMod:MiyuCheapChannelHeal","PrismaMod:MiyuDevil+1"],"picked":"PrismaMod:MiyuAttackChannelVul+1","floor":24.0},{"not_picked":["PrismaMod:MiyuDefenseExplosion+1","PrismaMod:MiyuCheapPlate"],"picked":"PrismaMod:MiyuCarnivalAttack+1","floor":25.0},{"not_picked":["PrismaMod:MiyuUncommonAttack+1","PrismaMod:MiyuCheapChannelVul"],"picked":"PrismaMod:MiyuChristmas+1","floor":31.0},{"not_picked":["PrismaMod:MiyuEvokeAllDefend","PrismaMod:MiyuCarnivalDefend"],"picked":"PrismaMod:MiyuEvokeAllAttack+1","floor":33.0},{"not_picked":["PrismaMod:MiyuEvokeBuffDex","PrismaMod:MiyuCheapChannelHeal"],"picked":"PrismaMod:MiyuCheapAttack1+1","floor":35.0},{"not_picked":["PrismaMod:MiyuUncommonPlate","PrismaMod:MiyuUberAOEAttack+1"],"picked":"PrismaMod:MiyuCheapAttack2+1","floor":36.0},{"not_picked":["PrismaMod:MiyuEvokeAll","PrismaMod:MiyuMaid"],"picked":"PrismaMod:MiyuCheapStrBuff+1","floor":40.0},{"not_picked":["PrismaMod:MiyuEvokeBuffDex+1","PrismaMod:MiyuCheapChannelWeak"],"picked":"PrismaMod:MiyuCheapDexBuff+1","floor":41.0},{"not_picked":["PrismaMod:MiyuChannelDefendEvoke","PrismaMod:MiyuCheapChannelVul"],"picked":"PrismaMod:MiyuUberAOEAttack+1","floor":44.0},{"not_picked":["PrismaMod:MiyuEvokeCheapAttack+1","PrismaMod:MiyuAttackChannelAttack+1"],"picked":"PrismaMod:MiyuUncommonPlate+1","floor":46.0},{"not_picked":["PrismaMod:MiyuCheapEvoke","PrismaMod:MiyuAttackChannelWeak+1"],"picked":"PrismaMod:MiyuCheapStrBuff+1","floor":48.0},{"not_picked":["PrismaMod:MiyuEvokeBuffStr","PrismaMod:MiyuEvokeBuffDex+1"],"picked":"PrismaMod:MiyuUberAttack+1","floor":55}],"player_experience":148665,"relics_obtained":[{"floor":1.0,"key":"LetterFromLob"},{"floor":7.0,"key":"CrazyTorch:ReiMu"},{"floor":14.0,"key":"Bag of Preparation"},{"floor":20.0,"key":"DemoMod:SerJunkan"},{"floor":26.0,"key":"DemoMod:Junk"},{"floor":40.0,"key":"Frozen Egg 2"},{"floor":40.0,"key":"Pen Nib"},{"floor":43.0,"key":"Pear"},{"floor":44.0,"key":"Meat on the Bone"},{"floor":44.0,"key":"DemoMod:PoisonVial"},{"floor":45.0,"key":"Sundial"},{"floor":55,"key":"Shuriken"},{"floor":55,"key":"DemoMod:WeirdEgg"}],"event_choices":[{"cards_removed":["PrismaMod:MiyuCommonAttack"],"damage_healed":0.0,"max_hp_gain":0.0,"max_hp_loss":0.0,"gold_gain":0.0,"event_name":"Purifier","player_choice":"Purged","floor":2.0,"gold_loss":0.0,"damage_taken":0.0},{"damage_healed":0.0,"max_hp_gain":0.0,"max_hp_loss":0.0,"gold_gain":0.0,"cards_transformed":["PrismaMod:MiyuCommonDefend"],"event_name":"Living Wall","player_choice":"Change","floor":4.0,"gold_loss":0.0,"damage_taken":0.0,"cards_obtained":["PrismaMod:MiyuUberAOEAttack"]},{"damage_healed":0.0,"max_hp_gain":0.0,"max_hp_loss":0.0,"gold_gain":75.0,"event_name":"World of Goop","player_choice":"Gather Gold","floor":10.0,"gold_loss":0.0,"damage_taken":11.0},{"damage_healed":0.0,"max_hp_gain":0.0,"max_hp_loss":0.0,"gold_gain":0.0,"event_name":"The Mausoleum","player_choice":"Opened","floor":19.0,"gold_loss":0.0,"damage_taken":0.0,"relics_obtained":["DemoMod:OrangeGuonStone"]},{"damage_healed":0.0,"max_hp_gain":0.0,"max_hp_loss":0.0,"gold_gain":0.0,"event_name":"WeMeetAgain","player_choice":"Gave Potion","floor":21.0,"gold_loss":0.0,"damage_taken":0.0,"relics_obtained":["Molten Egg 2"]},{"cards_removed":["PrismaMod:MiyuCommonAttack"],"damage_healed":0.0,"max_hp_gain":0.0,"max_hp_loss":0.0,"gold_gain":0.0,"event_name":"Beggar","player_choice":"Gave Gold","floor":28.0,"gold_loss":75.0,"damage_taken":0.0},{"damage_healed":0.0,"max_hp_gain":0.0,"max_hp_loss":0.0,"gold_gain":0.0,"event_name":"Tomb of Lord Red Mask","player_choice":"Paid","floor":39.0,"gold_loss":119.0,"damage_taken":0.0,"relics_obtained":["Red Mask"]},{"damage_healed":0.0,"max_hp_gain":0.0,"max_hp_loss":0.0,"gold_gain":0.0,"event_name":"Lab","player_choice":"Got Potions","floor":47.0,"gold_loss":0.0,"damage_taken":0.0}],"is_beta":false,"boss_relics":[{"not_picked":["Fusion Hammer","Runic Pyramid"],"picked":"Hololive_Finger"},{"not_picked":["Velvet Choker","Tiny House"],"picked":"Black Star"}],"items_purged_floors":[],"is_endless":false,"potions_floor_spawned":[3,8,16,23,24,25,36,44,48],"killed_by":"The Heart","ascension_level":0}}