{"host":"851hhqouejqwzba1","time":1609344299,"event":{"mods":["BaseMod","Minty Spire (QoL Compilation)","Permanent Neow","Shop Mod","StSLib","óô»ðÖ¸ÄÏ"],"gold_per_floor":[115,127,127,139,139,169,189,14,41,41,51,65,100,25,25,101,101,115,125,140,140,158,158,173,189,189,189,205,218,218,248,248,322,322,336,355,30,48,61,61,79,79,79,108,118,18,51,63,75,87],"floor_reached":51,"playtime":3157,"items_purged":["Strike_G","Bouncing Flask"],"score":1373,"play_id":"97c15ef2-5f1e-460b-81ba-0e528ce1e3a4","local_time":"20201231000459","is_ascension_mode":true,"campfire_choices":[{"floor":10.0,"key":"REST"},{"data":"Accuracy","floor":15.0,"key":"SMITH"},{"data":"Cloak And Dagger","floor":23.0,"key":"SMITH"},{"data":"Tools of the Trade","floor":27.0,"key":"SMITH"},{"data":"Concentrate","floor":30.0,"key":"SMITH"},{"data":"Tactician","floor":32.0,"key":"SMITH"},{"data":"Adrenaline","floor":40.0,"key":"SMITH"},{"data":"Tactician","floor":42.0,"key":"SMITH"},{"data":"Well Laid Plans","floor":49.0,"key":"SMITH"}],"circlet_count":0,"master_deck":["AscendersBane","Survivor","Neutralize","PiercingWail","Blade Dance","Backflip+1","Accuracy+1","Acrobatics","Blade Dance","Tools of the Trade+1","Cloak And Dagger+1","A Thousand Cuts","Tactician+1","Accuracy","Well Laid Plans+1","Predator","Acrobatics","Infinite Blades","Calculated Gamble+1","Leg Sweep","Concentrate+1","Storm of Steel","Tactician+1","Finisher+1","Adrenaline+1"],"relics":["WristBlade","Omamori","Anchor","Boot","Bottled Tornado","Pandora\u0027s Box","HornCleat","War Paint","SacredBark","Shuriken","Meat on the Bone","InkBottle","MawBank"],"acts_visited":["Exordium","TheCity","TheBeyond"],"potions_floor_usage":[50,50],"damage_taken":[{"damage":2.0,"enemies":"Cultist","floor":1.0,"turns":4.0},{"damage":0.0,"enemies":"2 Louse","floor":2.0,"turns":2.0},{"damage":12.0,"enemies":"Small Slimes","floor":4.0,"turns":4.0},{"damage":16.0,"enemies":"Gremlin Nob","floor":6.0,"turns":4.0},{"damage":0.0,"enemies":"2 Fungi Beasts","floor":7.0,"turns":3.0},{"damage":1.0,"enemies":"Gremlin Gang","floor":11.0,"turns":5.0},{"damage":5.0,"enemies":"Exordium Wildlife","floor":12.0,"turns":4.0},{"damage":0.0,"enemies":"3 Sentries","floor":13.0,"turns":5.0},{"damage":0.0,"enemies":"Slime Boss","floor":16.0,"turns":3.0},{"damage":13.0,"enemies":"Shell Parasite","floor":18.0,"turns":3.0},{"damage":0.0,"enemies":"3 Byrds","floor":19.0,"turns":3.0},{"damage":1.0,"enemies":"Snake Plant","floor":20.0,"turns":4.0},{"damage":3.0,"enemies":"Shelled Parasite and Fungi","floor":22.0,"turns":3.0},{"damage":0.0,"enemies":"Centurion and Healer","floor":24.0,"turns":4.0},{"damage":2.0,"enemies":"Chosen and Byrds","floor":25.0,"turns":3.0},{"damage":2.0,"enemies":"Shelled Parasite and Fungi","floor":28.0,"turns":3.0},{"damage":0.0,"enemies":"Cultist and Chosen","floor":29.0,"turns":4.0},{"damage":5.0,"enemies":"Gremlin Leader","floor":31.0,"turns":5.0},{"damage":20.0,"enemies":"Champ","floor":33.0,"turns":4.0},{"damage":13.0,"enemies":"3 Darklings","floor":35.0,"turns":4.0},{"damage":1.0,"enemies":"3 Shapes","floor":36.0,"turns":4.0},{"damage":1.0,"enemies":"Jaw Worm Horde","floor":38.0,"turns":3.0},{"damage":9.0,"enemies":"4 Shapes","floor":39.0,"turns":5.0},{"damage":9.0,"enemies":"Sphere and 2 Shapes","floor":41.0,"turns":4.0},{"damage":2.0,"enemies":"Nemesis","floor":44.0,"turns":3.0},{"damage":0.0,"enemies":"3 Darklings","floor":45.0,"turns":2.0},{"damage":13.0,"enemies":"Giant Head","floor":47.0,"turns":4.0},{"damage":17,"enemies":"Time Eater","floor":50,"turns":6}],"seed_played":"3392515761699641436","potions_obtained":[{"floor":6.0,"key":"LiquidMemories"},{"floor":7.0,"key":"FearPotion"},{"floor":18.0,"key":"ColorlessPotion"},{"floor":20.0,"key":"CultistPotion"},{"floor":21.0,"key":"Energy Potion"},{"floor":31.0,"key":"ColorlessPotion"},{"floor":33.0,"key":"Weak Potion"},{"floor":39.0,"key":"SpeedPotion"},{"floor":44.0,"key":"ColorlessPotion"}],"is_trial":false,"path_per_floor":["M","M","?","M","?","E","M","R","T","R","M","M","E","$","R","B",null,"M","M","M","?","M","R","M","M","T","R","M","M","R","E","R","B",null,"M","M","$","M","M","R","M","R","T","E","M","$","E","?","R","B",null],"character_chosen":"THE_SILENT","items_purchased":["Accuracy","Acrobatics","Blade Dance","Shuriken","LiquidMemories"],"campfire_rested":1,"item_purchase_floors":[8,8,8,37,37],"current_hp_per_floor":[57,57,50,38,33,17,17,17,17,36,35,30,30,30,30,30,57,44,44,43,43,40,40,40,38,38,38,36,36,36,31,31,11,52,39,38,38,37,28,28,19,19,19,29,41,41,40,40,40,35],"gold":99,"neow_bonus":"BOSS_RELIC","is_daily":false,"chose_seed":false,"campfire_upgraded":8,"win_rate":0.0,"timestamp":1609344299,"path_taken":["M","?","?","M","?","E","M","R","T","R","M","M","E","$","R","BOSS","M","M","M","?","M","R","M","M","T","R","M","M","R","E","R","BOSS","M","?","$","M","?","R","M","R","T","E","M","$","E","?","R","BOSS"],"items_purchased_type":["Card","Card","Card","Relic","Potion"],"build_version":"2020-12-22","purchased_purges":2,"victory":true,"max_hp_per_floor":[66,66,66,66,66,66,66,66,66,66,66,66,66,66,66,66,66,66,66,66,66,66,66,66,66,66,66,66,66,66,66,66,66,66,66,66,66,66,66,66,66,66,66,66,66,66,66,66,66,66],"card_choices":[{"not_picked":["Flying Knee","Dagger Throw","Deadly Poison"],"picked":"SKIP","floor":1.0},{"not_picked":["Poisoned Stab","Skewer"],"picked":"PiercingWail","floor":2.0},{"not_picked":["PiercingWail","Underhanded Strike"],"picked":"Blade Dance","floor":4.0},{"not_picked":["Skewer","Deflect"],"picked":"Backflip","floor":6.0},{"not_picked":["Setup","All Out Attack","Backflip"],"picked":"SKIP","floor":7.0},{"not_picked":["Escape Plan","Dagger Throw"],"picked":"Tools of the Trade","floor":11.0},{"not_picked":["Outmaneuver","Deadly Poison"],"picked":"Cloak And Dagger","floor":12.0},{"not_picked":["Flying Knee","Blade Dance","Catalyst"],"picked":"SKIP","floor":13.0},{"not_picked":["Flying Knee","Caltrops","Prepared"],"picked":"SKIP","floor":18.0},{"not_picked":["Backstab","Cloak And Dagger"],"picked":"Calculated Gamble","floor":19.0},{"not_picked":["Acrobatics","Dagger Throw"],"picked":"Leg Sweep","floor":20.0},{"not_picked":["Poisoned Stab","Deadly Poison","Sucker Punch"],"picked":"SKIP","floor":22.0},{"not_picked":["Prepared","Deflect"],"picked":"Concentrate","floor":24.0},{"not_picked":["Wraith Form v2","Backflip","Dagger Spray"],"picked":"SKIP","floor":25.0},{"not_picked":["Dagger Spray","Riddle With Holes","Bane"],"picked":"SKIP","floor":28.0},{"not_picked":["Quick Slash+1","Dagger Spray"],"picked":"Storm of Steel","floor":29.0},{"not_picked":["Backflip","Endless Agony"],"picked":"Tactician","floor":31.0},{"not_picked":["Distraction","Slice"],"picked":"Finisher+1","floor":35.0},{"not_picked":["Acrobatics","Prepared","Calculated Gamble"],"picked":"SKIP","floor":36.0},{"not_picked":["Sucker Punch","Bane","Deflect"],"picked":"SKIP","floor":38.0},{"not_picked":["Accuracy+1","Footwork"],"picked":"Adrenaline","floor":39.0},{"not_picked":["Acrobatics","Dodge and Roll","Flying Knee"],"picked":"SKIP","floor":41.0},{"not_picked":["Leg Sweep","Catalyst+1","Calculated Gamble"],"picked":"SKIP","floor":44.0},{"not_picked":["Bane","All Out Attack","Dodge and Roll"],"picked":"SKIP","floor":45.0},{"not_picked":["Caltrops","Cloak And Dagger","Flying Knee"],"picked":"SKIP","floor":47.0}],"player_experience":409585,"relics_obtained":[{"floor":6.0,"key":"Anchor"},{"floor":9.0,"key":"Boot"},{"floor":13.0,"key":"Bottled Tornado"},{"floor":26.0,"key":"HornCleat"},{"floor":31.0,"key":"War Paint"},{"floor":43.0,"key":"Meat on the Bone"},{"floor":44.0,"key":"InkBottle"},{"floor":47.0,"key":"MawBank"}],"event_choices":[{"cards_removed":["Strike_G"],"damage_healed":0.0,"max_hp_gain":0.0,"max_hp_loss":0.0,"gold_gain":0.0,"event_name":"Golden Wing","player_choice":"Card Removal","floor":3.0,"gold_loss":0.0,"damage_taken":7.0},{"damage_healed":0.0,"max_hp_gain":0.0,"max_hp_loss":0.0,"gold_gain":0.0,"event_name":"Scrap Ooze","player_choice":"Success","floor":5.0,"gold_loss":0.0,"damage_taken":5.0,"relics_obtained":["Omamori"]},{"damage_healed":0.0,"max_hp_gain":0.0,"max_hp_loss":0.0,"gold_gain":0.0,"event_name":"Lab","player_choice":"Got Potions","floor":21.0,"gold_loss":0.0,"damage_taken":0.0},{"damage_healed":0.0,"max_hp_gain":0.0,"max_hp_loss":0.0,"gold_gain":0.0,"event_name":"SensoryStone","player_choice":"Memory 1","floor":48.0,"gold_loss":0.0,"damage_taken":0.0}],"is_beta":false,"boss_relics":[{"not_picked":["Velvet Choker","Black Star"],"picked":"Pandora\u0027s Box"},{"not_picked":["SlaversCollar","Fusion Hammer"],"picked":"SacredBark"}],"items_purged_floors":[14,46],"is_endless":false,"potions_floor_spawned":[6,7,13,18,20,31,33,39,44,47],"ascension_level":15}}