{"host":"jwbw4f4imxd0v0b0","time":1609322345,"event":{"mods":["BaseMod","Colored Map","Highlight Path","Minty Spire (QoL Compilation)","Relic Stats","StSLib"],"gold_per_floor":[118,38,138,156,6,6,25,25,25,57,77,77,77,110,110,184,184,199,199,116,129,148,148,148,73,100,100,117,117,142,42,42,119,119,132,152,152,167,167,199,214,214,239,239,255,280,280,293,293,293,293],"floor_reached":52,"playtime":3208,"items_purged":["Strike_R","Writhe"],"score":1901,"play_id":"44beb5cd-7b5b-43d9-bd42-6948ad3634db","local_time":"20201230035905","is_ascension_mode":true,"campfire_choices":[{"data":"Carnage","floor":6.0,"key":"SMITH"},{"data":"Uppercut","floor":8.0,"key":"SMITH"},{"data":"Feel No Pain","floor":12.0,"key":"SMITH"},{"data":"Metallicize","floor":15.0,"key":"SMITH"},{"data":"Juggernaut","floor":23.0,"key":"SMITH"},{"data":"Corruption","floor":27.0,"key":"SMITH"},{"data":"Dark Embrace","floor":29.0,"key":"SMITH"},{"data":"True Grit","floor":32.0,"key":"SMITH"},{"floor":42.0,"key":"REST"},{"data":"Intimidate","floor":47.0,"key":"SMITH"},{"data":"Clumsy","floor":49.0,"key":"PURGE"}],"circlet_count":0,"master_deck":["AscendersBane","Strike_R","Strike_R","Strike_R","Defend_R","Defend_R","Defend_R","Defend_R","Bash","Uppercut+1","Feel No Pain+1","Ghostly Armor","Carnage+1","Intimidate+1","Corruption+1","Metallicize+1","Juggernaut+1","True Grit+1","Dark Embrace+1","Warcry","Battle Trance","Battle Trance+1","Havoc+1","Offering+1","Pummel+1","Madness+1","Madness+1","Offering+1","Disarm+1","Fire Breathing"],"relics":["Burning Blood","Matryoshka","Thread and Needle","Ancient Tea Set","Pen Nib","Toy Ornithopter","Cursed Key","Nilry\u0027s Codex","Molten Egg 2","Toxic Egg 2","Regal Pillow","Peace Pipe","PreservedInsect","Lantern"],"acts_visited":["Exordium","TheCity","TheBeyond"],"potions_floor_usage":[50,50],"damage_taken":[{"damage":11.0,"enemies":"Cultist","floor":1.0,"turns":4.0},{"damage":1.0,"enemies":"2 Louse","floor":4.0,"turns":3.0},{"damage":6.0,"enemies":"Jaw Worm","floor":7.0,"turns":5.0},{"damage":16.0,"enemies":"3 Sentries","floor":10.0,"turns":10.0},{"damage":0.0,"enemies":"2 Fungi Beasts","floor":11.0,"turns":3.0},{"damage":23.0,"enemies":"Gremlin Nob","floor":14.0,"turns":4.0},{"damage":18.0,"enemies":"The Guardian","floor":16.0,"turns":10.0},{"damage":0.0,"enemies":"Chosen","floor":18.0,"turns":4.0},{"damage":8.0,"enemies":"Shell Parasite","floor":21.0,"turns":4.0},{"damage":5.0,"enemies":"Snake Plant","floor":22.0,"turns":2.0},{"damage":5.0,"enemies":"Sentry and Sphere","floor":28.0,"turns":6.0},{"damage":7.0,"enemies":"Slavers","floor":30.0,"turns":4.0},{"damage":11.0,"enemies":"Champ","floor":33.0,"turns":7.0},{"damage":8.0,"enemies":"3 Shapes","floor":35.0,"turns":3.0},{"damage":9.0,"enemies":"Orb Walker","floor":36.0,"turns":4.0},{"damage":9.0,"enemies":"Jaw Worm Horde","floor":38.0,"turns":5.0},{"damage":6.0,"enemies":"Reptomancer","floor":40.0,"turns":4.0},{"damage":22.0,"enemies":"Spire Growth","floor":41.0,"turns":3.0},{"damage":13.0,"enemies":"Maw","floor":45.0,"turns":5.0},{"damage":12.0,"enemies":"Nemesis","floor":46.0,"turns":5.0},{"damage":12.0,"enemies":"Writhing Mass","floor":48.0,"turns":2.0},{"damage":57,"enemies":"Awakened One","floor":50,"turns":8},{"damage":33,"enemies":"Time Eater","floor":51,"turns":12}],"seed_played":"-5317110538293597555","potions_obtained":[{"floor":4.0,"key":"Fire Potion"},{"floor":11.0,"key":"Strength Potion"},{"floor":22.0,"key":"SneckoOil"},{"floor":28.0,"key":"Explosive Potion"},{"floor":38.0,"key":"BloodPotion"},{"floor":40.0,"key":"SteroidPotion"},{"floor":46.0,"key":"Strength Potion"},{"floor":48.0,"key":"Dexterity Potion"}],"is_trial":false,"path_per_floor":["M","$","?","M","$","R","M","R","T","E","M","R","T","E","R","B",null,"M","?","$","M","M","R","?","?","T","R","M","R","E","$","R","B",null,"M","M","?","M","?","E","M","R","T","?","M","E","R","M","R","B","B",null],"character_chosen":"IRONCLAD","items_purchased":["Feel No Pain","Carnage","Dark Embrace"],"campfire_rested":1,"item_purchase_floors":[2,5,20],"current_hp_per_floor":[70,70,70,75,75,75,75,75,75,65,71,71,71,54,54,42,72,78,57,57,55,61,61,61,61,61,61,67,67,66,66,66,61,77,80,77,62,59,59,64,48,82,82,82,75,69,69,82,82,36,9],"gold":293,"neow_bonus":"TEN_PERCENT_HP_BONUS","is_daily":false,"chose_seed":false,"campfire_upgraded":9,"win_rate":0.0,"timestamp":1609322345,"path_taken":["M","?","?","?","$","R","M","R","T","E","M","R","?","E","R","BOSS","M","?","$","M","M","R","?","?","T","R","M","R","E","?","R","BOSS","M","M","?","M","?","E","M","R","T","?","?","E","R","M","R","BOSS","BOSS"],"items_purchased_type":["Card","Card","Card"],"build_version":"2020-12-22","purchased_purges":2,"victory":true,"max_hp_per_floor":[82,82,82,82,82,82,82,82,82,82,82,82,82,82,82,82,82,82,82,82,82,82,82,82,82,82,82,82,82,82,82,82,82,82,82,82,82,82,82,82,82,82,82,82,82,82,82,82,82,82,82],"relic_stats":{"Peace Pipe":2,"Regal Pillow":10,"counters":[23,117],"Pen Nib":[12],"PreservedInsect":50,"Cursed Key":2,"obtain_stats":[{"Regal Pillow":26,"Lantern":46,"Nilry\u0027s Codex":19,"Thread and Needle":10,"Pen Nib":13,"PreservedInsect":43,"Ancient Tea Set":13,"Cursed Key":17,"Burning Blood":0,"Peace Pipe":30,"Matryoshka":9,"Molten Egg 2":24,"Toxic Egg 2":26,"Toy Ornithopter":14},{"Regal Pillow":10,"Lantern":20,"Nilry\u0027s Codex":8,"Thread and Needle":4,"Pen Nib":5,"PreservedInsect":18,"Ancient Tea Set":5,"Cursed Key":7,"Burning Blood":0,"Peace Pipe":12,"Matryoshka":3,"Molten Egg 2":10,"Toxic Egg 2":10,"Toy Ornithopter":6},{"Regal Pillow":49,"Lantern":95,"Nilry\u0027s Codex":43,"Thread and Needle":22,"Pen Nib":25,"PreservedInsect":85,"Ancient Tea Set":25,"Cursed Key":39,"Burning Blood":0,"Peace Pipe":59,"Matryoshka":12,"Molten Egg 2":49,"Toxic Egg 2":49,"Toy Ornithopter":29}],"Burning Blood":138,"Toy Ornithopter":28},"card_choices":[{"not_picked":["Pommel Strike","Wild Strike"],"picked":"Uppercut","floor":1.0},{"not_picked":["Armaments","Wild Strike"],"picked":"Ghostly Armor","floor":4.0},{"not_picked":["Flex","Perfected Strike","Wild Strike"],"picked":"SKIP","floor":7.0},{"not_picked":["Ghostly Armor","Searing Blow"],"picked":"Intimidate","floor":10.0},{"not_picked":["Rupture","Headbutt"],"picked":"Corruption","floor":11.0},{"not_picked":["Dropkick","Second Wind"],"picked":"Metallicize","floor":14.0},{"not_picked":["Demon Form","Exhume"],"picked":"Juggernaut","floor":16.0},{"not_picked":["Dropkick","Heavy Blade"],"picked":"True Grit","floor":18.0},{"not_picked":["Perfected Strike","Thunderclap"],"picked":"Warcry","floor":21.0},{"not_picked":["Disarm","Wild Strike"],"picked":"Battle Trance","floor":22.0},{"not_picked":["Clash+1","True Grit+1"],"picked":"Battle Trance+1","floor":28.0},{"not_picked":["Inflame","Clash+1"],"picked":"Havoc+1","floor":30.0},{"not_picked":["Berserk","Feed+1"],"picked":"Offering+1","floor":33.0},{"not_picked":["Hemokinesis+1","Clash+1"],"picked":"Pummel+1","floor":35.0},{"not_picked":["Thunderclap+1","Heavy Blade+1","Bloodletting+1"],"picked":"SKIP","floor":36.0},{"not_picked":["Cleave+1","Perfected Strike+1","Twin Strike+1"],"picked":"SKIP","floor":38.0},{"not_picked":["True Grit+1","Perfected Strike+1"],"picked":"Offering+1","floor":40.0},{"not_picked":["Carnage+1","Spot Weakness+1","Ghostly Armor+1"],"picked":"SKIP","floor":41.0},{"not_picked":["Pommel Strike+1","Shockwave+1"],"picked":"Disarm+1","floor":45.0},{"not_picked":["Pommel Strike+1","Headbutt+1","Corruption"],"picked":"SKIP","floor":46.0},{"not_picked":["Cleave+1","Intimidate+1"],"picked":"Fire Breathing","floor":48.0}],"player_experience":961249,"relics_obtained":[{"floor":9.0,"key":"Matryoshka"},{"floor":10.0,"key":"Thread and Needle"},{"floor":13.0,"key":"Ancient Tea Set"},{"floor":13.0,"key":"Pen Nib"},{"floor":14.0,"key":"Toy Ornithopter"},{"floor":19.0,"key":"Nilry\u0027s Codex"},{"floor":26.0,"key":"Toxic Egg 2"},{"floor":26.0,"key":"Regal Pillow"},{"floor":30.0,"key":"Peace Pipe"},{"floor":43.0,"key":"PreservedInsect"},{"floor":46.0,"key":"Lantern"}],"event_choices":[{"damage_healed":0.0,"max_hp_gain":0.0,"max_hp_loss":0.0,"gold_gain":100.0,"event_name":"Wheel of Change","player_choice":"Gold","floor":3.0,"gold_loss":0.0,"damage_taken":0.0},{"damage_healed":0.0,"max_hp_gain":0.0,"max_hp_loss":0.0,"gold_gain":0.0,"event_name":"Cursed Tome","player_choice":"Obtained Book","floor":19.0,"gold_loss":0.0,"damage_taken":21.0},{"damage_healed":0.0,"max_hp_gain":0.0,"max_hp_loss":0.0,"gold_gain":0.0,"event_name":"The Mausoleum","player_choice":"Opened","floor":24.0,"gold_loss":0.0,"damage_taken":0.0,"relics_obtained":["Molten Egg 2"],"cards_obtained":["Writhe"]},{"cards_removed":["Writhe"],"damage_healed":0.0,"max_hp_gain":0.0,"max_hp_loss":0.0,"gold_gain":0.0,"event_name":"Beggar","player_choice":"Gave Gold","floor":25.0,"gold_loss":75.0,"damage_taken":0.0},{"damage_healed":0.0,"max_hp_gain":0.0,"max_hp_loss":0.0,"gold_gain":0.0,"event_name":"Winding Halls","player_choice":"Embrace Madness","floor":37.0,"gold_loss":0.0,"damage_taken":15.0,"cards_obtained":["Madness","Madness"]},{"cards_removed":["Strike_R"],"damage_healed":0.0,"max_hp_gain":0.0,"max_hp_loss":0.0,"gold_gain":0.0,"event_name":"Falling","player_choice":"Removed Attack","floor":39.0,"gold_loss":0.0,"damage_taken":0.0},{"damage_healed":0.0,"max_hp_gain":0.0,"max_hp_loss":0.0,"gold_gain":0.0,"event_name":"SecretPortal","player_choice":"Ignored","floor":44.0,"gold_loss":0.0,"damage_taken":0.0}],"is_beta":false,"boss_relics":[{"not_picked":["SlaversCollar","Astrolabe"],"picked":"Cursed Key"},{"not_picked":["Sozu","Busted Crown","Velvet Choker"]}],"items_purged_floors":[5,31],"is_endless":false,"potions_floor_spawned":[4,11,22,28,38,40,46,48],"ascension_level":20}}