{"host":"5jn3rki867005t18","time":1609321487,"event":{"mods":["AchievementEnabler","BaseMod","Colored Map","DeckTracker","Highlight Path","Minty Spire (QoL Compilation)","Permanent Neow","Quick Restart","StSLib","SuperFastMode"],"gold_per_floor":[116,127,140,155,155,182,182,198,248,262,276,291,22,22,22,126,126,139,154,173,183,183,183],"floor_reached":22,"playtime":990,"items_purged":["Strike_R"],"score":204,"play_id":"9a1f2562-2284-4c24-9c9a-0eefe7614678","local_time":"20201230184447","is_ascension_mode":true,"campfire_choices":[{"data":"Seeing Red","floor":7,"key":"SMITH"},{"data":"Juggernaut","floor":15,"key":"SMITH"}],"circlet_count":0,"master_deck":["Strike_R+1","Defend_R+1","Defend_R","Defend_R","Defend_R","Bash+1","Shrug It Off","Cleave","Heavy Blade","Seeing Red+1","Heavy Blade","Iron Wave","Juggernaut+1","Sentinel","True Grit","Berserk","Dropkick+1","Dark Embrace+1","Body Slam+1","Carnage","Spot Weakness","Dropkick"],"relics":["Burning Blood","Pantograph","Potion Belt","Happy Flower","Astrolabe"],"acts_visited":["Exordium","TheCity"],"potions_floor_usage":[6,16,16,16,18,19,20,20,21,21,22],"damage_taken":[{"damage":7,"enemies":"Small Slimes","floor":1,"turns":4},{"damage":1,"enemies":"Cultist","floor":2,"turns":4},{"damage":7,"enemies":"Jaw Worm","floor":3,"turns":5},{"damage":13,"enemies":"Blue Slaver","floor":4,"turns":4},{"damage":14,"enemies":"Gremlin Nob","floor":6,"turns":3},{"damage":3,"enemies":"Red Slaver","floor":8,"turns":3},{"damage":1,"enemies":"Lots of Slimes","floor":10,"turns":3},{"damage":10,"enemies":"Looter","floor":11,"turns":3},{"damage":14,"enemies":"Exordium Wildlife","floor":12,"turns":4},{"damage":17,"enemies":"Slime Boss","floor":16,"turns":11},{"damage":9,"enemies":"Shell Parasite","floor":18,"turns":4},{"damage":2,"enemies":"Chosen","floor":19,"turns":4},{"damage":35,"enemies":"Sentry and Sphere","floor":20,"turns":5},{"damage":53,"enemies":"Centurion and Healer","floor":21,"turns":7},{"damage":32,"enemies":"Cultist and Chosen","floor":22,"turns":4}],"seed_played":"6467625041851677098","potions_obtained":[{"floor":2,"key":"ElixirPotion"},{"floor":3,"key":"LiquidMemories"},{"floor":12,"key":"EntropicBrew"},{"floor":16,"key":"SpeedPotion"},{"floor":19,"key":"ColorlessPotion"},{"floor":20,"key":"ElixirPotion"},{"floor":21,"key":"Swift Potion"}],"is_trial":false,"path_per_floor":["M","M","M","M","?","E","R","M","T","M","M","M","$","?","R","B",null,"M","M","M","M","M"],"character_chosen":"IRONCLAD","items_purchased":["True Grit","Happy Flower"],"campfire_rested":0,"item_purchase_floors":[13,13],"current_hp_per_floor":[87,88,87,80,80,72,72,75,75,80,76,68,68,50,50,64,88,85,88,59,29,0,0],"gold":183,"neow_bonus":"TEN_PERCENT_HP_BONUS","is_daily":false,"chose_seed":false,"campfire_upgraded":2,"win_rate":0.0,"timestamp":1609321487,"path_taken":["M","M","M","M","?","E","R","M","T","M","M","?","$","?","R","BOSS","M","M","M","M","M"],"items_purchased_type":["Card","Relic"],"build_version":"2020-12-22","purchased_purges":1,"victory":false,"max_hp_per_floor":[88,88,88,88,88,88,88,88,88,88,88,88,88,88,88,88,88,88,88,88,88,88,88],"card_choices":[{"not_picked":["Warcry","Twin Strike"],"picked":"Shrug It Off","floor":1},{"not_picked":["Shrug It Off","Havoc"],"picked":"Cleave","floor":2},{"not_picked":["Shrug It Off","Sword Boomerang"],"picked":"Heavy Blade","floor":3},{"not_picked":["Twin Strike","Shrug It Off"],"picked":"Seeing Red","floor":4},{"not_picked":["Cleave","Bloodletting"],"picked":"Heavy Blade","floor":6},{"not_picked":["Warcry","Searing Blow"],"picked":"Iron Wave","floor":8},{"not_picked":["Ghostly Armor","Flex"],"picked":"Juggernaut","floor":10},{"not_picked":["Second Wind","Warcry","Havoc"],"picked":"SKIP","floor":11},{"not_picked":["Seeing Red","Perfected Strike"],"picked":"Sentinel","floor":12},{"not_picked":["Fiend Fire","Impervious"],"picked":"Berserk","floor":16},{"not_picked":["Anger+1","Armaments+1"],"picked":"Carnage","floor":18},{"not_picked":["Second Wind+1","Seeing Red+1","Wild Strike"],"picked":"SKIP","floor":19},{"not_picked":["Whirlwind+1","Dark Embrace"],"picked":"Spot Weakness","floor":20},{"not_picked":["Headbutt","Sword Boomerang"],"picked":"Dropkick","floor":21}],"player_experience":142298,"relics_obtained":[{"floor":6,"key":"Pantograph"},{"floor":9,"key":"Potion Belt"}],"event_choices":[{"damage_healed":0,"gold_gain":0,"player_choice":"Upgraded","damage_taken":0,"max_hp_gain":0,"max_hp_loss":0,"event_name":"Upgrade Shrine","floor":5,"gold_loss":0,"cards_upgraded":["Bash"]},{"damage_healed":0,"gold_gain":0,"player_choice":"Entered Light","damage_taken":18,"max_hp_gain":0,"max_hp_loss":0,"event_name":"Shining Light","floor":14,"gold_loss":0,"cards_upgraded":["Strike_R","Defend_R"]}],"is_beta":false,"boss_relics":[{"not_picked":["Runic Dome","Runic Cube"],"picked":"Astrolabe"}],"items_purged_floors":[13],"is_endless":false,"potions_floor_spawned":[2,3,12,16,19,20,21],"killed_by":"Cultist and Chosen","ascension_level":1}}