{"host":"utqe55yv0jihe4d6","time":1609300756,"event":{"mods":["2.2 Compatiblity","AchievementEnabler","BaseMod","Block Reminder","Colored Map","Colored Powertips","Minty Spire (QoL Compilation)","Quick Restart","Rare Cards Sparkle","Relic Stats","SuperFastMode"],"gold_per_floor":[119,137,25,37,56,56,88,108,157,175,175,202,202,122,122,194,194,211,222,8,8,28,28,58,58,58,90,90,90,90,90,90],"floor_reached":31,"playtime":792,"items_purged":["Parasite","Strike_R"],"score":566,"play_id":"c2cfd27c-d6ff-4de6-b795-abc748c54ba5","local_time":"20201229225916","is_ascension_mode":true,"campfire_choices":[{"data":"Uppercut","floor":6,"key":"SMITH"},{"data":"Bash","floor":11,"key":"SMITH"},{"data":"Bludgeon","floor":13,"key":"SMITH"},{"data":"Flame Barrier","floor":15,"key":"SMITH"},{"data":"Apotheosis","floor":23,"key":"SMITH"},{"data":"True Grit","floor":25,"key":"SMITH"},{"data":"Demon Form","floor":28,"key":"SMITH"}],"circlet_count":0,"master_deck":["AscendersBane","Strike_R","Strike_R","Strike_R","Strike_R","Defend_R","Defend_R","Defend_R","Defend_R","Bash+1","Anger","Feel No Pain","Uppercut+1","Flame Barrier","Dropkick","Flame Barrier+1","Bludgeon+1","Demon Form+1","Burning Pact","Apotheosis+1","Feel No Pain","True Grit+1"],"relics":["Burning Blood","Torii","Ice Cream","Happy Flower","The Courier","Runic Dome","Centennial Puzzle","Red Skull","Frozen Egg 2","Enchiridion"],"acts_visited":["Exordium","TheCity"],"potions_floor_usage":[22,27],"damage_taken":[{"damage":1.0,"enemies":"Cultist","floor":1.0,"turns":3.0},{"damage":7.0,"enemies":"Jaw Worm","floor":2.0,"turns":3.0},{"damage":1,"enemies":"Small Slimes","floor":4,"turns":3},{"damage":2,"enemies":"3 Louse","floor":5,"turns":5},{"damage":26,"enemies":"Gremlin Nob","floor":7,"turns":4},{"damage":17,"enemies":"2 Fungi Beasts","floor":8,"turns":3},{"damage":1,"enemies":"Blue Slaver","floor":10,"turns":2},{"damage":2,"enemies":"3 Sentries","floor":12,"turns":11},{"damage":28,"enemies":"Hexaghost","floor":16,"turns":8},{"damage":0,"enemies":"Chosen","floor":18,"turns":4},{"damage":10,"enemies":"Shell Parasite","floor":19,"turns":3},{"damage":17,"enemies":"3 Cultists","floor":22,"turns":6},{"damage":17,"enemies":"Book of Stabbing","floor":24,"turns":4},{"damage":21,"enemies":"Slavers","floor":27,"turns":6},{"damage":8,"enemies":"Cultist and Chosen","floor":31,"turns":3}],"seed_played":"4844368925193118802","potions_obtained":[{"floor":2.0,"key":"LiquidBronze"},{"floor":5,"key":"Swift Potion"},{"floor":7,"key":"Fire Potion"},{"floor":8,"key":"SteroidPotion"},{"floor":27,"key":"Explosive Potion"}],"is_trial":false,"path_per_floor":["M","M","$","M","M","R","E","M","T","M","R","E","R","$","R","B",null,"M","M","$","?","M","R","E","R","T","E","R","?","?","M"],"character_chosen":"IRONCLAD","items_purchased":["Uppercut","Apotheosis","Feel No Pain"],"campfire_rested":0,"item_purchase_floors":[3,20,20],"current_hp_per_floor":[73,72,72,72,72,72,52,41,41,46,46,50,50,50,50,28,61,67,63,63,63,52,52,41,41,41,26,26,5,5,0,0],"gold":90,"neow_bonus":"ONE_RARE_RELIC","is_daily":false,"chose_seed":false,"campfire_upgraded":7,"win_rate":0.0,"timestamp":1609300756,"path_taken":["M","M","$","M","M","R","E","M","T","M","R","E","R","?","R","BOSS","M","M","$","?","M","R","E","R","T","E","R","?","?","M"],"items_purchased_type":["Card","Card","Card"],"build_version":"2020-12-22","purchased_purges":2,"victory":false,"max_hp_per_floor":[75,75,72,72,72,72,72,72,72,72,72,72,72,72,72,72,72,72,72,72,72,72,72,72,72,72,72,72,72,72,72,72],"relic_stats":{"Centennial Puzzle":[6],"Torii":31,"Happy Flower":[15],"counters":[15,68],"obtain_stats":[{"Ice Cream":7,"Runic Dome":17,"Centennial Puzzle":24,"Torii":0,"Happy Flower":9,"Enchiridion":29,"The Courier":12,"Frozen Egg 2":27,"Burning Blood":0,"Red Skull":26},{"Ice Cream":5,"Runic Dome":9,"Centennial Puzzle":13,"Torii":0,"Happy Flower":6,"Enchiridion":14,"The Courier":8,"Frozen Egg 2":14,"Burning Blood":0,"Red Skull":13},{"Ice Cream":18,"Runic Dome":42,"Centennial Puzzle":59,"Torii":0,"Happy Flower":21,"Enchiridion":65,"The Courier":34,"Frozen Egg 2":65,"Burning Blood":0,"Red Skull":59}],"Burning Blood":75},"card_choices":[{"not_picked":["Searing Blow","Wild Strike"],"picked":"Anger","floor":1.0},{"not_picked":["Fire Breathing","Searing Blow"],"picked":"Feel No Pain","floor":2.0},{"not_picked":["Iron Wave","Shockwave"],"picked":"Flame Barrier","floor":4},{"not_picked":["Shrug It Off","Body Slam"],"picked":"Dropkick","floor":5},{"not_picked":["Dark Embrace","Cleave","Anger"],"picked":"SKIP","floor":7},{"not_picked":["Body Slam","Iron Wave"],"picked":"Flame Barrier","floor":8},{"not_picked":["Wild Strike","Armaments","Flame Barrier"],"picked":"SKIP","floor":10},{"not_picked":["Warcry","Sever Soul"],"picked":"Bludgeon","floor":12},{"not_picked":["Corruption","Berserk"],"picked":"Demon Form","floor":16},{"not_picked":["Sentinel","Iron Wave","Armaments"],"picked":"SKIP","floor":18},{"not_picked":["Wild Strike","Reckless Charge"],"picked":"Burning Pact","floor":19},{"not_picked":["Warcry","Rampage+1","Clash"],"picked":"SKIP","floor":22},{"not_picked":["Metallicize","Flex"],"picked":"True Grit","floor":24},{"not_picked":["Cleave","Clothesline","Perfected Strike"],"picked":"SKIP","floor":27}],"player_experience":2905690,"relics_obtained":[{"floor":7,"key":"Ice Cream"},{"floor":9,"key":"Happy Flower"},{"floor":12,"key":"The Courier"},{"floor":24,"key":"Centennial Puzzle"},{"floor":26,"key":"Red Skull"},{"floor":27,"key":"Frozen Egg 2"},{"floor":29,"key":"Enchiridion"}],"event_choices":[{"damage_healed":0,"gold_gain":0,"player_choice":"Ignored","damage_taken":0,"max_hp_gain":0,"max_hp_loss":0,"event_name":"The Mausoleum","floor":21,"gold_loss":0},{"damage_healed":0,"gold_gain":0,"player_choice":"Obtained Book","damage_taken":21,"max_hp_gain":0,"max_hp_loss":0,"event_name":"Cursed Tome","floor":29,"gold_loss":0},{"damage_healed":0,"gold_gain":0,"player_choice":"Ignored","damage_taken":0,"max_hp_gain":0,"max_hp_loss":0,"event_name":"Vampires","floor":30,"gold_loss":0}],"is_beta":false,"boss_relics":[{"not_picked":["Tiny House","Black Star"],"picked":"Runic Dome"}],"items_purged_floors":[3,14],"is_endless":false,"potions_floor_spawned":[2,5,7,8,12,18,27],"killed_by":"Cultist and Chosen","ascension_level":20}}