{"host":"os7ajuuouznx3pj7","time":1609294192,"event":{"mods":["AchievementEnabler","BaseMod","Bestiary","Block Reminder","Colored Map","Colored Powertips","Keyboard Shortcuts","Minty Spire (QoL Compilation)","Quick Restart","Relic Stats","SuperFastMode"],"gold_per_floor":[19,19,29,39,4,4,4,4,4,42,62,62,89,89,89,175,175,197,222,137,162,162,162],"floor_reached":22,"playtime":2645,"items_purged":[],"score":353,"play_id":"1d4035c7-f6c2-4957-b9a4-fb35f0e6a7cd","local_time":"20201230000952","is_ascension_mode":true,"campfire_choices":[{"data":"Carnage","floor":6.0,"key":"SMITH"},{"data":"Barricade","floor":8.0,"key":"SMITH"},{"floor":12.0,"key":"REST"},{"data":"Rampage","floor":15,"key":"SMITH"}],"circlet_count":0,"master_deck":["AscendersBane","Strike_R","Strike_R","Strike_R","Strike_R","Strike_R","Defend_R","Defend_R","Defend_R","Defend_R","Bash","Barricade+1","Metallicize","Carnage+1","Metallicize","Shrug It Off","Ghostly Armor","Rampage+1","Exhume","Havoc","Shrug It Off","Body Slam"],"relics":["Burning Blood","Question Card","CeramicFish","Sozu","Lizard Tail"],"acts_visited":["Exordium","TheCity"],"potions_floor_usage":[13],"damage_taken":[{"damage":19.0,"enemies":"Jaw Worm","floor":1.0,"turns":4.0},{"damage":7.0,"enemies":"Cultist","floor":3.0,"turns":4.0},{"damage":6.0,"enemies":"2 Louse","floor":4.0,"turns":3.0},{"damage":55.0,"enemies":"Gremlin Nob","floor":10.0,"turns":5.0},{"damage":17.0,"enemies":"Exordium Wildlife","floor":11.0,"turns":5.0},{"damage":0,"enemies":"Gremlin Gang","floor":13,"turns":2},{"damage":10,"enemies":"Hexaghost","floor":16,"turns":11},{"damage":35,"enemies":"3 Byrds","floor":18,"turns":8},{"damage":29,"enemies":"Shell Parasite","floor":19,"turns":6},{"damage":33,"enemies":"Snake Plant","floor":21,"turns":6},{"damage":29,"enemies":"Masked Bandits","floor":22,"turns":2}],"seed_played":"-4560396558631344419","potions_obtained":[{"floor":1.0,"key":"GamblersBrew"},{"floor":10.0,"key":"Swift Potion"},{"floor":11.0,"key":"Explosive Potion"}],"is_trial":false,"path_per_floor":["M","?","M","M","?","R","$","R","T","E","M","R","M","?","R","B",null,"M","M","?","M","?"],"character_chosen":"IRONCLAD","items_purchased":[],"campfire_rested":1,"item_purchase_floors":[],"current_hp_per_floor":[55,55,54,54,72,72,72,72,72,23,12,34,40,40,40,36,65,36,13,13,28,0,0],"gold":162,"neow_bonus":"THREE_RARE_CARDS","is_daily":false,"chose_seed":false,"campfire_upgraded":3,"win_rate":0.0,"timestamp":1609294192,"path_taken":["M","?","?","M","?","R","?","R","T","E","M","R","?","?","R","BOSS","M","M","?","M","?"],"items_purchased_type":[],"build_version":"2020-12-22","purchased_purges":0,"victory":false,"max_hp_per_floor":[75,75,75,75,75,75,75,75,75,75,75,75,75,75,75,75,75,75,75,75,75,75,75],"relic_stats":{"Sozu":1,"Lizard Tail":37,"counters":[11,56],"CeramicFish":63,"Question Card":7,"obtain_stats":[{"Sozu":17,"Lizard Tail":20,"CeramicFish":10,"Question Card":9,"Burning Blood":0},{"Sozu":7,"Lizard Tail":9,"CeramicFish":4,"Question Card":3,"Burning Blood":0},{"Sozu":34,"Lizard Tail":48,"CeramicFish":16,"Question Card":11,"Burning Blood":0}],"Burning Blood":60},"card_choices":[{"not_picked":["Fiend Fire","Brutality"],"picked":"Barricade","floor":0.0},{"not_picked":["Heavy Blade","Armaments"],"picked":"Metallicize","floor":1.0},{"not_picked":["Sever Soul","Burning Pact"],"picked":"Carnage","floor":3.0},{"not_picked":["Perfected Strike","Dropkick"],"picked":"Metallicize","floor":4.0},{"not_picked":["Spot Weakness","Cleave","Sword Boomerang"],"picked":"Shrug It Off","floor":10.0},{"not_picked":["Reckless Charge","Perfected Strike","Sever Soul"],"picked":"Ghostly Armor","floor":11.0},{"not_picked":["Spot Weakness","Warcry","Feel No Pain"],"picked":"Rampage","floor":13},{"not_picked":["Fiend Fire","Reaper","Barricade"],"picked":"Exhume","floor":16},{"not_picked":["Thunderclap","Pommel Strike","Blood for Blood+1"],"picked":"Havoc","floor":18},{"not_picked":["Rampage","Headbutt","Cleave"],"picked":"Shrug It Off","floor":19},{"not_picked":["Blood for Blood","Whirlwind","Thunderclap"],"picked":"Body Slam","floor":21}],"player_experience":693142,"relics_obtained":[{"floor":9.0,"key":"Question Card"},{"floor":10.0,"key":"CeramicFish"}],"event_choices":[{"damage_healed":0.0,"max_hp_gain":0.0,"max_hp_loss":0.0,"gold_gain":0.0,"event_name":"Match and Keep!","player_choice":"0 cards matched","floor":2.0,"gold_loss":0.0,"damage_taken":0.0,"cards_obtained":[]},{"damage_healed":18.0,"max_hp_gain":0.0,"max_hp_loss":0.0,"gold_gain":0.0,"event_name":"The Cleric","player_choice":"Healed","floor":5.0,"gold_loss":35.0,"damage_taken":0.0},{"damage_healed":0,"gold_gain":0,"player_choice":"Ignored","damage_taken":0,"max_hp_gain":0,"max_hp_loss":0,"event_name":"Liars Game","floor":14,"gold_loss":0},{"damage_healed":0,"gold_gain":0,"player_choice":"Obtained Relic","damage_taken":0,"relics_obtained":["Lizard Tail"],"max_hp_gain":0,"max_hp_loss":0,"event_name":"Addict","floor":20,"gold_loss":85},{"damage_healed":0,"gold_gain":0,"player_choice":"Fought Bandits","damage_taken":0,"max_hp_gain":0,"max_hp_loss":0,"event_name":"Masked Bandits","floor":22,"gold_loss":0}],"is_beta":false,"boss_relics":[{"not_picked":["Empty Cage","SlaversCollar"],"picked":"Sozu"}],"items_purged_floors":[],"is_endless":false,"potions_floor_spawned":[1,10,11,19],"killed_by":"Masked Bandits","ascension_level":18}}