{"host":"wg29woj1pduqw9vg","time":1609359732,"event":{"mods":["BaseMod","Colored Map","Downfall","Minty Spire (QoL Compilation)","StSLib"],"gold_per_floor":[99,111,122,122,32,32,83,68,98,113,123,123,133,43,61,161,161,161,161,179,71,83,183,183,183,197,264,264,275,285,335,353,449,449,449,466,406,456,473,523,523,535,599,455,135,151,164,214,227,227],"floor_reached":51,"playtime":4542,"items_purged":["Regret"],"score":1945,"play_id":"3e9ef586-3719-46a0-a642-1a20b52ace2e","local_time":"20201230122212","is_ascension_mode":false,"campfire_choices":[{"data":"Slimebound:CorrosiveSpit","floor":1,"key":"SMITH"},{"floor":12,"key":"REST"},{"data":"Slimebound:SlimeBarrage","floor":18,"key":"SMITH"},{"data":"Slimebound:Nibble","floor":25,"key":"SMITH"},{"data":"Slimebound:Split","floor":28,"key":"SMITH"},{"data":"Slimebound:Teamwork","floor":35,"key":"SMITH"}],"circlet_count":0,"master_deck":["Slimebound:Strike_Slimebound+1","Slimebound:Strike_Slimebound+1","Slimebound:Tackle","Slimebound:Defend_Slimebound+1","Slimebound:Defend_Slimebound+1","Slimebound:Defend_Slimebound+1","Slimebound:Defend_Slimebound+1","Slimebound:Split+1","Slimebound:CorrosiveSpit+1","Slimebound:OozeBath","Slimebound:GrowthPunch","Slimebound:SplitMire+1","Slimebound:SlimeBarrage+1","Slimebound:Prepare","Slimebound:Nibble+1","Slimebound:Gluttony","Slimebound:SlimeSpikes","Finesse","Slimebound:Teamwork+1","Slimebound:LeadByExample","Slimebound:Nibble+1","Slimebound:SlimeBarrage+1","Slimebound:LevelUp","Sadistic Nature","Sadistic Nature"],"relics":["Slimebound:AbsorbEndCombat","Orichalcum","Odd Mushroom","Sozu","downfall:CloakOfManyFaces","CultistMask","FaceOfCleric","NlothsMask","GremlinMask","SsserpentHead","Slimebound:TarBlob","Membership Card","Torii","Letter Opener","Molten Egg 2","Eternal Feather","Lee\u0027s Waffle","Ornamental Fan","DollysMirror"],"acts_visited":["Exordium","TheCity","TheBeyond"],"potions_floor_usage":[16,33,50],"damage_taken":[{"damage":9,"enemies":"Small Slimes","floor":2,"turns":4},{"damage":13,"enemies":"Jaw Worm","floor":3,"turns":3},{"damage":9,"enemies":"downfall:FleeingMerchant","floor":5,"turns":4},{"damage":20,"enemies":"downfall:FleeingMerchant","floor":8,"turns":4},{"damage":25,"enemies":"The Mushroom Lair","floor":9,"turns":5},{"damage":5,"enemies":"2 Louse","floor":10,"turns":3},{"damage":4,"enemies":"2 Fungi Beasts","floor":11,"turns":3},{"damage":6,"enemies":"Red Slaver","floor":13,"turns":4},{"damage":13,"enemies":"downfall:FleeingMerchant","floor":14,"turns":4},{"damage":4,"enemies":"3 Louse","floor":15,"turns":3},{"damage":14,"enemies":"downfall:Watcher","floor":16,"turns":8},{"damage":19,"enemies":"3 Byrds","floor":20,"turns":4},{"damage":13,"enemies":"downfall:FleeingMerchant","floor":21,"turns":4},{"damage":8,"enemies":"Shell Parasite","floor":22,"turns":5},{"damage":8,"enemies":"downfall:FaceTrader","floor":23,"turns":7},{"damage":37,"enemies":"Sentry and Sphere","floor":26,"turns":7},{"damage":23,"enemies":"Snake Plant","floor":27,"turns":4},{"damage":20,"enemies":"Snecko","floor":29,"turns":4},{"damage":21,"enemies":"Chosen and Byrds","floor":30,"turns":6},{"damage":17,"enemies":"Sentry and Sphere","floor":32,"turns":5},{"damage":15,"enemies":"downfall:Defect","floor":33,"turns":6},{"damage":32,"enemies":"3 Darklings","floor":36,"turns":5},{"damage":18,"enemies":"downfall:FleeingMerchant","floor":37,"turns":4},{"damage":32,"enemies":"3 Shapes","floor":39,"turns":3},{"damage":45,"enemies":"Spire Growth","floor":42,"turns":4},{"damage":26,"enemies":"Writhing Mass","floor":43,"turns":5},{"damage":30,"enemies":"Jaw Worm Horde","floor":46,"turns":4},{"damage":19,"enemies":"3 Darklings","floor":47,"turns":4},{"damage":13,"enemies":"4 Shapes","floor":49,"turns":5},{"damage":30,"enemies":"downfall:Ironclad","floor":50,"turns":4}],"seed_played":"-5135821352278530740","potions_obtained":[{"floor":2,"key":"BlessingOfTheForge"},{"floor":10,"key":"SteroidPotion"},{"floor":11,"key":"Slimebound:SpawnSlimePotion"},{"floor":16,"key":"DuplicationPotion"}],"is_trial":false,"path_per_floor":["R","M","M","?","$","?","T","$","?","M","M","R","M","$","M","B",null,"R","?","M","$","M","?","T","R","M","M","R","M","M","?","M","B",null,"R","M","$","?","M","?","T","M","M","?","$","M","M","?","M","B",null],"character_chosen":"SLIMEBOUND","items_purchased":["Slimebound:SlimeBarrage","Finesse","Membership Card","Torii","Letter Opener","Eternal Feather","Lee\u0027s Waffle","Ornamental Fan","DollysMirror","Slimebound:LevelUp","Sadistic Nature"],"campfire_rested":1,"item_purchase_floors":[5,21,37,37,37,44,44,45,45,45,45],"current_hp_per_floor":[60,57,54,54,55,55,55,49,34,37,41,59,60,59,60,60,60,60,60,55,58,60,60,60,60,46,42,42,45,43,43,49,66,66,66,61,68,68,59,59,59,41,42,78,78,75,80,80,76,80],"gold":227,"neow_bonus":"ONE_RANDOM_RARE_CARD","is_daily":false,"chose_seed":false,"campfire_upgraded":5,"win_rate":0.0,"timestamp":1609359732,"path_taken":["R","M","M","?","?","?","T","$","?","M","M","R","M","$","M","BOSS","R","?","M","$","M","?","T","R","M","?","R","M","M","?","M","BOSS","R","M","$","?","M","?","T","M","?","?","$","M","M","?","M","BOSS"],"items_purchased_type":["Card","Card","Relic","Relic","Relic","Relic","Relic","Relic","Relic","Card","Card"],"build_version":"2020-12-22","purchased_purges":1,"victory":true,"max_hp_per_floor":[60,60,60,60,60,60,60,60,60,60,60,60,60,60,60,60,60,60,60,60,60,60,60,60,60,61,62,62,63,64,64,65,66,66,66,67,68,68,69,69,69,70,71,78,78,79,80,80,81,82],"card_choices":[{"not_picked":["Slimebound:GoopSpray","Slimebound:Schlurp"],"picked":"Slimebound:GrowthPunch","floor":2},{"not_picked":["Slimebound:LeechingTouch","Slimebound:DivideAndConquer","Slimebound:FinishingTackle"],"picked":"SKIP","floor":3},{"not_picked":["Slimebound:ServeAndProtect","Slimebound:PressTheAttack"],"picked":"Slimebound:SplitMire","floor":5},{"not_picked":["Slimebound:GoopTackle","Slimebound:Equalize","Slimebound:DivideAndConquer"],"picked":"SKIP","floor":8},{"not_picked":["Slimebound:ComboTackle","Slimebound:Equalize"],"picked":"Slimebound:Prepare","floor":9},{"not_picked":["Slimebound:SamplingLick","Slimebound:ComboTackle","Slimebound:MassRepurpose"],"picked":"SKIP","floor":10},{"not_picked":["Slimebound:SplitLeeching","Slimebound:LeechEnergy"],"picked":"Slimebound:Nibble","floor":11},{"not_picked":["Slimebound:RollThrough","Slimebound:ProtectTheBoss","Slimebound:SplitMire"],"picked":"SKIP","floor":13},{"not_picked":["Slimebound:ServeAndProtect","Slimebound:LeechLife","Slimebound:Schlurp"],"picked":"SKIP","floor":14},{"not_picked":["Slimebound:SplitBruiser","Slimebound:SpikyOuterGoop"],"picked":"Slimebound:Gluttony","floor":15},{"not_picked":["Slimebound:FinishingTackle","Slimebound:ForwardTackle+1"],"picked":"Slimebound:SlimeSpikes","floor":20},{"not_picked":["Slimebound:GoopSpray","Slimebound:FinishingTackle+1","Slimebound:SlimeBrawl"],"picked":"SKIP","floor":21},{"not_picked":["Slimebound:RejuvenatingLick","Slimebound:FlameTackle","Slimebound:Nibble"],"picked":"SKIP","floor":22},{"not_picked":["Slimebound:SplitAcid","Slimebound:SlimeTap","Slimebound:RainOfGoop"],"picked":"SKIP","floor":26},{"not_picked":["Slimebound:SamplingLick","Slimebound:LeechingTouch","Slimebound:LivingWall"],"picked":"SKIP","floor":27},{"not_picked":["Slimebound:SplitBruiser","Slimebound:DivideAndConquer","Slimebound:FirmFortitude+1"],"picked":"SKIP","floor":29},{"not_picked":["Slimebound:ProtectTheBoss","Slimebound:Nibble+1","Slimebound:Chomp"],"picked":"SKIP","floor":30},{"not_picked":["Slimebound:ItLooksTasty+1","Slimebound:RollThrough+1","Slimebound:LeechEnergy"],"picked":"SKIP","floor":32},{"not_picked":["Slimebound:RallyTheTroops","Slimebound:MassFeed"],"picked":"Slimebound:Teamwork","floor":33},{"not_picked":["Slimebound:Nibble+1","Slimebound:LeechingTouch+1","Slimebound:GrowthPunch"],"picked":"SKIP","floor":36},{"not_picked":["Slimebound:GrowthPunch+1","Slimebound:LeechEnergy+1"],"picked":"Slimebound:LeadByExample","floor":37},{"not_picked":["Slimebound:ComboTackle","Slimebound:FormOfPuddle+1","Slimebound:SplitMire+1"],"picked":"SKIP","floor":39},{"not_picked":["Slimebound:Prepare+1","Slimebound:SamplingLick","Slimebound:LeechEnergy+1"],"picked":"SKIP","floor":42},{"not_picked":["Slimebound:ComboTackle+1","Slimebound:SlimeTap+1"],"picked":"Slimebound:Nibble+1","floor":43},{"not_picked":["Slimebound:ForwardTackle+1","Slimebound:PressTheAttack+1","Slimebound:LeechEnergy+1"],"picked":"SKIP","floor":46},{"not_picked":["Slimebound:FormOfPuddle+1","Slimebound:SlimeSpikes","Slimebound:Prepare"],"picked":"SKIP","floor":47},{"not_picked":["Slimebound:Gluttony+1","Slimebound:FlameTackle+1","Slimebound:LevelUp+1"],"picked":"SKIP","floor":49}],"player_experience":11238,"relics_obtained":[{"floor":7,"key":"Orichalcum"},{"floor":9,"key":"Odd Mushroom"},{"floor":23,"key":"downfall:CloakOfManyFaces"},{"floor":41,"key":"Molten Egg 2"}],"event_choices":[{"cards_removed":["Slimebound:Strike_Slimebound"],"damage_healed":0,"gold_gain":0,"player_choice":"Card Removal","damage_taken":0,"max_hp_gain":0,"max_hp_loss":0,"event_name":"The Cleric","floor":4,"gold_loss":0},{"damage_healed":0,"gold_gain":0,"player_choice":"Fought Mushrooms","damage_taken":0,"max_hp_gain":0,"max_hp_loss":0,"event_name":"Mushrooms","floor":9,"gold_loss":0},{"damage_healed":0,"gold_gain":0,"player_choice":"Simplicity","damage_taken":0,"max_hp_gain":0,"max_hp_loss":0,"event_name":"Back to Basics","floor":19,"gold_loss":0,"cards_upgraded":["Slimebound:Strike_Slimebound","Slimebound:Strike_Slimebound","Slimebound:Defend_Slimebound","Slimebound:Defend_Slimebound"]},{"damage_healed":0,"gold_gain":0,"player_choice":"Ignored","damage_taken":0,"max_hp_gain":0,"max_hp_loss":0,"event_name":"Vampires","floor":31,"gold_loss":0},{"damage_healed":0,"gold_gain":0,"player_choice":"Ignored","damage_taken":0,"max_hp_gain":0,"max_hp_loss":0,"event_name":"Mysterious Sphere","floor":38,"gold_loss":0},{"damage_healed":0,"gold_gain":0,"player_choice":"Copied","damage_taken":0,"max_hp_gain":0,"max_hp_loss":0,"event_name":"Duplicator","floor":48,"gold_loss":0,"cards_obtained":["Sadistic Nature"]}],"is_beta":false,"boss_relics":[{"not_picked":["Astrolabe","downfall:Hecktoplasm"],"picked":"Sozu"},{"not_picked":["SacredBark","Cursed Key"],"picked":"Slimebound:TarBlob"}],"items_purged_floors":[14],"is_endless":false,"potions_floor_spawned":[2,10,11,15,16,20,22,27,32,33,39,42,49],"ascension_level":0}}