{"host":"x205naxbihvu3p76","time":1609298887,"event":{"mods":["AchievementEnabler","BaseMod","Minty Spire (QoL Compilation)","StSLib","SuperFastMode"],"gold_per_floor":[115,132,132,152,165,165,195,213,289,289,318,243,243,257,257,331,331,347,365,380,380,380,380],"floor_reached":22,"playtime":616,"items_purged":["Strike_B"],"score":376,"play_id":"cfd94d0f-487c-4efe-9152-725e8f7ca1b0","local_time":"20201230122807","is_ascension_mode":true,"campfire_choices":[{"data":"Consume","floor":6.0,"key":"SMITH"},{"floor":10.0,"key":"REST"},{"floor":15.0,"key":"REST"}],"circlet_count":0,"master_deck":["AscendersBane","Strike_B","Strike_B","Defend_B","Defend_B","Defend_B","Defend_B","Zap","Dualcast","Electrodynamics","Leap","Consume+1","FTL","Capacitor","Glacier","Defragment+1","White Noise","Biased Cognition","Capacitor"],"relics":["Cracked Core","Singing Bowl","Kunai","Gambling Chip","SlaversCollar"],"acts_visited":["Exordium","TheCity"],"potions_floor_usage":[20],"damage_taken":[{"damage":14.0,"enemies":"Jaw Worm","floor":1.0,"turns":4.0},{"damage":0.0,"enemies":"2 Louse","floor":2.0,"turns":2.0},{"damage":0.0,"enemies":"Cultist","floor":4.0,"turns":3.0},{"damage":8.0,"enemies":"Blue Slaver","floor":5.0,"turns":4.0},{"damage":10.0,"enemies":"3 Sentries","floor":7.0,"turns":3.0},{"damage":0.0,"enemies":"Red Slaver","floor":8.0,"turns":3.0},{"damage":47.0,"enemies":"Gremlin Nob","floor":11.0,"turns":4.0},{"damage":0.0,"enemies":"Looter","floor":14.0,"turns":4.0},{"damage":6.0,"enemies":"Hexaghost","floor":16.0,"turns":14.0},{"damage":12.0,"enemies":"Shell Parasite","floor":18.0,"turns":7.0},{"damage":15.0,"enemies":"3 Byrds","floor":19.0,"turns":3.0},{"damage":30,"enemies":"Snecko","floor":20,"turns":6},{"damage":13,"enemies":"Snake Plant","floor":22,"turns":2}],"seed_played":"-430912027218376505","potions_obtained":[{"floor":5.0,"key":"Strength Potion"},{"floor":8.0,"key":"ColorlessPotion"},{"floor":11.0,"key":"SteroidPotion"},{"floor":14.0,"key":"Ancient Potion"}],"is_trial":false,"path_per_floor":["M","M","?","M","M","R","E","M","T","R","E","$","?","M","R","B",null,"M","M","M","?","M"],"character_chosen":"DEFECT","items_purchased":[],"campfire_rested":2,"item_purchase_floors":[],"current_hp_per_floor":[50,50,50,50,42,42,34,34,34,55,8,8,8,8,29,23,61,49,36,8,8,0,0],"gold":380,"neow_bonus":"ONE_RANDOM_RARE_CARD","is_daily":false,"chose_seed":false,"campfire_upgraded":1,"win_rate":0.0,"timestamp":1609298887,"path_taken":["M","M","?","M","M","R","E","M","T","R","E","$","?","M","R","BOSS","M","M","?","?","M"],"items_purchased_type":[],"build_version":"2020-12-22","purchased_purges":1,"victory":false,"max_hp_per_floor":[71,71,71,71,71,71,73,73,73,73,73,73,73,73,73,73,73,73,75,77,77,77,77],"card_choices":[{"not_picked":["Compile Driver","Gash"],"picked":"Leap","floor":1.0},{"not_picked":["Steam Power","Stack"],"picked":"Consume","floor":2.0},{"not_picked":["Leap","Rebound"],"picked":"FTL","floor":4.0},{"not_picked":["Conserve Battery","Ball Lightning"],"picked":"Capacitor","floor":5.0},{"not_picked":["Static Discharge","Gash","Ball Lightning"],"picked":"Singing Bowl","floor":7.0},{"not_picked":["Streamline","Barrage"],"picked":"Glacier","floor":8.0},{"not_picked":["White Noise","Redo"],"picked":"Defragment","floor":11.0},{"not_picked":["Consume","Coolheaded"],"picked":"White Noise","floor":14.0},{"not_picked":["Fission","Core Surge"],"picked":"Biased Cognition","floor":16.0},{"not_picked":["Compile Driver","Chaos"],"picked":"Capacitor","floor":18.0},{"not_picked":["Compile Driver","Scrape","Streamline"],"picked":"Singing Bowl","floor":19.0},{"not_picked":["Defragment","Leap","Tempest"],"picked":"Singing Bowl","floor":20}],"player_experience":935771,"relics_obtained":[{"floor":7.0,"key":"Singing Bowl"},{"floor":9.0,"key":"Kunai"},{"floor":11.0,"key":"Gambling Chip"}],"event_choices":[{"damage_healed":0.0,"max_hp_gain":0.0,"max_hp_loss":0.0,"gold_gain":0.0,"event_name":"Scrap Ooze","player_choice":"Fled","floor":3.0,"gold_loss":0.0,"damage_taken":0.0},{"damage_healed":0.0,"max_hp_gain":0.0,"max_hp_loss":0.0,"gold_gain":0.0,"event_name":"Upgrade Shrine","player_choice":"Upgraded","floor":13.0,"gold_loss":0.0,"damage_taken":0.0,"cards_upgraded":["Defragment"]},{"cards_removed":["Strike_B"],"damage_healed":0,"gold_gain":0,"player_choice":"Purged","damage_taken":0,"max_hp_gain":0,"max_hp_loss":0,"event_name":"Purifier","floor":21,"gold_loss":0}],"is_beta":false,"boss_relics":[{"not_picked":["Fusion Hammer","Calling Bell"],"picked":"SlaversCollar"}],"items_purged_floors":[12],"is_endless":false,"potions_floor_spawned":[5,8,11,14,18],"killed_by":"Snake Plant","ascension_level":18}}