{"host":"08sn1703g14rasc1","time":1609322816,"event":{"mods":["AchievementEnabler","BaseMod","Colored Map","Colored Powertips","Hermit","Minty Spire (QoL Compilation)","StSLib"],"gold_per_floor":[112,112,112,131,58,58,85,104,129,140,315,315,44,76,76,173,173,188,188,188,188,235,235,235],"floor_reached":23,"playtime":3162,"items_purged":["Doubt"],"score":297,"play_id":"9dc440f9-a217-4bb5-90e7-1bb0ceeb40ea","local_time":"20201230020656","is_ascension_mode":true,"campfire_choices":[{"floor":6.0,"key":"REST"},{"data":"hermit:EternalForm","floor":12.0,"key":"SMITH"},{"floor":15,"key":"REST"}],"circlet_count":0,"master_deck":["hermit:Strike_Hermit","hermit:Strike_Hermit","hermit:Strike_Hermit","hermit:Strike_Hermit","hermit:Defend_Hermit","hermit:Defend_Hermit","hermit:Defend_Hermit+1","hermit:Defend_Hermit","hermit:Snapshot","hermit:Covet+1","hermit:Roulette","hermit:ShadowCloak","hermit:FlashPowder","hermit:Adapt","hermit:BigShot","hermit:EternalForm+1","hermit:ShadowCloak","hermit:Spite","hermit:RoundhouseKick","hermit:EyeOfTheStorm+1"],"relics":["hermit:Momento","NeowsBlessing","Juzu Bracelet","Mummified Hand","Akabeko","War Paint","Potion Belt","Omamori","Philosopher\u0027s Stone","MutagenicStrength","Ancient Tea Set"],"acts_visited":["Exordium","TheCity"],"potions_floor_usage":[],"damage_taken":[{"damage":0.0,"enemies":"Small Slimes","floor":1.0,"turns":1.0},{"damage":0.0,"enemies":"Jaw Worm","floor":4.0,"turns":1.0},{"damage":0.0,"enemies":"3 Sentries","floor":7.0,"turns":1.0},{"damage":3.0,"enemies":"Cultist","floor":8.0,"turns":4.0},{"damage":6.0,"enemies":"Exordium Wildlife","floor":10.0,"turns":3.0},{"damage":45.0,"enemies":"Lagavulin","floor":14.0,"turns":7.0},{"damage":21,"enemies":"The Guardian","floor":16,"turns":11},{"damage":26,"enemies":"3 Byrds","floor":18,"turns":5},{"damage":63,"enemies":"Book of Stabbing","floor":23,"turns":5}],"seed_played":"5457120412435055558","potions_obtained":[{"floor":7.0,"key":"LiquidBronze"},{"floor":16,"key":"Energy Potion"}],"is_trial":false,"path_per_floor":["M","?","T","M","$","R","E","M","T","M","?","R","$","E","R","B",null,"M","?","?","?","T","E"],"character_chosen":"HERMIT","items_purchased":["hermit:FlashPowder","Potion Belt","hermit:ShadowCloak"],"campfire_rested":2,"item_purchase_floors":[5,13,13],"current_hp_per_floor":[68,43,43,43,43,65,65,62,62,56,56,56,56,11,33,12,59,33,33,58,58,58,0,0],"gold":235,"neow_bonus":"THREE_ENEMY_KILL","is_daily":false,"chose_seed":false,"campfire_upgraded":1,"win_rate":0.0,"timestamp":1609322816,"path_taken":["M","?","?","M","$","R","E","M","T","M","?","R","?","E","R","BOSS","M","?","?","?","?","E"],"items_purchased_type":["Card","Relic","Card"],"build_version":"2020-12-22","purchased_purges":1,"victory":false,"max_hp_per_floor":[75,75,75,75,75,75,75,75,75,75,75,75,75,75,75,75,75,75,75,75,75,75,75,75],"card_choices":[{"not_picked":["hermit:ItchyTrigger","hermit:Snipe"],"picked":"hermit:Roulette","floor":1.0},{"not_picked":["hermit:CalledShot","hermit:TrackingShot"],"picked":"hermit:ShadowCloak","floor":4.0},{"not_picked":["hermit:SprayPray","hermit:Maintenance"],"picked":"hermit:Adapt","floor":7.0},{"not_picked":["hermit:WideOpen","hermit:SprayPray"],"picked":"hermit:BigShot","floor":8.0},{"not_picked":["hermit:Dive","hermit:LowProfile"],"picked":"hermit:EternalForm","floor":10.0},{"not_picked":["hermit:LuckOfTheDraw","hermit:LowProfile"],"picked":"hermit:Spite","floor":14.0},{"not_picked":["hermit:Gambit","hermit:Magnum"],"picked":"hermit:RoundhouseKick","floor":16},{"not_picked":["hermit:Roulette","hermit:Headshot+1"],"picked":"hermit:EyeOfTheStorm+1","floor":18}],"player_experience":442506,"relics_obtained":[{"floor":3.0,"key":"Mummified Hand"},{"floor":7.0,"key":"Akabeko"},{"floor":9.0,"key":"War Paint"},{"floor":14.0,"key":"Omamori"},{"floor":22,"key":"Ancient Tea Set"}],"event_choices":[{"damage_healed":0.0,"max_hp_gain":0.0,"max_hp_loss":0.0,"gold_gain":0.0,"event_name":"Scrap Ooze","player_choice":"Success","floor":2.0,"gold_loss":0.0,"damage_taken":25.0,"relics_obtained":["Juzu Bracelet"]},{"damage_healed":0.0,"max_hp_gain":0.0,"max_hp_loss":0.0,"gold_gain":175.0,"event_name":"Liars Game","player_choice":"AGREE","floor":11.0,"gold_loss":0.0,"damage_taken":0.0,"cards_obtained":["Doubt"]},{"damage_healed":0,"gold_gain":0,"player_choice":"Inject Mutagens","damage_taken":0,"relics_obtained":["MutagenicStrength"],"max_hp_gain":0,"max_hp_loss":0,"event_name":"Drug Dealer","floor":19,"gold_loss":0},{"damage_healed":25,"gold_gain":0,"player_choice":"Heal","damage_taken":0,"max_hp_gain":0,"max_hp_loss":0,"event_name":"The Library","floor":20,"gold_loss":0},{"damage_healed":0,"gold_gain":0,"player_choice":"Ignored","damage_taken":0,"max_hp_gain":0,"max_hp_loss":0,"event_name":"Vampires","floor":21,"gold_loss":0}],"is_beta":false,"boss_relics":[{"not_picked":["hermit:DentedPlate","Ectoplasm"],"picked":"Philosopher\u0027s Stone"}],"items_purged_floors":[13],"is_endless":false,"potions_floor_spawned":[7,16],"killed_by":"Book of Stabbing","ascension_level":7}}