{"host":"sav7uxregyirlf69","time":1609318628,"event":{"mods":["AchievementEnabler","BaseMod","Colored Map","DeckTracker","Keyboard Shortcuts","Minty Spire (QoL Compilation)","READ ME - Guardian Mod","StSLib","SuperFastMode"],"gold_per_floor":[111,161,86,100,116,116,150,150,150,150,50,50,66,80,80,80,80],"floor_reached":16,"playtime":215,"items_purged":["Strike_G","Strike_G"],"score":200,"play_id":"6a63ec09-1a8f-40bf-b1ec-c3a8dca62b87","local_time":"20201230175708","is_ascension_mode":true,"campfire_choices":[{"data":"Footwork","floor":6.0,"key":"SMITH"},{"floor":8.0,"key":"REST"},{"data":"Strike_G","floor":10.0,"key":"PURGE"},{"data":"Dagger Throw","floor":15.0,"key":"SMITH"}],"circlet_count":0,"master_deck":["AscendersBane","Strike_G","Defend_G","Defend_G","Defend_G","Survivor","Neutralize","Caltrops","Die Die Die","Dagger Spray","Footwork+1","Blur","Dagger Throw+1","Calculated Gamble"],"relics":["Ring of the Snake","Peace Pipe","Mercury Hourglass"],"acts_visited":["Exordium"],"potions_floor_usage":[16],"damage_taken":[{"damage":1.0,"enemies":"Jaw Worm","floor":1.0,"turns":5.0},{"damage":1.0,"enemies":"Cultist","floor":4.0,"turns":4.0},{"damage":9.0,"enemies":"2 Louse","floor":5.0,"turns":3.0},{"damage":30.0,"enemies":"Gremlin Nob","floor":7.0,"turns":6.0},{"damage":0.0,"enemies":"Large Slime","floor":13.0,"turns":7.0},{"damage":0.0,"enemies":"Lots of Slimes","floor":14.0,"turns":1.0},{"damage":32,"enemies":"Slime Boss","floor":16,"turns":6}],"seed_played":"8903088092532581109","potions_obtained":[{"floor":1.0,"key":"SpeedPotion"},{"floor":5.0,"key":"Explosive Potion"},{"floor":7.0,"key":"BlessingOfTheForge"}],"is_trial":false,"path_per_floor":["M","?","$","M","M","R","E","R","T","R","$","?","M","M","R","B"],"character_chosen":"THE_SILENT","items_purchased":[],"campfire_rested":1,"item_purchase_floors":[],"current_hp_per_floor":[58,52,52,51,42,42,12,30,30,30,30,23,23,23,23,0,0],"gold":80,"neow_bonus":"TRANSFORM_TWO_CARDS","is_daily":false,"chose_seed":false,"campfire_upgraded":2,"win_rate":0.0,"timestamp":1609318628,"path_taken":["M","?","$","M","?","R","E","R","T","R","?","?","M","M","R","BOSS"],"items_purchased_type":[],"build_version":"2020-12-22","purchased_purges":2,"victory":false,"max_hp_per_floor":[60,60,60,60,60,60,60,60,60,60,60,60,60,60,60,60,60],"card_choices":[{"not_picked":["Deadly Poison","Well Laid Plans"],"picked":"Dagger Spray","floor":1.0},{"not_picked":["Expertise","Caltrops"],"picked":"Footwork","floor":4.0},{"not_picked":["Eviscerate","Catalyst"],"picked":"Blur","floor":5.0},{"not_picked":["Bouncing Flask","PiercingWail"],"picked":"Dagger Throw","floor":7.0},{"not_picked":["Distraction","Deflect","Bane"],"picked":"SKIP","floor":13.0},{"not_picked":["Outmaneuver","Catalyst"],"picked":"Calculated Gamble","floor":14.0}],"player_experience":1070703,"relics_obtained":[{"floor":7.0,"key":"Peace Pipe"},{"floor":9.0,"key":"Mercury Hourglass"}],"event_choices":[{"damage_healed":0.0,"max_hp_gain":0.0,"max_hp_loss":0.0,"gold_gain":50.0,"event_name":"FaceTrader","player_choice":"Touch","floor":2.0,"gold_loss":0.0,"damage_taken":6.0},{"cards_removed":["Defend_G"],"damage_healed":0.0,"max_hp_gain":0.0,"max_hp_loss":0.0,"gold_gain":0.0,"event_name":"Golden Wing","player_choice":"Card Removal","floor":12.0,"gold_loss":0.0,"damage_taken":7.0}],"is_beta":false,"boss_relics":[],"items_purged_floors":[3,11],"is_endless":false,"potions_floor_spawned":[1,5,7],"killed_by":"Slime Boss","ascension_level":20}}