{"host":"7v9t59ze4jbx2rzq","time":1609358819,"event":{"mods":["BaseMod","Downfall","Highlight Path","Minty Spire (QoL Compilation)","Spicy Shops","StSLib","The Caster","The Hydrologist","The Marked","Wide Potions"],"gold_per_floor":[99,113,213,213,130,142,142,142,161,177,204,41,41,52,70,170,170,170,188,202,202,220,54,79,179,179,179],"floor_reached":26,"playtime":3774,"items_purged":[],"score":198,"play_id":"dc8a11e8-1999-4eb2-9580-3582bffe163c","local_time":"20201230150659","is_ascension_mode":false,"campfire_choices":[{"data":"bronze:Goto","floor":1,"key":"SMITH"},{"data":"bronze:SpaghettiCode","floor":13,"key":"SMITH"},{"data":"bronze:Hardcode","floor":18,"key":"SMITH"}],"circlet_count":0,"master_deck":["bronze:Replicate","bronze:Goto+1","bronze:WildBeam","bronze:NullPointer+1","bronze:Branch","bronze:Invalidate","bronze:Terminator","bronze:Spike+1","bronze:Explode","bronze:FollowUp","bronze:Branch","bronze:DelayedGuard","bronze:WhirlingStrike","bronze:BronzeArmor","bronze:SpaghettiCode+1","bronze:Separator","bronze:Assembly","bronze:HyperBeam","bronze:Shield","bronze:Repulsor","bronze:Hardcode+1","bronze:NullPointer","bronze:ClassDefault","bronze:HardenedForm","bronze:FineTuning","bronze:ThunderWave","bronze:Iterate","bronze:FollowUp","bronze:Boost","bronze:CutThrough","bronze:DelayedSlice"],"relics":["bronze:BronzeCore","Omamori","Shuriken","Odd Mushroom","Pandora\u0027s Box","Potion Belt","Whetstone","Bird Faced Urn","Sundial"],"acts_visited":["Exordium","TheCity"],"potions_floor_usage":[16,16,25],"damage_taken":[{"damage":0,"enemies":"Small Slimes","floor":2,"turns":4},{"damage":5,"enemies":"downfall:FleeingMerchant","floor":5,"turns":4},{"damage":0,"enemies":"Jaw Worm","floor":6,"turns":2},{"damage":0,"enemies":"Jaw Worm","floor":8,"turns":5},{"damage":0,"enemies":"2 Louse","floor":9,"turns":2},{"damage":7,"enemies":"Blue Slaver","floor":10,"turns":3},{"damage":2,"enemies":"The Mushroom Lair","floor":11,"turns":2},{"damage":2,"enemies":"downfall:FleeingMerchant","floor":12,"turns":4},{"damage":0,"enemies":"Exordium Wildlife","floor":14,"turns":1},{"damage":10,"enemies":"Lots of Slimes","floor":15,"turns":4},{"damage":5,"enemies":"downfall:Ironclad","floor":16,"turns":6},{"damage":2,"enemies":"Spheric Guardian","floor":19,"turns":4},{"damage":2,"enemies":"Chosen","floor":20,"turns":4},{"damage":34,"enemies":"Snecko","floor":22,"turns":7},{"damage":0,"enemies":"downfall:FleeingMerchant","floor":23,"turns":4},{"damage":22,"enemies":"downfall:Defect","floor":25,"turns":6},{"damage":21,"enemies":"Snake Plant","floor":26,"turns":2}],"seed_played":"5812196200218838278","potions_obtained":[{"floor":2,"key":"PowerPotion"},{"floor":6,"key":"hexamod:EctoCoolerPotion"},{"floor":22,"key":"Fire Potion"}],"is_trial":false,"path_per_floor":["R","M","?","?","$","M","T","?","M","M","?","$","R","M","M","B",null,"R","M","M","?","M","$","T","?","M"],"character_chosen":"THE_AUTOMATON","items_purchased":["bronze:Branch","bronze:Invalidate","bronze:SpaghettiCode","Potion Belt"],"campfire_rested":0,"item_purchase_floors":[5,5,12,23],"current_hp_per_floor":[77,77,77,74,69,69,69,69,69,62,60,58,58,58,48,43,77,77,75,73,73,39,39,39,17,0,0],"gold":179,"neow_bonus":"TEN_PERCENT_HP_BONUS","is_daily":false,"chose_seed":false,"campfire_upgraded":3,"win_rate":0.0,"timestamp":1609358819,"path_taken":["R","M","?","?","$","M","T","?","M","M","?","$","R","?","M","BOSS","R","M","M","?","M","$","T","?","M"],"items_purchased_type":["Card","Card","Card","Relic"],"build_version":"2020-12-22","purchased_purges":0,"victory":false,"max_hp_per_floor":[77,77,77,77,77,77,77,77,77,77,77,77,77,77,77,77,77,77,77,77,77,77,77,77,77,77,77],"card_choices":[{"not_picked":["bronze:Allocate","bronze:Repair"],"picked":"bronze:WildBeam","floor":2},{"not_picked":["bronze:Backtrace","bronze:FollowUp"],"picked":"bronze:NullPointer","floor":5},{"not_picked":["bronze:BronzeArmor","bronze:Refactor"],"picked":"bronze:Terminator","floor":6},{"not_picked":[],"picked":"bronze:Spike","floor":8},{"not_picked":[],"picked":"bronze:Explode","floor":8},{"not_picked":["bronze:Return","bronze:Terminator"],"picked":"bronze:FollowUp","floor":8},{"not_picked":["bronze:Turbo","bronze:MaxOutput"],"picked":"bronze:Branch","floor":9},{"not_picked":["bronze:RecursiveStrike","bronze:Safeguard"],"picked":"bronze:DelayedGuard","floor":10},{"not_picked":["bronze:Return","bronze:Repulsor"],"picked":"bronze:WhirlingStrike","floor":11},{"not_picked":["bronze:Invalidate","bronze:Refactor"],"picked":"bronze:BronzeArmor","floor":12},{"not_picked":["bronze:BronzeOrb","bronze:BugBarrage"],"picked":"bronze:Separator","floor":14},{"not_picked":["bronze:WhirlingStrike","bronze:ForLoop"],"picked":"bronze:Assembly","floor":15},{"not_picked":["bronze:TinkerersToolbox","bronze:ThunderWave"],"picked":"bronze:HyperBeam","floor":16},{"not_picked":["bronze:WhirlingStrike","bronze:RecursiveStrike"],"picked":"bronze:Iterate","floor":19},{"not_picked":["bronze:WildBeam","bronze:Invalidate"],"picked":"bronze:FollowUp","floor":20},{"not_picked":["bronze:FineTuning","bronze:Terminator+1"],"picked":"bronze:Boost","floor":22},{"not_picked":["bronze:Invalidate","bronze:Deprecate"],"picked":"bronze:CutThrough","floor":23},{"not_picked":["bronze:OilSpill+1","bronze:Branch"],"picked":"bronze:DelayedSlice","floor":25}],"player_experience":2293049,"relics_obtained":[{"floor":7,"key":"Shuriken"},{"floor":11,"key":"Odd Mushroom"},{"floor":24,"key":"Whetstone"},{"floor":25,"key":"Bird Faced Urn"},{"floor":25,"key":"Sundial"}],"event_choices":[{"damage_healed":0,"gold_gain":0,"player_choice":"Success","damage_taken":3,"relics_obtained":["Omamori"],"max_hp_gain":0,"max_hp_loss":0,"event_name":"Scrap Ooze","floor":4,"gold_loss":0},{"damage_healed":0,"gold_gain":0,"player_choice":"Fought Mushrooms","damage_taken":0,"max_hp_gain":0,"max_hp_loss":0,"event_name":"Mushrooms","floor":11,"gold_loss":0}],"is_beta":false,"boss_relics":[{"not_picked":["Astrolabe","Snecko Eye"],"picked":"Pandora\u0027s Box"}],"items_purged_floors":[],"is_endless":false,"potions_floor_spawned":[2,6,9,15,22],"killed_by":"Snake Plant","ascension_level":0}}