{"host":"2n2g1vowfllvjtvi","time":1609336843,"event":{"mods":["AchievementEnabler","BaseMod","Custom Start","GifTheSpireLib","Keyboard Shortcuts","Minty Spire (QoL Compilation)","Quick Restart","Rare Cards Sparkle","StSLib","SuperFastMode"],"gold_per_floor":[110,110,110,185,185,216,216,105,105,134,153,184,10,22,22,93,93,106,125,143,683,683,683],"floor_reached":22,"playtime":373,"items_purged":["Strike_R","Strike_R"],"score":441,"play_id":"f9b92aed-12ca-4d86-8f54-dc2474aab069","local_time":"20201230230043","is_ascension_mode":true,"campfire_choices":[{"data":"Wild Strike","floor":7.0,"key":"SMITH"},{"floor":15.0,"key":"REST"}],"circlet_count":0,"master_deck":["AscendersBane","Strike_R+1","Strike_R+1","Defend_R","Defend_R","Defend_R","Bash","Battle Trance","Wild Strike+1","Evolve","Sever Soul","Cleave","Sentinel","Second Wind","Offering","Demon Form"],"relics":["Burning Blood","NeowsBlessing","Question Card","Unceasing Top","Pear","Nunchaku","SlaversCollar"],"acts_visited":["Exordium","TheCity"],"potions_floor_usage":[],"damage_taken":[{"damage":0.0,"enemies":"Cultist","floor":1.0,"turns":1.0},{"damage":0.0,"enemies":"Lagavulin","floor":6.0,"turns":1.0},{"damage":0.0,"enemies":"3 Sentries","floor":10.0,"turns":2.0},{"damage":0.0,"enemies":"Small Slimes","floor":11.0,"turns":3.0},{"damage":35.0,"enemies":"Lagavulin","floor":12.0,"turns":6.0},{"damage":7.0,"enemies":"Jaw Worm","floor":14.0,"turns":4.0},{"damage":21.0,"enemies":"Slime Boss","floor":16.0,"turns":9.0},{"damage":6.0,"enemies":"Spheric Guardian","floor":18.0,"turns":3.0},{"damage":14.0,"enemies":"3 Byrds","floor":19.0,"turns":5.0},{"damage":22.0,"enemies":"Snecko","floor":20.0,"turns":4.0},{"damage":6,"enemies":"Snake Plant","floor":22,"turns":1}],"seed_played":"-4072871840517439836","potions_obtained":[{"floor":1.0,"key":"Ancient Potion"},{"floor":10.0,"key":"BloodPotion"},{"floor":18.0,"key":"Weak Potion"},{"floor":19.0,"key":"Strength Potion"},{"floor":20.0,"key":"CultistPotion"}],"is_trial":false,"path_per_floor":["M","?","?","?","?","E","R","$","T","E","M","E","$","M","R","B",null,"M","M","M","?","M"],"character_chosen":"IRONCLAD","items_purchased":["Evolve","Second Wind"],"campfire_rested":1,"item_purchase_floors":[8,13],"current_hp_per_floor":[74,74,67,56,33,39,39,39,39,55,61,32,32,31,56,41,74,85,77,61,4,0,0],"gold":683,"neow_bonus":"THREE_ENEMY_KILL","is_daily":false,"chose_seed":false,"campfire_upgraded":1,"win_rate":0.0,"timestamp":1609336843,"path_taken":["M","?","?","?","?","E","R","$","T","E","?","E","$","M","R","BOSS","M","M","?","?","M"],"items_purchased_type":["Card","Card"],"build_version":"2020-12-22","purchased_purges":2,"victory":false,"max_hp_per_floor":[75,75,75,75,75,75,75,75,75,85,85,85,85,85,85,85,85,85,85,85,85,85,85],"card_choices":[{"not_picked":["Shrug It Off","Evolve"],"picked":"Battle Trance","floor":1.0},{"not_picked":["Limit Break","Sword Boomerang"],"picked":"Wild Strike","floor":6.0},{"not_picked":["Rupture","Metallicize","Perfected Strike"],"picked":"Sever Soul","floor":10.0},{"not_picked":["Iron Wave","Armaments","Twin Strike"],"picked":"Cleave","floor":11.0},{"not_picked":["Iron Wave","Burning Pact","Clothesline"],"picked":"Sentinel","floor":12.0},{"not_picked":["Thunderclap","Twin Strike","Clash","True Grit"],"picked":"SKIP","floor":14.0},{"not_picked":["Fiend Fire","Corruption","Immolate"],"picked":"Offering","floor":16.0},{"not_picked":["Pummel","Wild Strike","Sword Boomerang","Burning Pact"],"picked":"SKIP","floor":18.0},{"not_picked":["Whirlwind","Metallicize","Warcry","Sever Soul"],"picked":"SKIP","floor":19.0},{"not_picked":["Dual Wield","Headbutt","Body Slam"],"picked":"Demon Form","floor":20.0}],"player_experience":411450,"relics_obtained":[{"floor":6.0,"key":"Question Card"},{"floor":9.0,"key":"Unceasing Top"},{"floor":10.0,"key":"Pear"},{"floor":12.0,"key":"Nunchaku"}],"event_choices":[{"cards_removed":["Strike_R"],"damage_healed":0.0,"max_hp_gain":0.0,"max_hp_loss":0.0,"gold_gain":0.0,"event_name":"Living Wall","player_choice":"Forget","floor":2.0,"gold_loss":0.0,"damage_taken":0.0},{"cards_removed":["Defend_R"],"damage_healed":0.0,"max_hp_gain":0.0,"max_hp_loss":0.0,"gold_gain":0.0,"event_name":"Golden Wing","player_choice":"Card Removal","floor":3.0,"gold_loss":0.0,"damage_taken":7.0},{"damage_healed":0.0,"max_hp_gain":0.0,"max_hp_loss":0.0,"gold_gain":75.0,"event_name":"World of Goop","player_choice":"Gather Gold","floor":4.0,"gold_loss":0.0,"damage_taken":11.0},{"damage_healed":0.0,"max_hp_gain":0.0,"max_hp_loss":0.0,"gold_gain":0.0,"event_name":"Shining Light","player_choice":"Entered Light","floor":5.0,"gold_loss":0.0,"damage_taken":23.0,"cards_upgraded":["Strike_R","Strike_R"]},{"damage_healed":0,"gold_gain":540,"player_choice":"GOLD GOLD GOLD GOLD GOLD GOLD ","damage_taken":57,"max_hp_gain":0,"max_hp_loss":0,"event_name":"Knowing Skull","floor":21,"potions_obtained":[],"gold_loss":0,"cards_obtained":[]}],"is_beta":false,"boss_relics":[{"not_picked":["Ectoplasm","Runic Pyramid"],"picked":"SlaversCollar"}],"items_purged_floors":[8,13],"is_endless":false,"potions_floor_spawned":[1,10,18,19,20],"killed_by":"Snake Plant","ascension_level":15}}