{"host":"uonldg9uriwfhjjx","time":1609301063,"event":{"mods":["AchievementEnabler","BaseMod","Minty Spire (QoL Compilation)","Relic Stats"],"gold_per_floor":[213,44,44,44,44,44,57,57,57,88,88,104,115,150,150,228,228,242,167,27,27,27,27,27],"floor_reached":23,"playtime":396,"items_purged":["Strike_R","Strike_R"],"score":341,"play_id":"e6710065-596a-4108-ab2f-eb1d03cbfb72","local_time":"20201229230423","is_ascension_mode":true,"campfire_choices":[{"data":"Sword Boomerang","floor":6.0,"key":"SMITH"},{"data":"Flex","floor":8.0,"key":"SMITH"},{"data":"Pummel","floor":11.0,"key":"SMITH"},{"data":"Flex","floor":15.0,"key":"SMITH"}],"circlet_count":0,"master_deck":["AscendersBane","Strike_R","Strike_R+1","Defend_R+1","Defend_R","Defend_R","Defend_R","Bash","Sword Boomerang+1","Flex+1","Pummel+1","Flex+1","Pommel Strike","Twin Strike","Flex+1","Inflame"],"relics":["Burning Blood","Lantern","Incense Burner","Singing Bowl","Black Star"],"acts_visited":["Exordium","TheCity"],"potions_floor_usage":[],"damage_taken":[{"damage":11.0,"enemies":"Cultist","floor":1.0,"turns":5.0},{"damage":4.0,"enemies":"Jaw Worm","floor":7.0,"turns":3.0},{"damage":17.0,"enemies":"Gremlin Nob","floor":10.0,"turns":4.0},{"damage":0.0,"enemies":"Small Slimes","floor":12.0,"turns":2.0},{"damage":0.0,"enemies":"Blue Slaver","floor":13.0,"turns":1.0},{"damage":11.0,"enemies":"3 Sentries","floor":14.0,"turns":6.0},{"damage":29.0,"enemies":"Hexaghost","floor":16.0,"turns":9.0},{"damage":23.0,"enemies":"2 Thieves","floor":18.0,"turns":3.0},{"damage":54,"enemies":"Gremlin Leader","floor":23,"turns":4}],"seed_played":"-8690473377298008768","potions_obtained":[{"floor":14.0,"key":"SkillPotion"},{"floor":16.0,"key":"Fruit Juice"}],"is_trial":false,"path_per_floor":["M","$","?","?","$","R","M","R","T","E","R","M","M","E","R","B",null,"M","?","$","?","$","E"],"character_chosen":"IRONCLAD","items_purchased":["Flex","Pummel","Inflame"],"campfire_rested":0,"item_purchase_floors":[2,2,20],"current_hp_per_floor":[63,63,40,40,40,40,42,42,42,31,31,37,43,40,40,24,69,54,54,54,54,54,0,0],"gold":27,"neow_bonus":"HUNDRED_GOLD","is_daily":false,"chose_seed":false,"campfire_upgraded":4,"win_rate":0.0,"timestamp":1609301063,"path_taken":["M","?","?","?","$","R","?","R","T","E","R","M","M","E","R","BOSS","M","?","$","?","$","E"],"items_purchased_type":["Card","Card","Card"],"build_version":"2020-12-22","purchased_purges":2,"victory":false,"max_hp_per_floor":[75,75,75,75,75,75,75,75,75,75,75,75,75,77,77,84,84,86,86,86,86,86,86,86],"relic_stats":{"Singing Bowl":6,"counters":[9,37],"Black Star":0,"obtain_stats":[{"Lantern":9,"Singing Bowl":14,"Incense Burner":10,"Black Star":17,"Burning Blood":0},{"Lantern":2,"Singing Bowl":6,"Incense Burner":3,"Black Star":7,"Burning Blood":0},{"Lantern":8,"Singing Bowl":21,"Incense Burner":12,"Black Star":30,"Burning Blood":0}],"Burning Blood":48},"card_choices":[{"not_picked":["Blood for Blood","Havoc"],"picked":"Sword Boomerang","floor":1.0},{"not_picked":["Havoc","Dropkick"],"picked":"Flex","floor":7.0},{"not_picked":["Double Tap","Cleave"],"picked":"Pommel Strike","floor":10.0},{"not_picked":["Thunderclap","Reckless Charge"],"picked":"Twin Strike","floor":12.0},{"not_picked":["Headbutt","Second Wind"],"picked":"Flex","floor":13.0},{"not_picked":["Rampage","Reckless Charge","Whirlwind"],"picked":"Singing Bowl","floor":14.0},{"not_picked":["Barricade","Corruption","Double Tap"],"picked":"Singing Bowl","floor":16.0},{"not_picked":["Body Slam","Pommel Strike","Spot Weakness"],"picked":"Singing Bowl","floor":18.0}],"player_experience":674509,"relics_obtained":[{"floor":9.0,"key":"Lantern"},{"floor":10.0,"key":"Incense Burner"},{"floor":14.0,"key":"Singing Bowl"}],"event_choices":[{"damage_healed":0.0,"max_hp_gain":0.0,"max_hp_loss":0.0,"gold_gain":0.0,"event_name":"Shining Light","player_choice":"Entered Light","floor":3.0,"gold_loss":0.0,"damage_taken":23.0,"cards_upgraded":["Defend_R","Strike_R"]},{"damage_healed":0.0,"max_hp_gain":0.0,"max_hp_loss":0.0,"gold_gain":0.0,"event_name":"Accursed Blacksmith","player_choice":"Forge","floor":4.0,"gold_loss":0.0,"damage_taken":0.0,"cards_upgraded":["Flex"]},{"cards_removed":["Strike_R"],"damage_healed":0.0,"max_hp_gain":0.0,"max_hp_loss":0.0,"gold_gain":0.0,"event_name":"Beggar","player_choice":"Gave Gold","floor":19.0,"gold_loss":75.0,"damage_taken":0.0},{"damage_healed":0.0,"max_hp_gain":0.0,"max_hp_loss":0.0,"gold_gain":0.0,"event_name":"Vampires","player_choice":"Ignored","floor":21.0,"gold_loss":0.0,"damage_taken":0.0}],"is_beta":false,"boss_relics":[{"not_picked":["Cursed Key","Runic Cube"],"picked":"Black Star"}],"items_purged_floors":[2,20],"is_endless":false,"potions_floor_spawned":[14,16],"killed_by":"Gremlin Leader","ascension_level":15}}