{"host":"dvpvhz1t6etneyb3","time":1609356022,"event":{"mods":["AchievementEnabler","BaseMod","Colored Map","Highlight Path","Minty Spire (QoL Compilation)","Permanent Neow","Quick Restart"],"gold_per_floor":[119,130,140,151,151,185,22,22,22,56,75,75,85,98,98,169,169,139,139,153,153,153,153,171,171,197,218,245,245,264,284,284,364,373,392,152,178,178,178,209,209,209,209],"floor_reached":42,"playtime":5900,"items_purged":["Strike_R"],"score":920,"play_id":"6dab0e04-0fac-43d7-80be-e2fac84997f0","local_time":"20201230142022","is_ascension_mode":true,"campfire_choices":[{"data":"Offering","floor":8.0,"key":"SMITH"},{"data":"Shockwave","floor":15.0,"key":"SMITH"},{"data":"Corruption","floor":23.0,"key":"SMITH"},{"floor":25.0,"key":"REST"},{"data":"Demon Form","floor":29.0,"key":"SMITH"},{"floor":32.0,"key":"REST"},{"data":"Dark Embrace","floor":41.0,"key":"SMITH"}],"circlet_count":0,"master_deck":["AscendersBane","Strike_R","Strike_R","Defend_R","Defend_R","Defend_R","Defend_R","Bash","Apotheosis+1","Shockwave+1","Wild Strike","Fire Breathing","Sword Boomerang","Offering+1","Carnage","Demon Form+1","Corruption+1","Dark Embrace+1","Seeing Red","Double Tap","Burning Pact","Feel No Pain+1","Heavy Blade","Limit Break","CurseOfTheBell","Flex+1","Pommel Strike+1"],"relics":["Burning Blood","StoneCalendar","Calipers","FossilizedHelix","Philosopher\u0027s Stone","CeramicFish","Eternal Feather","Calling Bell","Oddly Smooth Stone","Toxic Egg 2","Prayer Wheel","Strange Spoon","Nunchaku"],"acts_visited":["Exordium","TheCity","TheBeyond"],"potions_floor_usage":[42,42],"damage_taken":[{"damage":1.0,"enemies":"Cultist","floor":1.0,"turns":3.0},{"damage":1.0,"enemies":"Small Slimes","floor":2.0,"turns":5.0},{"damage":5.0,"enemies":"Jaw Worm","floor":3.0,"turns":5.0},{"damage":14.0,"enemies":"Gremlin Gang","floor":4.0,"turns":8.0},{"damage":14.0,"enemies":"3 Sentries","floor":6.0,"turns":5.0},{"damage":8.0,"enemies":"Gremlin Nob","floor":10.0,"turns":3.0},{"damage":1.0,"enemies":"Blue Slaver","floor":11.0,"turns":3.0},{"damage":0.0,"enemies":"2 Fungi Beasts","floor":13.0,"turns":4.0},{"damage":4.0,"enemies":"Exordium Wildlife","floor":14.0,"turns":3.0},{"damage":30.0,"enemies":"Hexaghost","floor":16.0,"turns":7.0},{"damage":19.0,"enemies":"2 Thieves","floor":18.0,"turns":4.0},{"damage":18.0,"enemies":"Chosen","floor":20.0,"turns":4.0},{"damage":18.0,"enemies":"Snake Plant","floor":24.0,"turns":3.0},{"damage":14.0,"enemies":"Cultist and Chosen","floor":27.0,"turns":4.0},{"damage":22.0,"enemies":"Gremlin Leader","floor":28.0,"turns":5.0},{"damage":3.0,"enemies":"Snecko","floor":30.0,"turns":3.0},{"damage":25.0,"enemies":"Chosen and Byrds","floor":31.0,"turns":4.0},{"damage":14.0,"enemies":"Collector","floor":33.0,"turns":6.0},{"damage":0.0,"enemies":"3 Darklings","floor":35.0,"turns":5.0},{"damage":7.0,"enemies":"Orb Walker","floor":37.0,"turns":3.0},{"damage":16.0,"enemies":"Nemesis","floor":40.0,"turns":5.0},{"damage":103,"enemies":"Reptomancer","floor":42,"turns":3}],"seed_played":"9135772326137172565","potions_obtained":[{"floor":2.0,"key":"LiquidBronze"},{"floor":6.0,"key":"PowerPotion"},{"floor":10.0,"key":"Regen Potion"},{"floor":20.0,"key":"LiquidMemories"},{"floor":27.0,"key":"Fruit Juice"},{"floor":28.0,"key":"Strength Potion"},{"floor":33.0,"key":"BloodPotion"}],"is_trial":false,"path_per_floor":["M","M","M","M","?","E","$","R","T","E","M","?","M","M","R","B",null,"M","?","M","?","?","R","M","R","T","M","E","R","M","M","R","B",null,"M","$","M","?","?","E","R","E"],"character_chosen":"IRONCLAD","items_purchased":["Offering","Strange Spoon"],"campfire_rested":2,"item_purchase_floors":[7,36],"current_hp_per_floor":[68,68,68,60,60,52,52,52,52,50,55,55,61,63,63,39,61,48,48,36,36,36,36,24,44,44,36,34,46,49,30,62,59,70,73,73,72,69,69,59,69,0,0],"gold":209,"neow_bonus":"RANDOM_COLORLESS_2","is_daily":false,"chose_seed":false,"campfire_upgraded":5,"win_rate":0.0,"timestamp":1609356022,"path_taken":["M","M","?","M","?","E","$","R","T","E","M","?","M","M","R","BOSS","M","?","?","?","?","R","?","R","T","M","E","R","M","M","R","BOSS","M","$","?","?","?","E","R","E"],"items_purchased_type":["Card","Relic"],"build_version":"2020-12-22","purchased_purges":1,"victory":false,"max_hp_per_floor":[68,68,68,68,68,68,68,68,68,68,68,68,68,68,68,68,68,68,68,68,68,68,68,68,68,68,68,68,68,68,68,68,73,73,73,73,73,69,69,69,69,69,69],"card_choices":[{"not_picked":["Transmutation","Master of Strategy"],"picked":"Apotheosis","floor":0.0},{"not_picked":["Dark Embrace","Headbutt","Clash"],"picked":"SKIP","floor":1.0},{"not_picked":["Twin Strike","Infernal Blade"],"picked":"Shockwave","floor":2.0},{"not_picked":["Disarm","Bloodletting"],"picked":"Wild Strike","floor":3.0},{"not_picked":["Iron Wave","Armaments"],"picked":"Fire Breathing","floor":4.0},{"not_picked":["Body Slam","Second Wind"],"picked":"Sword Boomerang","floor":6.0},{"not_picked":["Fire Breathing","Dual Wield","Brutality"],"picked":"SKIP","floor":10.0},{"not_picked":["Anger","Hemokinesis","Wild Strike"],"picked":"SKIP","floor":11.0},{"not_picked":["True Grit","Headbutt"],"picked":"Carnage","floor":13.0},{"not_picked":["Headbutt","Searing Blow","Clash"],"picked":"SKIP","floor":14.0},{"not_picked":["Impervious","Limit Break"],"picked":"Demon Form","floor":16.0},{"not_picked":["Havoc","Iron Wave","Twin Strike"],"picked":"SKIP","floor":18.0},{"not_picked":["Disarm","Rampage"],"picked":"Dark Embrace","floor":20.0},{"not_picked":["Clothesline","Thunderclap","Intimidate"],"picked":"SKIP","floor":24.0},{"not_picked":["Pommel Strike","Anger"],"picked":"Burning Pact","floor":27.0},{"not_picked":["Clash","Hemokinesis","Disarm"],"picked":"SKIP","floor":28.0},{"not_picked":["Iron Wave","Clash"],"picked":"Feel No Pain+1","floor":30.0},{"not_picked":["Perfected Strike","Pommel Strike"],"picked":"Heavy Blade","floor":31.0},{"not_picked":["Double Tap","Bludgeon"],"picked":"Limit Break","floor":33.0},{"not_picked":["Headbutt+1","Metallicize"],"picked":"Flex+1","floor":35.0},{"not_picked":["Uppercut","Warcry+1","Cleave"],"picked":"SKIP","floor":35.0},{"not_picked":["Sword Boomerang","Flex+1"],"picked":"Pommel Strike+1","floor":37.0},{"not_picked":["Pommel Strike","Headbutt","Wild Strike"],"picked":"SKIP","floor":37.0},{"not_picked":["Perfected Strike","Clash","Power Through+1"],"picked":"SKIP","floor":40.0}],"player_experience":2016555,"relics_obtained":[{"floor":6.0,"key":"StoneCalendar"},{"floor":9.0,"key":"Calipers"},{"floor":10.0,"key":"FossilizedHelix"},{"floor":26.0,"key":"CeramicFish"},{"floor":28.0,"key":"Eternal Feather"},{"floor":34.0,"key":"Oddly Smooth Stone"},{"floor":34.0,"key":"Toxic Egg 2"},{"floor":34.0,"key":"Prayer Wheel"},{"floor":40.0,"key":"Nunchaku"}],"event_choices":[{"damage_healed":0.0,"max_hp_gain":0.0,"max_hp_loss":0.0,"gold_gain":0.0,"event_name":"Living Wall","player_choice":"Grow","floor":5.0,"gold_loss":0.0,"damage_taken":0.0,"cards_upgraded":["Apotheosis"]},{"damage_healed":0.0,"max_hp_gain":0.0,"max_hp_loss":0.0,"gold_gain":0.0,"event_name":"Liars Game","player_choice":"Ignored","floor":12.0,"gold_loss":0.0,"damage_taken":0.0},{"damage_healed":0.0,"max_hp_gain":0.0,"max_hp_loss":0.0,"gold_gain":0.0,"event_name":"Match and Keep!","player_choice":"1 cards matched","floor":19.0,"gold_loss":0.0,"damage_taken":0.0,"cards_obtained":["Corruption"]},{"damage_healed":0.0,"max_hp_gain":0.0,"max_hp_loss":0.0,"gold_gain":0.0,"cards_transformed":["Strike_R","Strike_R"],"event_name":"Drug Dealer","player_choice":"Became Test Subject","floor":21.0,"gold_loss":0.0,"damage_taken":0.0,"cards_obtained":["Seeing Red","Double Tap"]},{"damage_healed":0.0,"max_hp_gain":0.0,"max_hp_loss":0.0,"gold_gain":0.0,"event_name":"The Mausoleum","player_choice":"Ignored","floor":22.0,"gold_loss":0.0,"damage_taken":0.0},{"damage_healed":0.0,"max_hp_gain":0.0,"max_hp_loss":4.0,"gold_gain":0.0,"event_name":"Winding Halls","player_choice":"Max HP","floor":38.0,"gold_loss":0.0,"damage_taken":0.0},{"damage_healed":0.0,"max_hp_gain":0.0,"max_hp_loss":0.0,"gold_gain":0.0,"event_name":"Lab","player_choice":"Got Potions","floor":39.0,"gold_loss":0.0,"damage_taken":0.0}],"is_beta":false,"boss_relics":[{"not_picked":["Pandora\u0027s Box","Black Blood"],"picked":"Philosopher\u0027s Stone"},{"not_picked":["Runic Dome","Velvet Choker"],"picked":"Calling Bell"}],"items_purged_floors":[36],"is_endless":false,"potions_floor_spawned":[2,6,10,20,27,28,33,35,40],"killed_by":"Reptomancer","ascension_level":20}}