{"host":"ye7dkdlypz0ka1od","time":1609301501,"event":{"mods":["Act Like it!","Aspiration","BaseMod","Better Third Choice","Downfall","Gensokyo","Hallownest","Hubris","Infinite Spire","Minty Spire (QoL Compilation)","StSLib","The Exalted"],"gold_per_floor":[217,89,89,106,126,126,139,139,139,154,154,166,166,341,341,440,440,460,460,460,460,460],"floor_reached":21,"playtime":824,"items_purged":["Bromod:Strike_Bro"],"score":169,"play_id":"578cb88b-c265-4532-86ef-eafd83081d5b","local_time":"20201229231141","is_ascension_mode":false,"campfire_choices":[{"data":"Bromod:Vitality","floor":6,"key":"SMITH"},{"data":"Bromod:SlashDash","floor":8,"key":"SMITH"},{"data":"Bromod:FastHands","floor":11,"key":"SMITH"},{"data":"Bromod:ReflexCoil","floor":15,"key":"SMITH"}],"circlet_count":0,"master_deck":["Bromod:Strike_Bro","Bromod:Strike_Bro","Bromod:Defend_Bro","Bromod:Defend_Bro","Bromod:Defend_Bro","Bromod:Defend_Bro","Bromod:SlashDash+1","Bromod:SlashDash","Bromod:SlashDash","Bromod:QuickDraw","Bromod:Vitality+1","Bromod:SlipMagazine","Bromod:FastHands+1","Bromod:ReflexCoil+1","Injury","Doubt","Bromod:Frostbite+1","Bromod:Stormbringer+1"],"relics":["Bromod:Ordis","Bromod:AscarisDevice","Blood Vial","Frozen Egg 2","Philosopher\u0027s Stone"],"acts_visited":["Exordium","TheCity"],"potions_floor_usage":[7,12,16,16,21],"damage_taken":[{"damage":0,"enemies":"Small Slimes","floor":1,"turns":3},{"damage":0,"enemies":"Cultist","floor":4,"turns":3},{"damage":0,"enemies":"Jaw Worm","floor":5,"turns":4},{"damage":1,"enemies":"3 Louse","floor":7,"turns":3},{"damage":0,"enemies":"Looter","floor":10,"turns":2},{"damage":1,"enemies":"Large Slime","floor":12,"turns":5},{"damage":44,"enemies":"Slime Boss","floor":16,"turns":22},{"damage":40,"enemies":"Spheric Guardian","floor":18,"turns":10},{"damage":25,"enemies":"3 Byrds","floor":21,"turns":4}],"seed_played":"-140123032567195044","potions_obtained":[{"floor":3,"key":"SteroidPotion"},{"floor":3,"key":"Bromod:EnergyRestore"},{"floor":3,"key":"sneckomod:MuddlingPotion"},{"floor":7,"key":"Explosive Potion"},{"floor":12,"key":"Bromod:Endo"},{"floor":16,"key":"Dexterity Potion"},{"floor":18,"key":"Bromod:ClemClone"}],"is_trial":false,"path_per_floor":["M","$","?","M","M","R","M","R","T","M","R","M","?","?","R","B",null,"M","?","?","M"],"character_chosen":"THE_EXALTED","items_purchased":["Bromod:Vitality"],"campfire_rested":0,"item_purchase_floors":[2],"current_hp_per_floor":[75,75,75,75,75,75,74,74,74,75,75,74,74,74,74,31,75,35,35,21,0,0],"gold":460,"neow_bonus":"HUNDRED_GOLD","is_daily":false,"chose_seed":false,"campfire_upgraded":4,"win_rate":0.0,"timestamp":1609301501,"path_taken":["M","$","?","M","M","R","M","R","T","M","R","?","?","?","R","BOSS","M","?","?","M"],"items_purchased_type":["Card"],"build_version":"2020-12-22","purchased_purges":1,"victory":false,"max_hp_per_floor":[75,75,75,75,75,75,75,75,75,75,75,75,75,75,75,75,75,75,75,80,80,80],"card_choices":[{"not_picked":["Bromod:SlipMagazine","Bromod:Rejuvenation"],"picked":"Bromod:QuickDraw","floor":1},{"not_picked":["Bromod:OrganShatter","Bromod:PressurePoint"],"picked":"Bromod:SlipMagazine","floor":4},{"not_picked":["Bromod:SteelFiber","Bromod:Redirection","Bromod:OrganShatter"],"picked":"SKIP","floor":5},{"not_picked":["Bromod:TargetCracker","Bromod:BulletJump","Bromod:OrganShatter"],"picked":"SKIP","floor":7},{"not_picked":["Bromod:PointBlank","Bromod:OrganShatter"],"picked":"Bromod:FastHands","floor":10},{"not_picked":["Bromod:PointStrike","Bromod:BodyCount"],"picked":"Bromod:ReflexCoil","floor":12},{"not_picked":["Bromod:Flow","Bromod:LifeStrike"],"picked":"Bromod:Frostbite","floor":16},{"not_picked":["Bromod:Redirection+1","Bromod:OrganShatter+1"],"picked":"Bromod:Stormbringer+1","floor":18}],"player_experience":1431919,"relics_obtained":[{"floor":9,"key":"Blood Vial"}],"event_choices":[{"damage_healed":0,"gold_gain":0,"player_choice":"Got Potions","damage_taken":0,"max_hp_gain":0,"max_hp_loss":0,"event_name":"Lab","floor":3,"gold_loss":0},{"damage_healed":0,"gold_gain":175,"player_choice":"AGREE","damage_taken":166,"max_hp_gain":0,"max_hp_loss":0,"event_name":"betterThird:BetterSerpent","floor":14,"gold_loss":0},{"damage_healed":0,"gold_gain":0,"player_choice":"Shed Blood","damage_taken":19,"max_hp_gain":5,"max_hp_loss":0,"event_name":"Forgotten Altar","floor":20,"gold_loss":0}],"is_beta":false,"boss_relics":[{"not_picked":["infinitespire:Cupcake","Runic Dome"],"picked":"Philosopher\u0027s Stone"}],"items_purged_floors":[2],"is_endless":false,"potions_floor_spawned":[7,10,12,16,18],"killed_by":"3 Byrds","ascension_level":0}}