{"host":"a1u4jo6xlg3w0wsm","time":1609331458,"event":{"mods":["BaseMod","Better Third Choice","DeckTracker","Downfall","Hermit","Hubris","Minty Spire (QoL Compilation)","Rare Cards Sparkle","Replay The Spire","StSLib"],"gold_per_floor":[118,70,70,81,356,389,399,414,414,449,449,40,74,88,88,191,191,203,218,218,218,218,218],"floor_reached":22,"playtime":1394,"items_purged":[],"score":252,"play_id":"2c760513-4421-4f50-95d0-3c2853ced641","local_time":"20201231013058","is_ascension_mode":true,"campfire_choices":[{"data":"hermit:Showdown","floor":11,"key":"SMITH"},{"floor":15,"key":"REST"}],"circlet_count":0,"master_deck":["hermit:Strike_Hermit","hermit:Strike_Hermit","hermit:Strike_Hermit","hermit:Strike_Hermit","hermit:Defend_Hermit","hermit:Defend_Hermit","hermit:Defend_Hermit","hermit:Defend_Hermit","hermit:Snapshot","hermit:Covet","hermit:Malice+1","hermit:Quickdraw","hermit:Showdown+1","Regret","hermit:ShadowCloak","hermit:FlashPowder","hermit:Manifest","hermit:Malice","hermit:Spite","hermit:Shortfuse","hermit:BodyArmor","hermit:Quickdraw","hermit:HighNoon","hermit:ShadowCloak","hermit:Strike_Hermit"],"relics":["hermit:Momento","NeowsBlessing","TungstenRod","Replay:Kaleidoscope","Pet Ghost","ReplayTheSpireMod:Lightbulb","Potion Belt","hubris:ScarierMask"],"acts_visited":["Exordium","TheCity"],"potions_floor_usage":[10,10,13,18],"damage_taken":[{"damage":0,"enemies":"2 Louse","floor":1,"turns":1},{"damage":0,"enemies":"Jaw Worm","floor":4,"turns":1},{"damage":0,"enemies":"Gremlin Nob","floor":6,"turns":1},{"damage":5,"enemies":"Cultist","floor":7,"turns":4},{"damage":7,"enemies":"Exordium Thugs","floor":8,"turns":5},{"damage":11,"enemies":"Lagavulin","floor":10,"turns":6},{"damage":23,"enemies":"Gremlin Nob","floor":13,"turns":6},{"damage":0,"enemies":"Red Slaver","floor":14,"turns":2},{"damage":19,"enemies":"Hexaghost","floor":16,"turns":14},{"damage":11,"enemies":"Shell Parasite","floor":18,"turns":7},{"damage":7,"enemies":"Chosen","floor":19,"turns":6},{"damage":26,"enemies":"Snake Plant","floor":22,"turns":4}],"seed_played":"454523921810921208","potions_obtained":[{"floor":4,"key":"hermit:Tonic"},{"floor":7,"key":"Slimebound:ThreeZeroPotion"},{"floor":16,"key":"champ:CounterPotion"}],"is_trial":false,"path_per_floor":["M","$","?","M","?","E","M","M","T","E","R","$","E","M","R","B",null,"M","M","$","?","M"],"character_chosen":"HERMIT","items_purchased":["hermit:Quickdraw","hermit:Spite","hermit:Shortfuse","ReplayTheSpireMod:Lightbulb","SkillPotion"],"campfire_rested":1,"item_purchase_floors":[2,12,12,12,12],"current_hp_per_floor":[75,75,75,75,75,75,70,63,63,52,52,52,29,29,51,32,75,64,57,57,57,31,31],"gold":218,"neow_bonus":"THREE_ENEMY_KILL","is_daily":false,"chose_seed":false,"campfire_upgraded":1,"win_rate":0.0,"timestamp":1609331458,"path_taken":["M","$","?","M","?","E","M","?","T","E","R","?","E","M","R","BOSS","M","M","$","?","M"],"items_purchased_type":["Card","Card","Card","Relic","Potion"],"build_version":"2020-12-13","purchased_purges":0,"victory":false,"max_hp_per_floor":[75,75,75,75,75,75,75,75,75,75,75,75,75,75,75,75,75,75,75,75,75,75,75],"card_choices":[{"not_picked":["hermit:Misfire","hermit:CalledShot"],"picked":"hermit:Malice","floor":1},{"not_picked":["hermit:TakeCover","hermit:Virtue"],"picked":"hermit:Showdown","floor":4},{"not_picked":["hermit:Manifest","hermit:RoundhouseKick"],"picked":"hermit:ShadowCloak","floor":6},{"not_picked":["hermit:Glare","hermit:ItchyTrigger"],"picked":"hermit:FlashPowder","floor":7},{"not_picked":["hermit:Brawl","hermit:Coalescence"],"picked":"hermit:Manifest","floor":8},{"not_picked":["hermit:Deadeye","hermit:DeadMansHand"],"picked":"hermit:Malice","floor":10},{"not_picked":["hermit:LoneWolf","hermit:Ricochet"],"picked":"hermit:BodyArmor","floor":13},{"not_picked":["hermit:Midnight","hermit:Headshot"],"picked":"hermit:Quickdraw","floor":14},{"not_picked":["hermit:BlackWind","hermit:FromBeyond"],"picked":"hermit:HighNoon","floor":16},{"not_picked":["hermit:TrackingShot","hermit:Coalescence","hermit:Ricochet"],"picked":"SKIP","floor":18},{"not_picked":["hermit:Enervate","hermit:Manifest"],"picked":"hermit:ShadowCloak","floor":19}],"player_experience":253081,"relics_obtained":[{"floor":6,"key":"TungstenRod"},{"floor":9,"key":"Replay:Kaleidoscope"},{"floor":10,"key":"Pet Ghost"},{"floor":13,"key":"Potion Belt"}],"event_choices":[{"damage_healed":0,"gold_gain":275,"player_choice":"Desecrate","damage_taken":0,"max_hp_gain":0,"max_hp_loss":0,"event_name":"Golden Shrine","floor":5,"gold_loss":0,"cards_obtained":["Regret"]},{"damage_healed":0,"gold_gain":0,"player_choice":"Copied","damage_taken":0,"max_hp_gain":0,"max_hp_loss":0,"event_name":"Duplicator","floor":21,"gold_loss":0,"cards_obtained":["hermit:Strike_Hermit"]}],"is_beta":false,"boss_relics":[{"not_picked":["Velvet Choker","Ectoplasm"],"picked":"hubris:ScarierMask"}],"items_purged_floors":[],"is_endless":false,"potions_floor_spawned":[4,7,16],"killed_by":"Snake Plant","ascension_level":2}}