{"host":"pnw33a014vs8wril","time":1609331201,"event":{"mods":["BaseMod","Downfall","Highlight Path","Minty Spire (QoL Compilation)","StSLib"],"gold_per_floor":[99,99,274,274,274,307,331,350,350,350,350],"floor_reached":9,"playtime":429,"items_purged":[],"score":60,"play_id":"7a8a2e76-2067-4be8-a933-b523f801f67a","local_time":"20201230132641","is_ascension_mode":true,"campfire_choices":[{"data":"hexamod:Float","floor":1,"key":"SMITH"}],"circlet_count":0,"master_deck":["hexamod:Strike","hexamod:Strike","hexamod:Strike","hexamod:Strike","hexamod:Defend","hexamod:Defend","hexamod:Defend","hexamod:Defend","hexamod:Sear","hexamod:Float+1","hexamod:RadiantFlame","Doubt","hexamod:EtherealExpedition","hexamod:WildfireWeapon","hexamod:SpectersWail"],"relics":["hexamod:SpiritBrand","downfall:HeartsMalice","Letter Opener","MealTicket"],"acts_visited":["Exordium"],"potions_floor_usage":[],"damage_taken":[{"damage":0,"enemies":"Jaw Worm","floor":2,"turns":1},{"damage":0,"enemies":"2 Louse","floor":4,"turns":1},{"damage":0,"enemies":"Small Slimes","floor":5,"turns":1},{"damage":56,"enemies":"Gremlin Nob","floor":6,"turns":6},{"damage":4,"enemies":"Exordium Wildlife","floor":8,"turns":4},{"damage":11,"enemies":"Lagavulin","floor":9,"turns":7}],"seed_played":"-6831787492099524247","potions_obtained":[{"floor":8,"key":"GamblersBrew"}],"is_trial":false,"path_per_floor":["R","M","?","M","M","E","T","M","E"],"character_chosen":"THE_SPIRIT","items_purchased":[],"campfire_rested":0,"item_purchase_floors":[],"current_hp_per_floor":[70,70,70,70,70,14,14,10,0,0,0],"gold":350,"neow_bonus":"THREE_ENEMY_KILL","is_daily":false,"chose_seed":false,"campfire_upgraded":1,"win_rate":0.0,"timestamp":1609331201,"path_taken":["R","M","?","M","M","E","T","M","E"],"items_purchased_type":[],"build_version":"2020-12-22","purchased_purges":0,"victory":false,"max_hp_per_floor":[70,70,70,70,70,70,70,70,70,70,70],"card_choices":[{"not_picked":["hexamod:SpectersWail","hexamod:HeatMetal"],"picked":"hexamod:RadiantFlame","floor":2},{"not_picked":["hexamod:AdvancingGuard","hexamod:ShieldOfDarkness","hexamod:SpectralAdrenaline"],"picked":"SKIP","floor":4},{"not_picked":["hexamod:HauntingEcho","hexamod:GhostShield"],"picked":"hexamod:EtherealExpedition","floor":5},{"not_picked":["hexamod:InspiringFlames","hexamod:SpectralSpark"],"picked":"hexamod:WildfireWeapon","floor":6},{"not_picked":["hexamod:BacktrackSmack","hexamod:NecessarySacrifice"],"picked":"hexamod:SpectersWail","floor":8}],"player_experience":914905,"relics_obtained":[{"floor":6,"key":"Letter Opener"},{"floor":7,"key":"MealTicket"}],"event_choices":[],"is_beta":false,"boss_relics":[],"items_purged_floors":[],"is_endless":false,"potions_floor_spawned":[8],"killed_by":"Lagavulin","ascension_level":1}}