{"host":"a1u4jo6xlg3w0wsm","time":1609335227,"event":{"mods":["BaseMod","Better Third Choice","DeckTracker","Downfall","Hermit","Hubris","Minty Spire (QoL Compilation)","Rare Cards Sparkle","Replay The Spire","StSLib"],"gold_per_floor":[110,128,128,141,416,416,448,139,139,171,187,18,18,30,30,133,133,152,162,162,362,377,411,421,421,421],"floor_reached":25,"playtime":1900,"items_purged":[],"score":256,"play_id":"06cb15c9-df30-4468-97d4-6c824eae23a5","local_time":"20201231023347","is_ascension_mode":true,"campfire_choices":[{"data":"hermit:Maintenance","floor":6,"key":"SMITH"},{"floor":15,"key":"REST"}],"circlet_count":0,"master_deck":["hermit:Strike_Hermit","hermit:Strike_Hermit","hermit:Strike_Hermit","hermit:Strike_Hermit","hermit:Defend_Hermit","hermit:Defend_Hermit","hermit:Defend_Hermit","hermit:Defend_Hermit","hermit:Snapshot","hermit:Covet","hermit:Maintenance+1","hermit:FullyLoaded","Regret","hermit:BodyArmor","hermit:Determination","hermit:ShadowCloak","Bandage Up","hermit:SprayPray+1","hermit:HeroicBravado","hermit:Desperado+1","hermit:ShadowCloak","hermit:ShadowCloak","hermit:Roulette+1"],"relics":["hermit:Momento","NeowsBlessing","TungstenRod","Molten Egg 2","Bottled Lightning","Unceasing Top","hubris:Icosahedron","SacredBark","hermit:RyeStalk"],"acts_visited":["Exordium","TheCity"],"potions_floor_usage":[7,10,16,19,19,23,24],"damage_taken":[{"damage":0,"enemies":"2 Louse","floor":1,"turns":1},{"damage":0,"enemies":"Cultist","floor":2,"turns":1},{"damage":0,"enemies":"Jaw Worm","floor":4,"turns":1},{"damage":26,"enemies":"Lagavulin","floor":7,"turns":7},{"damage":5,"enemies":"3 Sentries","floor":10,"turns":10},{"damage":0,"enemies":"Looter","floor":11,"turns":4},{"damage":6,"enemies":"3 Louse","floor":14,"turns":5},{"damage":51,"enemies":"Slime Boss","floor":16,"turns":14},{"damage":10,"enemies":"Spheric Guardian","floor":18,"turns":6},{"damage":10,"enemies":"Chosen","floor":19,"turns":10},{"damage":16,"enemies":"Centurion and Healer","floor":22,"turns":8},{"damage":37,"enemies":"Gremlin Leader","floor":23,"turns":12},{"damage":16,"enemies":"3 Cultists","floor":24,"turns":7},{"damage":0,"enemies":"Shelled Parasite and Fungi","floor":25,"turns":1}],"seed_played":"-8689085390311387968","potions_obtained":[{"floor":2,"key":"BlessingOfTheForge"},{"floor":7,"key":"LifebloodPotion"},{"floor":16,"key":"Energy Potion"},{"floor":18,"key":"Milkshake"},{"floor":22,"key":"hermit:Tonic"},{"floor":23,"key":"champ:CounterPotion"}],"is_trial":false,"path_per_floor":["M","M","?","M","?","R","E","$","T","E","M","$","?","M","R","B",null,"M","M","?","?","M","E","M","M"],"character_chosen":"HERMIT","items_purchased":["Block Potion","Molten Egg 2","hermit:ShadowCloak","Bandage Up"],"campfire_rested":1,"item_purchase_floors":[8,8,12,12],"current_hp_per_floor":[75,75,75,75,75,75,49,49,49,44,44,44,44,42,64,17,75,69,63,63,63,51,18,6,6,6],"gold":421,"neow_bonus":"THREE_ENEMY_KILL","is_daily":false,"chose_seed":false,"campfire_upgraded":1,"win_rate":0.0,"timestamp":1609335227,"path_taken":["M","M","?","?","?","R","E","$","T","E","M","?","?","M","R","BOSS","M","M","?","?","?","E","M","M"],"items_purchased_type":["Potion","Relic","Card","Card"],"build_version":"2020-12-13","purchased_purges":0,"victory":false,"max_hp_per_floor":[75,75,75,75,75,75,75,75,75,75,75,75,75,75,75,75,75,75,75,75,75,75,75,75,75,75],"card_choices":[{"not_picked":["hermit:Glare","hermit:Malice"],"picked":"hermit:Maintenance","floor":1},{"not_picked":["hermit:SprayPray","hermit:Enervate","hermit:HoleUp"],"picked":"SKIP","floor":2},{"not_picked":["hermit:Misfire","hermit:CalledShot"],"picked":"hermit:FullyLoaded","floor":4},{"not_picked":["hermit:Feint","hermit:HoleUp"],"picked":"hermit:BodyArmor","floor":7},{"not_picked":["hermit:Spite+1","hermit:Horror","hermit:GhostlyPresence"],"picked":"SKIP","floor":10},{"not_picked":["hermit:LuckOfTheDraw","hermit:Roulette+1"],"picked":"hermit:Determination","floor":11},{"not_picked":["hermit:LowProfile","hermit:Roulette+1"],"picked":"hermit:SprayPray+1","floor":14},{"not_picked":["hermit:EternalForm","hermit:Dissolve"],"picked":"hermit:HeroicBravado","floor":16},{"not_picked":["hermit:Grudge+1","hermit:Misfire+1"],"picked":"hermit:Desperado+1","floor":18},{"not_picked":["hermit:SprayPray+1","hermit:CalledShot+1"],"picked":"hermit:ShadowCloak","floor":19},{"not_picked":["hermit:DeadMansHand","hermit:TakeCover"],"picked":"hermit:ShadowCloak","floor":22},{"not_picked":["hermit:Misfire+1","hermit:Virtue","hermit:Midnight+1"],"picked":"SKIP","floor":23},{"not_picked":["hermit:Snipe+1","hermit:Feint+1"],"picked":"hermit:Roulette+1","floor":24}],"player_experience":255949,"relics_obtained":[{"floor":7,"key":"TungstenRod"},{"floor":9,"key":"Bottled Lightning"},{"floor":10,"key":"Unceasing Top"},{"floor":23,"key":"hermit:RyeStalk"}],"event_choices":[{"damage_healed":0,"gold_gain":0,"player_choice":"Bought 0 Potions","damage_taken":0,"max_hp_gain":0,"max_hp_loss":0,"event_name":"The Woman in Blue","floor":3,"gold_loss":0},{"damage_healed":0,"gold_gain":275,"player_choice":"Desecrate","damage_taken":0,"max_hp_gain":0,"max_hp_loss":0,"event_name":"Golden Shrine","floor":5,"gold_loss":0,"cards_obtained":["Regret"]},{"damage_healed":0,"gold_gain":200,"player_choice":"Gold","damage_taken":0,"max_hp_gain":0,"max_hp_loss":0,"event_name":"Wheel of Change","floor":21,"gold_loss":0}],"is_beta":false,"boss_relics":[{"not_picked":["Replay:Bronze Core","Velvet Choker"],"picked":"SacredBark"}],"items_purged_floors":[],"is_endless":false,"potions_floor_spawned":[2,7,16,18,22,23],"killed_by":"Shelled Parasite and Fungi","ascension_level":2}}