{"host":"c936que3p8rnl5ii","time":1609330935,"event":{"mods":["AchievementEnabler","BaseMod","Block Reminder","Colored Powertips","DeckTracker","Minty Spire (QoL Compilation)","Quick Restart","StSLib"],"gold_per_floor":[118,128,145,160,110,110,110,110,110,110,110,122,140,57,57,57,57],"floor_reached":16,"playtime":503,"items_purged":[],"score":92,"play_id":"7af64b0a-1915-41ea-828c-9583876c6e6f","local_time":"20201230072215","is_ascension_mode":false,"campfire_choices":[{"data":"Perfected Strike","floor":6,"key":"SMITH"},{"data":"Second Wind","floor":8,"key":"SMITH"},{"data":"Body Slam","floor":10,"key":"SMITH"},{"data":"Wild Strike","floor":15,"key":"SMITH"}],"circlet_count":0,"master_deck":["Strike_R","Strike_R","Strike_R","Defend_R","Defend_R","Defend_R","Defend_R","Bash","Sword Boomerang","Body Slam+1","Perfected Strike+1","Thunderclap","Immolate","Wild Strike+1","Dual Wield+1"],"relics":["Burning Blood","NeowsBlessing","Toxic Egg 2"],"acts_visited":["Exordium"],"potions_floor_usage":[4,13],"damage_taken":[{"damage":0,"enemies":"Cultist","floor":1,"turns":1},{"damage":0,"enemies":"2 Louse","floor":2,"turns":1},{"damage":0,"enemies":"Small Slimes","floor":3,"turns":1},{"damage":14,"enemies":"Blue Slaver","floor":4,"turns":4},{"damage":19,"enemies":"Lots of Slimes","floor":12,"turns":5},{"damage":10,"enemies":"Looter","floor":13,"turns":3},{"damage":73,"enemies":"Slime Boss","floor":16,"turns":9}],"seed_played":"1028517161000222479","potions_obtained":[{"floor":3,"key":"DuplicationPotion"},{"floor":13,"key":"Fruit Juice"}],"is_trial":false,"path_per_floor":["M","M","M","M","?","R","?","R","T","R","?","M","M","$","R","B"],"character_chosen":"IRONCLAD","items_purchased":["Wild Strike","Dual Wield+1"],"campfire_rested":0,"item_purchase_floors":[14,14],"current_hp_per_floor":[80,80,80,72,72,72,72,72,72,72,80,67,68,68,68,0,0],"gold":57,"neow_bonus":"THREE_ENEMY_KILL","is_daily":false,"chose_seed":false,"campfire_upgraded":4,"win_rate":0.0,"timestamp":1609330935,"path_taken":["M","?","?","M","?","R","?","R","T","R","?","M","M","$","R","BOSS"],"items_purchased_type":["Card","Card"],"build_version":"2020-12-22","purchased_purges":0,"victory":false,"max_hp_per_floor":[80,80,80,80,80,80,80,80,80,80,80,80,85,85,85,85,85],"card_choices":[{"not_picked":["True Grit","Wild Strike"],"picked":"Sword Boomerang","floor":1},{"not_picked":["Metallicize","Bloodletting"],"picked":"Body Slam","floor":2},{"not_picked":["Clash","Ghostly Armor"],"picked":"Perfected Strike","floor":3},{"not_picked":["Whirlwind","Pommel Strike"],"picked":"Thunderclap","floor":4},{"not_picked":["Twin Strike","Cleave"],"picked":"Immolate","floor":12},{"not_picked":["Clash","Sword Boomerang","Blood for Blood"],"picked":"SKIP","floor":13}],"player_experience":104423,"relics_obtained":[{"floor":9,"key":"Toxic Egg 2"}],"event_choices":[{"cards_removed":["Strike_R"],"damage_healed":0,"gold_gain":0,"player_choice":"Card Removal","damage_taken":0,"max_hp_gain":0,"max_hp_loss":0,"event_name":"The Cleric","floor":5,"gold_loss":50},{"damage_healed":0,"gold_gain":0,"cards_transformed":["Strike_R"],"player_choice":"Change","damage_taken":0,"max_hp_gain":0,"max_hp_loss":0,"event_name":"Living Wall","floor":7,"gold_loss":0,"cards_obtained":["Second Wind"]},{"cards_removed":["Second Wind"],"damage_healed":8,"gold_gain":0,"player_choice":"Offered Uncommon","damage_taken":0,"max_hp_gain":0,"max_hp_loss":0,"event_name":"Bonfire Elementals","floor":11,"gold_loss":0}],"is_beta":false,"boss_relics":[],"items_purged_floors":[],"is_endless":false,"potions_floor_spawned":[3,13],"killed_by":"Slime Boss","ascension_level":0}}