{"host":"1lhpgrjjhxx10cx0","time":1609345442,"event":{"mods":["Arknights The Spire","BaseMod","CapriCore","Friendly Minions","Highlight Path","Minty Spire (QoL Compilation)","Permanent Neow","Quick Restart","StSLib","The Animator","The Immortal","Waifu the Spire","Yakumo Yukari mod"],"gold_per_floor":[119,132,132,57,68,80,80,100,127,140,140,153,165,177,177,273,273,288,288,109,125,0,0,0],"floor_reached":23,"playtime":955,"items_purged":["ats:Defend","ats:Strike C","ats:Strike G"],"score":187,"play_id":"bb2d9d12-1573-44ba-a479-e8abf4f54802","local_time":"20201231002402","is_ascension_mode":false,"campfire_choices":[{"data":"ats:Strike V","floor":7,"key":"PURGE"},{"data":"ats:Emotion Absorption","floor":11,"key":"SMITH"},{"data":"ats:Armor Crushing Shot","floor":15,"key":"SMITH"}],"circlet_count":0,"master_deck":["ats:Strike S","ats:Armor Crushing Shot+1","ats:Defend","ats:Defend","ats:Defend","ats:Emotion Absorption+1","ats:Poison Spread","ats:Shell Defense","ats:Powerful Strike","ats:Chain Hook","ats:Collapsing Strike","ats:Poison Spread","ats:Shadow Assault","ats:Poison Spread","ats:Neurotoxin"],"relics":["ats:Sanity","Peace Pipe","ats:Hidden Killer","Omamori","Black Star","Blood Vial"],"acts_visited":["Exordium","TheCity"],"potions_floor_usage":[21,23],"damage_taken":[{"damage":4,"enemies":"2 Louse","floor":1,"turns":4},{"damage":1,"enemies":"Cultist","floor":2,"turns":3},{"damage":11,"enemies":"Jaw Worm","floor":5,"turns":3},{"damage":19,"enemies":"Exordium Thugs","floor":6,"turns":4},{"damage":3,"enemies":"2 Fungi Beasts","floor":8,"turns":3},{"damage":2,"enemies":"Blue Slaver","floor":10,"turns":3},{"damage":4,"enemies":"Red Slaver","floor":12,"turns":3},{"damage":6,"enemies":"2 Fungi Beasts","floor":13,"turns":2},{"damage":2,"enemies":"Blue Slaver","floor":14,"turns":3},{"damage":24,"enemies":"Hexaghost","floor":16,"turns":7},{"damage":29,"enemies":"Shell Parasite","floor":18,"turns":6},{"damage":10,"enemies":"3 Byrds","floor":21,"turns":3},{"damage":22,"enemies":"Gremlin Leader","floor":23,"turns":5}],"seed_played":"6198330474587513598","potions_obtained":[{"floor":1,"key":"SkillPotion"},{"floor":2,"key":"Explosive Potion"},{"floor":8,"key":"GamblersBrew"}],"is_trial":false,"path_per_floor":["M","M","?","$","M","M","R","M","T","M","R","M","M","M","R","B",null,"M","?","$","M","$","E"],"character_chosen":"DOCTOR_CLASS","items_purchased":["ats:Neurotoxin"],"campfire_rested":0,"item_purchase_floors":[20],"current_hp_per_floor":[61,60,60,60,52,38,38,38,38,36,36,32,26,27,27,6,65,39,39,39,31,31,11,11],"gold":0,"neow_bonus":"ONE_RARE_RELIC","is_daily":false,"chose_seed":false,"campfire_upgraded":2,"win_rate":0.0,"timestamp":1609345442,"path_taken":["M","M","?","?","M","M","R","M","T","M","R","?","?","M","R","BOSS","M","?","$","M","?","E"],"items_purchased_type":["Card"],"build_version":"2020-12-22","purchased_purges":3,"victory":false,"max_hp_per_floor":[65,65,65,65,65,65,65,65,65,65,65,65,65,65,65,65,65,65,65,65,65,65,65,65],"card_choices":[{"not_picked":["ats:Closed Bolt Burst Fire","ats:Shell Defense"],"picked":"ats:Poison Spread","floor":1},{"not_picked":["ats:Childhood Dance","ats:Flexible Camouflage"],"picked":"ats:Shell Defense","floor":2},{"not_picked":["ats:Consecutive Shot Auto","ats:Assault Order"],"picked":"ats:Powerful Strike","floor":5},{"not_picked":["ats:Counter Healing Mode","ats:Cat Scratch"],"picked":"ats:Chain Hook","floor":6},{"not_picked":["ats:Curse Doll","ats:Leaping Hammer","ats:Blood Oath"],"picked":"SKIP","floor":8},{"not_picked":["ats:Apocalypse","ats:Beaten Up","ats:Composite Medical Shells"],"picked":"SKIP","floor":10},{"not_picked":["ats:Demon Strength","ats:Composite Medical Shells"],"picked":"ats:Collapsing Strike","floor":12},{"not_picked":["ats:Closed Bolt Burst Fire","ats:Counter Healing Mode"],"picked":"ats:Poison Spread","floor":13},{"not_picked":["ats:Healing Strengthening","ats:Curse Doll","ats:Consecutive Shot Auto"],"picked":"SKIP","floor":14},{"not_picked":["ats:Roar Of Ursus","ats:Ambush"],"picked":"ats:Shadow Assault","floor":16},{"not_picked":["ats:Curse Doll+1","ats:Revitalization","ats:Poison Spread"],"picked":"SKIP","floor":18},{"not_picked":["ats:Curse Doll+1","ats:Revitalization"],"picked":"ats:Poison Spread","floor":18},{"not_picked":["ats:Apocalypse","ats:Powerful Strike","ats:Collapsing Strike"],"picked":"SKIP","floor":21}],"player_experience":101540,"relics_obtained":[{"floor":9,"key":"Omamori"}],"event_choices":[{"damage_healed":0,"gold_gain":0,"player_choice":"Gave Potion","damage_taken":0,"relics_obtained":["ats:Hidden Killer"],"max_hp_gain":0,"max_hp_loss":0,"event_name":"WeMeetAgain","floor":3,"gold_loss":0},{"damage_healed":0,"gold_gain":0,"player_choice":"Opened","damage_taken":0,"relics_obtained":["Blood Vial"],"max_hp_gain":0,"max_hp_loss":0,"event_name":"The Mausoleum","floor":19,"gold_loss":0}],"is_beta":false,"boss_relics":[{"not_picked":["Philosopher\u0027s Stone","Runic Pyramid"],"picked":"Black Star"}],"items_purged_floors":[4,20,22],"is_endless":false,"potions_floor_spawned":[1,2,8],"killed_by":"Gremlin Leader","ascension_level":0}}