{"host":"t8l92xzjkmihtain","time":1609316534,"event":{"mods":["AchievementEnabler","BaseMod","Colored Map","Minty Spire (QoL Compilation)","Rare Cards Sparkle","SuperFastMode","everything is the same but u backflip on backflip"],"gold_per_floor":[115,115,135,135,60,60,90,90,90,90,101,101,176,193,193,298,298,315,315,83,98,98,98],"floor_reached":22,"playtime":710,"items_purged":["Regret"],"score":209,"play_id":"5333e3c4-a330-483a-9d40-78ce0c100ac9","local_time":"20201230172214","is_ascension_mode":true,"campfire_choices":[{"data":"Bloodletting","floor":6,"key":"SMITH"},{"data":"Combust","floor":8,"key":"SMITH"},{"floor":12,"key":"REST"},{"floor":15,"key":"REST"}],"circlet_count":0,"master_deck":["Strike_R","Strike_R","Strike_R","Strike_R","Strike_R","Defend_R","Defend_R","Defend_R","Defend_R","Bash","Pummel","Bloodletting+1","Combust+1","Combust+1","Deep Breath","Blood for Blood"],"relics":["Runic Dome","Orichalcum","Self Forming Clay","Darkstone Periapt","StoneCalendar","Black Star","Juzu Bracelet"],"acts_visited":["Exordium","TheCity"],"potions_floor_usage":[7,16,16,16,16,16,16,18],"damage_taken":[{"damage":8,"enemies":"2 Louse","floor":1,"turns":3},{"damage":6,"enemies":"Cultist","floor":3,"turns":3},{"damage":24,"enemies":"Lagavulin","floor":7,"turns":5},{"damage":8,"enemies":"Jaw Worm","floor":11,"turns":3},{"damage":7,"enemies":"Looter","floor":14,"turns":2},{"damage":50,"enemies":"The Guardian","floor":16,"turns":9},{"damage":26,"enemies":"2 Thieves","floor":18,"turns":3},{"damage":23,"enemies":"Shell Parasite","floor":21,"turns":6},{"damage":32,"enemies":"Shelled Parasite and Fungi","floor":22,"turns":3}],"seed_played":"413744311726044310","potions_obtained":[{"floor":2,"key":"EntropicBrew"},{"floor":2,"key":"CultistPotion"},{"floor":2,"key":"Dexterity Potion"},{"floor":7,"key":"LiquidMemories"},{"floor":16,"key":"Explosive Potion"},{"floor":18,"key":"Weak Potion"},{"floor":21,"key":"SteroidPotion"}],"is_trial":false,"path_per_floor":["M","?","M","?","$","R","E","R","T","?","M","R","?","M","R","B",null,"M","?","$","M","M"],"character_chosen":"IRONCLAD","items_purchased":["Blood for Blood","Juzu Bracelet"],"campfire_rested":2,"item_purchase_floors":[20,20],"current_hp_per_floor":[72,72,66,66,66,66,42,42,42,42,34,58,47,40,64,14,80,54,42,42,19,0,0],"gold":98,"neow_bonus":"BOSS_RELIC","is_daily":false,"chose_seed":false,"campfire_upgraded":2,"win_rate":0.0,"timestamp":1609316534,"path_taken":["M","?","?","?","$","R","E","R","T","?","M","R","?","M","R","BOSS","M","?","$","M","M"],"items_purchased_type":["Card","Relic"],"build_version":"2020-12-22","purchased_purges":1,"victory":false,"max_hp_per_floor":[80,80,80,80,80,80,80,80,80,80,80,80,80,80,80,80,80,80,80,80,80,80,80],"card_choices":[{"not_picked":["Shrug It Off","Cleave"],"picked":"Pummel","floor":1},{"not_picked":["Heavy Blade","Armaments"],"picked":"Bloodletting","floor":3},{"not_picked":["Entrench","Immolate"],"picked":"Combust","floor":7},{"not_picked":["Thunderclap","True Grit","Armaments"],"picked":"SKIP","floor":11},{"not_picked":["Carnage","Iron Wave","Double Tap"],"picked":"SKIP","floor":14},{"not_picked":["Thunderclap","Pommel Strike"],"picked":"Combust+1","floor":18},{"not_picked":["Shrug It Off","Rampage","Sword Boomerang+1"],"picked":"SKIP","floor":21}],"player_experience":31275,"relics_obtained":[{"floor":7,"key":"Self Forming Clay"},{"floor":9,"key":"Darkstone Periapt"}],"event_choices":[{"damage_healed":0,"gold_gain":0,"player_choice":"Got Potions","damage_taken":0,"max_hp_gain":0,"max_hp_loss":0,"event_name":"Lab","floor":2,"gold_loss":0},{"damage_healed":0,"gold_gain":0,"player_choice":"Box","damage_taken":0,"relics_obtained":["Orichalcum"],"max_hp_gain":0,"max_hp_loss":0,"event_name":"Big Fish","floor":4,"gold_loss":0,"cards_obtained":["Regret"]},{"damage_healed":0,"gold_gain":0,"player_choice":"Searched \u00271\u0027 times","damage_taken":0,"relics_obtained":["StoneCalendar"],"max_hp_gain":0,"max_hp_loss":0,"event_name":"Dead Adventurer","floor":10,"gold_loss":0},{"damage_healed":0,"gold_gain":75,"player_choice":"Gather Gold","damage_taken":11,"max_hp_gain":0,"max_hp_loss":0,"event_name":"World of Goop","floor":13,"gold_loss":0},{"damage_healed":0,"gold_gain":0,"player_choice":"CARD ","damage_taken":12,"max_hp_gain":0,"max_hp_loss":0,"event_name":"Knowing Skull","floor":19,"potions_obtained":[],"gold_loss":0,"cards_obtained":["Deep Breath"]}],"is_beta":false,"boss_relics":[{"not_picked":["Coffee Dripper","Mark of Pain"],"picked":"Black Star"}],"items_purged_floors":[5],"is_endless":false,"potions_floor_spawned":[7,16,18,21],"killed_by":"Shelled Parasite and Fungi","ascension_level":3}}