{"host":"Qube","time":1609369815,"event":{"mods":["AchievementEnabler","BaseMod","Colored Map","Colored Powertips","Minty Spire (QoL Compilation)","Quick Restart","Random Character Button","StSLib","The Cursed"],"gold_per_floor":[118,128,141,157,172,172,200,212,212,212,212],"floor_reached":10,"playtime":393,"items_purged":[],"score":140,"play_id":"1ff7b5be-80a6-4599-935c-b3cce39be92a","local_time":"20201230151015","is_ascension_mode":true,"campfire_choices":[{"data":"Hologram","floor":6.0,"key":"SMITH"}],"circlet_count":0,"master_deck":["AscendersBane","Strike_B","Strike_B","Strike_B","Strike_B","Defend_B","Defend_B","Defend_B","Defend_B","Zap","Dualcast","Go for the Eyes","Streamline","Gash","Hologram+1","Scrape","Turbo","Sunder"],"relics":["Cracked Core","NeowsBlessing","Lizard Tail","Shuriken"],"acts_visited":["Exordium"],"potions_floor_usage":[7,10],"damage_taken":[{"damage":0.0,"enemies":"Cultist","floor":1.0,"turns":1.0},{"damage":0.0,"enemies":"Jaw Worm","floor":2.0,"turns":1.0},{"damage":0.0,"enemies":"2 Louse","floor":3.0,"turns":1.0},{"damage":14.0,"enemies":"Exordium Wildlife","floor":4.0,"turns":4.0},{"damage":2.0,"enemies":"Large Slime","floor":5.0,"turns":4.0},{"damage":35,"enemies":"3 Sentries","floor":7,"turns":7},{"damage":25,"enemies":"3 Louse","floor":8,"turns":3},{"damage":15,"enemies":"Lagavulin","floor":10,"turns":5}],"seed_played":"191161552635684850","potions_obtained":[{"floor":2.0,"key":"SpeedPotion"},{"floor":3.0,"key":"EssenceOfDarkness"},{"floor":8,"key":"PowerPotion"}],"is_trial":false,"path_per_floor":["M","M","M","M","M","R","E","M","T","E"],"character_chosen":"DEFECT","items_purchased":[],"campfire_rested":0,"item_purchase_floors":[],"current_hp_per_floor":[64,64,64,50,48,48,13,23,23,8,8],"gold":212,"neow_bonus":"THREE_ENEMY_KILL","is_daily":false,"chose_seed":false,"campfire_upgraded":1,"win_rate":0.0,"timestamp":1609369815,"path_taken":["M","M","M","M","M","R","E","M","T","E"],"items_purchased_type":[],"build_version":"2020-12-18","purchased_purges":0,"victory":false,"max_hp_per_floor":[71,71,71,71,71,71,71,71,71,71,71],"card_choices":[{"not_picked":["Cold Snap","Steam Power"],"picked":"Go for the Eyes","floor":1.0},{"not_picked":["Chill","Doom and Gloom"],"picked":"Streamline","floor":2.0},{"not_picked":["Static Discharge","Skim"],"picked":"Gash","floor":3.0},{"not_picked":["Heatsinks","Melter"],"picked":"Hologram","floor":4.0},{"not_picked":["Rebound","Doom and Gloom"],"picked":"Scrape","floor":5.0},{"not_picked":["Defragment","Aggregate"],"picked":"Turbo","floor":7},{"not_picked":["Sweeping Beam","Lockon"],"picked":"Sunder","floor":8}],"player_experience":740837,"relics_obtained":[{"floor":7,"key":"Lizard Tail"},{"floor":9,"key":"Shuriken"}],"event_choices":[],"is_beta":true,"boss_relics":[],"items_purged_floors":[],"is_endless":false,"potions_floor_spawned":[2,3,8],"killed_by":"Lagavulin","ascension_level":19}}