{"host":"qwttrqaysb380yri","time":1609371846,"event":{"mods":["BaseMod","Custom Start","Minty Spire (QoL Compilation)","Permanent Neow","Puzzle Mod","Relic Stats","StSLib","The Cursed","The Hierophant"],"gold_per_floor":[117,117,67,86,102,135,154,154,236,271,271,281,53,71,71,145,145,158,158,86,86,100,100,125,125,125,157,157,28,45,45,45,122,122,136,136,136,156,169,198,43,43,43,60,92,102,128,143,143,143],"floor_reached":51,"playtime":2435,"items_purged":["Strike_G"],"score":1385,"play_id":"aa08a5c4-5792-4efd-b23c-0d2dad4ef851","local_time":"20201231004406","is_ascension_mode":true,"campfire_choices":[{"floor":8.0,"key":"REST"},{"data":"Dash","floor":11.0,"key":"SMITH"},{"data":"Discovery","floor":15.0,"key":"SMITH"},{"data":"Acrobatics","floor":23.0,"key":"SMITH"},{"data":"Calculated Gamble","floor":25.0,"key":"SMITH"},{"data":"Crippling Poison","floor":28.0,"key":"SMITH"},{"data":"Noxious Fumes","floor":32.0,"key":"SMITH"},{"data":"Leg Sweep","floor":42.0,"key":"SMITH"},{"data":"Leg Sweep","floor":49.0,"key":"SMITH"}],"circlet_count":0,"master_deck":["AscendersBane","Strike_G","Strike_G","Strike_G+1","Strike_G","Defend_G","Defend_G","Defend_G","Defend_G","Survivor","Neutralize","Dagger Throw+1","Eviscerate","Dagger Spray","Dash+1","All Out Attack","Underhanded Strike","Dagger Throw","Leg Sweep+1","Discovery+1","Terror","Venomology","Blur","Acrobatics+1","Dash","Leg Sweep+1","Calculated Gamble+1","Crippling Poison+1","Noxious Fumes+1","Phantasmal Killer","Reflex+1","Outmaneuver+1","Tools of the Trade","Parasite"],"relics":["Ring of the Snake","Vajra","Lizard Tail","Ninja Scroll","Bag of Marbles","Snecko Eye","Anchor","Meat on the Bone","Potion Belt","HoveringKite","Ice Cream","Whetstone","Blood Vial","Mercury Hourglass","Shuriken"],"acts_visited":["Exordium","TheCity","TheBeyond"],"potions_floor_usage":[50,50,50,50],"damage_taken":[{"damage":11.0,"enemies":"Jaw Worm","floor":1.0,"turns":5.0},{"damage":0.0,"enemies":"Small Slimes","floor":4.0,"turns":3.0},{"damage":0.0,"enemies":"Cultist","floor":5.0,"turns":3.0},{"damage":17.0,"enemies":"Gremlin Nob","floor":6.0,"turns":4.0},{"damage":0.0,"enemies":"Blue Slaver","floor":7.0,"turns":4.0},{"damage":17.0,"enemies":"Lagavulin","floor":10.0,"turns":4.0},{"damage":0.0,"enemies":"2 Fungi Beasts","floor":12.0,"turns":1.0},{"damage":1.0,"enemies":"Exordium Thugs","floor":14.0,"turns":3.0},{"damage":12.0,"enemies":"The Guardian","floor":16.0,"turns":10.0},{"damage":6.0,"enemies":"Spheric Guardian","floor":18.0,"turns":3.0},{"damage":0.0,"enemies":"3 Byrds","floor":22.0,"turns":4.0},{"damage":0.0,"enemies":"Slavers","floor":24.0,"turns":4.0},{"damage":1.0,"enemies":"Book of Stabbing","floor":27.0,"turns":4.0},{"damage":0.0,"enemies":"Centurion and Healer","floor":30.0,"turns":3.0},{"damage":20.0,"enemies":"Automaton","floor":33.0,"turns":8.0},{"damage":11.0,"enemies":"Orb Walker","floor":35.0,"turns":4.0},{"damage":0.0,"enemies":"3 Darklings","floor":38.0,"turns":5.0},{"damage":2.0,"enemies":"Jaw Worm Horde","floor":39.0,"turns":4.0},{"damage":25.0,"enemies":"Giant Head","floor":40.0,"turns":7.0},{"damage":18.0,"enemies":"Spire Growth","floor":44.0,"turns":4.0},{"damage":0.0,"enemies":"Reptomancer","floor":45.0,"turns":4.0},{"damage":18.0,"enemies":"Writhing Mass","floor":46.0,"turns":4.0},{"damage":1.0,"enemies":"Giant Head","floor":47.0,"turns":5.0},{"damage":0.0,"enemies":"Maw","floor":48.0,"turns":6.0},{"damage":38,"enemies":"Donu and Deca","floor":50,"turns":8}],"seed_played":"-2822565397634486417","potions_obtained":[{"floor":6.0,"key":"Explosive Potion"},{"floor":7.0,"key":"FearPotion"},{"floor":14.0,"key":"SteroidPotion"},{"floor":16.0,"key":"Block Potion"},{"floor":30.0,"key":"LiquidBronze"},{"floor":33.0,"key":"SpeedPotion"},{"floor":38.0,"key":"GhostInAJar"},{"floor":40.0,"key":"SpeedPotion"},{"floor":44.0,"key":"Dexterity Potion"},{"floor":46.0,"key":"GamblersBrew"},{"floor":47.0,"key":"ColorlessPotion"}],"is_trial":false,"path_per_floor":["M","?","?","M","M","E","M","R","T","E","R","M","$","M","R","B",null,"M","?","$","?","M","R","E","R","T","E","R","$","M","?","R","B",null,"M","?","T","M","M","E","$","R","T","M","E","M","E","M","R","B",null],"character_chosen":"THE_SILENT","items_purchased":["Leg Sweep","Discovery","Dash","Noxious Fumes","PowerPotion","Tools of the Trade"],"campfire_rested":1,"item_purchase_floors":[13,13,20,29,29,41],"current_hp_per_floor":[48,41,41,41,41,24,24,43,43,26,26,26,26,25,25,13,53,47,47,47,47,47,47,47,47,47,46,46,46,46,46,46,38,59,48,48,48,48,46,33,33,33,33,29,43,39,40,42,42,18],"gold":143,"neow_bonus":"RANDOM_COMMON_RELIC","is_daily":false,"chose_seed":false,"campfire_upgraded":8,"win_rate":0.0,"timestamp":1609371846,"path_taken":["M","?","?","M","M","E","M","R","T","E","R","?","$","M","R","BOSS","M","?","$","?","M","R","E","R","T","E","R","$","?","?","R","BOSS","M","?","?","M","?","E","$","R","T","M","E","M","E","M","R","BOSS"],"items_purchased_type":["Card","Card","Card","Card","Potion","Card"],"build_version":"2020-12-22","purchased_purges":1,"victory":true,"max_hp_per_floor":[66,66,66,66,66,66,66,66,66,66,66,66,66,66,66,66,66,66,66,66,66,66,66,66,66,66,66,66,66,66,66,66,66,66,66,63,63,63,63,63,63,63,63,63,63,63,63,63,63,63],"relic_stats":{"Blood Vial":12,"Lizard Tail":0,"counters":[25,114],"Shuriken":[8],"Snecko Eye":[191,172,163,189],"HoveringKite":[39],"Whetstone":["Strike_G","Dagger Throw"],"obtain_stats":[{"Potion Belt":27,"Ice Cream":37,"Vajra":0,"HoveringKite":34,"Whetstone":40,"Mercury Hourglass":45,"Blood Vial":43,"Lizard Tail":6,"Anchor":24,"Ninja Scroll":9,"Shuriken":47,"Snecko Eye":17,"Bag of Marbles":10,"Ring of the Snake":0,"Meat on the Bone":26},{"Potion Belt":13,"Ice Cream":16,"Vajra":0,"HoveringKite":15,"Whetstone":19,"Mercury Hourglass":21,"Blood Vial":19,"Lizard Tail":4,"Anchor":12,"Ninja Scroll":5,"Shuriken":23,"Snecko Eye":9,"Bag of Marbles":6,"Ring of the Snake":0,"Meat on the Bone":12},{"Potion Belt":52,"Ice Cream":67,"Vajra":0,"HoveringKite":63,"Whetstone":83,"Mercury Hourglass":91,"Blood Vial":83,"Lizard Tail":15,"Anchor":48,"Ninja Scroll":19,"Shuriken":100,"Snecko Eye":37,"Bag of Marbles":23,"Ring of the Snake":0,"Meat on the Bone":48}],"Ring of the Snake":[18],"Meat on the Bone":72,"Mercury Hourglass":[72]},"card_choices":[{"not_picked":["Quick Slash","Infinite Blades"],"picked":"Dagger Throw","floor":1.0},{"not_picked":["Dagger Throw","Quick Slash"],"picked":"Eviscerate","floor":4.0},{"not_picked":["Calculated Gamble","Dodge and Roll"],"picked":"Dagger Spray","floor":5.0},{"not_picked":["Deflect","Cloak And Dagger"],"picked":"Dash","floor":6.0},{"not_picked":["After Image","Caltrops"],"picked":"All Out Attack","floor":7.0},{"not_picked":["Eviscerate","Setup"],"picked":"Underhanded Strike","floor":10.0},{"not_picked":["Masterful Stab","Accuracy"],"picked":"Dagger Throw","floor":12.0},{"not_picked":["Bane","Finisher"],"picked":"Terror","floor":14.0},{"not_picked":["After Image","Unload"],"picked":"Venomology","floor":16.0},{"not_picked":["Flying Knee","Distraction+1"],"picked":"Blur","floor":18.0},{"not_picked":["Predator+1","Prepared"],"picked":"Calculated Gamble","floor":22.0},{"not_picked":["Cloak And Dagger","Infinite Blades"],"picked":"Crippling Poison","floor":24.0},{"not_picked":["Infinite Blades+1","Backflip","PiercingWail"],"picked":"SKIP","floor":27.0},{"not_picked":["Sucker Punch","Caltrops+1","Well Laid Plans"],"picked":"SKIP","floor":30.0},{"not_picked":["A Thousand Cuts","Burst"],"picked":"Phantasmal Killer","floor":33.0},{"not_picked":["Sucker Punch","Bane"],"picked":"Reflex+1","floor":35.0},{"not_picked":["Deflect+1","Accuracy","Prepared+1"],"picked":"SKIP","floor":38.0},{"not_picked":["Finisher","Dagger Spray+1","Backflip"],"picked":"SKIP","floor":39.0},{"not_picked":["Blade Dance+1","Quick Slash"],"picked":"Outmaneuver+1","floor":40.0},{"not_picked":["Phantasmal Killer","Blade Dance","All Out Attack"],"picked":"SKIP","floor":44.0},{"not_picked":["Acrobatics","Bane+1","Backflip"],"picked":"SKIP","floor":45.0},{"not_picked":["Caltrops+1","Backstab","Underhanded Strike"],"picked":"SKIP","floor":46.0},{"not_picked":["Blade Dance","Concentrate","Eviscerate+1"],"picked":"SKIP","floor":47.0},{"not_picked":["Masterful Stab","Underhanded Strike","Glass Knife"],"picked":"SKIP","floor":48.0}],"player_experience":1962913,"relics_obtained":[{"floor":6.0,"key":"Lizard Tail"},{"floor":9.0,"key":"Ninja Scroll"},{"floor":10.0,"key":"Bag of Marbles"},{"floor":24.0,"key":"Anchor"},{"floor":26.0,"key":"Meat on the Bone"},{"floor":27.0,"key":"Potion Belt"},{"floor":37.0,"key":"Ice Cream"},{"floor":40.0,"key":"Whetstone"},{"floor":43.0,"key":"Blood Vial"},{"floor":45.0,"key":"Mercury Hourglass"},{"floor":47.0,"key":"Shuriken"}],"event_choices":[{"cards_removed":["Defend_G"],"damage_healed":0.0,"max_hp_gain":0.0,"max_hp_loss":0.0,"gold_gain":0.0,"event_name":"Golden Wing","player_choice":"Card Removal","floor":2.0,"gold_loss":0.0,"damage_taken":7.0},{"damage_healed":0.0,"max_hp_gain":0.0,"max_hp_loss":0.0,"gold_gain":0.0,"event_name":"World of Goop","player_choice":"Left Gold","floor":3.0,"gold_loss":50.0,"damage_taken":0.0},{"damage_healed":0.0,"max_hp_gain":0.0,"max_hp_loss":0.0,"gold_gain":0.0,"event_name":"The Library","player_choice":"Read","floor":19.0,"gold_loss":0.0,"damage_taken":0.0,"cards_obtained":["Acrobatics"]},{"damage_healed":0.0,"max_hp_gain":0.0,"max_hp_loss":0.0,"gold_gain":0.0,"event_name":"Duplicator","player_choice":"Copied","floor":21.0,"gold_loss":0.0,"damage_taken":0.0,"cards_obtained":["Leg Sweep"]},{"damage_healed":0.0,"max_hp_gain":0.0,"max_hp_loss":0.0,"gold_gain":0.0,"event_name":"Vampires","player_choice":"Ignored","floor":31.0,"gold_loss":0.0,"damage_taken":0.0},{"damage_healed":0.0,"max_hp_gain":0.0,"max_hp_loss":3.0,"gold_gain":0.0,"event_name":"Winding Halls","player_choice":"Max HP","floor":36.0,"gold_loss":0.0,"damage_taken":0.0}],"is_beta":false,"boss_relics":[{"not_picked":["Ring of the Serpent","Black Star"],"picked":"Snecko Eye"},{"not_picked":["Empty Cage","WristBlade"],"picked":"HoveringKite"}],"items_purged_floors":[13],"is_endless":false,"potions_floor_spawned":[6,7,14,16,18,30,33,38,39,40,44,46,47],"ascension_level":14}}