{"host":"jrmqsbok61y7b34d","time":1609289687,"event":{"mods":["BaseMod","Better Skull","Colored Map","Colored Powertips","Emptier Cage","Minty Spire (QoL Compilation)","Permanent Neow","Quick Restart","Relic Stats","StSLib","Unceasing Turn Reminder"],"gold_per_floor":[109,120,135,153,168,168,194,213,263,273,273,185,260,270,270,344,344,360,370,370,194,210,235,235,254,254,289,289,324,324,340,340,418,418,429,136,155,155,480,480,507,507,507,538,538,548,559,559,559,559],"floor_reached":51,"playtime":6592,"items_purged":["Strike_B","Strike_B","Strike_B"],"score":1332,"play_id":"d6606dfc-05b4-4ea8-9db4-dbf306e385f0","local_time":"20201230005447","is_ascension_mode":true,"campfire_choices":[{"data":"Barrage","floor":6.0,"key":"SMITH"},{"data":"Zap","floor":11.0,"key":"SMITH"},{"data":"Defragment","floor":15.0,"key":"SMITH"},{"floor":24.0,"key":"REST"},{"floor":28.0,"key":"REST"},{"floor":32.0,"key":"REST"},{"data":"Creative AI","floor":40,"key":"SMITH"},{"floor":42,"key":"REST"},{"floor":45,"key":"REST"},{"floor":49,"key":"REST"}],"circlet_count":0,"master_deck":["AscendersBane","Strike_B","Defend_B","Defend_B+1","Defend_B+1","Defend_B","Zap+1","Dualcast","Ball Lightning","Glacier","Lockon","Barrage+1","Core Surge","Coolheaded","Genetic Algorithm","Defragment+1","Static Discharge","Rainbow","Leap","BootSequence","Electrodynamics","Compile Driver","Loop","Chill","Coolheaded","Skim","Creative AI+1","Doubt","Seek","Glacier"],"relics":["Cracked Core","War Paint","Lantern","Smiling Mask","Cursed Key","Oddly Smooth Stone","Darkstone Periapt","Boot","Inserter","Symbiotic Virus","Old Coin","CaptainsWheel","Bottled Flame"],"acts_visited":["Exordium","TheCity","TheBeyond"],"potions_floor_usage":[44,44,47],"damage_taken":[{"damage":0.0,"enemies":"Cultist","floor":1.0,"turns":3.0},{"damage":2.0,"enemies":"Jaw Worm","floor":2.0,"turns":3.0},{"damage":0.0,"enemies":"2 Louse","floor":3.0,"turns":2.0},{"damage":0.0,"enemies":"Large Slime","floor":4.0,"turns":5.0},{"damage":3.0,"enemies":"3 Louse","floor":5.0,"turns":3.0},{"damage":11.0,"enemies":"3 Sentries","floor":7.0,"turns":8.0},{"damage":0.0,"enemies":"Looter","floor":8.0,"turns":2.0},{"damage":0.0,"enemies":"Blue Slaver","floor":10.0,"turns":3.0},{"damage":3.0,"enemies":"3 Louse","floor":14.0,"turns":4.0},{"damage":13.0,"enemies":"Hexaghost","floor":16.0,"turns":9.0},{"damage":2.0,"enemies":"Spheric Guardian","floor":18.0,"turns":4.0},{"damage":7.0,"enemies":"3 Byrds","floor":19.0,"turns":3.0},{"damage":19.0,"enemies":"Snake Plant","floor":22.0,"turns":5.0},{"damage":16.0,"enemies":"Slavers","floor":23.0,"turns":5.0},{"damage":7.0,"enemies":"Centurion and Healer","floor":25.0,"turns":5.0},{"damage":0.0,"enemies":"Gremlin Leader","floor":27.0,"turns":7.0},{"damage":18.0,"enemies":"Book of Stabbing","floor":29.0,"turns":5.0},{"damage":7.0,"enemies":"Cultist and Chosen","floor":31.0,"turns":8.0},{"damage":41.0,"enemies":"Collector","floor":33.0,"turns":13.0},{"damage":13.0,"enemies":"Orb Walker","floor":35.0,"turns":5.0},{"damage":0.0,"enemies":"3 Shapes","floor":37.0,"turns":4.0},{"damage":0,"enemies":"Mind Bloom Boss Battle","floor":39,"turns":5},{"damage":10,"enemies":"Nemesis","floor":41,"turns":8},{"damage":50,"enemies":"Giant Head","floor":44,"turns":10},{"damage":17,"enemies":"Spire Growth","floor":46,"turns":5},{"damage":0,"enemies":"Jaw Worm Horde","floor":47,"turns":6},{"damage":16,"enemies":"Donu and Deca","floor":50,"turns":12}],"seed_played":"-4596348485335089782","potions_obtained":[{"floor":3.0,"key":"SteroidPotion"},{"floor":4.0,"key":"Energy Potion"},{"floor":5.0,"key":"Fruit Juice"},{"floor":8.0,"key":"Energy Potion"},{"floor":16.0,"key":"Block Potion"},{"floor":19.0,"key":"FearPotion"},{"floor":23.0,"key":"AttackPotion"},{"floor":27.0,"key":"DuplicationPotion"},{"floor":39,"key":"AttackPotion"},{"floor":46,"key":"Fire Potion"},{"floor":47,"key":"SteroidPotion"}],"is_trial":false,"path_per_floor":["M","M","M","M","M","R","E","M","T","M","R","$","?","M","R","B",null,"M","M","?","$","M","E","R","M","T","E","R","E","?","M","R","B",null,"M","$","M","?","?","R","E","R","T","E","R","M","M","?","R","B",null],"character_chosen":"DEFECT","items_purchased":["Defragment","Compile Driver","Loop","Symbiotic Virus"],"campfire_rested":6,"item_purchase_floors":[12,21,21,36],"current_hp_per_floor":[64,62,62,62,64,64,53,53,53,53,53,53,42,39,39,26,64,62,55,55,55,36,20,42,35,35,35,57,39,39,32,54,13,60,47,47,47,47,47,47,37,59,65,15,39,22,22,22,46,30],"gold":559,"neow_bonus":"RANDOM_COMMON_RELIC","is_daily":false,"chose_seed":false,"campfire_upgraded":4,"win_rate":0.0,"timestamp":1609289687,"path_taken":["M","M","M","M","M","R","E","M","T","M","R","$","?","M","R","BOSS","M","M","?","?","?","E","R","M","T","E","R","E","?","M","R","BOSS","M","$","M","?","?","R","E","R","T","E","R","M","M","?","R","BOSS"],"items_purchased_type":["Card","Card","Card","Relic"],"build_version":"2020-12-22","purchased_purges":3,"victory":true,"max_hp_per_floor":[71,71,71,71,76,76,76,76,76,76,76,76,76,76,76,76,76,76,76,76,76,76,76,76,76,76,76,76,76,76,76,76,76,76,76,76,76,76,76,76,76,76,82,82,82,82,82,82,82,82],"relic_stats":{"Darkstone Periapt":6,"Inserter":[24],"counters":[27,152],"War Paint":["Defend_B","Defend_B"],"Smiling Mask":150,"Cursed Key":1,"Boot":[60],"obtain_stats":[{"Darkstone Periapt":27,"Lantern":7,"Inserter":34,"Oddly Smooth Stone":23,"War Paint":0,"Smiling Mask":9,"Cursed Key":17,"Boot":29,"Old Coin":39,"CaptainsWheel":41,"Bottled Flame":44,"Cracked Core":0,"Symbiotic Virus":36},{"Darkstone Periapt":16,"Lantern":6,"Inserter":19,"Oddly Smooth Stone":14,"War Paint":0,"Smiling Mask":7,"Cursed Key":10,"Boot":17,"Old Coin":22,"CaptainsWheel":23,"Bottled Flame":24,"Cracked Core":0,"Symbiotic Virus":20},{"Darkstone Periapt":71,"Lantern":24,"Inserter":97,"Oddly Smooth Stone":59,"War Paint":0,"Smiling Mask":26,"Cursed Key":42,"Boot":76,"Old Coin":111,"CaptainsWheel":119,"Bottled Flame":129,"Cracked Core":0,"Symbiotic Virus":102}]},"card_choices":[{"not_picked":["Gash","Coolheaded"],"picked":"Ball Lightning","floor":1.0},{"not_picked":["Sweeping Beam","Genetic Algorithm"],"picked":"Glacier","floor":2.0},{"not_picked":["Gash","Double Energy"],"picked":"Lockon","floor":3.0},{"not_picked":["Hello World","Go for the Eyes","Gash"],"picked":"SKIP","floor":4.0},{"not_picked":["Consume","Steam"],"picked":"Barrage","floor":5.0},{"not_picked":["Lockon","Beam Cell"],"picked":"Core Surge","floor":7.0},{"not_picked":["Beam Cell","Barrage"],"picked":"Coolheaded","floor":8.0},{"not_picked":["Redo","Consume"],"picked":"Genetic Algorithm","floor":10.0},{"not_picked":["Gash","Rebound"],"picked":"Static Discharge","floor":14.0},{"not_picked":["Core Surge","Hyperbeam"],"picked":"Rainbow","floor":16.0},{"not_picked":["Go for the Eyes","Reprogram"],"picked":"Leap","floor":18.0},{"not_picked":["Stack+1","Hello World"],"picked":"BootSequence","floor":19.0},{"not_picked":["Conserve Battery","Rip and Tear"],"picked":"Chill","floor":22.0},{"not_picked":["Sunder","Compile Driver","Force Field"],"picked":"SKIP","floor":23.0},{"not_picked":["Gash","Barrage"],"picked":"Coolheaded","floor":25.0},{"not_picked":["Conserve Battery+1","Rebound","Chaos"],"picked":"SKIP","floor":27.0},{"not_picked":["Machine Learning","Conserve Battery","Skim"],"picked":"SKIP","floor":29.0},{"not_picked":["Machine Learning","Conserve Battery"],"picked":"Skim","floor":29.0},{"not_picked":["Beam Cell","Skim","Leap"],"picked":"SKIP","floor":31.0},{"not_picked":["Fission","Electrodynamics"],"picked":"Creative AI","floor":33.0},{"not_picked":["Leap","Ball Lightning","FTL+1"],"picked":"SKIP","floor":35.0},{"not_picked":["Leap","Compile Driver","Turbo"],"picked":"SKIP","floor":37.0},{"not_picked":["Cold Snap","Rainbow","Compile Driver"],"picked":"SKIP","floor":41},{"not_picked":["Reprogram","Turbo"],"picked":"Seek","floor":44},{"not_picked":["Melter","Rebound","Beam Cell+1"],"picked":"SKIP","floor":46},{"not_picked":["Rebound+1","Sweeping Beam"],"picked":"Glacier","floor":47}],"player_experience":987273,"relics_obtained":[{"floor":7.0,"key":"Lantern"},{"floor":9.0,"key":"Smiling Mask"},{"floor":23.0,"key":"Oddly Smooth Stone"},{"floor":27.0,"key":"Darkstone Periapt"},{"floor":29.0,"key":"Boot"},{"floor":39,"key":"Old Coin"},{"floor":41,"key":"CaptainsWheel"},{"floor":44,"key":"Bottled Flame"}],"event_choices":[{"damage_healed":0.0,"max_hp_gain":0.0,"max_hp_loss":0.0,"gold_gain":75.0,"event_name":"World of Goop","player_choice":"Gather Gold","floor":13.0,"gold_loss":0.0,"damage_taken":11.0},{"damage_healed":0.0,"max_hp_gain":0.0,"max_hp_loss":0.0,"gold_gain":0.0,"event_name":"Match and Keep!","player_choice":"1 cards matched","floor":20.0,"gold_loss":0.0,"damage_taken":0.0,"cards_obtained":["Electrodynamics"]},{"damage_healed":0.0,"max_hp_gain":0.0,"max_hp_loss":0.0,"gold_gain":0.0,"event_name":"The Mausoleum","player_choice":"Ignored","floor":30.0,"gold_loss":0.0,"damage_taken":0.0},{"damage_healed":0,"gold_gain":0,"player_choice":"Ignored","damage_taken":0,"max_hp_gain":0,"max_hp_loss":0,"event_name":"Mysterious Sphere","floor":38,"gold_loss":0},{"damage_healed":0,"gold_gain":0,"player_choice":"Fight","damage_taken":0,"max_hp_gain":0,"max_hp_loss":0,"event_name":"MindBloom","floor":39,"gold_loss":0},{"damage_healed":0,"gold_gain":0,"player_choice":"Ignored","damage_taken":0,"max_hp_gain":0,"max_hp_loss":0,"event_name":"Tomb of Lord Red Mask","floor":48,"gold_loss":0}],"is_beta":false,"boss_relics":[{"not_picked":["Tiny House","Snecko Eye"],"picked":"Cursed Key"},{"not_picked":["FrozenCore","Empty Cage"],"picked":"Inserter"}],"items_purged_floors":[12,21,36],"is_endless":false,"potions_floor_spawned":[3,4,5,8,10,16,19,23,27,39,46,47],"ascension_level":14}}