{"host":"sc0o2qwpf9j16a4i","time":1609340191,"event":{"mods":["AchievementEnabler","BaseMod","BetterRewards","Block Reminder","Colored Map","Colored Powertips","Custom Start","Highlight Path","Minty Spire (QoL Compilation)","Relic Stats"],"gold_per_floor":[111,36,36,56,56,56,81,91,91,91,106,139,139,152,152,227,227,245,245,259,278,295,295,220,65,90,107,136,160,160,160],"floor_reached":30,"playtime":849,"items_purged":["Strike_R"],"score":620,"play_id":"eb7ffa40-bbc9-47d4-b8b1-4eeaebf95563","local_time":"20201230165631","is_ascension_mode":true,"campfire_choices":[{"data":"Combust","floor":6,"key":"SMITH"},{"data":"Armaments","floor":10,"key":"SMITH"},{"data":"Juggernaut","floor":13,"key":"SMITH"},{"data":"Shockwave","floor":15,"key":"SMITH"},{"data":"Feel No Pain","floor":23,"key":"SMITH"}],"circlet_count":0,"master_deck":["AscendersBane","Strike_R","Strike_R","Defend_R","Defend_R","Defend_R","Defend_R","Bash","Anger","Combust+1","Armaments+1","Shockwave","Shockwave+1","Juggernaut+1","Exhume","Inflame","Ghostly Armor","Feel No Pain+1","Corruption","Clothesline"],"relics":["Burning Blood","NeowsBlessing","Ginger","Ornamental Fan","Snecko Eye","Happy Flower","StrikeDummy","Omamori"],"acts_visited":["Exordium","TheCity"],"potions_floor_usage":[12,16,20,21,28],"damage_taken":[{"damage":0,"enemies":"Cultist","floor":1,"turns":1},{"damage":0,"enemies":"Small Slimes","floor":4,"turns":1},{"damage":0,"enemies":"Lagavulin","floor":7,"turns":1},{"damage":13,"enemies":"Jaw Worm","floor":8,"turns":2},{"damage":1,"enemies":"Blue Slaver","floor":11,"turns":3},{"damage":19,"enemies":"3 Sentries","floor":12,"turns":6},{"damage":1,"enemies":"2 Fungi Beasts","floor":14,"turns":4},{"damage":56,"enemies":"The Guardian","floor":16,"turns":11},{"damage":4,"enemies":"Chosen","floor":18,"turns":5},{"damage":20,"enemies":"3 Byrds","floor":20,"turns":3},{"damage":4,"enemies":"Snecko","floor":21,"turns":4},{"damage":16,"enemies":"Centurion and Healer","floor":22,"turns":10},{"damage":1,"enemies":"3 Cultists","floor":27,"turns":5},{"damage":3,"enemies":"Book of Stabbing","floor":28,"turns":4},{"damage":60,"enemies":"Gremlin Leader","floor":30,"turns":4}],"seed_played":"8643636810955229384","potions_obtained":[{"floor":4,"key":"LiquidMemories"},{"floor":7,"key":"Fruit Juice"},{"floor":14,"key":"Swift Potion"},{"floor":16,"key":"Explosive Potion"},{"floor":20,"key":"Block Potion"},{"floor":21,"key":"Dexterity Potion"}],"is_trial":false,"path_per_floor":["M","$","?","M","?","R","E","M","T","R","M","E","R","M","R","B",null,"M","?","M","M","M","R","?","$","T","M","E","T","E"],"character_chosen":"IRONCLAD","items_purchased":["Corruption"],"campfire_rested":0,"item_purchase_floors":[25],"current_hp_per_floor":[74,74,74,75,80,80,80,73,73,73,78,65,65,70,70,20,65,67,67,53,60,50,50,50,50,50,55,58,58,0,0],"gold":160,"neow_bonus":"THREE_ENEMY_KILL","is_daily":false,"chose_seed":false,"campfire_upgraded":5,"win_rate":0.0,"timestamp":1609340191,"path_taken":["M","$","?","M","?","R","E","M","T","R","M","E","R","M","R","BOSS","M","?","M","?","M","R","?","$","T","M","E","?","E"],"items_purchased_type":["Card"],"build_version":"2020-12-22","purchased_purges":1,"victory":false,"max_hp_per_floor":[75,75,75,75,80,80,80,80,80,80,80,80,80,80,80,80,80,80,80,80,85,85,85,85,85,85,85,85,85,85,85],"relic_stats":{"Happy Flower":[4],"counters":[15,64],"Ornamental Fan":[16],"Snecko Eye":[56,65,51,60],"Ginger":[9],"obtain_stats":[{"NeowsBlessing":0,"Happy Flower":26,"Ornamental Fan":12,"Snecko Eye":17,"Omamori":29,"Ginger":7,"StrikeDummy":28,"Burning Blood":0},{"NeowsBlessing":0,"Happy Flower":12,"Ornamental Fan":6,"Snecko Eye":8,"Omamori":14,"Ginger":3,"StrikeDummy":14,"Burning Blood":0},{"NeowsBlessing":0,"Happy Flower":51,"Ornamental Fan":14,"Snecko Eye":29,"Omamori":60,"Ginger":3,"StrikeDummy":60,"Burning Blood":0}],"Burning Blood":73},"card_choices":[{"not_picked":["Cleave","Flex"],"picked":"Anger","floor":1},{"not_picked":["Cleave","Blood for Blood"],"picked":"Combust","floor":4},{"not_picked":["Body Slam","Warcry"],"picked":"Armaments","floor":7},{"not_picked":["Havoc","Rupture"],"picked":"Shockwave","floor":8},{"not_picked":["Thunderclap","Reckless Charge"],"picked":"Shockwave","floor":11},{"not_picked":["Flex","Infernal Blade"],"picked":"Juggernaut","floor":12},{"not_picked":["Havoc","Combust","Armaments"],"picked":"SKIP","floor":14},{"not_picked":["Berserk","Offering"],"picked":"Exhume","floor":16},{"not_picked":["Pummel","Armaments"],"picked":"Inflame","floor":18},{"not_picked":["Anger","Pommel Strike","Havoc"],"picked":"SKIP","floor":20},{"not_picked":["Whirlwind","Hemokinesis"],"picked":"Ghostly Armor","floor":21},{"not_picked":["Clothesline+1","Armaments"],"picked":"Feel No Pain","floor":22},{"not_picked":["Flex","Headbutt"],"picked":"Clothesline","floor":27},{"not_picked":["Heavy Blade","Thunderclap","Rage"],"picked":"SKIP","floor":28}],"player_experience":449500,"relics_obtained":[{"floor":7,"key":"Ginger"},{"floor":12,"key":"Ornamental Fan"},{"floor":26,"key":"Happy Flower"},{"floor":28,"key":"StrikeDummy"},{"floor":29,"key":"Omamori"}],"event_choices":[{"damage_healed":0,"gold_gain":0,"player_choice":"Leave","damage_taken":0,"max_hp_gain":0,"max_hp_loss":0,"event_name":"The Cleric","floor":3,"gold_loss":0},{"damage_healed":0,"gold_gain":0,"player_choice":"Donut","damage_taken":0,"max_hp_gain":5,"max_hp_loss":0,"event_name":"Big Fish","floor":5,"gold_loss":0},{"cards_removed":["Strike_R"],"damage_healed":0,"gold_gain":0,"player_choice":"Card Removal","damage_taken":0,"max_hp_gain":0,"max_hp_loss":0,"event_name":"Wheel of Change","floor":19,"gold_loss":0},{"cards_removed":["Strike_R"],"damage_healed":0,"gold_gain":0,"player_choice":"Gave Gold","damage_taken":0,"max_hp_gain":0,"max_hp_loss":0,"event_name":"Beggar","floor":24,"gold_loss":75}],"is_beta":false,"boss_relics":[{"not_picked":["SacredBark","Mark of Pain"],"picked":"Snecko Eye"}],"items_purged_floors":[2],"is_endless":false,"potions_floor_spawned":[4,7,14,16,20,21,22,27],"killed_by":"Gremlin Leader","ascension_level":20}}