{"host":"08sn1703g14rasc1","time":1609369811,"event":{"mods":["AchievementEnabler","BaseMod","Colored Map","Colored Powertips","Hermit","Minty Spire (QoL Compilation)","StSLib"],"gold_per_floor":[116,171,171,21,32,61,61,61,61,75,37,37,37,52,52,52,52],"floor_reached":16,"playtime":426,"items_purged":[],"score":132,"play_id":"0001edc8-a04d-4a36-b0b5-5752064cb4d1","local_time":"20201230151011","is_ascension_mode":true,"campfire_choices":[{"floor":12,"key":"REST"},{"floor":15,"key":"REST"}],"circlet_count":0,"master_deck":["hermit:Strike_Hermit","hermit:Strike_Hermit","hermit:Strike_Hermit+1","hermit:Defend_Hermit","hermit:Defend_Hermit","hermit:Defend_Hermit","hermit:Defend_Hermit","hermit:Snapshot","hermit:Covet","hermit:CursedWeapon","hermit:SprayPray","hermit:CursedWeapon+1","hermit:TrackingShot","hermit:Gestalt","hermit:Glare","hermit:Brawl","hermit:Coalescence"],"relics":["hermit:Momento","Gambling Chip","DollysMirror","Question Card","hermit:Horseshoe","Pear"],"acts_visited":["Exordium"],"potions_floor_usage":[16,16],"damage_taken":[{"damage":0,"enemies":"Small Slimes","floor":1,"turns":3},{"damage":10,"enemies":"Cultist","floor":5,"turns":4},{"damage":29,"enemies":"3 Sentries","floor":6,"turns":10},{"damage":2,"enemies":"Jaw Worm","floor":10,"turns":4},{"damage":21,"enemies":"Large Slime","floor":14,"turns":5},{"damage":37,"enemies":"Hexaghost","floor":16,"turns":9}],"seed_played":"8742966839702932983","potions_obtained":[{"floor":1,"key":"BlessingOfTheForge"},{"floor":5,"key":"LiquidMemories"}],"is_trial":false,"path_per_floor":["M","?","?","$","M","E","?","?","T","M","$","R","T","M","R","B"],"character_chosen":"HERMIT","items_purchased":["DollysMirror","hermit:Brawl"],"campfire_rested":2,"item_purchase_floors":[4,11],"current_hp_per_floor":[68,68,68,68,58,29,15,3,3,1,1,21,31,10,33,0,0],"gold":52,"neow_bonus":"ONE_RARE_RELIC","is_daily":false,"chose_seed":false,"campfire_upgraded":0,"win_rate":0.0,"timestamp":1609369811,"path_taken":["M","?","?","$","?","E","?","?","T","M","$","R","?","M","R","BOSS"],"items_purchased_type":["Relic","Card"],"build_version":"2020-12-22","purchased_purges":0,"victory":false,"max_hp_per_floor":[68,68,68,68,68,68,68,68,68,68,68,68,78,78,78,78,78],"card_choices":[{"not_picked":["hermit:Midnight","hermit:Quickdraw"],"picked":"hermit:CursedWeapon","floor":1},{"not_picked":["hermit:Shortfuse","hermit:Headshot"],"picked":"hermit:TrackingShot","floor":5},{"not_picked":["hermit:HighCaliber","hermit:Feint"],"picked":"hermit:Gestalt","floor":6},{"not_picked":["hermit:Vantage","hermit:Headshot","hermit:Dive"],"picked":"hermit:Glare","floor":10},{"not_picked":["hermit:Glare","hermit:TrackingShot","hermit:Headshot"],"picked":"hermit:Coalescence","floor":14}],"player_experience":450748,"relics_obtained":[{"floor":6,"key":"Question Card"},{"floor":13,"key":"Pear"}],"event_choices":[{"damage_healed":0,"gold_gain":55,"player_choice":"Gained Gold","damage_taken":0,"max_hp_gain":0,"max_hp_loss":0,"event_name":"Golden Wing","floor":2,"gold_loss":0},{"damage_healed":0,"gold_gain":0,"cards_transformed":["hermit:Strike_Hermit"],"player_choice":"Transformed","damage_taken":0,"max_hp_gain":0,"max_hp_loss":0,"event_name":"Transmorgrifier","floor":3,"gold_loss":0,"cards_obtained":["hermit:SprayPray"]},{"damage_healed":0,"gold_gain":0,"player_choice":"Entered Light","damage_taken":14,"max_hp_gain":0,"max_hp_loss":0,"event_name":"Shining Light","floor":7,"gold_loss":0,"cards_upgraded":["hermit:Strike_Hermit","hermit:CursedWeapon"]},{"damage_healed":0,"gold_gain":0,"player_choice":"Success","damage_taken":12,"relics_obtained":["hermit:Horseshoe"],"max_hp_gain":0,"max_hp_loss":0,"event_name":"Scrap Ooze","floor":8,"gold_loss":0}],"is_beta":false,"boss_relics":[],"items_purged_floors":[],"is_endless":false,"potions_floor_spawned":[1,5],"killed_by":"Hexaghost","ascension_level":7}}