{"host":"873t0y8ybyo38pfq","time":1609359032,"event":{"mods":["BaseMod","Bestiary","Colored Map","Colored Powertips","Highlight Path","Minty Spire (QoL Compilation)","Quick Restart","RNG Fix","Rare Cards Sparkle","Relic Stats","StSLib"],"gold_per_floor":[109,23,46,63,63,63,76,156,156,174,217,255,302,302,302,302,302],"floor_reached":16,"playtime":438,"items_purged":[],"score":216,"play_id":"d240f7e6-9cef-4f96-84da-a9cfb1741cbd","local_time":"20201230151032","is_ascension_mode":true,"campfire_choices":[{"data":"Noxious Fumes","floor":6,"key":"SMITH"},{"floor":15,"key":"REST"}],"circlet_count":0,"master_deck":["AscendersBane","Strike_G","Strike_G","Strike_G","Defend_G","Defend_G","Defend_G","Defend_G","Defend_G","Survivor","Neutralize","Corpse Explosion","Deflect","Acrobatics","Noxious Fumes+1","Quick Slash","Deadly Poison","Backstab","Outmaneuver"],"relics":["Ring of the Snake","Orichalcum","Golden Idol","Meat on the Bone","Snake Skull","Blood Vial","Odd Mushroom","CeramicFish"],"acts_visited":["Exordium"],"potions_floor_usage":[13,16],"damage_taken":[{"damage":4,"enemies":"2 Louse","floor":1,"turns":3},{"damage":3,"enemies":"Jaw Worm","floor":4,"turns":4},{"damage":0,"enemies":"Cultist","floor":7,"turns":3},{"damage":0,"enemies":"Exordium Wildlife","floor":10,"turns":4},{"damage":15,"enemies":"3 Sentries","floor":11,"turns":3},{"damage":3,"enemies":"The Mushroom Lair","floor":12,"turns":2},{"damage":20,"enemies":"Lagavulin","floor":13,"turns":6},{"damage":50,"enemies":"Slime Boss","floor":16,"turns":7}],"seed_played":"3419939227181510909","potions_obtained":[{"floor":1,"key":"Poison Potion"},{"floor":7,"key":"CultistPotion"}],"is_trial":false,"path_per_floor":["M","$","T","M","?","R","M","T","T","M","E","?","E","?","R","B"],"character_chosen":"THE_SILENT","items_purchased":["Noxious Fumes"],"campfire_rested":1,"item_purchase_floors":[2],"current_hp_per_floor":[55,55,55,52,52,52,52,52,52,52,37,36,30,30,48,0,0],"gold":302,"neow_bonus":"TRANSFORM_TWO_CARDS","is_daily":false,"chose_seed":false,"campfire_upgraded":1,"win_rate":0.0,"timestamp":1609359032,"path_taken":["M","$","?","M","?","R","M","?","T","?","E","?","E","?","R","BOSS"],"items_purchased_type":["Card"],"build_version":"2020-12-22","purchased_purges":0,"victory":false,"max_hp_per_floor":[66,66,66,66,60,60,60,60,60,60,60,60,60,60,60,60,60],"relic_stats":{"Blood Vial":6,"counters":[8,32],"Golden Idol":32,"CeramicFish":9,"Snake Skull":[30],"Orichalcum":[90],"obtain_stats":[{"Blood Vial":11,"Golden Idol":5,"CeramicFish":13,"Snake Skull":9,"Orichalcum":3,"Odd Mushroom":12,"Ring of the Snake":0,"Meat on the Bone":8},{"Blood Vial":5,"Golden Idol":2,"CeramicFish":7,"Snake Skull":3,"Orichalcum":1,"Odd Mushroom":6,"Ring of the Snake":0,"Meat on the Bone":3},{"Blood Vial":17,"Golden Idol":7,"CeramicFish":25,"Snake Skull":10,"Orichalcum":3,"Odd Mushroom":19,"Ring of the Snake":0,"Meat on the Bone":10}],"Ring of the Snake":[16],"Meat on the Bone":12},"card_choices":[{"not_picked":["Quick Slash","Dash"],"picked":"Acrobatics","floor":1},{"not_picked":["Calculated Gamble","All Out Attack"],"picked":"Quick Slash","floor":4},{"not_picked":["Backflip","Dash"],"picked":"Deadly Poison","floor":7},{"not_picked":["Concentrate","Dagger Throw"],"picked":"Backstab","floor":10},{"not_picked":["Flying Knee","Concentrate","Distraction"],"picked":"SKIP","floor":11},{"not_picked":["Poisoned Stab","Dagger Throw"],"picked":"Outmaneuver","floor":13}],"player_experience":1427373,"relics_obtained":[{"floor":3,"key":"Orichalcum"},{"floor":8,"key":"Meat on the Bone"},{"floor":9,"key":"Snake Skull"},{"floor":11,"key":"Blood Vial"},{"floor":12,"key":"Odd Mushroom"},{"floor":13,"key":"CeramicFish"}],"event_choices":[{"damage_healed":0,"gold_gain":0,"player_choice":"Lose Max HP","damage_taken":0,"relics_obtained":["Golden Idol"],"max_hp_gain":0,"max_hp_loss":6,"event_name":"Golden Idol","floor":5,"gold_loss":0},{"damage_healed":0,"gold_gain":0,"player_choice":"Fought Mushrooms","damage_taken":0,"max_hp_gain":0,"max_hp_loss":0,"event_name":"Mushrooms","floor":12,"gold_loss":0},{"cards_removed":["Shame"],"damage_healed":0,"gold_gain":0,"player_choice":"Purged","damage_taken":0,"max_hp_gain":0,"max_hp_loss":0,"event_name":"Purifier","floor":14,"gold_loss":0}],"is_beta":false,"boss_relics":[],"items_purged_floors":[],"is_endless":false,"potions_floor_spawned":[1,7,10,12],"killed_by":"Slime Boss","ascension_level":20}}