{"host":"s0ikvqhe10eopvjn","time":1609292492,"event":{"mods":["Act Like it!","Bard","BaseMod","Block Reminder","Colored Map","Colored Powertips","DeckTracker","Downfall","Halation","Hallownest","Hermit","Highlight Path","Hubris","Infinite Spire","Mad Scientist","Minty Spire (QoL Compilation)","Permanent Neow","Random Character Button","Replay The Spire","StSLib","The Blackbeard","The Blue Laboratory","The Bug Knight","The Cursed","The Disciple","The Mystic","The Necromancer","The Servant 0.9.4"],"gold_per_floor":[99,115,115,115,134,59,59,59,78,93,112,124,155,155,175,270,270,120,140,151,163,73,85,85,85,85,104,104,104,104,204,221,317,317,317,317,334,334,384,1433,1433,1426,1445,1445,1445,1445],"floor_reached":44,"playtime":3530,"items_purged":["hexamod:Defend"],"score":514,"play_id":"1ee20a1e-508b-4b43-b883-78cf447e863a","local_time":"20201230014132","is_ascension_mode":false,"campfire_choices":[{"floor":1.0,"key":"RECALL"},{"data":"hexamod:Float","floor":6.0,"key":"SMITH"},{"data":"hexamod:GhostOfSpirePresent","floor":18.0,"key":"SMITH"},{"floor":25.0,"key":"REST"},{"floor":29.0,"key":"REST"},{"data":"hexamod:HexaLevel","floor":35.0,"key":"SMITH"}],"circlet_count":0,"master_deck":["hexamod:Strike+1","hexamod:Strike+1","hexamod:Strike+1","hexamod:Strike+1","hexamod:Defend+1","hexamod:Defend+1","hexamod:Defend+1","hexamod:Sear","hexamod:Float+1","hexamod:Hexaguard","hexamod:HauntingEcho","hexamod:ThermalTransfer","hexamod:NightmareGuise","hexamod:GhostOfSpirePresent+1","hexamod:ThirdSeal","hexamod:SpectersWail","hexamod:TimeWarp","hexamod:SearingWound","hexamod:FourthSeal","hexamod:Hexaguard","hexamod:InspiringFlames","hexamod:NecessarySacrifice","hexamod:RecurringNightmare+1","hexamod:SkipABeat+1","hexamod:Firestarter+1","hexamod:FastForward+1","hexamod:AdvancingGuard+1","hexamod:SwordOfDarkness","hexamod:SpectralAdrenaline+1","hexamod:GhostLash","hexamod:GhostOfSpirePast","hexamod:FastForward+1","hexamod:HexaLevel+1","hexamod:SecondSeal","infinitespire:SevenWalls","hexamod:FastForward"],"relics":["hexamod:IceCube","hubris:Towel","downfall:HeartBlessingRed","Replay:Bottled Eggs","downfall:HeartBlessingGreen","downfall:HeartBlessingBlue","Omamori","downfall:CloakOfManyFaces","CultistMask","FaceOfCleric","NlothsMask","GremlinMask","SsserpentHead","Runic Pyramid","hubris:Spice","Pocketwatch","Strawberry"],"acts_visited":["Exordium","TheCity","TheBeyond"],"potions_floor_usage":[],"damage_taken":[{"damage":1.0,"enemies":"Jaw Worm","floor":2.0,"turns":4.0},{"damage":0.0,"enemies":"Small Slimes","floor":5.0,"turns":3.0},{"damage":0.0,"enemies":"2 Louse","floor":9.0,"turns":2.0},{"damage":1.0,"enemies":"2 Fungi Beasts","floor":10.0,"turns":3.0},{"damage":6.0,"enemies":"Lots of Slimes","floor":11.0,"turns":4.0},{"damage":0.0,"enemies":"2 Fungi Beasts","floor":12.0,"turns":3.0},{"damage":13.0,"enemies":"Lagavulin","floor":13.0,"turns":6.0},{"damage":12.0,"enemies":"Exordium Thugs","floor":15.0,"turns":4.0},{"damage":22.0,"enemies":"downfall:Ironclad","floor":16.0,"turns":9.0},{"damage":4.0,"enemies":"3 Byrds","floor":19.0,"turns":5.0},{"damage":14.0,"enemies":"Shell Parasite","floor":20.0,"turns":5.0},{"damage":23.0,"enemies":"Snake Plant","floor":21.0,"turns":4.0},{"damage":2.0,"enemies":"downfall:FleeingMerchant","floor":22.0,"turns":4.0},{"damage":7.0,"enemies":"Centurion and Healer","floor":23.0,"turns":8.0},{"damage":6.0,"enemies":"3 Cultists","floor":26.0,"turns":5.0},{"damage":10.0,"enemies":"Snecko","floor":27.0,"turns":4.0},{"damage":0.0,"enemies":"downfall:FaceTrader","floor":31.0,"turns":5.0},{"damage":0.0,"enemies":"Chosen and Byrds","floor":32.0,"turns":5.0},{"damage":51.0,"enemies":"downfall:Defect","floor":33.0,"turns":10.0},{"damage":46.0,"enemies":"3 Darklings","floor":36.0,"turns":5.0},{"damage":35.0,"enemies":"3 Shapes","floor":37.0,"turns":6.0},{"damage":0.0,"enemies":"downfall:FleeingMerchant","floor":42.0,"turns":4.0},{"damage":0,"enemies":"Spire Growth","floor":43,"turns":3},{"damage":27,"enemies":"3 Darklings","floor":44,"turns":2}],"seed_played":"8685801469673345323","potions_obtained":[{"floor":5.0,"key":"blueLaboratory:Moonshine"},{"floor":12.0,"key":"Weak Potion"},{"floor":15.0,"key":"Block Potion"},{"floor":16.0,"key":"blueLaboratory:NullPotion"},{"floor":20.0,"key":"blueLaboratory:AbyssPotion"},{"floor":21.0,"key":"blueLaboratory:FruitPunch"},{"floor":22.0,"key":"blueLaboratory:FrostheartPotion"}],"is_trial":false,"path_per_floor":["R","M","?","?","M","R","T","?","M","M","M","M","E","?","M","B",null,"R","M","M","M","$","M","T","R","M","M","?","R","?","?","M","B",null,"R","M","M","AVR","T","?","T","$","M","M"],"character_chosen":"THE_SPIRIT","items_purchased":[],"campfire_rested":2,"item_purchase_floors":[],"current_hp_per_floor":[70,69,69,69,69,69,69,69,69,68,62,62,49,49,37,15,70,80,76,62,39,39,32,32,56,50,40,40,64,64,64,65,15,84,84,39,5,13,13,13,20,21,22,0,0,0],"gold":1445,"neow_bonus":"BOSS_RELIC","is_daily":false,"chose_seed":false,"campfire_upgraded":3,"win_rate":0.0,"timestamp":1609292492,"path_taken":["R","M","?","?","M","R","T","?","M","M","M","M","E","?","M","BOSS","R","M","M","M","$","M","T","R","M","M","?","R","?","?","M","BOSS","R","M","M","AVR","?","?","T","$","M","M"],"items_purchased_type":[],"build_version":"2020-12-22","purchased_purges":1,"victory":false,"max_hp_per_floor":[70,70,70,70,70,70,70,70,70,70,70,70,70,70,70,70,70,80,80,80,80,82,82,82,82,82,82,82,82,82,82,83,84,84,84,85,86,94,94,94,101,102,103,103,103,103],"card_choices":[{"not_picked":["hexamod:Firestarter","hexamod:FastForward"],"picked":"hexamod:Hexaguard","floor":2.0},{"not_picked":["hexamod:GhostLash","hexamod:ShieldOfDarkness"],"picked":"hexamod:HauntingEcho","floor":5.0},{"not_picked":["hexamod:Firestarter","hexamod:TurnItUp","hexamod:RainOfEmbers"],"picked":"SKIP","floor":9.0},{"not_picked":["hexamod:HauntingEcho","hexamod:CatchUp"],"picked":"hexamod:ThermalTransfer","floor":10.0},{"not_picked":["hexamod:RadiantFlame","hexamod:Incineration"],"picked":"hexamod:NightmareGuise","floor":11.0},{"not_picked":["hexamod:ChargedBarrage","hexamod:NightmareGuise"],"picked":"hexamod:GhostOfSpirePresent","floor":12.0},{"not_picked":["hexamod:PhantomFireball","hexamod:VolcanoVisage"],"picked":"hexamod:ThirdSeal","floor":13.0},{"not_picked":["hexamod:Again","hexamod:NightmareGuise"],"picked":"hexamod:SpectersWail","floor":15.0},{"not_picked":["hexamod:ParanormalForm","hexamod:TurnItUp"],"picked":"hexamod:TimeWarp","floor":16.0},{"not_picked":["hexamod:UnleashSpirits","hexamod:TurnItUp"],"picked":"hexamod:SearingWound","floor":16.0},{"not_picked":["hexamod:HeatCrush","hexamod:ShieldOfDarkness+1"],"picked":"hexamod:FourthSeal","floor":19.0},{"not_picked":["hexamod:HauntingEcho","hexamod:HeatCrush"],"picked":"hexamod:Hexaguard","floor":19.0},{"not_picked":["hexamod:GhostShield","hexamod:GhostflameBarrier"],"picked":"hexamod:InspiringFlames","floor":20.0},{"not_picked":["hexamod:Firestarter+1","hexamod:NightmareStrike"],"picked":"hexamod:NecessarySacrifice","floor":20.0},{"not_picked":["hexamod:ExtraCrispy","hexamod:Haunt"],"picked":"hexamod:RecurringNightmare+1","floor":21.0},{"not_picked":["hexamod:GhostShield","hexamod:BurningTouch"],"picked":"hexamod:SkipABeat+1","floor":21.0},{"not_picked":["hexamod:ShieldOfDarkness","hexamod:SpectersWail"],"picked":"hexamod:Firestarter+1","floor":22.0},{"not_picked":["hexamod:NightmareGuise","hexamod:SwordOfDarkness"],"picked":"hexamod:FastForward+1","floor":22.0},{"not_picked":["hexamod:Hexaguard","hexamod:NightmareStrike"],"picked":"hexamod:AdvancingGuard+1","floor":23.0},{"not_picked":["hexamod:HauntingEcho","hexamod:FourthSeal"],"picked":"hexamod:SwordOfDarkness","floor":23.0},{"not_picked":["hexamod:ThermalTransfer+1","hexamod:SpectersWail+1"],"picked":"hexamod:SpectralAdrenaline+1","floor":26.0},{"not_picked":["hexamod:NightmareGuise","hexamod:Incineration","hexamod:ThirdSeal"],"picked":"SKIP","floor":26.0},{"not_picked":["hexamod:SpectersWail","hexamod:TurnItUp"],"picked":"hexamod:GhostLash","floor":27.0},{"not_picked":["hexamod:SwordOfDarkness","hexamod:Firestarter","hexamod:NecessarySacrifice"],"picked":"SKIP","floor":27.0},{"not_picked":["hexamod:SwordOfDarkness","hexamod:Firestarter","hexamod:NecessarySacrifice"],"picked":"SKIP","floor":27.0},{"not_picked":["hexamod:PhantomCloak","hexamod:CatchUp"],"picked":"hexamod:FastForward+1","floor":31.0},{"not_picked":["hexamod:SpectralAdrenaline","hexamod:BurningTouch+1","hexamod:SwordOfDarkness+1"],"picked":"SKIP","floor":32.0},{"not_picked":["hexamod:DynamicBlow","hexamod:NightmareGuise","hexamod:SpectersWail"],"picked":"SKIP","floor":32.0},{"not_picked":["hexamod:UnleashSpirits","hexamod:TurnItUp"],"picked":"hexamod:HexaLevel","floor":33.0},{"not_picked":["hexamod:NightmareGuise","hexamod:FastForward+1","hexamod:SpectralAdrenaline+1"],"picked":"SKIP","floor":36.0},{"not_picked":["hexamod:SwordOfDarkness","hexamod:SpectersWail","hexamod:GhostShield+1"],"picked":"SKIP","floor":36.0},{"not_picked":["hexamod:FourthSeal","hexamod:SoulSteal"],"picked":"hexamod:SecondSeal","floor":37.0},{"not_picked":["hexamod:RainOfEmbers","hexamod:NightmareStrike","hexamod:GhostOfSpirePast+1"],"picked":"SKIP","floor":37.0},{"not_picked":["hexamod:HauntingEcho+1","hexamod:ShieldOfDarkness+1","hexamod:NightmareGuise"],"picked":"SKIP","floor":42},{"not_picked":["hexamod:AdvancingGuard","hexamod:PhantomCloak+1"],"picked":"hexamod:FastForward","floor":43},{"not_picked":["hexamod:Firestarter+1","hexamod:SwordOfDarkness+1","hexamod:NightmareGuise+1"],"picked":"SKIP","floor":43}],"player_experience":83920,"relics_obtained":[{"floor":13.0,"key":"Replay:Bottled Eggs"},{"floor":24.0,"key":"Omamori"},{"floor":31.0,"key":"downfall:CloakOfManyFaces"},{"floor":39.0,"key":"Pocketwatch"},{"floor":41.0,"key":"Strawberry"}],"event_choices":[{"damage_healed":0.0,"max_hp_gain":0.0,"max_hp_loss":0.0,"gold_gain":0.0,"event_name":"Back to Basics","player_choice":"Simplicity","floor":30.0,"gold_loss":0.0,"damage_taken":0.0,"cards_upgraded":["hexamod:Defend","hexamod:Defend","hexamod:Defend"]}],"is_beta":false,"boss_relics":[{"not_picked":["halation:MonkeysPaw","ChewingGum","Runic Dome"]},{"not_picked":["halation:SmartPhone","halation:LoveArrow"],"picked":"Runic Pyramid"}],"items_purged_floors":[22],"is_endless":false,"potions_floor_spawned":[5,12,15,16,20,21,32,36,43],"killed_by":"3 Darklings","ascension_level":0}}