{"host":"f6tqpspb2ou2a4h5","time":1609337850,"event":{"mods":["2.2 Compatiblity","Ascension Unlocker","BaseMod","Colored Map","DeckTracker","Hermit","Highlight Path","KOR Keyword Fix","Keyboard Shortcuts","Minty Spire (QoL Compilation)","Permanent Neow","Quick Restart","Random Character Button","StSLib","SuperFastMode","The Poker Player","everything is the same but u backflip on backflip"],"gold_per_floor":[119,131,143,143,157,157,186,203,203,229,243,260,260,274,274,373,373,384,397,411,411,411],"floor_reached":21,"playtime":981,"items_purged":[],"score":305,"play_id":"ec10a21c-b513-41b4-9fc0-ec31238326a5","local_time":"20201230231730","is_ascension_mode":true,"campfire_choices":[{"data":"Zap","floor":6.0,"key":"SMITH"},{"data":"Seek","floor":13.0,"key":"SMITH"},{"data":"Beam Cell","floor":15.0,"key":"SMITH"}],"circlet_count":0,"master_deck":["AscendersBane","Defend_B","Defend_B","Defend_B","Defend_B","Zap+1","Dualcast","Seek+1","Gash","Skim","Streamline","Leap","Cold Snap","Beam Cell+1","Genetic Algorithm","Gash","Hologram","Gash","Seek","Multi-Cast+1","Hello World+1","Sunder+1","Steam+1","Skim"],"relics":["Cracked Core","Cables","Eternal Feather","Question Card","Astrolabe"],"acts_visited":["Exordium","TheCity"],"potions_floor_usage":[20],"damage_taken":[{"damage":6.0,"enemies":"Cultist","floor":1.0,"turns":4.0},{"damage":4.0,"enemies":"Small Slimes","floor":2.0,"turns":3.0},{"damage":1.0,"enemies":"2 Louse","floor":3.0,"turns":2.0},{"damage":7.0,"enemies":"2 Fungi Beasts","floor":5.0,"turns":4.0},{"damage":14.0,"enemies":"Gremlin Nob","floor":7.0,"turns":4.0},{"damage":0.0,"enemies":"Large Slime","floor":8.0,"turns":4.0},{"damage":18.0,"enemies":"3 Sentries","floor":10.0,"turns":9.0},{"damage":7.0,"enemies":"Blue Slaver","floor":11.0,"turns":3.0},{"damage":0.0,"enemies":"Exordium Wildlife","floor":12.0,"turns":3.0},{"damage":3.0,"enemies":"3 Louse","floor":14.0,"turns":3.0},{"damage":14.0,"enemies":"Slime Boss","floor":16.0,"turns":10.0},{"damage":4.0,"enemies":"Spheric Guardian","floor":18.0,"turns":3.0},{"damage":23.0,"enemies":"2 Thieves","floor":19.0,"turns":4.0},{"damage":27,"enemies":"Snecko","floor":20,"turns":6},{"damage":9,"enemies":"Snake Plant","floor":21,"turns":3}],"seed_played":"4198739602517455146","potions_obtained":[{"floor":2.0,"key":"LiquidMemories"},{"floor":7.0,"key":"BlessingOfTheForge"},{"floor":11.0,"key":"Strength Potion"}],"is_trial":false,"path_per_floor":["M","M","M","?","M","R","E","M","T","E","M","M","R","M","R","B",null,"M","M","M","M"],"character_chosen":"DEFECT","items_purchased":[],"campfire_rested":0,"item_purchase_floors":[],"current_hp_per_floor":[62,58,57,57,50,50,36,36,36,18,11,11,23,20,32,18,61,57,34,7,0,0],"gold":411,"neow_bonus":"ONE_RANDOM_RARE_CARD","is_daily":false,"chose_seed":false,"campfire_upgraded":3,"win_rate":0.0,"timestamp":1609337850,"path_taken":["M","M","?","?","M","R","E","M","T","E","M","M","R","M","R","BOSS","M","M","?","M"],"items_purchased_type":[],"build_version":"2020-12-22","purchased_purges":0,"victory":false,"max_hp_per_floor":[75,75,75,75,75,75,75,75,75,75,75,75,75,75,75,75,75,75,75,75,75,75],"card_choices":[{"not_picked":["Stack","Genetic Algorithm"],"picked":"Gash","floor":1.0},{"not_picked":["Cold Snap","Redo"],"picked":"Skim","floor":2.0},{"not_picked":["Stack","Scrape"],"picked":"Streamline","floor":3.0},{"not_picked":["Ball Lightning","Turbo"],"picked":"Cold Snap","floor":5.0},{"not_picked":["Streamline","Conserve Battery"],"picked":"Beam Cell","floor":7.0},{"not_picked":["Stack","Recycle"],"picked":"Genetic Algorithm","floor":8.0},{"not_picked":["Machine Learning","Steam","Glacier"],"picked":"SKIP","floor":10.0},{"not_picked":["FTL","Doom and Gloom","Reprogram"],"picked":"Gash","floor":11.0},{"not_picked":["Compile Driver","Rebound","Stack"],"picked":"Hologram","floor":12.0},{"not_picked":["Beam Cell","Ball Lightning","Sweeping Beam"],"picked":"Gash","floor":14.0},{"not_picked":["Hyperbeam","Machine Learning","Fission"],"picked":"Seek","floor":16.0},{"not_picked":["White Noise+1","Go for the Eyes","Stack+1"],"picked":"Steam+1","floor":18.0},{"not_picked":["Barrage","Stack","Turbo","Aggregate"],"picked":"SKIP","floor":19.0},{"not_picked":["Defragment","Conserve Battery","Aggregate"],"picked":"Skim","floor":20}],"player_experience":109725,"relics_obtained":[{"floor":7.0,"key":"Cables"},{"floor":9.0,"key":"Eternal Feather"},{"floor":10.0,"key":"Question Card"}],"event_choices":[{"damage_healed":0.0,"max_hp_gain":0.0,"max_hp_loss":0.0,"gold_gain":0.0,"cards_transformed":["Strike_B"],"event_name":"Transmorgrifier","player_choice":"Transformed","floor":4.0,"gold_loss":0.0,"damage_taken":0.0,"cards_obtained":["Leap"]}],"is_beta":false,"boss_relics":[{"not_picked":["Cursed Key","Philosopher\u0027s Stone"],"picked":"Astrolabe"}],"items_purged_floors":[],"is_endless":false,"potions_floor_spawned":[2,7,8,11,14],"killed_by":"Snake Plant","ascension_level":11}}