{"host":"e87rn453naquue3h","time":1609366832,"event":{"mods":["AchievementEnabler","BaseMod","Downfall","Minty Spire (QoL Compilation)","StSLib"],"gold_per_floor":[199,216,11,11,111,152,152,193,40,40,64,87,109,164,174,278,278,278,304,389,434,488,488,488,115,115,155,18,18,62,89,107,220,247,247,267,285,300,300,340,367,417,441,441,21,50,50,77,90,115],"floor_reached":51,"playtime":8757,"items_purged":["sneckomod:Unknown","sneckomod:Unknown"],"score":1292,"play_id":"6a011d96-1647-4b64-96a6-037d5a040cc4","local_time":"20201230172032","is_ascension_mode":true,"campfire_choices":[{"data":"sneckomod:TailWhip","floor":1.0,"key":"SMITH"},{"floor":10.0,"key":"REST"},{"data":"sneckomod:Unknown3Cost","floor":18.0,"key":"SMITH"},{"data":"sneckomod:UnknownRareSkill","floor":23.0,"key":"SMITH"},{"data":"sneckomod:SerpentIdol","floor":26.0,"key":"SMITH"},{"data":"sneckomod:UnknownUncommonAttack","floor":29.0,"key":"SMITH"},{"data":"sneckomod:UnknownStrength","floor":35.0,"key":"SMITH"},{"data":"expansioncontent:Chronoboost","floor":44,"key":"SMITH"},{"data":"expansioncontent:DonusPower","floor":47,"key":"SMITH"}],"circlet_count":0,"master_deck":["sneckomod:TailWhip+1","sneckomod:UnknownClassBLUE","sneckomod:UnknownClassRED","sneckomod:UnknownClassBLUE","sneckomod:UnknownStrength+1","sneckomod:UnknownX","sneckomod:SlitherStrike","sneckomod:UnknownStrength","sneckomod:DefensiveFlair","sneckomod:SerpentIdol+1","sneckomod:Unknown3Cost+1","sneckomod:UnknownClassPURPLE+1","Ghostly","Ghostly","Ghostly","Ghostly","Ghostly","sneckomod:UnknownClassBLUE","sneckomod:UnknownRareSkill+1","sneckomod:UnknownUncommonSkill","sneckomod:UnknownUncommonAttack+1","sneckomod:UnknownUncommonAttack+1","sneckomod:UnknownClassGREEN+1","sneckomod:UnknownUncommonPower+1","sneckomod:UnknownX+1","sneckomod:UnknownRareAttack+1","sneckomod:SlitherStrike+1","sneckomod:UnknownBlock+1","sneckomod:SlitherStrike+1","sneckomod:TrashToTreasure+1","expansioncontent:DonusPower+1","expansioncontent:Chronoboost+1","sneckomod:UnknownRarePower+1","sneckomod:UnknownClassTHE_CHAMP_GRAY+1","sneckomod:UnknownStrength+1","sneckomod:UnknownX+1","sneckomod:Unknown2Cost+1","sneckomod:Unknown3Cost+1","sneckomod:UnknownRareAttack+1","Master of Strategy","sneckomod:UnknownEthereal+1"],"relics":["sneckomod:SneckoSoul","Blood Vial","downfall:ShatteredFragment","CeramicFish","Anchor","Potion Belt","Guardian:PocketSentry","Oddly Smooth Stone","SlaversCollar","Ornamental Fan","sneckomod:UnknownEgg","Boot","Astrolabe","Kunai","Lizard Tail","Orrery","Ice Cream","Unceasing Top"],"acts_visited":["Exordium","TheCity","TheBeyond"],"potions_floor_usage":[46,50,50,50],"damage_taken":[{"damage":1.0,"enemies":"2 Louse","floor":2.0,"turns":2.0},{"damage":0.0,"enemies":"downfall:FleeingMerchant","floor":3.0,"turns":4.0},{"damage":26.0,"enemies":"Gremlin Nob","floor":6.0,"turns":4.0},{"damage":30.0,"enemies":"3 Sentries","floor":8.0,"turns":6.0},{"damage":5.0,"enemies":"downfall:FleeingMerchant","floor":9.0,"turns":4.0},{"damage":0.0,"enemies":"Jaw Worm","floor":11.0,"turns":2.0},{"damage":0.0,"enemies":"Cultist","floor":12.0,"turns":2.0},{"damage":0.0,"enemies":"2 Fungi Beasts","floor":13.0,"turns":3.0},{"damage":4.0,"enemies":"3 Sentries","floor":14.0,"turns":4.0},{"damage":0.0,"enemies":"Large Slime","floor":15.0,"turns":2.0},{"damage":50.0,"enemies":"downfall:Defect","floor":16.0,"turns":7.0},{"damage":0.0,"enemies":"Chosen","floor":19.0,"turns":4.0},{"damage":5.0,"enemies":"downfall:FleeingMerchant","floor":25.0,"turns":4.0},{"damage":0.0,"enemies":"Slavers","floor":27.0,"turns":3.0},{"damage":5.0,"enemies":"downfall:FleeingMerchant","floor":28.0,"turns":4.0},{"damage":8.0,"enemies":"Shelled Parasite and Fungi","floor":30.0,"turns":4.0},{"damage":0.0,"enemies":"Snake Plant","floor":31.0,"turns":4.0},{"damage":2.0,"enemies":"Cultist and Chosen","floor":32.0,"turns":5.0},{"damage":0.0,"enemies":"downfall:Watcher","floor":33.0,"turns":4.0},{"damage":4.0,"enemies":"3 Shapes","floor":36.0,"turns":2.0},{"damage":3.0,"enemies":"3 Darklings","floor":38.0,"turns":4.0},{"damage":10.0,"enemies":"Giant Head","floor":40.0,"turns":7.0},{"damage":0.0,"enemies":"Mind Bloom Boss Battle","floor":42.0,"turns":6.0},{"damage":15,"enemies":"Transient","floor":43,"turns":5},{"damage":0,"enemies":"downfall:FleeingMerchant","floor":45,"turns":1},{"damage":1,"enemies":"Maw","floor":46,"turns":7},{"damage":0,"enemies":"Reptomancer","floor":48,"turns":4},{"damage":11,"enemies":"Sphere and 2 Shapes","floor":49,"turns":3},{"damage":34,"enemies":"downfall:Ironclad","floor":50,"turns":9}],"seed_played":"5481093027115469632","potions_obtained":[{"floor":6.0,"key":"ColorlessPotion"},{"floor":11.0,"key":"champ:CounterPotion"},{"floor":12.0,"key":"sneckomod:CheatPotion"},{"floor":16.0,"key":"ColorlessPotion"},{"floor":19.0,"key":"CultistPotion"},{"floor":19.0,"key":"Fruit Juice"},{"floor":30.0,"key":"Fire Potion"},{"floor":31.0,"key":"PowerPotion"},{"floor":40.0,"key":"DuplicationPotion"},{"floor":43,"key":"SpeedPotion"},{"floor":46,"key":"GamblersBrew"}],"is_trial":false,"path_per_floor":["R","M","$","?","?","E","T","E","$","R","M","M","M","?","M","B",null,"R","M","?","?","?","R","T","$","R","E","$","R","M","M","M","B",null,"R","M","?","M","?","E","T","?","M","R","$","M","R","E","M","B",null],"character_chosen":"THE_SNECKO","items_purchased":["sneckomod:UnknownClassBLUE","Blood Vial","Guardian:PocketSentry","sneckomod:UnknownEgg","sneckomod:UnknownUncommonPower+1","Orrery","sneckomod:UnknownRareAttack+1","Ice Cream","Master of Strategy","Energy Potion"],"campfire_rested":1,"item_purchase_floors":[3,3,9,25,28,45,45,45,45,45],"current_hp_per_floor":[90,90,92,71,71,48,48,21,18,46,49,51,53,51,53,6,97,97,98,84,49,55,55,55,50,50,53,52,52,46,49,49,56,61,61,61,51,50,50,55,55,57,45,45,52,63,63,65,56,24],"gold":115,"neow_bonus":"HUNDRED_GOLD","is_daily":false,"chose_seed":false,"campfire_upgraded":8,"win_rate":0.0,"timestamp":1609366832,"path_taken":["R","M","$","?","?","E","T","E","?","R","M","?","M","?","M","BOSS","R","M","?","?","?","R","T","$","R","E","?","R","M","?","M","BOSS","R","M","?","M","?","E","T","?","M","R","$","M","R","E","M","BOSS"],"items_purchased_type":["Card","Relic","Relic","Relic","Card","Relic","Card","Relic","Card","Potion"],"build_version":"2020-12-22","purchased_purges":2,"victory":true,"max_hp_per_floor":[90,91,93,93,93,94,94,95,95,95,96,96,96,96,96,97,97,97,98,98,49,55,55,55,55,55,56,58,58,58,59,59,60,61,61,61,61,61,61,62,62,62,63,63,68,78,78,78,78,78],"card_choices":[{"not_picked":["sneckomod:ImprovisedGuard","sneckomod:SnekBeam"],"picked":"sneckomod:UnknownClassBLUE","floor":2.0},{"not_picked":["sneckomod:SnekBeam","sneckomod:UnknownStrike"],"picked":"sneckomod:UnknownClassRED","floor":3.0},{"not_picked":["sneckomod:DiceBlock","sneckomod:SnakeSap"],"picked":"sneckomod:UnknownStrength","floor":6.0},{"not_picked":["sneckomod:UnknownCommonAttack","sneckomod:UnknownClassGUARDIAN"],"picked":"sneckomod:UnknownX","floor":8.0},{"not_picked":["sneckomod:UnknownWeak","sneckomod:UnknownStrike"],"picked":"sneckomod:SlitherStrike","floor":9.0},{"not_picked":["sneckomod:Nope","sneckomod:Unknown2Cost"],"picked":"sneckomod:UnknownStrength","floor":11.0},{"not_picked":["sneckomod:SoulRoll","sneckomod:Nope"],"picked":"sneckomod:DefensiveFlair","floor":12.0},{"not_picked":["sneckomod:Nope","sneckomod:DiceBlock"],"picked":"sneckomod:SerpentIdol","floor":13.0},{"not_picked":["sneckomod:DiceCrush","sneckomod:RainOfDice","sneckomod:Mudshield"],"picked":"SKIP","floor":15.0},{"not_picked":["sneckomod:SerpentMind","sneckomod:UnlimitedRolls"],"picked":"sneckomod:Unknown3Cost","floor":16.0},{"not_picked":["sneckomod:WideSting","sneckomod:DiceCrush"],"picked":"sneckomod:UnknownClassPURPLE+1","floor":19.0},{"not_picked":["sneckomod:QuickBite","sneckomod:UnknownWeak","sneckomod:DiceBlock"],"picked":"SKIP","floor":25.0},{"not_picked":["sneckomod:DiceCrush","sneckomod:SerpentIdol+1"],"picked":"sneckomod:UnknownUncommonAttack+1","floor":27.0},{"not_picked":["sneckomod:SoulExchange","sneckomod:QuickBite+1"],"picked":"sneckomod:UnknownClassGREEN+1","floor":28.0},{"not_picked":["sneckomod:CheapStock","sneckomod:QuickBite","sneckomod:UnknownStrike+1"],"picked":"SKIP","floor":30.0},{"not_picked":["sneckomod:MixItUp","sneckomod:SoulRoll"],"picked":"sneckomod:UnknownX+1","floor":31.0},{"not_picked":["sneckomod:Nope+1","sneckomod:DiceBlock","sneckomod:RainOfDice"],"picked":"SKIP","floor":32.0},{"not_picked":["sneckomod:GlitteringGambit","sneckomod:SoulExchange"],"picked":"sneckomod:UnknownRareAttack+1","floor":33.0},{"not_picked":["sneckomod:RainOfDice","sneckomod:SnekBeam+1"],"picked":"sneckomod:TrashToTreasure+1","floor":36.0},{"not_picked":["expansioncontent:TimeRipple","expansioncontent:ChargeUp"],"picked":"expansioncontent:DonusPower","floor":37.0},{"not_picked":["expansioncontent:GoopSpray","expansioncontent:TimeRipple"],"picked":"expansioncontent:Chronoboost","floor":37.0},{"not_picked":["sneckomod:Cheat","sneckomod:IronFang+1","sneckomod:SoulDraw+1"],"picked":"SKIP","floor":38.0},{"not_picked":["sneckomod:UnknownCommonAttack+1","sneckomod:UnknownClassGREEN+1"],"picked":"sneckomod:UnknownRarePower+1","floor":40.0},{"not_picked":["sneckomod:IronFang","sneckomod:UnknownBlock+1"],"picked":"sneckomod:UnknownClassTHE_CHAMP_GRAY+1","floor":43},{"not_picked":["sneckomod:UnknownWeak+1","sneckomod:DiceBlock"],"picked":"sneckomod:UnknownStrength+1","floor":45},{"not_picked":["sneckomod:UnknownRarePower+1","sneckomod:UnknownBlock+1"],"picked":"sneckomod:UnknownX+1","floor":45},{"not_picked":["sneckomod:SoulExchange","sneckomod:Unknown1Cost+1"],"picked":"sneckomod:Unknown2Cost+1","floor":45},{"not_picked":["sneckomod:UnknownClassTHE_CHAMP_GRAY+1","sneckomod:SlitherStrike"],"picked":"sneckomod:Unknown3Cost+1","floor":45},{"not_picked":["sneckomod:UnknownClassHEXA_GHOST_PURPLE+1","sneckomod:UnknownCommonSkill+1"],"picked":"sneckomod:UnknownEthereal+1","floor":46},{"not_picked":["sneckomod:Unknown1Cost+1","sneckomod:QuickMove","sneckomod:SoulExchange"],"picked":"SKIP","floor":48},{"not_picked":["sneckomod:UnknownStrike+1","sneckomod:UnknownCommonAttack+1","sneckomod:DiceCrush"],"picked":"SKIP","floor":49}],"player_experience":2453559,"relics_obtained":[{"floor":6.0,"key":"CeramicFish"},{"floor":7.0,"key":"Anchor"},{"floor":8.0,"key":"Potion Belt"},{"floor":14.0,"key":"Oddly Smooth Stone"},{"floor":24.0,"key":"Ornamental Fan"},{"floor":27.0,"key":"Boot"},{"floor":40.0,"key":"Kunai"},{"floor":42.0,"key":"Lizard Tail"},{"floor":48,"key":"Unceasing Top"}],"event_choices":[{"damage_healed":0.0,"max_hp_gain":0.0,"max_hp_loss":49.0,"gold_gain":0.0,"event_name":"Ghosts","player_choice":"Became a Ghost","floor":21.0,"gold_loss":0.0,"damage_taken":0.0,"cards_obtained":["Ghostly","Ghostly","Ghostly","Ghostly","Ghostly"]}],"is_beta":false,"boss_relics":[{"not_picked":["Empty Cage","downfall:Hecktoplasm"],"picked":"SlaversCollar"},{"not_picked":["Velvet Choker","Runic Pyramid"],"picked":"Astrolabe"}],"items_purged_floors":[25,28],"is_endless":false,"potions_floor_spawned":[6,11,12,16,19,30,31,40,43,46],"ascension_level":3}}