{"host":"y76clbnovzmw9ubx","time":1609344087,"event":{"mods":["AchievementEnabler","BaseMod","Minty Spire (QoL Compilation)","Permanent Neow","Relic Stats"],"gold_per_floor":[118,129,140,150,169,198,198,198,198],"floor_reached":8,"playtime":685,"items_purged":[],"score":120,"play_id":"fac6513a-c760-4f81-b51d-da8002fd44cf","local_time":"20201230110127","is_ascension_mode":true,"campfire_choices":[{"data":"Fire Breathing","floor":7,"key":"SMITH"}],"circlet_count":0,"master_deck":["AscendersBane","Strike_R","Strike_R","Strike_R","Strike_R","Strike_R","Defend_R","Defend_R","Defend_R","Defend_R","Bash","Power Through","Fire Breathing+1","Ghostly Armor","Shrug It Off","Shockwave"],"relics":["Burning Blood","Mango","Toy Ornithopter"],"acts_visited":["Exordium"],"potions_floor_usage":[6,8],"damage_taken":[{"damage":4,"enemies":"Small Slimes","floor":1,"turns":4},{"damage":9,"enemies":"Jaw Worm","floor":2,"turns":4},{"damage":6,"enemies":"Cultist","floor":3,"turns":3},{"damage":15,"enemies":"3 Louse","floor":4,"turns":3},{"damage":16,"enemies":"Blue Slaver","floor":5,"turns":6},{"damage":39,"enemies":"Gremlin Nob","floor":6,"turns":5},{"damage":41,"enemies":"Lagavulin","floor":8,"turns":8}],"seed_played":"2059364585052726815","potions_obtained":[{"floor":1,"key":"BloodPotion"},{"floor":3,"key":"Weak Potion"}],"is_trial":false,"path_per_floor":["M","M","M","M","M","E","R","E"],"character_chosen":"IRONCLAD","items_purchased":[],"campfire_rested":0,"item_purchase_floors":[],"current_hp_per_floor":[66,63,63,54,44,11,11,0,0],"gold":198,"neow_bonus":"ONE_RARE_RELIC","is_daily":false,"chose_seed":false,"campfire_upgraded":1,"win_rate":0.0,"timestamp":1609344087,"path_taken":["M","M","M","M","M","E","R","E"],"items_purchased_type":[],"build_version":"2020-12-22","purchased_purges":0,"victory":false,"max_hp_per_floor":[89,89,89,89,89,89,89,89,89],"relic_stats":{"counters":[7,33],"obtain_stats":[{"Mango":0,"Burning Blood":0,"Toy Ornithopter":6},{"Mango":0,"Burning Blood":0,"Toy Ornithopter":6},{"Mango":0,"Burning Blood":0,"Toy Ornithopter":25}],"Burning Blood":36,"Toy Ornithopter":5},"card_choices":[{"not_picked":["Infernal Blade","Anger","Body Slam"],"picked":"SKIP","floor":1},{"not_picked":["Twin Strike","Evolve"],"picked":"Power Through","floor":2},{"not_picked":["Shrug It Off","Rampage"],"picked":"Fire Breathing","floor":3},{"not_picked":["Clothesline","Hemokinesis"],"picked":"Ghostly Armor","floor":4},{"not_picked":["Cleave","Sword Boomerang"],"picked":"Shrug It Off","floor":5},{"not_picked":["Uppercut","Rupture"],"picked":"Shockwave","floor":6}],"player_experience":3016843,"relics_obtained":[{"floor":6,"key":"Toy Ornithopter"}],"event_choices":[],"is_beta":false,"boss_relics":[],"items_purged_floors":[],"is_endless":false,"potions_floor_spawned":[1,3],"killed_by":"Lagavulin","ascension_level":20}}