{"host":"dhlnk6yox2l1s6up","time":1609297883,"event":{"mods":["BaseMod","Bestiary","Colored Map","Highlight Path","Minty Spire (QoL Compilation)","Relic Stats","StSLib"],"gold_per_floor":[115,115,115,130,130,169,169,184,265,265,279,322,343,367,367,496,496,514,535,550,130,130,130,170,170,170,170,190,231,231,250,250,378,378,401,422,436,769,769,794,794,821,860,872,896,908,938,319,319,319,319,319,267,310,310],"floor_reached":56,"playtime":4270,"items_purged":["Strike_R","Defend_R"],"score":1687,"play_id":"c750dad7-90fb-4518-b66e-cb659d5e0e39","local_time":"20201229211123","is_ascension_mode":true,"campfire_choices":[{"data":"1","floor":7.0,"key":"LIFT"},{"data":"2","floor":10.0,"key":"LIFT"},{"data":"3","floor":15.0,"key":"LIFT"},{"data":"Bludgeon","floor":23.0,"key":"SMITH"},{"data":"Demon Form","floor":30.0,"key":"SMITH"},{"data":"Flame Barrier","floor":32.0,"key":"SMITH"},{"floor":41.0,"key":"RECALL"},{"data":"Armaments","floor":44.0,"key":"SMITH"},{"data":"Immolate","floor":49.0,"key":"SMITH"},{"data":"Evolve","floor":52.0,"key":"SMITH"}],"circlet_count":0,"master_deck":["Strike_R","Strike_R","Strike_R","Strike_R","Defend_R","Defend_R","Defend_R","Bash","Bludgeon+1","Flame Barrier+1","Armaments+1","Reaper","Feed","Shrug It Off","Dark Embrace","Evolve+1","Shrug It Off+1","Demon Form+1","Immolate+1","Corruption","Limit Break","Twin Strike+1","Shrug It Off+1","Madness","Madness","Entrench","Dark Shackles","Panacea","Shrug It Off","Fire Breathing","Exhume"],"relics":["Burning Blood","Girya","Omamori","Darkstone Periapt","Matryoshka","StrikeDummy","Snecko Eye","Bag of Marbles","OrangePellets","Ancient Tea Set","Sundial","Nloth\u0027s Gift","Bag of Preparation","Black Star","Regal Pillow","Meat on the Bone","Singing Bowl","MawBank","CeramicFish","Medical Kit","Lantern","Charon\u0027s Ashes","Bottled Tornado"],"acts_visited":["Exordium","TheCity","TheBeyond","TheEnding"],"potions_floor_usage":[55,55,55],"damage_taken":[{"damage":1.0,"enemies":"2 Louse","floor":1.0,"turns":4.0},{"damage":11.0,"enemies":"Small Slimes","floor":4.0,"turns":5.0},{"damage":32.0,"enemies":"Gremlin Nob","floor":6.0,"turns":4.0},{"damage":0.0,"enemies":"Cultist","floor":8.0,"turns":2.0},{"damage":15.0,"enemies":"Gremlin Gang","floor":11.0,"turns":6.0},{"damage":35.0,"enemies":"Lagavulin","floor":12.0,"turns":5.0},{"damage":0.0,"enemies":"3 Louse","floor":13.0,"turns":1.0},{"damage":1.0,"enemies":"2 Fungi Beasts","floor":14.0,"turns":3.0},{"damage":21.0,"enemies":"Slime Boss","floor":16.0,"turns":7.0},{"damage":7.0,"enemies":"3 Byrds","floor":18.0,"turns":4.0},{"damage":0.0,"enemies":"Chosen","floor":19.0,"turns":4.0},{"damage":23.0,"enemies":"Shelled Parasite and Fungi","floor":20.0,"turns":5.0},{"damage":30.0,"enemies":"Slavers","floor":24.0,"turns":4.0},{"damage":0.0,"enemies":"Snecko","floor":28.0,"turns":3.0},{"damage":21.0,"enemies":"Gremlin Leader","floor":29.0,"turns":6.0},{"damage":12.0,"enemies":"Snake Plant","floor":31.0,"turns":4.0},{"damage":88.0,"enemies":"Collector","floor":33.0,"turns":9.0},{"damage":9.0,"enemies":"3 Darklings","floor":35.0,"turns":4.0},{"damage":3.0,"enemies":"3 Shapes","floor":36.0,"turns":5.0},{"damage":22.0,"enemies":"Spire Growth","floor":37.0,"turns":6.0},{"damage":13.0,"enemies":"Reptomancer","floor":40.0,"turns":4.0},{"damage":26.0,"enemies":"Nemesis","floor":42.0,"turns":5.0},{"damage":2.0,"enemies":"Transient","floor":45.0,"turns":5.0},{"damage":87.0,"enemies":"Donu and Deca","floor":50.0,"turns":7.0},{"damage":32.0,"enemies":"Shield and Spear","floor":54.0,"turns":5.0},{"damage":115,"enemies":"The Heart","floor":55,"turns":11}],"seed_played":"-8612223394667130842","potions_obtained":[{"floor":8.0,"key":"SmokeBomb"},{"floor":12.0,"key":"SkillPotion"},{"floor":13.0,"key":"Energy Potion"},{"floor":16.0,"key":"LiquidBronze"},{"floor":18.0,"key":"Ancient Potion"},{"floor":28.0,"key":"Energy Potion"},{"floor":35.0,"key":"Ancient Potion"},{"floor":42.0,"key":"LiquidBronze"},{"floor":54.0,"key":"LiquidMemories"}],"is_trial":false,"path_per_floor":["M","?","?","M","?","E","R","M","T","R","M","E","M","M","R","B",null,"M","M","M","$","?","R","E","?","T","?","M","E","R","M","R","B",null,"M","M","M","?","?","E","R","E","T","R","M","?","?","$","R","B",null,"R","$","E","B",null],"character_chosen":"IRONCLAD","items_purchased":["Dark Embrace","Bag of Marbles","OrangePellets","Medical Kit","Lantern","Shrug It Off","Fire Breathing","SteroidPotion","HeartOfIron","SpeedPotion"],"campfire_rested":0,"item_purchase_floors":[21,21,21,48,48,48,48,48,48,53],"current_hp_per_floor":[72,60,60,55,72,46,46,52,52,52,43,14,20,40,40,32,62,67,79,65,65,65,65,41,46,46,46,55,73,73,80,80,33,79,91,97,100,100,87,103,103,88,88,88,101,101,93,93,93,55,101,101,101,112,61],"gold":310,"neow_bonus":"ONE_RARE_RELIC","is_daily":false,"chose_seed":false,"campfire_upgraded":6,"win_rate":0.0,"timestamp":1609297883,"path_taken":["M","?","?","M","?","E","R","M","T","R","?","E","M","M","R","BOSS","M","M","?","$","?","R","E","?","T","?","?","E","R","M","R","BOSS","M","M","M","?","?","E","R","E","T","R","M","?","?","$","R","BOSS","R","$","E","BOSS"],"items_purchased_type":["Card","Relic","Relic","Relic","Relic","Card","Card","Potion","Potion","Potion"],"build_version":"2020-12-22","purchased_purges":2,"victory":true,"max_hp_per_floor":[72,72,72,72,72,72,72,72,72,72,72,72,72,72,72,72,72,75,79,82,82,82,82,82,82,82,82,85,88,88,91,91,94,94,94,97,100,100,100,103,103,108,108,108,110,110,112,112,112,116,116,116,116,116,116],"relic_stats":{"Darkstone Periapt":0,"Regal Pillow":0,"Singing Bowl":6,"counters":[26,128],"CeramicFish":45,"Charon\u0027s Ashes":[72],"Bag of Preparation":[22],"MawBank":72,"Medical Kit":[16],"Burning Blood":138,"OrangePellets":[13],"Sundial":[18],"Snecko Eye":[116,118,108,116],"Nloth\u0027s Gift":5,"Black Star":3,"obtain_stats":[{"Darkstone Periapt":6,"Regal Pillow":40,"Lantern":48,"Singing Bowl":42,"CeramicFish":43,"Juzu Bracelet":26,"Bag of Preparation":29,"Bottled Tornado":54,"Ancient Tea Set":24,"Burning Blood":0,"Matryoshka":9,"Sundial":26,"Girya":0,"Golden Idol":3,"Charon\u0027s Ashes":54,"Omamori":2,"MawBank":42,"Medical Kit":48,"OrangePellets":21,"Snecko Eye":17,"Bag of Marbles":21,"Nloth\u0027s Gift":27,"Black Star":34,"StrikeDummy":12,"Meat on the Bone":40},{"Darkstone Periapt":3,"Regal Pillow":21,"Lantern":23,"Singing Bowl":22,"CeramicFish":22,"Juzu Bracelet":13,"Bag of Preparation":15,"Bottled Tornado":25,"Ancient Tea Set":13,"Burning Blood":0,"Matryoshka":4,"Sundial":13,"Girya":0,"Golden Idol":1,"Charon\u0027s Ashes":25,"Omamori":1,"MawBank":22,"Medical Kit":23,"OrangePellets":12,"Snecko Eye":9,"Bag of Marbles":12,"Nloth\u0027s Gift":13,"Black Star":17,"StrikeDummy":6,"Meat on the Bone":21},{"Darkstone Periapt":13,"Regal Pillow":95,"Lantern":105,"Singing Bowl":100,"CeramicFish":100,"Juzu Bracelet":54,"Bag of Preparation":63,"Bottled Tornado":117,"Ancient Tea Set":54,"Burning Blood":0,"Matryoshka":15,"Sundial":54,"Girya":0,"Golden Idol":4,"Charon\u0027s Ashes":117,"Omamori":4,"MawBank":100,"Medical Kit":105,"OrangePellets":50,"Snecko Eye":37,"Bag of Marbles":50,"Nloth\u0027s Gift":54,"Black Star":76,"StrikeDummy":26,"Meat on the Bone":95}],"Meat on the Bone":24},"card_choices":[{"not_picked":["Havoc","Warcry"],"picked":"Wild Strike","floor":1.0},{"not_picked":["Havoc","True Grit"],"picked":"Bludgeon","floor":4.0},{"not_picked":["Thunderclap","Perfected Strike","Iron Wave"],"picked":"SKIP","floor":6.0},{"not_picked":["Hemokinesis","Body Slam"],"picked":"Flame Barrier","floor":8.0},{"not_picked":["Flex","Dual Wield"],"picked":"Armaments","floor":11.0},{"not_picked":["Rage","Combust","Sentinel"],"picked":"SKIP","floor":12.0},{"not_picked":["Wild Strike","Anger"],"picked":"Reaper","floor":13.0},{"not_picked":["Shockwave","Wild Strike","Perfected Strike"],"picked":"SKIP","floor":14.0},{"not_picked":["Barricade","Juggernaut"],"picked":"Feed","floor":16.0},{"not_picked":["Seeing Red","Headbutt","Rupture"],"picked":"SKIP","floor":18.0},{"not_picked":["Seeing Red","Rupture"],"picked":"Headbutt","floor":18.0},{"not_picked":["Warcry","Blood for Blood+1"],"picked":"Shrug It Off","floor":19.0},{"not_picked":["Anger","Flex","Heavy Blade"],"picked":"SKIP","floor":20.0},{"not_picked":["Clothesline","Spot Weakness"],"picked":"Shrug It Off+1","floor":24.0},{"not_picked":["Body Slam","Sword Boomerang"],"picked":"Demon Form","floor":28.0},{"not_picked":["Clash+1","Warcry"],"picked":"Immolate","floor":29.0},{"not_picked":["Perfected Strike","Sentinel","Warcry"],"picked":"SKIP","floor":31.0},{"not_picked":["Limit Break","Offering"],"picked":"Corruption","floor":33.0},{"not_picked":["Pommel Strike+1","Havoc"],"picked":"Limit Break","floor":35.0},{"not_picked":["Warcry","Armaments+1"],"picked":"Twin Strike+1","floor":36.0},{"not_picked":["Pommel Strike+1","Shockwave+1"],"picked":"Shrug It Off+1","floor":37.0},{"not_picked":["Rampage","Berserk"],"picked":"Entrench","floor":40.0},{"not_picked":["Bludgeon","Thunderclap","Perfected Strike"],"picked":"Singing Bowl","floor":42.0},{"not_picked":["Pummel","Pommel Strike+1","Rupture"],"picked":"Singing Bowl","floor":45.0},{"not_picked":["Swift Strike","Secret Technique"],"picked":"Dark Shackles","floor":47.0},{"not_picked":["Finesse","Trip"],"picked":"Panacea","floor":47.0},{"not_picked":["Trip","HandOfGreed","Metamorphosis"],"picked":"Singing Bowl","floor":47.0},{"not_picked":["Double Tap","Twin Strike"],"picked":"Exhume","floor":54.0}],"player_experience":5679979,"relics_obtained":[{"floor":6.0,"key":"Darkstone Periapt"},{"floor":9.0,"key":"Matryoshka"},{"floor":12.0,"key":"StrikeDummy"},{"floor":24.0,"key":"Ancient Tea Set"},{"floor":26.0,"key":"Sundial"},{"floor":26.0,"key":"Juzu Bracelet"},{"floor":29.0,"key":"Bag of Preparation"},{"floor":40.0,"key":"Regal Pillow"},{"floor":40.0,"key":"Meat on the Bone"},{"floor":42.0,"key":"Singing Bowl"},{"floor":42.0,"key":"MawBank"},{"floor":43.0,"key":"CeramicFish"},{"floor":54.0,"key":"Charon\u0027s Ashes"},{"floor":54.0,"key":"Bottled Tornado"}],"event_choices":[{"damage_healed":0.0,"max_hp_gain":0.0,"max_hp_loss":0.0,"gold_gain":0.0,"event_name":"Scrap Ooze","player_choice":"Success","floor":2.0,"gold_loss":0.0,"damage_taken":12.0,"relics_obtained":["Omamori"]},{"damage_healed":0.0,"max_hp_gain":0.0,"max_hp_loss":0.0,"gold_gain":0.0,"event_name":"Golden Idol","player_choice":"Take Wound","floor":3.0,"gold_loss":0.0,"damage_taken":0.0,"relics_obtained":["Golden Idol"],"cards_obtained":["Injury"]},{"damage_healed":17.0,"max_hp_gain":0.0,"max_hp_loss":0.0,"gold_gain":0.0,"event_name":"Wheel of Change","player_choice":"Full Heal","floor":5.0,"gold_loss":0.0,"damage_taken":0.0},{"damage_healed":0.0,"max_hp_gain":0.0,"max_hp_loss":0.0,"gold_gain":0.0,"event_name":"The Library","player_choice":"Read","floor":22.0,"gold_loss":0.0,"damage_taken":0.0,"cards_obtained":["Evolve"]},{"cards_removed":["Headbutt"],"damage_healed":5.0,"max_hp_gain":0.0,"max_hp_loss":0.0,"gold_gain":0.0,"event_name":"Bonfire Elementals","player_choice":"Offered Common","floor":25.0,"gold_loss":0.0,"damage_taken":0.0},{"cards_removed":["Headbutt"],"damage_healed":5.0,"max_hp_gain":0.0,"max_hp_loss":0.0,"gold_gain":0.0,"event_name":"Bonfire Elementals","player_choice":"Offered Special","floor":25.0,"gold_loss":0.0,"damage_taken":0.0},{"damage_healed":0.0,"max_hp_gain":0.0,"max_hp_loss":0.0,"gold_gain":0.0,"event_name":"N\u0027loth","player_choice":"Traded Relic","floor":27.0,"relics_lost":["Juzu Bracelet"],"gold_loss":0.0,"damage_taken":0.0,"relics_obtained":["Nloth\u0027s Gift"]},{"damage_healed":0.0,"max_hp_gain":0.0,"max_hp_loss":0.0,"gold_gain":333.0,"event_name":"The Moai Head","player_choice":"Gave Idol","floor":38.0,"relics_lost":["Golden Idol"],"gold_loss":0.0,"damage_taken":0.0},{"damage_healed":0.0,"max_hp_gain":0.0,"max_hp_loss":0.0,"gold_gain":0.0,"event_name":"Winding Halls","player_choice":"Embrace Madness","floor":39.0,"gold_loss":0.0,"damage_taken":13.0,"cards_obtained":["Madness","Madness"]},{"cards_removed":["Wild Strike"],"damage_healed":0.0,"max_hp_gain":0.0,"max_hp_loss":0.0,"gold_gain":0.0,"event_name":"Falling","player_choice":"Removed Attack","floor":46.0,"gold_loss":0.0,"damage_taken":0.0},{"damage_healed":0.0,"max_hp_gain":0.0,"max_hp_loss":0.0,"gold_gain":0.0,"event_name":"SensoryStone","player_choice":"Memory 3","floor":47.0,"gold_loss":0.0,"damage_taken":10.0}],"is_beta":false,"boss_relics":[{"not_picked":["SlaversCollar","Empty Cage"],"picked":"Snecko Eye"},{"not_picked":["Pandora\u0027s Box","Tiny House"],"picked":"Black Star"}],"items_purged_floors":[21,48],"is_endless":false,"potions_floor_spawned":[8,12,13,16,18,19,28,35,42,54],"ascension_level":8}}