{"host":"bux1pdxjwq4dkad9","time":1609302676,"event":{"mods":["Arknights The Spire","BaseMod","Colored Map","Evolution","Minty Spire (QoL Compilation)","Quick Restart","StSLib","SuperFastMode","°æ“≈ŒÔMod°øºÚµ•”Œœ∑"],"gold_per_floor":[369,383,383,67,78,113,13,40,67,100,120,136,165,40,40,135,135,145,163,163,88,100,134,147,147,147,147,175,275,295,323,323,426,426,440,324,342,342,353,388,388,404,404,416,450,450,450,477,477,477,477,477,477,508,508],"floor_reached":56,"playtime":2090,"items_purged":["ats:Strike G","ats:Strike V","ats:Defend"],"score":2053,"play_id":"cdb435e9-6cfe-4783-9e0d-1d0a111e6aef","local_time":"20201230123115","is_ascension_mode":true,"campfire_choices":[{"data":"ats:Flexible Camouflage","floor":15.0,"key":"SMITH"},{"data":"ats:Emotion Absorption","floor":25.0,"key":"SMITH"},{"floor":32.0,"key":"RECALL"},{"data":"ats:Roar Of Ursus","floor":41.0,"key":"SMITH"},{"data":"Pain","floor":49,"key":"PURGE"},{"floor":52,"key":"DIG"}],"circlet_count":0,"master_deck":["ats:Armor Crushing Shot","ats:Defend","ats:Defend","ats:Emotion Absorption+1","ats:Assault Order","ats:Flexible Camouflage+1","ats:Echo Reverb","ats:Shadow Assault+1","ats:Rapid Magazine","ats:Shadow Raid+1","ats:Roar Of Ursus+1","CurseOfTheBell","ats:Shadow Raid+1","Madness","Madness"],"relics":["ats:Sanity","EVO:Axolotl","ImprovedEquipment","Gremlin Horn","ats:Originium","Dream Catcher","Potion Belt","Sundial","Cursed Key","Oddly Smooth Stone","Kunai","Peace Pipe","ats:Lavender","The Courier","Calling Bell","Toy Ornithopter","Ornamental Fan","Calipers","TheAbacus","MealTicket","Shovel","WarpedTongs","Mercury Hourglass","Bottled Flame","Nunchaku"],"acts_visited":["Exordium","TheCity","TheBeyond","TheEnding"],"potions_floor_usage":[55,55,55,55],"damage_taken":[{"damage":0.0,"enemies":"Jaw Worm","floor":1.0,"turns":2.0},{"damage":0.0,"enemies":"Small Slimes","floor":2.0,"turns":3.0},{"damage":0.0,"enemies":"2 Louse","floor":5.0,"turns":2.0},{"damage":0.0,"enemies":"Lagavulin","floor":6.0,"turns":5.0},{"damage":0.0,"enemies":"Gremlin Nob","floor":8.0,"turns":2.0},{"damage":0.0,"enemies":"3 Sentries","floor":10.0,"turns":3.0},{"damage":0.0,"enemies":"Blue Slaver","floor":11.0,"turns":1.0},{"damage":0.0,"enemies":"Lots of Slimes","floor":12.0,"turns":1.0},{"damage":0.0,"enemies":"Gremlin Nob","floor":13.0,"turns":1.0},{"damage":0.0,"enemies":"The Guardian","floor":16.0,"turns":2.0},{"damage":0.0,"enemies":"3 Byrds","floor":18.0,"turns":1.0},{"damage":0.0,"enemies":"Chosen","floor":19.0,"turns":1.0},{"damage":0.0,"enemies":"Centurion and Healer","floor":22.0,"turns":1.0},{"damage":0.0,"enemies":"Slavers","floor":23.0,"turns":1.0},{"damage":0.0,"enemies":"Snake Plant","floor":24.0,"turns":1.0},{"damage":0.0,"enemies":"Gremlin Leader","floor":28.0,"turns":1.0},{"damage":0.0,"enemies":"Colosseum Slavers","floor":29.0,"turns":1.0},{"damage":0.0,"enemies":"Colosseum Nobs","floor":29.0,"turns":1.0},{"damage":0.0,"enemies":"Chosen and Byrds","floor":30.0,"turns":1.0},{"damage":0.0,"enemies":"Book of Stabbing","floor":31.0,"turns":1.0},{"damage":0.0,"enemies":"Champ","floor":33.0,"turns":1.0},{"damage":0.0,"enemies":"3 Darklings","floor":35.0,"turns":1.0},{"damage":0.0,"enemies":"3 Shapes","floor":37.0,"turns":1.0},{"damage":0.0,"enemies":"Jaw Worm Horde","floor":39.0,"turns":1.0},{"damage":0.0,"enemies":"Nemesis","floor":40.0,"turns":1.0},{"damage":0.0,"enemies":"Transient","floor":42.0,"turns":1.0},{"damage":0,"enemies":"Sphere and 2 Shapes","floor":44,"turns":1},{"damage":0,"enemies":"Giant Head","floor":45,"turns":1},{"damage":7,"enemies":"Nemesis","floor":48,"turns":1},{"damage":0,"enemies":"Donu and Deca","floor":50,"turns":1},{"damage":0,"enemies":"Shield and Spear","floor":54,"turns":1},{"damage":0,"enemies":"The Heart","floor":55,"turns":1}],"seed_played":"8460967474213164690","potions_obtained":[{"floor":8.0,"key":"PowerPotion"},{"floor":11.0,"key":"AttackPotion"},{"floor":12.0,"key":"FearPotion"},{"floor":13.0,"key":"LiquidBronze"},{"floor":18.0,"key":"SteroidPotion"},{"floor":30.0,"key":"GamblersBrew"}],"is_trial":false,"path_per_floor":["M","M","?","$","M","E","$","E","T","E","M","M","E","$","R","B",null,"M","M","?","?","M","E","M","R","T","$","E","?","M","E","R","B",null,"M","$","M","?","M","E","R","M","T","M","E","?","?","E","R","B",null,"R","$","E","B",null],"character_chosen":"DOCTOR_CLASS","items_purchased":["Gremlin Horn","TheAbacus"],"campfire_rested":0,"item_purchase_floors":[4,36],"current_hp_per_floor":[65,65,58,58,58,58,58,58,58,58,58,58,58,58,58,58,65,65,65,65,65,65,65,65,65,65,65,65,65,65,65,65,65,65,65,65,65,65,65,65,65,65,65,65,65,57,57,50,50,50,65,65,65,65,65],"gold":508,"neow_bonus":"TWO_FIFTY_GOLD","is_daily":false,"chose_seed":false,"campfire_upgraded":3,"win_rate":0.0,"timestamp":1609302675,"path_taken":["M","M","?","$","M","E","$","E","T","E","M","M","E","$","R","BOSS","M","M","?","?","M","E","M","R","T","?","E","?","M","E","R","BOSS","M","$","M","?","?","E","R","M","T","M","E","?","?","E","R","BOSS","R","$","E","BOSS"],"items_purchased_type":["Relic","Relic"],"build_version":"2020-12-22","purchased_purges":3,"victory":true,"max_hp_per_floor":[65,65,65,65,65,65,65,65,65,65,65,65,65,65,65,65,65,65,65,65,65,65,65,65,65,65,65,65,65,65,65,65,65,65,65,65,65,65,65,65,65,65,65,65,65,65,65,65,65,65,65,65,65,65,65],"card_choices":[{"not_picked":["ats:Cat Scratch","ats:Ignite","ats:Encircling Forest"],"picked":"SKIP","floor":1.0},{"not_picked":["ats:Poison Spread","ats:Demon Strength"],"picked":"ats:Assault Order","floor":2.0},{"not_picked":["ats:Apocalypse","ats:Part Time Job","ats:Ignite"],"picked":"SKIP","floor":5.0},{"not_picked":["ats:Cat Scratch","ats:Powerful Strike"],"picked":"ats:Flexible Camouflage","floor":6.0},{"not_picked":["ats:Demon Strength","ats:Blood Oath"],"picked":"ats:Echo Reverb","floor":8.0},{"not_picked":["ats:Cat Scratch","ats:Consecutive Shot Auto","ats:Hammer On"],"picked":"SKIP","floor":10.0},{"not_picked":["ats:Poison Spread","ats:Flame Of Heaven","ats:Automatic Cover"],"picked":"SKIP","floor":11.0},{"not_picked":["ats:Flexible Camouflage","ats:Leaping Hammer","ats:Durian"],"picked":"SKIP","floor":12.0},{"not_picked":["ats:Hammer On","ats:Very Hot Blade","ats:Collapsing Strike"],"picked":"SKIP","floor":13.0},{"not_picked":["ats:Wolf Pack","ats:Calcification"],"picked":"ats:Shadow Assault","floor":16.0},{"not_picked":["ats:Poison Spread","ats:Consecutive Shot Auto","ats:Beaten Up"],"picked":"SKIP","floor":18.0},{"not_picked":["ats:Consecutive Shot Auto+1","ats:Hook Shot","ats:Powerful Strike+1"],"picked":"SKIP","floor":19.0},{"not_picked":["ats:Rapid Magazine","ats:Cat Scratch","ats:Red Shift"],"picked":"SKIP","floor":22.0},{"not_picked":["ats:Healing Strengthening","ats:Powerful Strike","ats:Explosion Area Strengthen"],"picked":"SKIP","floor":23.0},{"not_picked":["ats:Soul Absorption","ats:Closed Bolt Burst Fire","ats:Guardian Obelisk"],"picked":"SKIP","floor":24.0},{"not_picked":["ats:Collapsing Strike","ats:Hook Shot"],"picked":"ats:Shadow Raid+1","floor":28.0},{"not_picked":["ats:Burning Ground+1","ats:Flexible Camouflage","ats:Shell Defense+1"],"picked":"SKIP","floor":30.0},{"not_picked":["ats:Thermite Blade","ats:Powerful Strike","ats:Childhood Dance"],"picked":"SKIP","floor":31.0},{"not_picked":["ats:True Silver Slash","ats:Nebulous Foxfire"],"picked":"ats:Roar Of Ursus","floor":33.0},{"not_picked":["ats:Beaten Up","ats:Revitalization"],"picked":"ats:Shadow Raid+1","floor":35.0},{"not_picked":["ats:Curse Doll","ats:Healing Drone+1","ats:Soul Absorption+1"],"picked":"SKIP","floor":37.0},{"not_picked":["ats:Explosion Area Strengthen+1","ats:Cat Scratch+1","ats:Leaping Hammer+1"],"picked":"SKIP","floor":39.0},{"not_picked":["ats:Encircling Forest+1","ats:Poison Spread","ats:Consecutive Shot Auto+1"],"picked":"SKIP","floor":40.0},{"not_picked":["ats:Revitalization","ats:Very Hot Blade","ats:Powerful Strike+1"],"picked":"SKIP","floor":42.0},{"not_picked":["ats:Apocalypse+1","ats:Defend Order","ats:Charging Defense+1"],"picked":"SKIP","floor":44},{"not_picked":["ats:Leaping Hammer+1","ats:Childhood Dance+1","ats:Revitalization+1"],"picked":"SKIP","floor":45},{"not_picked":["ats:Ambush","ats:Ignite+1","ats:Hook Shot+1"],"picked":"SKIP","floor":48},{"not_picked":["ats:Leaping Hammer","ats:Roar Of Ursus","ats:Flame Of Heaven+1"],"picked":"SKIP","floor":54}],"player_experience":2329280,"relics_obtained":[{"floor":6.0,"key":"ats:Originium"},{"floor":6.0,"key":"Dream Catcher"},{"floor":8.0,"key":"ats:Originium"},{"floor":8.0,"key":"Potion Belt"},{"floor":10.0,"key":"ats:Originium"},{"floor":13.0,"key":"Sundial"},{"floor":23.0,"key":"Oddly Smooth Stone"},{"floor":28.0,"key":"Kunai"},{"floor":29.0,"key":"Peace Pipe"},{"floor":29.0,"key":"ats:Lavender"},{"floor":31.0,"key":"The Courier"},{"floor":34.0,"key":"Toy Ornithopter"},{"floor":34.0,"key":"Ornamental Fan"},{"floor":34.0,"key":"Calipers"},{"floor":40.0,"key":"MealTicket"},{"floor":45,"key":"Shovel"},{"floor":48,"key":"Mercury Hourglass"},{"floor":52,"key":"Bottled Flame"},{"floor":54,"key":"Nunchaku"}],"event_choices":[{"cards_removed":["ats:Defend"],"damage_healed":0.0,"max_hp_gain":0.0,"max_hp_loss":0.0,"gold_gain":0.0,"event_name":"Golden Wing","player_choice":"Card Removal","floor":3.0,"gold_loss":0.0,"damage_taken":7.0},{"damage_healed":0.0,"max_hp_gain":0.0,"max_hp_loss":0.0,"gold_gain":0.0,"cards_transformed":["ats:Strike C","ats:Strike S"],"event_name":"Drug Dealer","player_choice":"Became Test Subject","floor":20.0,"gold_loss":0.0,"damage_taken":0.0,"cards_obtained":["ats:Blood Oath","ats:Rapid Magazine"]},{"cards_removed":["ats:Blood Oath"],"damage_healed":0.0,"max_hp_gain":0.0,"max_hp_loss":0.0,"gold_gain":0.0,"event_name":"Beggar","player_choice":"Gave Gold","floor":21.0,"gold_loss":75.0,"damage_taken":0.0},{"damage_healed":0.0,"max_hp_gain":0.0,"max_hp_loss":0.0,"gold_gain":0.0,"event_name":"Colosseum","player_choice":"Fight","floor":29.0,"gold_loss":0.0,"damage_taken":0.0},{"damage_healed":0.0,"max_hp_gain":0.0,"max_hp_loss":0.0,"gold_gain":0.0,"event_name":"Colosseum","player_choice":"Fought Nobs","floor":29.0,"gold_loss":0.0,"damage_taken":0.0},{"damage_healed":0.0,"max_hp_gain":0.0,"max_hp_loss":0.0,"gold_gain":0.0,"event_name":"Upgrade Shrine","player_choice":"Upgraded","floor":38.0,"gold_loss":0.0,"damage_taken":0.0,"cards_upgraded":["ats:Shadow Assault"]},{"damage_healed":0,"gold_gain":0,"player_choice":"Embrace Madness","damage_taken":8,"max_hp_gain":0,"max_hp_loss":0,"event_name":"Winding Halls","floor":46,"gold_loss":0,"cards_obtained":["Madness","Madness"]},{"damage_healed":0,"gold_gain":0,"player_choice":"Rummage","damage_taken":0,"relics_obtained":["WarpedTongs"],"max_hp_gain":0,"max_hp_loss":0,"event_name":"Accursed Blacksmith","floor":47,"gold_loss":0,"cards_obtained":["Pain"]}],"is_beta":false,"boss_relics":[{"not_picked":["Velvet Choker","Fusion Hammer"],"picked":"Cursed Key"},{"not_picked":["Pandora\u0027s Box","Empty Cage"],"picked":"Calling Bell"}],"items_purged_floors":[4,7,14],"is_endless":false,"potions_floor_spawned":[8,11,12,13,18,28,29,30,33,40,44,45,48,54],"ascension_level":2}}