{"host":"0nndazl0keusavit","time":1609293718,"event":{"mods":["BaseMod","Colored Map","Minty Spire (QoL Compilation)","Relic Stats"],"gold_per_floor":[111,122,132,132,142,142,174,174,221,256,268,285,285,316,316,390,390,409,324,324,339,339,339],"floor_reached":22,"playtime":919,"items_purged":[],"score":412,"play_id":"bdfd3705-708c-40d1-a1fe-3877c01d633b","local_time":"20201229220158","is_ascension_mode":true,"campfire_choices":[{"data":"Bash","floor":6.0,"key":"SMITH"},{"floor":8.0,"key":"REST"},{"floor":15.0,"key":"REST"}],"circlet_count":0,"master_deck":["AscendersBane","Strike_R","Strike_R","Strike_R","Defend_R","Defend_R","Defend_R","Bash+1","Infernal Blade+1","Fire Breathing+1","Sever Soul+1","Sword Boomerang","Wild Strike","Cleave","Brutality","Metallicize","Feel No Pain","Whirlwind","Flame Barrier","Corruption","Power Through","Fiend Fire"],"relics":["Astrolabe","Darkstone Periapt","Orichalcum","Oddly Smooth Stone","Anchor","Snecko Eye","Mercury Hourglass"],"acts_visited":["Exordium","TheCity"],"potions_floor_usage":[],"damage_taken":[{"damage":0.0,"enemies":"Small Slimes","floor":1.0,"turns":2.0},{"damage":6.0,"enemies":"2 Louse","floor":2.0,"turns":2.0},{"damage":1.0,"enemies":"Cultist","floor":3.0,"turns":3.0},{"damage":7.0,"enemies":"Large Slime","floor":5.0,"turns":2.0},{"damage":13.0,"enemies":"Gremlin Nob","floor":7.0,"turns":3.0},{"damage":8.0,"enemies":"3 Sentries","floor":10.0,"turns":4.0},{"damage":12.0,"enemies":"2 Fungi Beasts","floor":11.0,"turns":4.0},{"damage":11.0,"enemies":"Exordium Thugs","floor":12.0,"turns":4.0},{"damage":15.0,"enemies":"Lagavulin","floor":14.0,"turns":5.0},{"damage":25.0,"enemies":"Slime Boss","floor":16.0,"turns":6.0},{"damage":26.0,"enemies":"Shell Parasite","floor":18.0,"turns":6.0},{"damage":13,"enemies":"3 Byrds","floor":21,"turns":3},{"damage":31,"enemies":"Sentry and Sphere","floor":22,"turns":3}],"seed_played":"9036237998319577838","potions_obtained":[{"floor":3.0,"key":"LiquidBronze"},{"floor":5.0,"key":"Explosive Potion"},{"floor":7.0,"key":"SteroidPotion"},{"floor":21,"key":"FearPotion"}],"is_trial":false,"path_per_floor":["M","M","M","?","M","R","E","R","T","E","M","M","?","E","R","B",null,"M","?","?","M","M"],"character_chosen":"IRONCLAD","items_purchased":[],"campfire_rested":2,"item_purchase_floors":[],"current_hp_per_floor":[68,62,61,61,54,54,41,63,63,55,43,32,32,17,39,14,60,34,34,34,21,0,0],"gold":339,"neow_bonus":"BOSS_RELIC","is_daily":false,"chose_seed":false,"campfire_upgraded":1,"win_rate":0.0,"timestamp":1609293718,"path_taken":["M","M","M","?","M","R","E","R","T","E","M","M","?","E","R","BOSS","M","?","?","?","M"],"items_purchased_type":[],"build_version":"2020-12-22","purchased_purges":0,"victory":false,"max_hp_per_floor":[75,75,75,75,75,75,75,75,75,75,75,75,75,75,75,75,75,75,75,75,75,75,75],"relic_stats":{"Darkstone Periapt":0,"counters":[13,47],"Astrolabe":["Infernal Blade","Fire Breathing","Sever Soul"],"Snecko Eye":[13,15,25,27],"Orichalcum":[102],"obtain_stats":[{"Darkstone Periapt":7,"Anchor":14,"Astrolabe":0,"Oddly Smooth Stone":10,"Snecko Eye":17,"Orichalcum":9,"Burning Blood":0,"Mercury Hourglass":19},{"Darkstone Periapt":5,"Anchor":9,"Astrolabe":0,"Oddly Smooth Stone":6,"Snecko Eye":10,"Orichalcum":5,"Burning Blood":0,"Mercury Hourglass":11},{"Darkstone Periapt":12,"Anchor":29,"Astrolabe":0,"Oddly Smooth Stone":16,"Snecko Eye":35,"Orichalcum":12,"Burning Blood":0,"Mercury Hourglass":41}],"Mercury Hourglass":[30]},"card_choices":[{"not_picked":["Clothesline","Perfected Strike"],"picked":"Sword Boomerang","floor":1.0},{"not_picked":["Armaments","Thunderclap","Headbutt"],"picked":"SKIP","floor":2.0},{"not_picked":["Havoc","Twin Strike"],"picked":"Wild Strike","floor":3.0},{"not_picked":["Armaments","Perfected Strike"],"picked":"Cleave","floor":5.0},{"not_picked":["Iron Wave","Sever Soul"],"picked":"Brutality","floor":7.0},{"not_picked":["Wild Strike","Body Slam"],"picked":"Metallicize","floor":10.0},{"not_picked":["Heavy Blade","Combust"],"picked":"Feel No Pain","floor":11.0},{"not_picked":["Clash","Cleave"],"picked":"Whirlwind","floor":12.0},{"not_picked":["Twin Strike","Shrug It Off"],"picked":"Flame Barrier","floor":14.0},{"not_picked":["Exhume","Demon Form"],"picked":"Corruption","floor":16.0},{"not_picked":["Hemokinesis","Body Slam"],"picked":"Power Through","floor":18.0},{"not_picked":["Havoc","Pommel Strike+1","Thunderclap"],"picked":"SKIP","floor":21}],"player_experience":852083,"relics_obtained":[{"floor":7.0,"key":"Darkstone Periapt"},{"floor":9.0,"key":"Orichalcum"},{"floor":10.0,"key":"Oddly Smooth Stone"},{"floor":14.0,"key":"Anchor"}],"event_choices":[{"damage_healed":0.0,"max_hp_gain":0.0,"max_hp_loss":0.0,"gold_gain":0.0,"event_name":"Liars Game","player_choice":"Ignored","floor":4.0,"gold_loss":0.0,"damage_taken":0.0},{"damage_healed":0.0,"max_hp_gain":0.0,"max_hp_loss":0.0,"gold_gain":0.0,"event_name":"Dead Adventurer","player_choice":"Searched \u00270\u0027 times","floor":13.0,"gold_loss":0.0,"damage_taken":0.0},{"damage_healed":0.0,"max_hp_gain":0.0,"max_hp_loss":0.0,"gold_gain":0.0,"event_name":"Addict","player_choice":"Obtained Relic","floor":19.0,"gold_loss":85.0,"damage_taken":0.0,"relics_obtained":["Mercury Hourglass"]},{"damage_healed":0.0,"max_hp_gain":0.0,"max_hp_loss":0.0,"gold_gain":0.0,"event_name":"Match and Keep!","player_choice":"1 cards matched","floor":20.0,"gold_loss":0.0,"damage_taken":0.0,"cards_obtained":["Fiend Fire"]}],"is_beta":false,"boss_relics":[{"not_picked":["Philosopher\u0027s Stone","Velvet Choker"],"picked":"Snecko Eye"}],"items_purged_floors":[],"is_endless":false,"potions_floor_spawned":[3,5,7,11,12,21],"killed_by":"Sentry and Sphere","ascension_level":20}}