{"host":"cbu6enf2xtq4r7r3","time":1609351399,"event":{"mods":["2.2 Compatiblity","AlwaysNeverKeys","BaseMod","Better Altar","Better Match","Better Note","Better Sensory Stone","Better Skull","Better Third Choice","Colored Map","Colored Powertips","Defuse TimeMaze Blight","Emptier Cage","Minty Spire (QoL Compilation)","Permanent Neow","Quick Restart","Random Character Button","Relic Sorter","Reorder Act Four","Shop Mod","StSLib"],"gold_per_floor":[119,21,35,53,78,78,110,110,155,155,165,200,150,163,163,264,264,264,264,264,214,164,164,164,164,164,164,164,164,164,164,164,164,164,164,164,164,164,7,7,7,7,7,7,7,7,7,7,7,7,7,7,7,7,7],"floor_reached":56,"playtime":2334,"items_purged":["Strike_B","Strike_B","Strike_B","Strike_B"],"score":1562,"play_id":"0242d93f-3ab3-4bfd-8acd-477b498f2aa3","local_time":"20201230190319","is_ascension_mode":true,"campfire_choices":[{"data":"Zap","floor":6,"key":"SMITH"},{"data":"Ball Lightning","floor":8,"key":"SMITH"},{"data":"Go for the Eyes","floor":15,"key":"SMITH"},{"data":"Conserve Battery","floor":32,"key":"SMITH"},{"data":"Biased Cognition","floor":45,"key":"SMITH"},{"data":"Malaise","floor":49,"key":"SMITH"},{"data":"Leap","floor":53,"key":"SMITH"}],"circlet_count":0,"master_deck":["Defend_B","Defend_B","Defend_B","Defend_B","Zap+1","Ball Lightning+1","Core Surge","Leap+1","Cold Snap","Core Surge","BootSequence+1","Defragment+1","Malaise+1","Redo+1","Leap+1","Conserve Battery+1","Steam+1","Biased Cognition+1","Leap+1","Seek+1","Redo+1","Coolheaded+1","White Noise+1","Hologram+1","Glacier+1","Tempest+1"],"relics":["Cracked Core","Smiling Mask","Tiny Chest","Bronze Scales","Boot","WingedGreaves","Bottled Flame","Ectoplasm","Anchor","Ancient Tea Set","Gremlin Horn","Symbiotic Virus","Toxic Egg 2","Empty Cage","War Paint","HornCleat","Juzu Bracelet","Potion Belt","Lizard Tail","Meat on the Bone","Emotion Chip","Inserter","DataDisk","Letter Opener"],"acts_visited":["Exordium","TheCity","TheBeyond","TheEnding"],"potions_floor_usage":[7,12,14,16,18,29,33,33,40,50,55,55,55,55],"damage_taken":[{"damage":0,"enemies":"Cultist","floor":1,"turns":3},{"damage":1,"enemies":"Jaw Worm","floor":3,"turns":3},{"damage":0,"enemies":"2 Louse","floor":4,"turns":2},{"damage":14,"enemies":"Gremlin Nob","floor":7,"turns":3},{"damage":0,"enemies":"Red Slaver","floor":11,"turns":2},{"damage":0,"enemies":"Lagavulin","floor":12,"turns":4},{"damage":4,"enemies":"Lots of Slimes","floor":14,"turns":3},{"damage":24,"enemies":"Slime Boss","floor":16,"turns":11},{"damage":0,"enemies":"Shell Parasite","floor":18,"turns":4},{"damage":0,"enemies":"Chosen","floor":19,"turns":3},{"damage":3,"enemies":"Book of Stabbing","floor":23,"turns":5},{"damage":13,"enemies":"Slavers","floor":24,"turns":5},{"damage":14,"enemies":"3 Cultists","floor":25,"turns":6},{"damage":4,"enemies":"Book of Stabbing","floor":27,"turns":5},{"damage":0,"enemies":"Centurion and Healer","floor":28,"turns":5},{"damage":0,"enemies":"Gremlin Leader","floor":29,"turns":6},{"damage":0,"enemies":"Snecko","floor":30,"turns":5},{"damage":0,"enemies":"Snake Plant","floor":31,"turns":4},{"damage":13,"enemies":"Collector","floor":33,"turns":10},{"damage":0,"enemies":"Orb Walker","floor":35,"turns":3},{"damage":0,"enemies":"3 Darklings","floor":36,"turns":1},{"damage":4,"enemies":"Transient","floor":37,"turns":5},{"damage":0,"enemies":"4 Shapes","floor":38,"turns":2},{"damage":0,"enemies":"Nemesis","floor":40,"turns":7},{"damage":0,"enemies":"Maw","floor":42,"turns":6},{"damage":0,"enemies":"Reptomancer","floor":44,"turns":3},{"damage":0,"enemies":"Nemesis","floor":46,"turns":5},{"damage":0,"enemies":"Mind Bloom Boss Battle","floor":47,"turns":6},{"damage":0,"enemies":"Awakened One","floor":50,"turns":24},{"damage":2,"enemies":"Shield and Spear","floor":54,"turns":4},{"damage":28,"enemies":"The Heart","floor":55,"turns":6}],"seed_played":"3901937551046078695","potions_obtained":[{"floor":1,"key":"Strength Potion"},{"floor":11,"key":"DistilledChaos"},{"floor":12,"key":"LiquidMemories"},{"floor":14,"key":"DuplicationPotion"},{"floor":16,"key":"LiquidMemories"},{"floor":27,"key":"DistilledChaos"},{"floor":29,"key":"BlessingOfTheForge"},{"floor":30,"key":"Dexterity Potion"},{"floor":31,"key":"LiquidMemories"},{"floor":36,"key":"FocusPotion"},{"floor":38,"key":"EssenceOfSteel"},{"floor":44,"key":"DuplicationPotion"},{"floor":46,"key":"SkillPotion"},{"floor":47,"key":"FocusPotion"}],"is_trial":false,"path_per_floor":["M","$","M","M","T","R","E","R","T","?","M","E","$","M","R","B",null,"M","M","?","$","$","E","E","M","T","E","M","E","M","M","R","B",null,"M","M","M","M","$","E","T","M","T","E","R","E","?","$","R","B",null,"$","R","E","B",null],"character_chosen":"DEFECT","items_purchased":["Ball Lightning","War Paint"],"campfire_rested":0,"item_purchase_floors":[2,39],"current_hp_per_floor":[75,75,74,74,74,74,60,60,60,42,42,42,42,38,38,14,75,75,75,75,75,75,72,59,45,45,41,41,41,41,41,41,28,75,75,75,71,71,71,71,71,71,71,71,71,71,71,71,71,71,75,75,75,73,45],"gold":7,"neow_bonus":"RANDOM_COMMON_RELIC","is_daily":false,"chose_seed":false,"campfire_upgraded":7,"win_rate":0.0,"timestamp":1609351399,"path_taken":["M","$","M","M","?","R","E","R","T","?","M","E","$","M","R","BOSS","M","M","?","$","$","E","E","?","T","E","M","E","M","M","R","BOSS","M","M","M","M","$","E","?","M","T","E","R","E","?","?","R","BOSS","$","R","E","BOSS"],"items_purchased_type":["Card","Relic"],"build_version":"2020-12-22","purchased_purges":4,"victory":true,"max_hp_per_floor":[75,75,75,75,75,75,75,75,75,75,75,75,75,75,75,75,75,75,75,75,75,75,75,75,75,75,75,75,75,75,75,75,75,75,75,75,75,75,75,75,75,75,75,75,75,75,75,75,75,75,75,75,75,75,75],"card_choices":[{"not_picked":["Chaos","Blizzard","Leap"],"picked":"SKIP","floor":1},{"not_picked":["Conserve Battery","Beam Cell"],"picked":"Go for the Eyes","floor":3},{"not_picked":["Doom and Gloom","Barrage"],"picked":"Core Surge","floor":4},{"not_picked":["Auto Shields","Double Energy","Skim"],"picked":"SKIP","floor":7},{"not_picked":["Static Discharge","Recycle"],"picked":"Leap","floor":11},{"not_picked":["Gash","Amplify"],"picked":"Cold Snap","floor":12},{"not_picked":["Turbo","Compile Driver","Beam Cell"],"picked":"SKIP","floor":14},{"not_picked":["Creative AI","Echo Form"],"picked":"Core Surge","floor":16},{"not_picked":["Lockon","Aggregate"],"picked":"BootSequence","floor":18},{"not_picked":["Barrage","Turbo"],"picked":"Defragment+1","floor":19},{"not_picked":["Hello World","Sweeping Beam"],"picked":"Redo+1","floor":23},{"not_picked":["Gash","Storm","Defragment"],"picked":"SKIP","floor":24},{"not_picked":["Gash","Storm","Defragment"],"picked":"SKIP","floor":24},{"not_picked":["Buffer","Rebound+1"],"picked":"Leap","floor":25},{"not_picked":["Aggregate","Loop"],"picked":"Conserve Battery","floor":27},{"not_picked":["Barrage","Cold Snap","Rebound"],"picked":"SKIP","floor":28},{"not_picked":["Stack+1","Capacitor+1"],"picked":"Amplify+1","floor":29},{"not_picked":["Streamline","Go for the Eyes","Leap+1"],"picked":"SKIP","floor":30},{"not_picked":["Heatsinks+1","Cold Snap"],"picked":"Steam+1","floor":31},{"not_picked":["Multi-Cast+1","Seek+1"],"picked":"Biased Cognition","floor":33},{"not_picked":["Auto Shields+1","FTL"],"picked":"Leap+1","floor":35},{"not_picked":["Turbo+1","Ball Lightning+1","Barrage+1"],"picked":"SKIP","floor":36},{"not_picked":["Fusion+1","Gash+1"],"picked":"Seek+1","floor":37},{"not_picked":["Scrape","Steam+1"],"picked":"Redo+1","floor":38},{"not_picked":["Storm","Consume+1"],"picked":"Coolheaded+1","floor":40},{"not_picked":["Lockon","Compile Driver"],"picked":"White Noise+1","floor":42},{"not_picked":["Defragment","White Noise+1"],"picked":"Hologram+1","floor":44},{"not_picked":["Reprogram+1","Coolheaded+1"],"picked":"Glacier+1","floor":46},{"not_picked":["Rebound","Defragment+1"],"picked":"Tempest+1","floor":47},{"not_picked":["Streamline","Tempest+1","Gash+1"],"picked":"SKIP","floor":54}],"player_experience":55089,"relics_obtained":[{"floor":5,"key":"Tiny Chest"},{"floor":7,"key":"Bronze Scales"},{"floor":9,"key":"Boot"},{"floor":12,"key":"Bottled Flame"},{"floor":23,"key":"Anchor"},{"floor":24,"key":"Ancient Tea Set"},{"floor":26,"key":"Gremlin Horn"},{"floor":27,"key":"Symbiotic Virus"},{"floor":29,"key":"Toxic Egg 2"},{"floor":40,"key":"HornCleat"},{"floor":41,"key":"Juzu Bracelet"},{"floor":43,"key":"Potion Belt"},{"floor":44,"key":"Lizard Tail"},{"floor":46,"key":"Meat on the Bone"},{"floor":47,"key":"Emotion Chip"},{"floor":54,"key":"Letter Opener"}],"event_choices":[{"damage_healed":0,"gold_gain":0,"player_choice":"Relic ","damage_taken":18,"max_hp_gain":0,"max_hp_loss":0,"event_name":"betterThird:BetterScrap","floor":10,"gold_loss":0,"cards_obtained":["Setup"]},{"cards_removed":["Core Surge"],"damage_healed":0,"gold_gain":0,"player_choice":"Take \u0026 Give","damage_taken":0,"max_hp_gain":0,"max_hp_loss":0,"event_name":"betterNote:BetterNote","floor":20,"gold_loss":0,"cards_obtained":["Malaise"]},{"damage_healed":0,"gold_gain":0,"player_choice":"Fight","damage_taken":0,"max_hp_gain":0,"max_hp_loss":0,"event_name":"MindBloom","floor":47,"gold_loss":0}],"is_beta":false,"boss_relics":[{"not_picked":["SacredBark","FrozenCore"],"picked":"Ectoplasm"},{"not_picked":["Black Star","Sozu"],"picked":"Empty Cage"}],"items_purged_floors":[2,13,21,22],"is_endless":false,"potions_floor_spawned":[1,11,12,14,16,27,29,30,31,36,38,44,46,47],"ascension_level":1}}