{"host":"e6rkljqu8jiw0lpc","time":1609306686,"event":{"mods":["Astrologer","Bard","BaseMod","Downfall","Friendly Minions","GifTheSpireLib","HexUI Lib","Hubris","Infinite Spire","Marisa????????","Minty Spire (QoL Compilation)","Replay The Spire","Shop Mod","StSLib","Stuff the Spire","The Bug Knight","The Construct","The Cursed","The Disciple","The Marked","The Mystic","The Necromancer","The Runesmith","The Servant 0.9.4","The Witch"],"gold_per_floor":[112,128,128,144,144,174,189,204,274,274,306,321,321,337,337,447,447,461,461,461,463,465,465,477,489,489,340,369,369,369,381,381,480,480,493,70,70],"floor_reached":36,"playtime":4517,"items_purged":["astrologer:Still"],"score":398,"play_id":"866ec25e-675d-4e06-b967-c5694147e8be","local_time":"20201230063806","is_ascension_mode":false,"campfire_choices":[{"data":"astrologer:StarOfChange","floor":10,"key":"SMITH"},{"floor":13,"key":"REST"},{"floor":15,"key":"REST"},{"data":"astrologer:DarkMatter","floor":23,"key":"SMITH"},{"data":"astrologer:TheStar","floor":29,"key":"SMITH"}],"circlet_count":0,"master_deck":["astrologer:Strike","astrologer:Strike","astrologer:Strike","astrologer:Strike","astrologer:Defend","astrologer:Defend","astrologer:Defend","astrologer:NorthStar","astrologer:TheFool","astrologer:StarOfChange+1","astrologer:Moonlight+1","astrologer:WheelofFortune","astrologer:Conjunction","astrologer:Prismatic+1","astrologer:Stardust","astrologer:FrozenStar","astrologer:StarOfRegret","astrologer:DarkMatter+1","Shame","astrologer:Strength+1","astrologer:TheEmperor","astrologer:FadingStar","astrologer:Fireball","astrologer:TheStar+1","astrologer:Trine"],"relics":["astrologer:SkyMirror","StuffTheSpire:HeavyRock","infinitespire:PuzzleCube","infinitespire:Midas Blood","Juzu Bracelet","Painkiller Herb","construct:FoamFinger","Replay:Multitool","WingedGreaves","Fusion Hammer","ReplayTheSpireMod:TigerMarble","ReplayFunnel","Lee\u0027s Waffle"],"acts_visited":["Exordium","TheCity","TheBeyond"],"potions_floor_usage":[11,16,24,28,31,33],"damage_taken":[{"damage":0,"enemies":"Jaw Worm","floor":1,"turns":4},{"damage":0,"enemies":"Cultist","floor":2,"turns":6},{"damage":10,"enemies":"Small Slimes","floor":4,"turns":5},{"damage":1,"enemies":"3 Sentries","floor":6,"turns":5},{"damage":0,"enemies":"Exordium Wildlife","floor":7,"turns":3},{"damage":0,"enemies":"2 Fungi Beasts","floor":8,"turns":3},{"damage":63,"enemies":"Gremlin Nob","floor":11,"turns":5},{"damage":1,"enemies":"Exordium Wildlife","floor":12,"turns":9},{"damage":1,"enemies":"Red Slaver","floor":14,"turns":4},{"damage":44,"enemies":"Fading Forest","floor":16,"turns":11},{"damage":2,"enemies":"Shell Parasite","floor":18,"turns":7},{"damage":4,"enemies":"Spheric Guardian","floor":21,"turns":5},{"damage":6,"enemies":"Shelled Parasite and Fungi","floor":22,"turns":7},{"damage":1,"enemies":"Snake Plant","floor":24,"turns":5},{"damage":0,"enemies":"Snecko","floor":25,"turns":6},{"damage":10,"enemies":"Gremlin Leader","floor":28,"turns":7},{"damage":9,"enemies":"Centurion and Healer","floor":31,"turns":7},{"damage":29,"enemies":"Collector","floor":33,"turns":10},{"damage":13,"enemies":"Orb Walker","floor":35,"turns":4},{"damage":84,"enemies":"hubris:Merchant","floor":36,"turns":6}],"seed_played":"2807017160180132087","potions_obtained":[{"floor":1,"key":"Explosive Potion"},{"floor":6,"key":"Death Potion"},{"floor":7,"key":"Weak Potion"},{"floor":14,"key":"sneckomod:MuddlingPotion"},{"floor":18,"key":"LiquidMemories"},{"floor":21,"key":"BlessingOfTheForge"},{"floor":28,"key":"Energy Potion"}],"is_trial":false,"path_per_floor":["M","M","?","M","?","E","M","M","T","R","E","M","R","M","R","B",null,"?","?","?","?","?","T","?","?","T","T","E","T","?","?","T","B",null,"?","T"],"character_chosen":"ASTROLOGER","items_purchased":["DistilledChaos","ReplayTheSpireMod:TigerMarble","ReplayFunnel","Lee\u0027s Waffle"],"campfire_rested":2,"item_purchase_floors":[27,36,36,36],"current_hp_per_floor":[77,77,77,67,67,66,66,66,66,66,3,2,25,24,47,3,77,75,75,75,71,65,65,64,64,64,64,54,54,54,45,68,39,77,64,0,0],"gold":70,"neow_bonus":"TEN_PERCENT_HP_BONUS","is_daily":false,"chose_seed":false,"campfire_upgraded":3,"win_rate":0.0,"timestamp":1609306686,"path_taken":["M","M","?","?","?","E","?","M","T","R","E","M","R","M","R","BOSS","?","?","?","?","?","T","?","?","T","T","E","T","?","?","T","BOSS","?","T"],"items_purchased_type":["Potion","Relic","Relic","Relic"],"build_version":"2020-12-13","purchased_purges":1,"victory":false,"max_hp_per_floor":[77,77,77,77,77,77,77,77,77,77,77,77,77,77,77,77,77,77,77,77,77,77,77,77,77,77,77,77,77,77,77,77,77,77,77,84,84],"card_choices":[{"not_picked":["astrologer:Eclipse","astrologer:CometStrike"],"picked":"astrologer:Still","floor":1},{"not_picked":["astrologer:TheDevil","astrologer:ReadTheStars"],"picked":"astrologer:StarOfChange","floor":2},{"not_picked":["astrologer:Eclipse","astrologer:Radiance"],"picked":"astrologer:Moonlight","floor":4},{"not_picked":["astrologer:Still","astrologer:Justice"],"picked":"astrologer:Conjunction","floor":6},{"not_picked":["astrologer:Conjunction","astrologer:SolarFlare"],"picked":"astrologer:Prismatic","floor":7},{"not_picked":["astrologer:Still","astrologer:Alignment"],"picked":"astrologer:Stardust","floor":8},{"not_picked":["astrologer:TheMoon","astrologer:Still"],"picked":"astrologer:FrozenStar","floor":11},{"not_picked":["astrologer:CometStrike","astrologer:Still","astrologer:FrozenStar"],"picked":"SKIP","floor":12},{"not_picked":["astrologer:TheChariot","astrologer:Eclipse"],"picked":"astrologer:StarOfRegret","floor":14},{"not_picked":["astrologer:Premonition","astrologer:TheMagician"],"picked":"astrologer:DarkMatter","floor":16},{"not_picked":["astrologer:Radiance","astrologer:ReadTheStars+1","astrologer:CometStrike+1"],"picked":"SKIP","floor":18},{"not_picked":["astrologer:Still+1","astrologer:Moonlight"],"picked":"astrologer:Strength+1","floor":21},{"not_picked":["astrologer:Stardust+1","astrologer:Radiance"],"picked":"astrologer:TheEmperor","floor":22},{"not_picked":["astrologer:FrozenStar","astrologer:Opposition"],"picked":"astrologer:FadingStar","floor":24},{"not_picked":["astrologer:Radiance","astrologer:Nova"],"picked":"astrologer:Fireball","floor":25},{"not_picked":["astrologer:Retelling","astrologer:LonelyStar"],"picked":"astrologer:TheStar","floor":28},{"not_picked":["astrologer:Moonlight","astrologer:SolarFlare","astrologer:Cataclysm"],"picked":"SKIP","floor":31},{"not_picked":["astrologer:HeatDeath","astrologer:Premonition"],"picked":"astrologer:Trine","floor":33},{"not_picked":["astrologer:Conjunction","astrologer:ReadTheStars+1","astrologer:TheHangedMan+1"],"picked":"SKIP","floor":35}],"player_experience":13124,"relics_obtained":[{"floor":6,"key":"infinitespire:PuzzleCube"},{"floor":9,"key":"infinitespire:Midas Blood"},{"floor":11,"key":"Juzu Bracelet"},{"floor":26,"key":"Replay:Multitool"},{"floor":28,"key":"WingedGreaves"}],"event_choices":[{"damage_healed":0,"gold_gain":0,"player_choice":"Gave Potion","damage_taken":0,"relics_obtained":["StuffTheSpire:HeavyRock"],"max_hp_gain":0,"max_hp_loss":0,"event_name":"WeMeetAgain","floor":3,"gold_loss":0},{"damage_healed":0,"gold_gain":0,"cards_transformed":["astrologer:Defend"],"player_choice":"Transformed","damage_taken":0,"max_hp_gain":0,"max_hp_loss":0,"event_name":"Transmorgrifier","floor":5,"gold_loss":0,"cards_obtained":["astrologer:WheelofFortune"]},{"damage_healed":0,"gold_gain":0,"player_choice":"Upgraded","damage_taken":0,"max_hp_gain":0,"max_hp_loss":0,"event_name":"Upgrade Shrine","floor":19,"gold_loss":0,"cards_upgraded":["astrologer:Moonlight"]},{"damage_healed":0,"gold_gain":0,"player_choice":"Stole Relic","damage_taken":0,"relics_obtained":["construct:FoamFinger"],"max_hp_gain":0,"max_hp_loss":0,"event_name":"Addict","floor":20,"gold_loss":0,"cards_obtained":["Shame"]},{"damage_healed":0,"gold_gain":0,"player_choice":"Ignored","damage_taken":0,"max_hp_gain":0,"max_hp_loss":0,"event_name":"Vampires","floor":30,"gold_loss":0}],"is_beta":false,"boss_relics":[{"not_picked":["Runic Dome","hubris:TerracottaHorce"],"picked":"Painkiller Herb"},{"not_picked":["Kintsugi","Empty Cage"],"picked":"Fusion Hammer"}],"items_purged_floors":[27],"is_endless":false,"potions_floor_spawned":[1,6,7,14,18,21,28],"killed_by":"hubris:Merchant","ascension_level":0}}