{"host":"1c52r9kaxdyo25eq","time":1609369583,"event":{"mods":["AchievementEnabler","BaseMod","Minty Spire (QoL Compilation)","Rare Cards Sparkle","SuperFastMode","everything is the same but u backflip on backflip"],"gold_per_floor":[18,33,45,45,60,60,73,73,73,86,105,116,116,132,132,222,222,241,241,166,190,190,190,203,203,230,230,230],"floor_reached":27,"playtime":734,"items_purged":["Strike_G"],"score":418,"play_id":"3387e0f2-64e1-4c45-96a1-088169fdd068","local_time":"20201231080623","is_ascension_mode":true,"campfire_choices":[{"data":"Deadly Poison","floor":6.0,"key":"SMITH"},{"data":"Crippling Poison","floor":8.0,"key":"SMITH"},{"floor":15.0,"key":"REST"},{"data":"Adrenaline","floor":23,"key":"SMITH"},{"data":"Catalyst","floor":25,"key":"SMITH"}],"circlet_count":0,"master_deck":["AscendersBane","Strike_G","Strike_G","Strike_G","Defend_G","Defend_G","Defend_G","Survivor","Neutralize","Adrenaline+1","Well Laid Plans","Prepared","Crippling Poison+1","Deadly Poison+1","Acrobatics","Poisoned Stab","Bouncing Flask","Grand Finale","Eviscerate","Footwork","Catalyst+1"],"relics":["Ring of the Snake","HornCleat","Golden Idol","HoveringKite","Art of War"],"acts_visited":["Exordium","TheCity"],"potions_floor_usage":[24,27],"damage_taken":[{"damage":8.0,"enemies":"Jaw Worm","floor":1.0,"turns":5.0},{"damage":6.0,"enemies":"Cultist","floor":2.0,"turns":5.0},{"damage":7.0,"enemies":"2 Louse","floor":3.0,"turns":3.0},{"damage":6.0,"enemies":"Blue Slaver","floor":5.0,"turns":5.0},{"damage":5.0,"enemies":"3 Louse","floor":7.0,"turns":3.0},{"damage":9.0,"enemies":"Large Slime","floor":10.0,"turns":8.0},{"damage":3.0,"enemies":"Gremlin Gang","floor":11.0,"turns":3.0},{"damage":3.0,"enemies":"3 Louse","floor":12.0,"turns":3.0},{"damage":0.0,"enemies":"2 Fungi Beasts","floor":14.0,"turns":3.0},{"damage":20.0,"enemies":"Hexaghost","floor":16.0,"turns":8.0},{"damage":2.0,"enemies":"Chosen","floor":18.0,"turns":5.0},{"damage":13,"enemies":"Shell Parasite","floor":21,"turns":4},{"damage":4,"enemies":"Snake Plant","floor":24,"turns":3},{"damage":19,"enemies":"Colosseum Slavers","floor":27,"turns":3},{"damage":4,"enemies":"Colosseum Nobs","floor":27,"turns":4}],"seed_played":"-1567085521474361008","potions_obtained":[{"floor":3.0,"key":"Block Potion"},{"floor":10.0,"key":"Block Potion"},{"floor":11.0,"key":"Poison Potion"},{"floor":24,"key":"Explosive Potion"}],"is_trial":false,"path_per_floor":["M","M","M","?","M","R","M","R","T","M","M","M","?","M","R","B",null,"M","?","$","M","?","R","M","R","T","?"],"character_chosen":"THE_SILENT","items_purchased":[],"campfire_rested":1,"item_purchase_floors":[],"current_hp_per_floor":[51,45,38,38,32,32,27,27,27,18,15,12,12,12,30,10,48,46,46,46,33,33,33,29,29,29,6,6],"gold":230,"neow_bonus":"THREE_RARE_CARDS","is_daily":false,"chose_seed":false,"campfire_upgraded":4,"win_rate":0.0,"timestamp":1609369583,"path_taken":["M","M","M","?","?","R","M","R","T","M","M","M","?","M","R","BOSS","M","?","$","M","?","R","M","R","T","?"],"items_purchased_type":[],"build_version":"2020-12-22","purchased_purges":1,"victory":false,"max_hp_per_floor":[66,66,66,66,66,66,66,66,66,66,66,66,60,60,60,60,60,60,60,60,60,60,60,60,60,60,60,60],"card_choices":[{"not_picked":["Tools of the Trade","Corpse Explosion"],"picked":"Adrenaline","floor":0.0},{"not_picked":["Outmaneuver","Flying Knee","Escape Plan"],"picked":"SKIP","floor":1.0},{"not_picked":["Outmaneuver","Blade Dance"],"picked":"Well Laid Plans","floor":2.0},{"not_picked":["Well Laid Plans","Dagger Throw"],"picked":"Prepared","floor":3.0},{"not_picked":["Slice","Dagger Spray"],"picked":"Deadly Poison","floor":5.0},{"not_picked":["Phantasmal Killer","Finisher","Flying Knee"],"picked":"SKIP","floor":7.0},{"not_picked":["Underhanded Strike","Accuracy"],"picked":"Acrobatics","floor":10.0},{"not_picked":["PiercingWail","Bane"],"picked":"Poisoned Stab","floor":11.0},{"not_picked":["Dodge and Roll","Deadly Poison","Acrobatics"],"picked":"SKIP","floor":12.0},{"not_picked":["Accuracy","Deadly Poison"],"picked":"Bouncing Flask","floor":14.0},{"not_picked":["After Image","Envenom"],"picked":"Grand Finale","floor":16.0},{"not_picked":["Blade Dance","Crippling Poison+1","Bane"],"picked":"SKIP","floor":18.0},{"not_picked":["Eviscerate+1","Dagger Spray","Flying Knee"],"picked":"SKIP","floor":21},{"not_picked":["Dodge and Roll+1","Bane+1"],"picked":"Catalyst","floor":24}],"player_experience":531892,"relics_obtained":[{"floor":9.0,"key":"HornCleat"},{"floor":26,"key":"Art of War"}],"event_choices":[{"damage_healed":0.0,"max_hp_gain":0.0,"max_hp_loss":0.0,"gold_gain":0.0,"cards_transformed":["Defend_G"],"event_name":"Transmorgrifier","player_choice":"Transformed","floor":4.0,"gold_loss":0.0,"damage_taken":0.0,"cards_obtained":["Crippling Poison"]},{"damage_healed":0.0,"max_hp_gain":0.0,"max_hp_loss":6.0,"gold_gain":0.0,"event_name":"Golden Idol","player_choice":"Lose Max HP","floor":13.0,"gold_loss":0.0,"damage_taken":0.0,"relics_obtained":["Golden Idol"]},{"damage_healed":0.0,"max_hp_gain":0.0,"max_hp_loss":0.0,"gold_gain":0.0,"cards_transformed":["Strike_G","Defend_G"],"event_name":"Drug Dealer","player_choice":"Became Test Subject","floor":19.0,"gold_loss":0.0,"damage_taken":0.0,"cards_obtained":["Eviscerate","Footwork"]},{"damage_healed":0,"gold_gain":0,"player_choice":"Ignored","damage_taken":0,"max_hp_gain":0,"max_hp_loss":0,"event_name":"Ghosts","floor":22,"gold_loss":0},{"damage_healed":0,"gold_gain":0,"player_choice":"Fight","damage_taken":0,"max_hp_gain":0,"max_hp_loss":0,"event_name":"Colosseum","floor":27,"gold_loss":0},{"damage_healed":0,"gold_gain":0,"player_choice":"Fought Nobs","damage_taken":0,"max_hp_gain":0,"max_hp_loss":0,"event_name":"Colosseum","floor":27,"gold_loss":0}],"is_beta":false,"boss_relics":[{"not_picked":["Runic Dome","Velvet Choker"],"picked":"HoveringKite"}],"items_purged_floors":[20],"is_endless":false,"potions_floor_spawned":[3,10,11,12,24,27],"killed_by":"Colosseum Nobs","ascension_level":20}}