{"host":"tiwza2kisyyrpq7h","time":1609365395,"event":{"mods":["BaseMod","Colored Powertips","Minty Spire (QoL Compilation)","Quick Restart","Rare Cards Sparkle","StSLib","SuperFastMode","The Servant 0.9.4","óô»ðÖ¸ÄÏ"],"gold_per_floor":[15,15,26,26,38,38,55,66,91,126,153,181,181,200,200,278,278,293,293,5,5,21,47,65,65,144,171,171,199,219,238,238,312,312,327,346,358,358,374,409,409,442,466,493,493,493,106,120,91,91,91,91,18,18,43,43],"floor_reached":57,"playtime":2320,"items_purged":["Regret","Bash"],"score":2874,"play_id":"f0be9c5d-7a2b-4204-8ff0-3cb89b236748","local_time":"20201231055635","is_ascension_mode":true,"campfire_choices":[{"data":"Whirlwind","floor":6.0,"key":"SMITH"},{"data":"Dual Wield","floor":15.0,"key":"SMITH"},{"data":"Limit Break","floor":25.0,"key":"SMITH"},{"data":"Corruption","floor":32.0,"key":"SMITH"},{"floor":45.0,"key":"RECALL"}],"circlet_count":0,"master_deck":["AscendersBane","Defend_R","Defend_R+1","Defend_R","Defend_R","Headbutt","Pommel Strike","Body Slam","Dual Wield+1","Spot Weakness","Whirlwind+1","Spot Weakness","Reaper","Brutality","Shockwave+1","Shrug It Off","Limit Break+1","Sever Soul+1","Dark Embrace+1","Warcry","Warcry","Necronomicurse","Corruption+1","Flex+1","Entrench","Spot Weakness","Violence","Fire Breathing","Iron Wave","Warcry","Heavy Blade","Rupture","Sword Boomerang"],"relics":["Burning Blood","Strawberry","Bronze Scales","Juzu Bracelet","Regal Pillow","Mercury Hourglass","Busted Crown","Toy Ornithopter","Pocketwatch","Paper Frog","War Paint","Necronomicon","Orichalcum","Fusion Hammer","Art of War","Bottled Tornado","Omamori","Membership Card","Red Skull","Pantograph"],"acts_visited":["Exordium","TheCity","TheBeyond","TheEnding"],"potions_floor_usage":[56,56,56,56],"damage_taken":[{"damage":2.0,"enemies":"Jaw Worm","floor":1.0,"turns":3.0},{"damage":12.0,"enemies":"Small Slimes","floor":3.0,"turns":5.0},{"damage":6.0,"enemies":"Cultist","floor":5.0,"turns":3.0},{"damage":16.0,"enemies":"Exordium Thugs","floor":7.0,"turns":4.0},{"damage":11.0,"enemies":"Looter","floor":8.0,"turns":2.0},{"damage":30.0,"enemies":"3 Sentries","floor":10.0,"turns":4.0},{"damage":35.0,"enemies":"Lagavulin","floor":12.0,"turns":6.0},{"damage":10.0,"enemies":"2 Fungi Beasts","floor":14.0,"turns":3.0},{"damage":47.0,"enemies":"The Guardian","floor":16.0,"turns":10.0},{"damage":27.0,"enemies":"2 Thieves","floor":18.0,"turns":3.0},{"damage":22.0,"enemies":"Shell Parasite","floor":22.0,"turns":4.0},{"damage":36.0,"enemies":"Book of Stabbing","floor":23.0,"turns":3.0},{"damage":18.0,"enemies":"3 Cultists","floor":24.0,"turns":3.0},{"damage":66.0,"enemies":"Slavers","floor":27.0,"turns":4.0},{"damage":16.0,"enemies":"Gremlin Leader","floor":29.0,"turns":4.0},{"damage":0.0,"enemies":"Snecko","floor":30.0,"turns":2.0},{"damage":8.0,"enemies":"Cultist and Chosen","floor":31.0,"turns":3.0},{"damage":78.0,"enemies":"Automaton","floor":33.0,"turns":7.0},{"damage":64.0,"enemies":"3 Shapes","floor":35.0,"turns":4.0},{"damage":18.0,"enemies":"Orb Walker","floor":36.0,"turns":3.0},{"damage":0.0,"enemies":"Transient","floor":37.0,"turns":6.0},{"damage":0.0,"enemies":"Sphere and 2 Shapes","floor":39.0,"turns":2.0},{"damage":65.0,"enemies":"Reptomancer","floor":40.0,"turns":4.0},{"damage":32.0,"enemies":"Nemesis","floor":42.0,"turns":5.0},{"damage":5.0,"enemies":"Giant Head","floor":44.0,"turns":4.0},{"damage":21.0,"enemies":"4 Shapes","floor":48.0,"turns":3.0},{"damage":60.0,"enemies":"Awakened One","floor":50.0,"turns":4.0},{"damage":26.0,"enemies":"Time Eater","floor":51.0,"turns":4.0},{"damage":66.0,"enemies":"Shield and Spear","floor":55.0,"turns":5.0},{"damage":189,"enemies":"The Heart","floor":56,"turns":7}],"seed_played":"-1830210880952367109","potions_obtained":[{"floor":3.0,"key":"Fire Potion"},{"floor":7.0,"key":"Weak Potion"},{"floor":8.0,"key":"Block Potion"},{"floor":14.0,"key":"DuplicationPotion"},{"floor":16.0,"key":"Swift Potion"},{"floor":23.0,"key":"SneckoOil"},{"floor":27.0,"key":"EssenceOfSteel"},{"floor":35.0,"key":"BlessingOfTheForge"},{"floor":37.0,"key":"AttackPotion"},{"floor":44.0,"key":"Block Potion"},{"floor":48.0,"key":"EntropicBrew"},{"floor":55.0,"key":"Block Potion"}],"is_trial":false,"path_per_floor":["M","?","M","?","M","R","M","M","T","E","T","E","?","M","R","B",null,"M","?","$","?","M","E","M","R","T","E","?","E","M","M","R","B",null,"M","M","M","?","M","E","?","E","T","E","R","?","R","M","R","B","B",null,"R","$","E","B",null],"character_chosen":"IRONCLAD","items_purchased":["Dark Embrace","Toy Ornithopter","Membership Card","Fire Breathing","Red Skull","Iron Wave","Warcry","Heavy Blade","Rupture","Sword Boomerang"],"campfire_rested":0,"item_purchase_floors":[20,20,47,47,47,47,47,49,53,53],"current_hp_per_floor":[72,72,66,66,66,66,56,51,58,55,55,36,36,40,40,12,65,58,58,58,34,47,17,52,52,52,31,10,47,53,71,71,65,82,40,28,68,68,79,78,78,70,70,87,87,77,77,87,87,52,83,86,86,86,57,28],"gold":43,"neow_bonus":"TRANSFORM_TWO_CARDS","is_daily":false,"chose_seed":false,"campfire_upgraded":4,"win_rate":0.0,"timestamp":1609365395,"path_taken":["M","?","M","?","M","R","M","?","T","E","?","E","?","M","R","BOSS","M","?","$","?","M","E","M","R","T","E","?","E","M","M","R","BOSS","M","M","M","?","M","E","?","E","T","E","R","?","R","M","R","BOSS","BOSS","R","$","E","BOSS"],"items_purchased_type":["Card","Relic","Relic","Card","Relic","Card","Card","Card","Card","Card"],"build_version":"2020-12-22","purchased_purges":2,"victory":true,"max_hp_per_floor":[75,75,75,75,75,75,75,75,82,82,82,82,82,82,82,82,82,82,82,82,87,87,87,87,87,87,87,87,87,87,87,87,87,87,87,87,87,87,87,87,87,87,87,87,87,87,87,87,87,87,87,87,87,87,87,87],"card_choices":[{"not_picked":["Warcry","Headbutt"],"picked":"Body Slam","floor":1.0},{"not_picked":["Heavy Blade","Rupture"],"picked":"Spot Weakness","floor":3.0},{"not_picked":["Perfected Strike","Hemokinesis"],"picked":"Whirlwind","floor":5.0},{"not_picked":["Wild Strike","Anger"],"picked":"Spot Weakness","floor":7.0},{"not_picked":["Feel No Pain","Clothesline"],"picked":"Reaper","floor":8.0},{"not_picked":["Thunderclap","Perfected Strike"],"picked":"Brutality","floor":10.0},{"not_picked":["Intimidate","Perfected Strike"],"picked":"Shockwave","floor":12.0},{"not_picked":["Shockwave","Heavy Blade"],"picked":"Shrug It Off","floor":14.0},{"not_picked":["Double Tap","Juggernaut"],"picked":"Limit Break","floor":16.0},{"not_picked":[],"picked":"Sever Soul+1","floor":18.0},{"not_picked":[],"picked":"Warcry","floor":22.0},{"not_picked":["Sever Soul"],"picked":"SKIP","floor":23.0},{"not_picked":["Pommel Strike"],"picked":"SKIP","floor":24.0},{"not_picked":[],"picked":"Warcry","floor":27.0},{"not_picked":[],"picked":"Corruption","floor":29.0},{"not_picked":["Havoc"],"picked":"SKIP","floor":30.0},{"not_picked":["Second Wind"],"picked":"SKIP","floor":31.0},{"not_picked":["Perfected Strike"],"picked":"SKIP","floor":35.0},{"not_picked":["Twin Strike"],"picked":"SKIP","floor":36.0},{"not_picked":["Blood for Blood"],"picked":"SKIP","floor":37.0},{"not_picked":["Wild Strike"],"picked":"SKIP","floor":39.0},{"not_picked":[],"picked":"Flex+1","floor":40.0},{"not_picked":[],"picked":"Entrench","floor":42.0},{"not_picked":[],"picked":"Spot Weakness","floor":44.0},{"not_picked":[],"picked":"Violence","floor":46.0},{"not_picked":["Pommel Strike"],"picked":"SKIP","floor":48.0},{"not_picked":["Perfected Strike"],"picked":"SKIP","floor":55.0}],"player_experience":901477,"relics_obtained":[{"floor":9.0,"key":"Strawberry"},{"floor":10.0,"key":"Bronze Scales"},{"floor":11.0,"key":"Juzu Bracelet"},{"floor":12.0,"key":"Regal Pillow"},{"floor":23.0,"key":"Pocketwatch"},{"floor":26.0,"key":"Paper Frog"},{"floor":27.0,"key":"War Paint"},{"floor":28.0,"key":"Necronomicon"},{"floor":29.0,"key":"Orichalcum"},{"floor":40.0,"key":"Art of War"},{"floor":42.0,"key":"Bottled Tornado"},{"floor":44.0,"key":"Omamori"},{"floor":55.0,"key":"Pantograph"}],"event_choices":[{"damage_healed":0.0,"max_hp_gain":0.0,"max_hp_loss":0.0,"gold_gain":0.0,"cards_transformed":["Strike_R"],"event_name":"Living Wall","player_choice":"Change","floor":2.0,"gold_loss":0.0,"damage_taken":0.0,"cards_obtained":["Dual Wield"]},{"cards_removed":["Strike_R"],"damage_healed":0.0,"max_hp_gain":0.0,"max_hp_loss":0.0,"gold_gain":0.0,"event_name":"Bonfire Elementals","player_choice":"Offered Basic","floor":4.0,"gold_loss":0.0,"damage_taken":0.0},{"damage_healed":0.0,"max_hp_gain":0.0,"max_hp_loss":0.0,"gold_gain":0.0,"event_name":"Big Fish","player_choice":"Box","floor":13.0,"gold_loss":0.0,"damage_taken":0.0,"relics_obtained":["Mercury Hourglass"],"cards_obtained":["Regret"]},{"damage_healed":0.0,"max_hp_gain":0.0,"max_hp_loss":0.0,"gold_gain":0.0,"event_name":"Vampires","player_choice":"Ignored","floor":19.0,"gold_loss":0.0,"damage_taken":0.0},{"damage_healed":0.0,"max_hp_gain":5.0,"max_hp_loss":0.0,"gold_gain":0.0,"event_name":"Forgotten Altar","player_choice":"Shed Blood","floor":21.0,"gold_loss":0.0,"damage_taken":29.0},{"damage_healed":0.0,"max_hp_gain":0.0,"max_hp_loss":0.0,"gold_gain":0.0,"event_name":"Cursed Tome","player_choice":"Obtained Book","floor":28.0,"gold_loss":0.0,"damage_taken":21.0},{"damage_healed":0.0,"max_hp_gain":0.0,"max_hp_loss":0.0,"gold_gain":0.0,"event_name":"Upgrade Shrine","player_choice":"Upgraded","floor":38.0,"gold_loss":0.0,"damage_taken":0.0,"cards_upgraded":["Dark Embrace"]},{"cards_removed":["Strike_R"],"damage_healed":0.0,"max_hp_gain":0.0,"max_hp_loss":0.0,"gold_gain":0.0,"event_name":"Purifier","player_choice":"Purged","floor":41.0,"gold_loss":0.0,"damage_taken":0.0},{"damage_healed":0.0,"max_hp_gain":0.0,"max_hp_loss":0.0,"gold_gain":0.0,"event_name":"SensoryStone","player_choice":"Memory 3","floor":46.0,"gold_loss":0.0,"damage_taken":10.0}],"is_beta":false,"boss_relics":[{"not_picked":["Astrolabe","Empty Cage"],"picked":"Busted Crown"},{"not_picked":["Runic Pyramid","Pandora\u0027s Box"],"picked":"Fusion Hammer"}],"items_purged_floors":[20,47],"is_endless":false,"potions_floor_spawned":[3,7,8,10,14,16,23,27,35,37,44,48,55],"ascension_level":20}}