{"host":"sc0o2qwpf9j16a4i","time":1609333317,"event":{"mods":["AchievementEnabler","BaseMod","BetterRewards","Block Reminder","Colored Map","Colored Powertips","Custom Start","Highlight Path","Minty Spire (QoL Compilation)","Relic Stats"],"gold_per_floor":[117,117,117,217,242,281,294,294,345,383,406,420,438,479,479,568,568,587,587,587,7,7,7,75,109,109,109,21,21,40,67,67,141,141,157,157,173,190,208,208,208,208],"floor_reached":41,"playtime":940,"items_purged":[],"score":1023,"play_id":"c43e441d-16e9-4ece-8b52-e05c29d3b6fc","local_time":"20201230150157","is_ascension_mode":true,"campfire_choices":[{"data":"Carnage","floor":8,"key":"SMITH"},{"data":"Feel No Pain","floor":15,"key":"SMITH"},{"data":"Immolate","floor":23,"key":"SMITH"},{"data":"Feel No Pain","floor":27,"key":"SMITH"},{"data":"Barricade","floor":32,"key":"SMITH"},{"floor":40,"key":"RECALL"}],"circlet_count":0,"master_deck":["AscendersBane","Strike_R+1","Strike_R+1","Strike_R+1","Strike_R+1","Strike_R+1","Defend_R+1","Defend_R+1","Defend_R+1","Defend_R+1","Bash+1","Feel No Pain+1","Carnage+1","Shockwave","Metallicize","Shockwave","Immolate+1","Feel No Pain+1","Whirlwind+1","Barricade+1","Body Slam+1","Evolve","Shockwave+1","Pommel Strike+1","Parasite"],"relics":["Burning Blood","NeowsBlessing","Bloody Idol","Anchor","Blood Vial","Ancient Tea Set","Pear","Busted Crown","Lee\u0027s Waffle","TungstenRod","Molten Egg 2","Pantograph","Singing Bowl","Orichalcum","Sozu"],"acts_visited":["Exordium","TheCity","TheBeyond"],"potions_floor_usage":[10,31],"damage_taken":[{"damage":0,"enemies":"Jaw Worm","floor":1,"turns":1},{"damage":0,"enemies":"Small Slimes","floor":5,"turns":1},{"damage":0,"enemies":"3 Sentries","floor":6,"turns":2},{"damage":0,"enemies":"Cultist","floor":7,"turns":3},{"damage":32,"enemies":"Gremlin Nob","floor":10,"turns":4},{"damage":8,"enemies":"3 Louse","floor":11,"turns":3},{"damage":0,"enemies":"Looter","floor":12,"turns":2},{"damage":0,"enemies":"Large Slime","floor":13,"turns":3},{"damage":8,"enemies":"3 Sentries","floor":14,"turns":8},{"damage":53,"enemies":"The Guardian","floor":16,"turns":11},{"damage":12,"enemies":"2 Thieves","floor":18,"turns":3},{"damage":0,"enemies":"Slavers","floor":25,"turns":2},{"damage":0,"enemies":"Shell Parasite","floor":30,"turns":5},{"damage":40,"enemies":"Book of Stabbing","floor":31,"turns":6},{"damage":41,"enemies":"Automaton","floor":33,"turns":11},{"damage":1,"enemies":"3 Darklings","floor":35,"turns":3},{"damage":4,"enemies":"Orb Walker","floor":37,"turns":3},{"damage":31,"enemies":"Transient","floor":38,"turns":6},{"damage":10,"enemies":"Writhing Mass","floor":39,"turns":6},{"damage":85,"enemies":"Reptomancer","floor":41,"turns":8}],"seed_played":"1139641225382757557","potions_obtained":[{"floor":1,"key":"Ancient Potion"},{"floor":5,"key":"SteroidPotion"},{"floor":10,"key":"Ancient Potion"},{"floor":16,"key":"EssenceOfSteel"},{"floor":31,"key":"Weak Potion"}],"is_trial":false,"path_per_floor":["M","?","?","?","M","E","M","R","T","E","M","M","M","E","R","B",null,"M","?","?","$","?","R","T","E","T","R","$","?","M","E","R","B",null,"M","?","M","M","M","R","E"],"character_chosen":"IRONCLAD","items_purchased":["Lee\u0027s Waffle","TungstenRod","Feel No Pain","Barricade"],"campfire_rested":0,"item_purchase_floors":[21,21,21,28],"current_hp_per_floor":[74,48,48,48,54,60,66,66,66,42,42,50,58,68,68,23,70,66,66,66,92,92,92,92,92,92,92,92,92,92,65,65,64,88,96,96,98,78,83,83,0,0],"gold":208,"neow_bonus":"THREE_ENEMY_KILL","is_daily":false,"chose_seed":false,"campfire_upgraded":5,"win_rate":0.0,"timestamp":1609333317,"path_taken":["M","?","?","?","M","E","?","R","T","E","M","M","M","E","R","BOSS","M","?","?","$","?","R","?","E","T","R","$","?","M","E","R","BOSS","M","?","M","M","M","R","E"],"items_purchased_type":["Relic","Relic","Card","Card"],"build_version":"2020-12-22","purchased_purges":0,"victory":false,"max_hp_per_floor":[75,75,75,75,75,75,75,75,75,75,75,75,75,85,85,85,85,85,85,85,92,92,92,92,92,92,92,92,92,92,94,94,96,96,96,96,98,98,100,100,100,100],"relic_stats":{"Blood Vial":22,"Sozu":0,"Lee\u0027s Waffle":26,"Busted Crown":18,"Singing Bowl":8,"counters":[20,91],"Bloody Idol":21,"Pantograph":25,"Orichalcum":[42],"obtain_stats":[{"Lee\u0027s Waffle":21,"Pear":14,"NeowsBlessing":0,"Singing Bowl":26,"Golden Idol":2,"Orichalcum":31,"Ancient Tea Set":10,"Burning Blood":0,"Blood Vial":9,"Sozu":34,"Anchor":6,"Busted Crown":17,"Bloody Idol":20,"Pantograph":25,"Molten Egg 2":24,"TungstenRod":21},{"Lee\u0027s Waffle":11,"Pear":9,"NeowsBlessing":0,"Singing Bowl":12,"Golden Idol":1,"Orichalcum":14,"Ancient Tea Set":5,"Burning Blood":0,"Blood Vial":4,"Sozu":15,"Anchor":3,"Busted Crown":10,"Bloody Idol":11,"Pantograph":12,"Molten Egg 2":11,"TungstenRod":11},{"Lee\u0027s Waffle":41,"Pear":27,"NeowsBlessing":0,"Singing Bowl":43,"Golden Idol":1,"Orichalcum":54,"Ancient Tea Set":11,"Burning Blood":0,"Blood Vial":7,"Sozu":65,"Anchor":4,"Busted Crown":38,"Bloody Idol":41,"Pantograph":43,"Molten Egg 2":41,"TungstenRod":41}],"Burning Blood":100,"TungstenRod":26},"card_choices":[{"not_picked":["Metallicize","Body Slam"],"picked":"Feel No Pain","floor":1},{"not_picked":["Uppercut","Thunderclap"],"picked":"Carnage","floor":5},{"not_picked":["Sword Boomerang","Clash","Body Slam"],"picked":"SKIP","floor":6},{"not_picked":["Clothesline","Corruption"],"picked":"Headbutt","floor":7},{"not_picked":["Hemokinesis","Iron Wave","Carnage"],"picked":"SKIP","floor":10},{"not_picked":["True Grit","Clash"],"picked":"Shockwave","floor":11},{"not_picked":["Warcry","Body Slam","Clash"],"picked":"SKIP","floor":12},{"not_picked":["Body Slam","Headbutt"],"picked":"Metallicize","floor":13},{"not_picked":["Combust","Brutality"],"picked":"Shockwave","floor":14},{"not_picked":["Demon Form","Exhume"],"picked":"Immolate","floor":16},{"not_picked":["Perfected Strike"],"picked":"SKIP","floor":18},{"not_picked":[],"picked":"Whirlwind+1","floor":25},{"not_picked":[],"picked":"Evolve","floor":30},{"not_picked":["Anger+1"],"picked":"Singing Bowl","floor":31},{"not_picked":["Brutality"],"picked":"Singing Bowl","floor":33},{"not_picked":[],"picked":"Shockwave+1","floor":35},{"not_picked":["Headbutt+1"],"picked":"Singing Bowl","floor":37},{"not_picked":[],"picked":"Pommel Strike+1","floor":38},{"not_picked":["Headbutt+1"],"picked":"Singing Bowl","floor":39}],"player_experience":442748,"relics_obtained":[{"floor":6,"key":"Anchor"},{"floor":9,"key":"Blood Vial"},{"floor":10,"key":"Ancient Tea Set"},{"floor":14,"key":"Pear"},{"floor":24,"key":"Molten Egg 2"},{"floor":25,"key":"Pantograph"},{"floor":26,"key":"Singing Bowl"},{"floor":31,"key":"Orichalcum"}],"event_choices":[{"damage_healed":0,"gold_gain":0,"player_choice":"Take Damage","damage_taken":26,"relics_obtained":["Golden Idol"],"max_hp_gain":0,"max_hp_loss":0,"event_name":"Golden Idol","floor":2,"gold_loss":0},{"damage_healed":0,"gold_gain":0,"player_choice":"Grow","damage_taken":0,"max_hp_gain":0,"max_hp_loss":0,"event_name":"Living Wall","floor":3,"gold_loss":0,"cards_upgraded":["Bash"]},{"damage_healed":0,"gold_gain":100,"player_choice":"Gold","damage_taken":0,"max_hp_gain":0,"max_hp_loss":0,"event_name":"Wheel of Change","floor":4,"gold_loss":0},{"damage_healed":0,"gold_gain":0,"player_choice":"Ignored","damage_taken":0,"max_hp_gain":0,"max_hp_loss":0,"event_name":"The Mausoleum","floor":19,"gold_loss":0},{"damage_healed":0,"gold_gain":0,"player_choice":"Gave Idol","damage_taken":0,"relics_obtained":["Bloody Idol"],"max_hp_gain":0,"max_hp_loss":0,"event_name":"Forgotten Altar","floor":20,"relics_lost":["Golden Idol"],"gold_loss":0},{"damage_healed":0,"gold_gain":0,"player_choice":"Simplicity","damage_taken":0,"max_hp_gain":0,"max_hp_loss":0,"event_name":"Back to Basics","floor":22,"gold_loss":0,"cards_upgraded":["Strike_R","Strike_R","Strike_R","Strike_R","Strike_R","Defend_R","Defend_R","Defend_R","Defend_R"]},{"damage_healed":0,"gold_gain":0,"player_choice":"Read","damage_taken":0,"max_hp_gain":0,"max_hp_loss":0,"event_name":"The Library","floor":29,"gold_loss":0,"cards_obtained":["Body Slam"]},{"cards_removed":["Headbutt"],"damage_healed":0,"gold_gain":0,"player_choice":"Removed Attack","damage_taken":0,"max_hp_gain":0,"max_hp_loss":0,"event_name":"Falling","floor":36,"gold_loss":0}],"is_beta":false,"boss_relics":[{"not_picked":["Calling Bell","Astrolabe"],"picked":"Busted Crown"},{"not_picked":["Philosopher\u0027s Stone","Black Blood"],"picked":"Sozu"}],"items_purged_floors":[],"is_endless":false,"potions_floor_spawned":[1,5,7,10,12,16,31,33],"killed_by":"Reptomancer","ascension_level":20}}