{"host":"873t0y8ybyo38pfq","time":1609370623,"event":{"mods":["BaseMod","Bestiary","Colored Map","Colored Powertips","Highlight Path","Minty Spire (QoL Compilation)","Quick Restart","RNG Fix","Rare Cards Sparkle","Relic Stats","StSLib"],"gold_per_floor":[112,130,141,141,21,55,55,82,106,106,125,125,139,167,167,271,271,284,298,5,16,16,16,50,50,75,75,0,28,41,5,5,101,101,121,121,139,1138,1138,1138],"floor_reached":39,"playtime":2090,"items_purged":["Steam"],"score":609,"play_id":"5552c435-b0a1-4b07-b77e-b68b500f6e3f","local_time":"20201230182343","is_ascension_mode":true,"campfire_choices":[{"data":"Chaos","floor":7,"key":"SMITH"},{"data":"Loop","floor":10,"key":"SMITH"},{"floor":12,"key":"REST"},{"floor":15,"key":"REST"},{"data":"Core Surge","floor":23,"key":"SMITH"},{"data":"Biased Cognition","floor":25,"key":"SMITH"},{"floor":32,"key":"REST"}],"circlet_count":0,"master_deck":["Zap","Dualcast","Glacier","Lockon+1","Coolheaded","Chaos+1","Core Surge+1","Loop+1","Conserve Battery","Buffer","Amplify","Force Field","Skim","Self Repair","White Noise","Force Field","Recycle","Hologram+1","Leap+1","Biased Cognition+1","Necronomicurse","Coolheaded","Genetic Algorithm","Creative AI","Consume+1","Glacier+1","Normality","Normality"],"relics":["Cracked Core","NeowsBlessing","Calipers","Dead Branch","MealTicket","WingedGreaves","Pandora\u0027s Box","Bag of Preparation","Art of War","Pantograph","Whetstone","Necronomicon","Bronze Scales","Runic Pyramid"],"acts_visited":["Exordium","TheCity","TheBeyond"],"potions_floor_usage":[8,16,16,19,24,33,33,33],"damage_taken":[{"damage":0,"enemies":"Cultist","floor":1,"turns":1},{"damage":0,"enemies":"Jaw Worm","floor":2,"turns":1},{"damage":0,"enemies":"Small Slimes","floor":3,"turns":1},{"damage":16,"enemies":"Lagavulin","floor":6,"turns":6},{"damage":8,"enemies":"Gremlin Nob","floor":8,"turns":3},{"damage":7,"enemies":"3 Louse","floor":11,"turns":4},{"damage":3,"enemies":"2 Fungi Beasts","floor":13,"turns":4},{"damage":27,"enemies":"Lagavulin","floor":14,"turns":5},{"damage":0,"enemies":"Slime Boss","floor":16,"turns":10},{"damage":41,"enemies":"Shell Parasite","floor":18,"turns":7},{"damage":17,"enemies":"3 Byrds","floor":19,"turns":6},{"damage":25,"enemies":"Shelled Parasite and Fungi","floor":21,"turns":9},{"damage":35,"enemies":"Gremlin Leader","floor":24,"turns":10},{"damage":24,"enemies":"Book of Stabbing","floor":29,"turns":6},{"damage":12,"enemies":"Snake Plant","floor":30,"turns":4},{"damage":34,"enemies":"Champ","floor":33,"turns":10},{"damage":2,"enemies":"Orb Walker","floor":35,"turns":6},{"damage":44,"enemies":"3 Darklings","floor":37,"turns":5},{"damage":54,"enemies":"Maw","floor":39,"turns":13}],"seed_played":"8950152728132087317","potions_obtained":[{"floor":2,"key":"FearPotion"},{"floor":6,"key":"SkillPotion"},{"floor":13,"key":"AttackPotion"},{"floor":16,"key":"AttackPotion"},{"floor":19,"key":"PowerPotion"},{"floor":24,"key":"PowerPotion"},{"floor":30,"key":"Weak Potion"},{"floor":37,"key":"SpeedPotion"}],"is_trial":false,"path_per_floor":["M","M","M","?","$","E","R","E","T","R","M","R","M","E","R","B",null,"M","M","$","M","?","R","E","R","T","?","$","E","M","$","R","B",null,"M","?","M","?","M"],"character_chosen":"DEFECT","items_purchased":["Chaos","AttackPotion","Bag of Preparation","Art of War","Genetic Algorithm"],"campfire_rested":3,"item_purchase_floors":[5,5,20,20,31],"current_hp_per_floor":[75,75,75,68,68,52,52,44,44,44,37,59,56,29,51,51,75,48,38,53,35,60,60,32,32,32,16,31,14,9,24,46,37,75,75,75,38,38,0,0],"gold":1138,"neow_bonus":"THREE_ENEMY_KILL","is_daily":false,"chose_seed":false,"campfire_upgraded":4,"win_rate":0.0,"timestamp":1609370623,"path_taken":["M","?","M","?","$","E","R","E","T","R","M","R","M","E","R","BOSS","M","M","$","M","?","R","E","R","T","?","?","E","?","$","R","BOSS","M","?","?","?","M"],"items_purchased_type":["Card","Potion","Relic","Relic","Card"],"build_version":"2020-12-22","purchased_purges":1,"victory":false,"max_hp_per_floor":[75,75,75,75,75,75,75,75,75,75,75,75,75,75,75,75,75,75,75,75,75,75,75,75,75,75,75,75,75,75,75,75,75,75,75,75,75,75,75,75],"relic_stats":{"counters":[19,110],"Dead Branch":[37],"Pantograph":25,"Bronze Scales":[134],"MealTicket":45,"Pandora\u0027s Box":["Force Field","Skim","Self Repair","White Noise","Steam","Force Field","Recycle"],"Bag of Preparation":[16],"Art of War":[34],"Necronomicon":[1],"Whetstone":["Lockon"],"obtain_stats":[{"Calipers":6,"NeowsBlessing":0,"Dead Branch":8,"Bag of Preparation":20,"Whetstone":26,"Pantograph":24,"Bronze Scales":29,"MealTicket":9,"Pandora\u0027s Box":17,"WingedGreaves":14,"Art of War":20,"Necronomicon":27,"Cracked Core":0,"Runic Pyramid":34},{"Calipers":4,"NeowsBlessing":0,"Dead Branch":5,"Bag of Preparation":11,"Whetstone":13,"Pantograph":13,"Bronze Scales":14,"MealTicket":5,"Pandora\u0027s Box":9,"WingedGreaves":8,"Art of War":11,"Necronomicon":13,"Cracked Core":0,"Runic Pyramid":16},{"Calipers":9,"NeowsBlessing":0,"Dead Branch":12,"Bag of Preparation":48,"Whetstone":67,"Pantograph":67,"Bronze Scales":73,"MealTicket":12,"Pandora\u0027s Box":35,"WingedGreaves":25,"Art of War":48,"Necronomicon":67,"Cracked Core":0,"Runic Pyramid":86}]},"card_choices":[{"not_picked":["Coolheaded","Steam"],"picked":"Glacier","floor":1},{"not_picked":["Streamline","Double Energy"],"picked":"Lockon","floor":2},{"not_picked":["Double Energy","Force Field"],"picked":"Coolheaded","floor":3},{"not_picked":["Streamline","Compile Driver"],"picked":"Core Surge","floor":6},{"not_picked":["Chaos","Auto Shields"],"picked":"Loop","floor":8},{"not_picked":["Sweeping Beam","Steam","Heatsinks"],"picked":"SKIP","floor":11},{"not_picked":["Sweeping Beam","Barrage"],"picked":"Conserve Battery","floor":13},{"not_picked":["Go for the Eyes","Gash"],"picked":"Buffer","floor":14},{"not_picked":["Meteor Strike","Fission"],"picked":"Amplify","floor":16},{"not_picked":["Turbo","Redo+1"],"picked":"Hologram+1","floor":18},{"not_picked":["Steam","Rip and Tear"],"picked":"Leap+1","floor":19},{"not_picked":["Rebound","Barrage","Steam Power+1"],"picked":"SKIP","floor":21},{"not_picked":["Barrage+1","Rebound"],"picked":"Biased Cognition","floor":24},{"not_picked":["Stack+1","Leap"],"picked":"Coolheaded","floor":29},{"not_picked":["Gash+1","Steam","Streamline"],"picked":"SKIP","floor":30},{"not_picked":["Electrodynamics","Machine Learning"],"picked":"Creative AI","floor":33},{"not_picked":["Stack+1","Doom and Gloom"],"picked":"Consume+1","floor":35},{"not_picked":["Undo+1","Stack+1"],"picked":"Glacier+1","floor":37}],"player_experience":1436283,"relics_obtained":[{"floor":6,"key":"Calipers"},{"floor":8,"key":"Dead Branch"},{"floor":9,"key":"MealTicket"},{"floor":14,"key":"WingedGreaves"},{"floor":24,"key":"Pantograph"},{"floor":26,"key":"Whetstone"},{"floor":27,"key":"Necronomicon"},{"floor":29,"key":"Bronze Scales"}],"event_choices":[{"cards_removed":["Strike_B"],"damage_healed":0,"gold_gain":0,"player_choice":"Card Removal","damage_taken":7,"max_hp_gain":0,"max_hp_loss":0,"event_name":"Golden Wing","floor":4,"gold_loss":0},{"damage_healed":25,"gold_gain":0,"player_choice":"Heal","damage_taken":0,"max_hp_gain":0,"max_hp_loss":0,"event_name":"The Library","floor":22,"gold_loss":0},{"damage_healed":0,"gold_gain":0,"player_choice":"Obtained Book","damage_taken":16,"max_hp_gain":0,"max_hp_loss":0,"event_name":"Cursed Tome","floor":27,"gold_loss":0},{"damage_healed":0,"gold_gain":0,"player_choice":"Ignored","damage_taken":0,"max_hp_gain":0,"max_hp_loss":0,"event_name":"Mysterious Sphere","floor":36,"gold_loss":0},{"damage_healed":0,"gold_gain":999,"player_choice":"Gold","damage_taken":0,"max_hp_gain":0,"max_hp_loss":0,"event_name":"MindBloom","floor":38,"gold_loss":0,"cards_obtained":["Normality","Normality"]}],"is_beta":false,"boss_relics":[{"not_picked":["SacredBark","Inserter"],"picked":"Pandora\u0027s Box"},{"not_picked":["Tiny House","Black Star"],"picked":"Runic Pyramid"}],"items_purged_floors":[28],"is_endless":false,"potions_floor_spawned":[2,6,13,16,19,24,30,37],"killed_by":"Maw","ascension_level":4}}