{"host":"vfg9szunmpjwj08o","time":1609337897,"event":{"mods":["Act Like it!","BaseMod","Challenge The Spire","Colored Map","Colored Powertips","Minty Spire (QoL Compilation)","StSLib","Waifu the Spire"],"gold_per_floor":[113,128,8,8,19,51,64,64,133,133,159,179,179,195,195,291,291,291,291],"floor_reached":18,"playtime":768,"items_purged":["Strike_B"],"score":384,"play_id":"51da2a07-b567-4b5f-918d-2c00f3d755b4","local_time":"20201230151817","is_ascension_mode":true,"campfire_choices":[{"data":"Zap","floor":8,"key":"SMITH"},{"data":"Dualcast","floor":10,"key":"SMITH"},{"data":"Trip","floor":15,"key":"SMITH"}],"circlet_count":0,"master_deck":["AscendersBane","Strike_B","Strike_B","Strike_B","Defend_B","Defend_B","Defend_B","Defend_B+1","Zap+1","Dualcast+1","Trip+1","Cold Snap+1","Compile Driver","BootSequence","Go for the Eyes","Gash","Compile Driver","Sunder","Rainbow"],"relics":["Cracked Core","FossilizedHelix","Anchor","Golden Idol","SacredBark"],"acts_visited":["Exordium","TheCity"],"potions_floor_usage":[11,16,16],"damage_taken":[{"damage":7,"enemies":"Jaw Worm","floor":1,"turns":2},{"damage":3,"enemies":"2 Louse","floor":2,"turns":2},{"damage":0,"enemies":"Small Slimes","floor":5,"turns":3},{"damage":19,"enemies":"Lagavulin","floor":6,"turns":7},{"damage":0,"enemies":"Exordium Wildlife","floor":7,"turns":3},{"damage":0,"enemies":"Gremlin Nob","floor":11,"turns":3},{"damage":0,"enemies":"Looter","floor":12,"turns":2},{"damage":0,"enemies":"Lots of Slimes","floor":14,"turns":4},{"damage":13,"enemies":"Hexaghost","floor":16,"turns":9},{"damage":48,"enemies":"3 Byrds","floor":18,"turns":5}],"seed_played":"-6907433915904003504","potions_obtained":[{"floor":7,"key":"BlessingOfTheForge"},{"floor":12,"key":"ColorlessPotion"},{"floor":14,"key":"Fire Potion"}],"is_trial":false,"path_per_floor":["M","M","$","?","M","E","M","R","T","R","E","M","?","M","R","B",null,"M"],"character_chosen":"DEFECT","items_purchased":["BootSequence"],"campfire_rested":0,"item_purchase_floors":[3],"current_hp_per_floor":[57,54,54,33,33,14,14,14,14,14,14,14,14,14,14,1,48,0,0],"gold":291,"neow_bonus":"RANDOM_COLORLESS","is_daily":false,"chose_seed":false,"campfire_upgraded":3,"win_rate":0.0,"timestamp":1609337897,"path_taken":["M","M","$","?","M","E","M","R","T","R","E","M","?","M","R","BOSS","M"],"items_purchased_type":["Card"],"build_version":"2020-12-22","purchased_purges":1,"victory":false,"max_hp_per_floor":[71,71,71,71,71,71,71,71,71,71,71,71,64,64,64,64,64,64,64],"card_choices":[{"not_picked":["Panacea","PanicButton"],"picked":"Trip","floor":0},{"not_picked":["Consume","Steam"],"picked":"Cold Snap","floor":1},{"not_picked":["Go for the Eyes","Steam"],"picked":"Compile Driver","floor":2},{"not_picked":["Compile Driver","Conserve Battery"],"picked":"Go for the Eyes","floor":5},{"not_picked":["Streamline","Static Discharge"],"picked":"Gash","floor":6},{"not_picked":["Heatsinks","Leap"],"picked":"Compile Driver","floor":7},{"not_picked":["Stack","Doom and Gloom","Multi-Cast"],"picked":"SKIP","floor":11},{"not_picked":["Beam Cell","Melter"],"picked":"Sunder","floor":12},{"not_picked":["White Noise","Hologram","Turbo"],"picked":"SKIP","floor":14},{"not_picked":["Core Surge","Reboot"],"picked":"Rainbow","floor":16}],"player_experience":1017068,"relics_obtained":[{"floor":6,"key":"FossilizedHelix"},{"floor":11,"key":"Anchor"}],"event_choices":[{"damage_healed":0,"gold_gain":0,"player_choice":"Entered Light","damage_taken":21,"max_hp_gain":0,"max_hp_loss":0,"event_name":"Shining Light","floor":4,"gold_loss":0,"cards_upgraded":["Defend_B","Cold Snap"]},{"damage_healed":0,"gold_gain":0,"player_choice":"Lose Max HP","damage_taken":0,"relics_obtained":["Golden Idol"],"max_hp_gain":0,"max_hp_loss":7,"event_name":"Golden Idol","floor":13,"gold_loss":0}],"is_beta":false,"boss_relics":[{"not_picked":["Runic Pyramid","Fusion Hammer"],"picked":"SacredBark"}],"items_purged_floors":[3],"is_endless":false,"potions_floor_spawned":[7,12,14],"killed_by":"3 Byrds","ascension_level":19}}