{"host":"w3q5ijqu8eoknil3","time":1609287993,"event":{"mods":["AchievementEnabler","BaseMod","Block Reminder","Colored Powertips","Minty Spire (QoL Compilation)","Quick Restart","Relic Stats","ojb\u0027s Better Paths Mod","ojb\u0027s Info Mod","slay the spire mod where everything is the same but ironclad has a cowboy hat"],"gold_per_floor":[112,112,187,187,187,187,202,233,258,277,310,310,90,120,120,120,120],"floor_reached":16,"playtime":496,"items_purged":[],"score":203,"play_id":"b8a836b7-b274-40f8-b665-a956309f3354","local_time":"20201230002633","is_ascension_mode":true,"campfire_choices":[{"floor":6,"key":"REST"},{"floor":12,"key":"REST"},{"floor":15,"key":"REST"}],"circlet_count":0,"master_deck":["AscendersBane","Strike_G+1","Strike_G+1","Defend_G","Defend_G","Defend_G","Defend_G","Survivor","Neutralize","A Thousand Cuts+1","Dodge and Roll+1","Noxious Fumes+1","Deadly Poison","Skewer","Expertise","Dodge and Roll","Flying Knee","Catalyst","Secret Technique"],"relics":["Astrolabe","The Courier","Strawberry","Omamori","Boot","Membership Card","MealTicket"],"acts_visited":["Exordium"],"potions_floor_usage":[10,11],"damage_taken":[{"damage":1,"enemies":"Jaw Worm","floor":1,"turns":5},{"damage":0,"enemies":"Small Slimes","floor":7,"turns":4},{"damage":16,"enemies":"3 Sentries","floor":8,"turns":5},{"damage":0,"enemies":"2 Louse","floor":10,"turns":2},{"damage":19,"enemies":"Lagavulin","floor":11,"turns":7},{"damage":26,"enemies":"Gremlin Nob","floor":14,"turns":5},{"damage":28,"enemies":"The Guardian","floor":16,"turns":4}],"seed_played":"-2039496857535448510","potions_obtained":[{"floor":8,"key":"Explosive Potion"},{"floor":10,"key":"Fire Potion"},{"floor":11,"key":"SteroidPotion"}],"is_trial":false,"path_per_floor":["M","?","?","?","T","R","M","E","T","M","E","R","$","E","R","B"],"character_chosen":"THE_SILENT","items_purchased":["Membership Card","Catalyst","Secret Technique"],"campfire_rested":3,"item_purchase_floors":[13,13,13],"current_hp_per_floor":[58,38,27,20,20,39,39,30,30,30,11,32,32,6,27,0,0],"gold":120,"neow_bonus":"BOSS_RELIC","is_daily":false,"chose_seed":false,"campfire_upgraded":0,"win_rate":0.0,"timestamp":1609287993,"path_taken":["M","?","?","?","?","R","?","E","T","M","E","R","$","E","R","BOSS"],"items_purchased_type":["Relic","Card","Card"],"build_version":"2020-12-22","purchased_purges":0,"victory":false,"max_hp_per_floor":[66,66,66,66,66,66,66,73,73,73,73,73,73,73,73,73,73],"relic_stats":{"counters":[7,32],"Astrolabe":["A Thousand Cuts","Dodge and Roll","Noxious Fumes"],"MealTicket":0,"Boot":[8],"obtain_stats":[{"Astrolabe":0,"Strawberry":8,"MealTicket":14,"The Courier":5,"Omamori":9,"Membership Card":13,"Boot":11,"Ring of the Snake":0},{"Astrolabe":0,"Strawberry":3,"MealTicket":6,"The Courier":1,"Omamori":3,"Membership Card":5,"Boot":5,"Ring of the Snake":0},{"Astrolabe":0,"Strawberry":14,"MealTicket":28,"The Courier":5,"Omamori":14,"Membership Card":23,"Boot":23,"Ring of the Snake":0}]},"card_choices":[{"not_picked":["Acrobatics","Concentrate"],"picked":"Deadly Poison","floor":1},{"not_picked":["Terror","Bane"],"picked":"Skewer","floor":7},{"not_picked":["Endless Agony","Outmaneuver"],"picked":"Expertise","floor":8},{"not_picked":["Choke","Distraction"],"picked":"Dodge and Roll","floor":10},{"not_picked":["Outmaneuver","Cloak And Dagger"],"picked":"Flying Knee","floor":11},{"not_picked":["Expertise","Distraction","Phantasmal Killer"],"picked":"SKIP","floor":14}],"player_experience":960351,"relics_obtained":[{"floor":5,"key":"The Courier"},{"floor":8,"key":"Strawberry"},{"floor":9,"key":"Omamori"},{"floor":11,"key":"Boot"},{"floor":14,"key":"MealTicket"}],"event_choices":[{"damage_healed":0,"gold_gain":0,"player_choice":"Entered Light","damage_taken":20,"max_hp_gain":0,"max_hp_loss":0,"event_name":"Shining Light","floor":2,"gold_loss":0,"cards_upgraded":["Strike_G","Strike_G"]},{"damage_healed":0,"gold_gain":75,"player_choice":"Gather Gold","damage_taken":11,"max_hp_gain":0,"max_hp_loss":0,"event_name":"World of Goop","floor":3,"gold_loss":0},{"cards_removed":["Strike_G"],"damage_healed":0,"gold_gain":0,"player_choice":"Card Removal","damage_taken":7,"max_hp_gain":0,"max_hp_loss":0,"event_name":"Golden Wing","floor":4,"gold_loss":0}],"is_beta":false,"boss_relics":[],"items_purged_floors":[],"is_endless":false,"potions_floor_spawned":[8,10,11],"killed_by":"The Guardian","ascension_level":15}}