{"host":"7w1f7px7r26mario","time":1609322748,"event":{"mods":["Act Like it!","BaseMod","Conspire","Gensokyo","Lobotomy","LobotomyExtend","Minty Spire (QoL Compilation)","Quick Restart","Relic Stats","Replay The Spire","StSLib","TestMod","[IsaacMod]ÒÔÈö¼âËþ","vexMod"],"gold_per_floor":[116,128,140,140,174,174,195,221,247,197,245,245,271,308,308,429,429,472,546,546,546,546,609,609],"floor_reached":23,"playtime":1569,"items_purged":[],"score":632,"play_id":"3769e653-af44-47e0-8b69-e6b7e943d7d0","local_time":"20201230180548","is_ascension_mode":true,"campfire_choices":[{"floor":6,"key":"REST"},{"data":"Inflame","floor":12,"key":"SMITH"},{"floor":15,"key":"REST"}],"circlet_count":0,"master_deck":["Strike_R","Strike_R","Strike_R","Strike_R","Strike_R","Defend_R","Defend_R","Defend_R","Defend_R","Bash","Exhume","Inflame+1","Intimidate","Battle Trance","Armaments","conspire:SpireCoStock","Replay:Undeath\u0027s Touch","Limit Break+1","Heavy Blade","Reaper+1","Sword Boomerang","Gensokyo:AllTheWorldsEvil"],"relics":["testmod-TestBox","HushsDoor","Chaos","testmod-ObsoleteBoomerang","ChampionBelt","LetterFromLob","Self Forming Clay","testmod-Brilliant","Odd Mushroom","SalivaCoin","BelialBook","testmod-IndustrialRevolution","conspire:IceCreamScoop","Guide Book","Replay:Arrowhead","Orichalcum","Gensokyo:UndefinedDarkness"],"acts_visited":["Exordium","Gensokyo:Gensokyoer"],"potions_floor_usage":[5,11,11,16,16,16,16,16],"damage_taken":[{"damage":0,"enemies":"Cultist","floor":1,"turns":2},{"damage":7,"enemies":"Jaw Worm","floor":2,"turns":2},{"damage":10,"enemies":"Small Slimes","floor":3,"turns":3},{"damage":24,"enemies":"3 Sentries","floor":5,"turns":7},{"damage":0,"enemies":"The Mushroom Lair","floor":7,"turns":1},{"damage":9,"enemies":"Gremlin Nob","floor":8,"turns":3},{"damage":0,"enemies":"Lagavulin","floor":11,"turns":4},{"damage":0,"enemies":"3 Sentries","floor":13,"turns":1},{"damage":10,"enemies":"Gremlin Nob","floor":14,"turns":3},{"damage":15,"enemies":"Hexaghost","floor":16,"turns":5},{"damage":0,"enemies":"Gensokyo:Reisen","floor":18,"turns":2},{"damage":51,"enemies":"Gensokyo:Koishi","floor":19,"turns":5},{"damage":33,"enemies":"Gensokyo:Tenshi","floor":23,"turns":1}],"seed_played":"-7804264850619934268","potions_obtained":[{"floor":2,"key":"SneckoOil"},{"floor":5,"key":"testmod-TimePotion"},{"floor":7,"key":"Adrenaline Potion"},{"floor":13,"key":"SteroidPotion"},{"floor":14,"key":"EntropicBrew"},{"floor":19,"key":"Adrenaline Potion"}],"is_trial":false,"path_per_floor":["M","M","M","T","M","R","?","E","T","?","E","R","E","M","R","B",null,"M","M","?","$","?","E"],"character_chosen":"IRONCLAD","items_purchased":[],"campfire_rested":2,"item_purchase_floors":[],"current_hp_per_floor":[72,65,55,55,31,55,55,46,46,46,46,46,46,36,60,45,71,79,28,28,28,28,0,0],"gold":609,"neow_bonus":"BOSS_RELIC","is_daily":false,"chose_seed":false,"campfire_upgraded":1,"win_rate":0.0,"timestamp":1609322748,"path_taken":["M","M","M","?","M","R","?","E","T","?","E","R","E","?","R","BOSS","M","M","?","$","?","E"],"items_purchased_type":[],"build_version":"2020-12-22","purchased_purges":0,"victory":false,"max_hp_per_floor":[80,80,80,80,80,80,80,80,80,80,80,80,80,80,80,80,80,80,80,80,80,80,80,80],"relic_stats":{"counters":[13,39],"Self Forming Clay":[45],"Orichalcum":[6],"obtain_stats":[{"KeepersGift":0,"Chaos":0,"testmod-TestBox":0,"Self Forming Clay":4,"Guide Book":17,"BelialBook":9,"Gensokyo:UndefinedDarkness":20,"Odd Mushroom":7,"Orichalcum":19,"testmod-IndustrialRevolution":13,"Burning Blood":0,"Replay:Arrowhead":18,"testmod-Brilliant":5,"Frozen Eye":19,"ChampionBelt":0,"testmod-ObsoleteBoomerang":0,"LetterFromLob":1,"SalivaCoin":8,"HushsDoor":0,"conspire:IceCreamScoop":14},{"KeepersGift":0,"Chaos":0,"testmod-TestBox":0,"Self Forming Clay":3,"Guide Book":10,"BelialBook":6,"Gensokyo:UndefinedDarkness":12,"Odd Mushroom":5,"Orichalcum":12,"testmod-IndustrialRevolution":8,"Burning Blood":0,"Replay:Arrowhead":11,"testmod-Brilliant":4,"Frozen Eye":11,"ChampionBelt":0,"testmod-ObsoleteBoomerang":0,"LetterFromLob":1,"SalivaCoin":6,"HushsDoor":0,"conspire:IceCreamScoop":9},{"KeepersGift":0,"Chaos":0,"testmod-TestBox":0,"Self Forming Clay":7,"Guide Book":31,"BelialBook":18,"Gensokyo:UndefinedDarkness":38,"Odd Mushroom":15,"Orichalcum":38,"testmod-IndustrialRevolution":23,"Burning Blood":0,"Replay:Arrowhead":33,"testmod-Brilliant":14,"Frozen Eye":33,"ChampionBelt":0,"testmod-ObsoleteBoomerang":0,"LetterFromLob":2,"SalivaCoin":18,"HushsDoor":0,"conspire:IceCreamScoop":26}]},"card_choices":[{"not_picked":["Havoc","True Grit","Exhume"],"picked":"SKIP","floor":1},{"not_picked":["Havoc","True Grit"],"picked":"Exhume","floor":1},{"not_picked":["Burning Pact","Clothesline"],"picked":"Inflame","floor":2},{"not_picked":["Massacre","Anger"],"picked":"Intimidate","floor":3},{"not_picked":["Warcry","Searing Blow"],"picked":"Battle Trance","floor":5},{"not_picked":["Run Through","Shrug It Off"],"picked":"Armaments","floor":7},{"not_picked":["Combust","Cleave","Entrench"],"picked":"SKIP","floor":8},{"not_picked":["Intimidate","ReplayTheSpireMod:Strike From Hell"],"picked":"Replay:Undeath\u0027s Touch","floor":11},{"not_picked":["Bomb","Rage"],"picked":"Limit Break","floor":13},{"not_picked":["Bomb","Run Through"],"picked":"Heavy Blade","floor":14},{"not_picked":["conspire:HitWhereItHurts","Brutality"],"picked":"Reaper","floor":16},{"not_picked":["Entrench","Headbutt"],"picked":"Sword Boomerang","floor":18},{"not_picked":["Dark Embrace","Rage","Blood for Blood"],"picked":"SKIP","floor":19}],"player_experience":244232,"relics_obtained":[{"floor":1,"key":"LetterFromLob"},{"floor":4,"key":"Self Forming Clay"},{"floor":5,"key":"testmod-Brilliant"},{"floor":7,"key":"Odd Mushroom"},{"floor":8,"key":"SalivaCoin"},{"floor":9,"key":"BelialBook"},{"floor":13,"key":"testmod-IndustrialRevolution"},{"floor":14,"key":"conspire:IceCreamScoop"},{"floor":18,"key":"Replay:Arrowhead"},{"floor":19,"key":"Orichalcum"}],"event_choices":[{"damage_healed":0,"gold_gain":0,"player_choice":"Fought Mushrooms","damage_taken":0,"max_hp_gain":0,"max_hp_loss":0,"event_name":"Mushrooms","floor":7,"gold_loss":0},{"damage_healed":0,"gold_gain":0,"player_choice":"Invest 1","damage_taken":0,"max_hp_gain":0,"max_hp_loss":0,"event_name":"conspire:Investor","floor":10,"gold_loss":0}],"is_beta":false,"boss_relics":[{"not_picked":["Basket Of Snakes","Frozen Egg 2"],"picked":"Guide Book"},{"not_picked":[]}],"items_purged_floors":[],"is_endless":false,"potions_floor_spawned":[2,5,7,13,14,19],"killed_by":"Gensokyo:Tenshi","ascension_level":20}}