{"host":"i09pxcjttd31eh4q","time":1609303769,"event":{"mods":["AchievementEnabler","BaseMod","Colored Map","Keyboard Shortcuts","Minty Spire (QoL Compilation)","StSLib","SuperFastMode"],"gold_per_floor":[115,115,40,115,125,152,152,185,260,270,270,285,296,307,307,384,384,394,95,95,50,62,90,115,127,127],"floor_reached":25,"playtime":641,"items_purged":["Strike_G"],"score":616,"play_id":"0b4da4b8-a1e9-4c39-8ab9-c9b1ef192822","local_time":"20201230134929","is_ascension_mode":true,"campfire_choices":[{"data":"Envenom","floor":7,"key":"SMITH"},{"data":"Bouncing Flask","floor":11,"key":"SMITH"},{"data":"Catalyst","floor":15,"key":"SMITH"}],"circlet_count":0,"master_deck":["AscendersBane","Strike_G","Strike_G","Strike_G","Defend_G","Defend_G","Defend_G","Defend_G","Defend_G","Survivor","Neutralize","Quick Slash","All Out Attack","Envenom+1","Bouncing Flask+1","Deadly Poison","Leg Sweep","Catalyst+1","Dagger Throw","Tools of the Trade","Blur","Finesse+1","Ghostly+1","Ghostly+1","Ghostly+1","Acrobatics+1","Setup+1","Deflect+1","Tactician+1"],"relics":["Ring of the Snake","NeowsBlessing","Bronze Scales","Happy Flower","The Courier","Black Star","Toxic Egg 2","MawBank","Eternal Feather"],"acts_visited":["Exordium","TheCity"],"potions_floor_usage":[12,16,16,24,25],"damage_taken":[{"damage":0,"enemies":"Small Slimes","floor":1,"turns":1},{"damage":0,"enemies":"Cultist","floor":5,"turns":1},{"damage":0,"enemies":"3 Sentries","floor":6,"turns":1},{"damage":30,"enemies":"Gremlin Nob","floor":8,"turns":4},{"damage":2,"enemies":"Jaw Worm","floor":10,"turns":4},{"damage":7,"enemies":"Exordium Wildlife","floor":12,"turns":5},{"damage":5,"enemies":"Large Slime","floor":13,"turns":6},{"damage":3,"enemies":"Looter","floor":14,"turns":4},{"damage":0,"enemies":"Hexaghost","floor":16,"turns":4},{"damage":10,"enemies":"3 Byrds","floor":18,"turns":3},{"damage":1,"enemies":"Shell Parasite","floor":22,"turns":6},{"damage":10,"enemies":"Book of Stabbing","floor":23,"turns":6},{"damage":17,"enemies":"Shelled Parasite and Fungi","floor":24,"turns":8},{"damage":0,"enemies":"Slavers","floor":25,"turns":2}],"seed_played":"-3059568652662569525","potions_obtained":[{"floor":5,"key":"Energy Potion"},{"floor":10,"key":"ColorlessPotion"},{"floor":13,"key":"DistilledChaos"},{"floor":18,"key":"Block Potion"},{"floor":23,"key":"FearPotion"},{"floor":24,"key":"LiquidMemories"}],"is_trial":false,"path_per_floor":["M","?","$","?","M","E","R","E","T","M","R","M","M","M","R","B",null,"M","$","?","$","M","E","M","E"],"character_chosen":"THE_SILENT","items_purchased":["Toxic Egg 2","Finesse+1","Acrobatics+1"],"campfire_rested":0,"item_purchase_floors":[19,19,21],"current_hp_per_floor":[59,59,59,48,48,48,48,18,18,16,16,9,4,1,1,1,50,40,40,33,33,32,22,5,5,5],"gold":127,"neow_bonus":"THREE_ENEMY_KILL","is_daily":false,"chose_seed":false,"campfire_upgraded":3,"win_rate":0.0,"timestamp":1609303769,"path_taken":["M","?","?","?","?","E","R","E","T","M","R","M","M","M","R","BOSS","M","$","?","$","M","E","M","E"],"items_purchased_type":["Relic","Card","Card"],"build_version":"2020-12-22","purchased_purges":1,"victory":false,"max_hp_per_floor":[66,66,66,66,66,66,66,66,66,66,66,66,66,66,66,66,66,66,66,33,33,33,33,33,33,33],"card_choices":[{"not_picked":["Dodge and Roll","PiercingWail"],"picked":"Quick Slash","floor":1},{"not_picked":["Sucker Punch","PiercingWail"],"picked":"All Out Attack","floor":5},{"not_picked":["Prepared","Underhanded Strike"],"picked":"Envenom","floor":6},{"not_picked":["Outmaneuver","Expertise"],"picked":"Bouncing Flask","floor":8},{"not_picked":["Finisher","Dagger Throw"],"picked":"Deadly Poison","floor":10},{"not_picked":["Poisoned Stab","Flying Knee"],"picked":"Leg Sweep","floor":12},{"not_picked":["Backflip","Acrobatics"],"picked":"Catalyst","floor":13},{"not_picked":["Predator","Setup"],"picked":"Dagger Throw","floor":14},{"not_picked":["Phantasmal Killer","Grand Finale"],"picked":"Tools of the Trade","floor":16},{"not_picked":["Leg Sweep","Dagger Spray+1"],"picked":"Blur","floor":18},{"not_picked":["Dash","Cloak And Dagger+1"],"picked":"Setup+1","floor":22},{"not_picked":["Dagger Throw","Eviscerate"],"picked":"Deflect+1","floor":23},{"not_picked":["Flying Knee","Slice"],"picked":"Tactician+1","floor":24}],"player_experience":790688,"relics_obtained":[{"floor":6,"key":"Bronze Scales"},{"floor":8,"key":"Happy Flower"},{"floor":9,"key":"The Courier"},{"floor":23,"key":"MawBank"},{"floor":23,"key":"Eternal Feather"}],"event_choices":[{"cards_removed":["Strike_G"],"damage_healed":0,"gold_gain":0,"player_choice":"Offered Basic","damage_taken":0,"max_hp_gain":0,"max_hp_loss":0,"event_name":"Bonfire Elementals","floor":2,"gold_loss":0},{"damage_healed":0,"gold_gain":75,"player_choice":"Gather Gold","damage_taken":11,"max_hp_gain":0,"max_hp_loss":0,"event_name":"World of Goop","floor":4,"gold_loss":0},{"damage_healed":0,"gold_gain":0,"player_choice":"Became a Ghost","damage_taken":0,"max_hp_gain":0,"max_hp_loss":33,"event_name":"Ghosts","floor":20,"gold_loss":0,"cards_obtained":["Ghostly","Ghostly","Ghostly"]}],"is_beta":false,"boss_relics":[{"not_picked":["Sozu","Fusion Hammer"],"picked":"Black Star"}],"items_purged_floors":[3],"is_endless":false,"potions_floor_spawned":[5,10,13,18,23,24],"killed_by":"Slavers","ascension_level":20}}