{"host":"ya062ahhhuj9au1o","time":1609293716,"event":{"mods":["BaseMod","Better Third Choice","Downfall","Filter the Spire","Hermit","Minty Spire (QoL Compilation)","Random Character Button","Robot Space Explorer","Somnambulant","StSLib","The Bug Knight","The Cursed","The Marked","The Servant 0.9.4"],"gold_per_floor":[114,114,114,129,129,129,147,161,187,206,206,231,156,174,174,246,246,259,358,377,395,409,409,439,439,487,487,487],"floor_reached":27,"playtime":1497,"items_purged":["HollowMod:NailStrikeStart"],"score":388,"play_id":"23e23863-1b89-45b2-9334-a465fb831d27","local_time":"20201229210156","is_ascension_mode":true,"campfire_choices":[{"data":"HollowMod:FocusHealStart","floor":6.0,"key":"SMITH"},{"data":"HollowMod:InfectedAttack","floor":11.0,"key":"SMITH"},{"data":"HollowMod:MantisMark","floor":15.0,"key":"SMITH"},{"data":"HollowMod:QuickDashStart","floor":23,"key":"SMITH"},{"data":"HollowMod:InfectedAttack","floor":25,"key":"SMITH"}],"circlet_count":0,"master_deck":["AscendersBane","HollowMod:NailStrikeStart","HollowMod:NailStrikeStart","HollowMod:NailStrikeStart","HollowMod:QuickDashStart+1","HollowMod:QuickDashStart+1","HollowMod:QuickDashStart+1","HollowMod:FocusHealStart+1","HollowMod:PogoStrike","HollowMod:InfectedAttack+1","HollowMod:InfectedAttack+1","HollowMod:BrokenVessel","HollowMod:MantisMark+1","HollowMod:PaleKingsBlessing","HollowMod:NewJinnsSoul","HollowMod:InfectionAssault+1"],"relics":["Philosopher\u0027s Stone","Anchor","Guardian:PocketSentry","Black Star","Toy Ornithopter","Question Card","Strawberry"],"acts_visited":["Exordium","TheCity"],"potions_floor_usage":[20,22,27,27],"damage_taken":[{"damage":0.0,"enemies":"Cultist","floor":1.0,"turns":4.0},{"damage":0.0,"enemies":"Small Slimes","floor":4.0,"turns":4.0},{"damage":3.0,"enemies":"2 Louse","floor":7.0,"turns":3.0},{"damage":6.0,"enemies":"Blue Slaver","floor":8.0,"turns":3.0},{"damage":9.0,"enemies":"Large Slime","floor":10.0,"turns":5.0},{"damage":21.0,"enemies":"Lagavulin","floor":12.0,"turns":5.0},{"damage":0.0,"enemies":"3 Louse","floor":14.0,"turns":3.0},{"damage":1.0,"enemies":"Slime Boss","floor":16.0,"turns":5.0},{"damage":11,"enemies":"Chosen","floor":18,"turns":3},{"damage":15,"enemies":"2 Thieves","floor":20,"turns":4},{"damage":6,"enemies":"Snake Plant","floor":21,"turns":4},{"damage":0,"enemies":"Snecko","floor":22,"turns":3},{"damage":33,"enemies":"HollowMod:Nosk","floor":24,"turns":7},{"damage":103,"enemies":"Gremlin Leader","floor":27,"turns":5}],"seed_played":"2122469250828855091","potions_obtained":[{"floor":7.0,"key":"BlessingOfTheForge"},{"floor":12.0,"key":"Energy Potion"},{"floor":14.0,"key":"Weak Potion"},{"floor":16.0,"key":"Slimebound:ThreeZeroPotion"},{"floor":21,"key":"BlessingOfTheForge"},{"floor":22,"key":"ColorlessPotion"}],"is_trial":false,"path_per_floor":["M","?","?","M","?","R","M","M","T","M","R","E","$","M","R","B",null,"M","?","M","M","M","R","E","R","T","E"],"character_chosen":"THE_BUGKNIGHT","items_purchased":[],"campfire_rested":0,"item_purchase_floors":[],"current_hp_per_floor":[68,53,75,75,68,68,75,75,75,66,66,54,54,60,60,65,73,70,70,70,75,75,75,59,59,66,0,0],"gold":487,"neow_bonus":"BOSS_RELIC","is_daily":false,"chose_seed":false,"campfire_upgraded":5,"win_rate":0.0,"timestamp":1609293716,"path_taken":["M","?","?","M","?","R","M","M","T","M","R","E","?","?","R","BOSS","M","?","M","M","M","R","E","R","T","E"],"items_purchased_type":[],"build_version":"2020-12-22","purchased_purges":1,"victory":false,"max_hp_per_floor":[75,75,75,75,75,75,75,75,75,75,75,75,75,75,75,75,75,75,75,75,75,75,75,75,75,82,82,82],"card_choices":[{"not_picked":["HollowMod:HeavyBlow","HollowMod:GreatSlash"],"picked":"HollowMod:InfectedAttack","floor":1.0},{"not_picked":["HollowMod:NewLittleFool","HollowMod:LifebloodCocoon","HollowMod:TaintedHusks"],"picked":"SKIP","floor":4.0},{"not_picked":["HollowMod:FastStrike","HollowMod:SoulEater"],"picked":"HollowMod:InfectedAttack","floor":7.0},{"not_picked":["HollowMod:SharpenedNail","HollowMod:NewJinnsSoul"],"picked":"HollowMod:BrokenVessel","floor":8.0},{"not_picked":["HollowMod:Hiveblood","HollowMod:PureNailStrike","HollowMod:AbyssShriek"],"picked":"SKIP","floor":10.0},{"not_picked":["HollowMod:InfectedCysts","HollowMod:DoubleDash"],"picked":"HollowMod:MantisMark","floor":12.0},{"not_picked":["HollowMod:PureNailStrike","HollowMod:GrimmsGift","HollowMod:SoulSplash"],"picked":"SKIP","floor":14.0},{"not_picked":["HollowMod:SoulMaster","HollowMod:theNailsmith"],"picked":"HollowMod:PaleKingsBlessing","floor":16.0},{"not_picked":["HollowMod:HeavyBlow","HollowMod:CoiledNail","HollowMod:BaldurShell"],"picked":"SKIP","floor":18},{"not_picked":["HollowMod:DoubleDash","HollowMod:InfectedCysts"],"picked":"HollowMod:NewJinnsSoul","floor":20},{"not_picked":["HollowMod:SharpenedNail","HollowMod:InfectedAttack"],"picked":"HollowMod:InfectionAssault+1","floor":21},{"not_picked":["HollowMod:HeavyBlow","HollowMod:ChannelNail","HollowMod:Grubsong"],"picked":"SKIP","floor":22},{"not_picked":["HollowMod:FastStrike","HollowMod:VengefulSpirit","HollowMod:MonomonsArchive+1"],"picked":"SKIP","floor":24}],"player_experience":1739522,"relics_obtained":[{"floor":9.0,"key":"Anchor"},{"floor":12.0,"key":"Guardian:PocketSentry"},{"floor":24,"key":"Toy Ornithopter"},{"floor":24,"key":"Question Card"},{"floor":26,"key":"Strawberry"}],"event_choices":[{"damage_healed":68.0,"max_hp_gain":0.0,"max_hp_loss":75.0,"gold_gain":0.0,"event_name":"betterThird:BetterShining","player_choice":"Upgrade","floor":2.0,"gold_loss":0.0,"damage_taken":15.0,"cards_upgraded":["HollowMod:QuickDashStart","HollowMod:QuickDashStart"]},{"damage_healed":25.0,"max_hp_gain":0.0,"max_hp_loss":0.0,"gold_gain":0.0,"event_name":"Big Fish","player_choice":"Banana","floor":3.0,"gold_loss":0.0,"damage_taken":0.0},{"cards_removed":["HollowMod:QuickDashStart"],"damage_healed":0.0,"max_hp_gain":0.0,"max_hp_loss":0.0,"gold_gain":0.0,"event_name":"Golden Wing","player_choice":"Card Removal","floor":5.0,"gold_loss":0.0,"damage_taken":7.0},{"damage_healed":0,"gold_gain":99,"player_choice":"Steal","damage_taken":0,"max_hp_gain":0,"max_hp_loss":0,"event_name":"betterThird:BetterNest","floor":19,"gold_loss":0}],"is_beta":false,"boss_relics":[{"not_picked":["Astrolabe","Pandora\u0027s Box"],"picked":"Black Star"}],"items_purged_floors":[13],"is_endless":false,"potions_floor_spawned":[7,12,14,16,21,22,24],"killed_by":"Gremlin Leader","ascension_level":13}}