{"host":"hgkb2zpbo2dcws21","time":1609335889,"event":{"mods":["AchievementEnabler","BaseMod","Colored Map","Colored Powertips","Custom Start","DeckTracker","KOR Keyword Fix","Minty Spire (QoL Compilation)","Relic Stats","StSLib","SuperFastMode"],"gold_per_floor":[119,44,44,44,44,44,44,44],"floor_reached":7,"playtime":77,"items_purged":["Decay"],"score":74,"play_id":"0b25a381-e39b-429a-91c0-b74f6d0ff58a","local_time":"20201230224449","is_ascension_mode":true,"campfire_choices":[{"data":"Bash","floor":6,"key":"SMITH"}],"circlet_count":0,"master_deck":["AscendersBane","Strike_R","Strike_R","Strike_R","Strike_R","Defend_R","Defend_R","Defend_R","Defend_R","Bash+1","Dropkick"],"relics":["Burning Blood","WingedGreaves","Dream Catcher","SsserpentHead"],"acts_visited":["Exordium"],"potions_floor_usage":[],"damage_taken":[{"damage":16,"enemies":"Jaw Worm","floor":1,"turns":4},{"damage":40,"enemies":"3 Sentries","floor":7,"turns":3}],"seed_played":"-9044031964406736111","potions_obtained":[],"is_trial":false,"path_per_floor":["M","$","?","?","?","R","E"],"character_chosen":"IRONCLAD","items_purchased":[],"campfire_rested":0,"item_purchase_floors":[],"current_hp_per_floor":[58,58,47,40,40,40,0,0],"gold":44,"neow_bonus":"ONE_RARE_RELIC","is_daily":false,"chose_seed":false,"campfire_upgraded":1,"win_rate":0.0,"timestamp":1609335889,"path_taken":["M","$","?","?","?","R","E"],"items_purchased_type":[],"build_version":"2020-12-22","purchased_purges":1,"victory":false,"max_hp_per_floor":[75,75,75,75,75,75,75,75],"relic_stats":{"SsserpentHead":0,"Dream Catcher":0,"counters":[2,7],"obtain_stats":[{"SsserpentHead":5,"Dream Catcher":3,"WingedGreaves":0,"Burning Blood":0},{"SsserpentHead":1,"Dream Catcher":1,"WingedGreaves":0,"Burning Blood":0},{"SsserpentHead":4,"Dream Catcher":4,"WingedGreaves":0,"Burning Blood":0}],"Burning Blood":6},"card_choices":[{"not_picked":["Warcry","True Grit"],"picked":"Dropkick","floor":1}],"player_experience":1120452,"relics_obtained":[],"event_choices":[{"damage_healed":0,"gold_gain":0,"player_choice":"Success","damage_taken":11,"relics_obtained":["Dream Catcher"],"max_hp_gain":0,"max_hp_loss":0,"event_name":"Scrap Ooze","floor":3,"gold_loss":0},{"cards_removed":["Strike_R"],"damage_healed":0,"gold_gain":0,"player_choice":"Card Removal","damage_taken":7,"max_hp_gain":0,"max_hp_loss":0,"event_name":"Golden Wing","floor":4,"gold_loss":0},{"damage_healed":0,"gold_gain":0,"player_choice":"Trade","damage_taken":0,"relics_obtained":["SsserpentHead"],"max_hp_gain":0,"max_hp_loss":0,"event_name":"FaceTrader","floor":5,"gold_loss":0}],"is_beta":false,"boss_relics":[],"items_purged_floors":[2],"is_endless":false,"potions_floor_spawned":[],"killed_by":"3 Sentries","ascension_level":20}}