{"host":"l8lkgdumzpe3823a","time":1609346536,"event":{"mods":["Always Whale","Aspiration","BaseMod","Beaked The Cultist","Better Note","Clockwork Mod","Colored Powertips","Curses Come First","Custom Start","DeckTracker","Defuse TimeMaze Blight","Highlight Path","Hubris","Infinite Spire","Minty Spire (QoL Compilation)","Quick Restart","Replay The Spire","Shop Mod","StSLib","SuperFastMode","The Construct","The Dragon Tamer","The Servant 0.9.4","vexMod"],"gold_per_floor":[115,129,279,279,279,317,317,317,340,38,38,58,58,81,81,81,81],"floor_reached":16,"playtime":271,"items_purged":["Doubt"],"score":228,"play_id":"d3ab4f66-cac4-45f9-a02e-0661f4c771d4","local_time":"20201230104216","is_ascension_mode":true,"campfire_choices":[{"data":"construct:ShiftStrike","floor":8,"key":"SMITH"},{"data":"construct:Autoturret+1","floor":13,"key":"SMITH"},{"data":"construct:Reinforce","floor":15,"key":"SMITH"}],"circlet_count":0,"master_deck":["AscendersBane","construct:Strike_Gold","construct:Strike_Gold","construct:Strike_Gold","construct:Strike_Gold","construct:Strike_Gold","construct:Defend_Gold","construct:Defend_Gold","construct:Defend_Gold","construct:Defend_Gold","construct:Defend_Gold","construct:AttackMode","construct:DefenseMode","construct:ShiftStrike+1","Parasite","construct:Autoturret+2","construct:Reinforce+1"],"relics":["construct:ClockworkPhoenix","NeowsBlessing","hubris:Towel","Golden Idol","hubris:DeckOfHolding","Replay:Baseball","MerchantsRug"],"acts_visited":["Exordium"],"potions_floor_usage":[14],"damage_taken":[{"damage":0,"enemies":"Jaw Worm","floor":1,"turns":1},{"damage":0,"enemies":"Small Slimes","floor":2,"turns":2},{"damage":0,"enemies":"Lagavulin","floor":6,"turns":1},{"damage":4,"enemies":"Cultist","floor":12,"turns":8},{"damage":23,"enemies":"3 Louse","floor":14,"turns":5},{"damage":51,"enemies":"Slime Boss","floor":16,"turns":6}],"seed_played":"-5822428698586790749","potions_obtained":[{"floor":2,"key":"Languid Potion"},{"floor":6,"key":"FearPotion"}],"is_trial":false,"path_per_floor":["M","M","?","?","?","E","?","R","T","$","?","M","R","M","R","B"],"character_chosen":"THE_CONSTRUCT_MOD","items_purchased":["construct:Autoturret","MerchantsRug"],"campfire_rested":0,"item_purchase_floors":[10,10],"current_hp_per_floor":[72,72,72,72,44,44,64,64,64,64,64,60,60,37,37,0,0],"gold":81,"neow_bonus":"THREE_ENEMY_KILL","is_daily":false,"chose_seed":false,"campfire_upgraded":3,"win_rate":0.0,"timestamp":1609346536,"path_taken":["M","M","?","?","?","E","?","R","T","$","?","M","R","?","R","BOSS"],"items_purchased_type":["Card","Relic"],"build_version":"2020-12-22","purchased_purges":1,"victory":false,"max_hp_per_floor":[80,80,80,80,80,80,80,80,80,80,80,80,80,80,80,80,80],"card_choices":[{"not_picked":["construct:OneWayMirror","construct:SweepLaser","construct:Backfire"],"picked":"SKIP","floor":1},{"not_picked":["construct:HeavyBolt","construct:SuppressiveFire"],"picked":"construct:ShiftStrike","floor":2},{"not_picked":["construct:ChargeShot","construct:Analyze","construct:SuppressiveFire"],"picked":"SKIP","floor":6},{"not_picked":["construct:Construct_Overclock","construct:ModeShift","construct:ScrapCannon"],"picked":"SKIP","floor":12},{"not_picked":["construct:ScrapCannon","construct:Forcefield"],"picked":"construct:Reinforce","floor":14}],"player_experience":716923,"relics_obtained":[{"floor":6,"key":"hubris:DeckOfHolding"},{"floor":9,"key":"Replay:Baseball"}],"event_choices":[{"damage_healed":0,"gold_gain":150,"player_choice":"AGREE","damage_taken":0,"max_hp_gain":0,"max_hp_loss":0,"event_name":"Liars Game","floor":3,"gold_loss":0,"cards_obtained":["Doubt"]},{"damage_healed":0,"gold_gain":0,"player_choice":"Take Damage","damage_taken":28,"relics_obtained":["Golden Idol"],"max_hp_gain":0,"max_hp_loss":0,"event_name":"Golden Idol","floor":5,"gold_loss":0},{"damage_healed":20,"gold_gain":0,"player_choice":"Healed and dodged fight","damage_taken":0,"max_hp_gain":0,"max_hp_loss":0,"event_name":"Mushrooms","floor":7,"gold_loss":0,"cards_obtained":["Parasite"]},{"damage_healed":0,"gold_gain":0,"player_choice":"Forge","damage_taken":0,"max_hp_gain":0,"max_hp_loss":0,"event_name":"Accursed Blacksmith","floor":11,"gold_loss":0,"cards_upgraded":["construct:Autoturret"]}],"is_beta":false,"boss_relics":[],"items_purged_floors":[10],"is_endless":false,"potions_floor_spawned":[2,6],"killed_by":"Slime Boss","ascension_level":17}}