{"host":"am0cr9xwekqmrere","time":1609315714,"event":{"mods":["AchievementEnabler","Act Like it!","BaseMod","Better Altar","Better Match","Better Note","Better Sensory Stone","Better Skull","Better Third Choice","BetterRewards","Conspire","Hubris","Infinite Spire","Minty Spire (QoL Compilation)","Rare Cards Sparkle","Spicy Shops","StSLib","The Marked","Unceasing Turn Reminder"],"gold_per_floor":[116,37,57,57,57,89,122,122,122,132,151,166,186,90,90,194,194,210,210,98,108,121,150,150,150,450,450,461,461,461,476,476,575,575,590,607,607,618,618,637,637,663,663,675,675,690,78,97,97,97],"floor_reached":51,"playtime":1682,"items_purged":["Writhe"],"score":871,"play_id":"a2bf2431-17bb-4050-b8ac-9264d517a950","local_time":"20201230020834","is_ascension_mode":false,"campfire_choices":[{"floor":8,"key":"REST"},{"floor":15,"key":"REST"},{"floor":25,"key":"REST"},{"floor":32,"key":"REST"},{"floor":41,"key":"REST"},{"data":"theMarked:ComboAttacks","floor":49,"key":"SMITH"}],"circlet_count":0,"master_deck":["theMarked:Strike","theMarked:Strike","theMarked:Strike","theMarked:Strike","theMarked:Strike","theMarked:Defend","theMarked:Defend","theMarked:Defend","theMarked:Defend","theMarked:SoldierOfQuellstein","theMarked:BanishingWave","theMarked:TwofoldDefense","theMarked:HeritageOfTheMarked","theMarked:ComboAttacks+1","theMarked:EnhancedHearing","theMarked:Seal+1","theMarked:Frustration","theMarked:SwordAndMagic","theMarked:PowerFlow+1","theMarked:Defy","theMarked:HeritageOfTheMarked","theMarked:ParalyzingBlade+1","theMarked:TwofoldDefense+1","theMarked:ParalyzingBlade+1","theMarked:EternalStudent+1","theMarked:WastefulDefense+1","Clumsy","Parasite","infinitespire:NeuralNetwork","theMarked:ContemptForTheProud+1","Parasite","theMarked:EmpowerWeapon+1","theMarked:TakeCover+1","theMarked:DeterminationOfTheMarked"],"relics":["theMarked:ArtifactOfAir","Bronze Scales","hubris:TenFootPole","Toxic Egg 2","Potion Belt","Anchor","Busted Crown","conspire:Flyswatter","Tiny Chest","Old Coin","theMarked:BronzeBlade","Bag of Preparation","MealTicket","theMarked:NailFile","Lee\u0027s Waffle","Cauldron"],"acts_visited":["Exordium","TheCity","TheBeyond"],"potions_floor_usage":[3,6,6,10,11,16,16,23,33,33,33,35,40,40,46,48,48,48,50],"damage_taken":[{"damage":2,"enemies":"2 Louse","floor":1,"turns":2},{"damage":1,"enemies":"Cultist","floor":3,"turns":3},{"damage":12,"enemies":"Gremlin Nob","floor":6,"turns":3},{"damage":14,"enemies":"conspire:MimicChest","floor":7,"turns":8},{"damage":5,"enemies":"Jaw Worm","floor":10,"turns":5},{"damage":0,"enemies":"3 Louse","floor":11,"turns":2},{"damage":0,"enemies":"2 Fungi Beasts","floor":12,"turns":2},{"damage":5,"enemies":"Blue Slaver","floor":13,"turns":4},{"damage":12,"enemies":"The Guardian","floor":16,"turns":8},{"damage":20,"enemies":"2 Thieves","floor":18,"turns":4},{"damage":0,"enemies":"Chosen","floor":21,"turns":4},{"damage":0,"enemies":"Snake Plant","floor":22,"turns":3},{"damage":36,"enemies":"Book of Stabbing","floor":23,"turns":5},{"damage":9,"enemies":"Centurion and Healer","floor":28,"turns":3},{"damage":0,"enemies":"Sentry and Sphere","floor":31,"turns":2},{"damage":34,"enemies":"hubris:MusketHawk","floor":33,"turns":6},{"damage":28,"enemies":"3 Darklings","floor":35,"turns":4},{"damage":0,"enemies":"3 Shapes","floor":36,"turns":2},{"damage":29,"enemies":"Transient","floor":38,"turns":5},{"damage":20,"enemies":"Spire Growth","floor":40,"turns":4},{"damage":17,"enemies":"Writhing Mass","floor":44,"turns":5},{"damage":0,"enemies":"Jaw Worm Horde","floor":46,"turns":1},{"damage":10,"enemies":"Transient","floor":48,"turns":5},{"damage":73,"enemies":"hubris:GrandSnecko","floor":50,"turns":13}],"seed_played":"-3965581357483249706","potions_obtained":[{"floor":1,"key":"EntropicBrew"},{"floor":7,"key":"GamblersBrew"},{"floor":10,"key":"Fruit Juice"},{"floor":16,"key":"PowerPotion"},{"floor":19,"key":"FairyPotion"},{"floor":19,"key":"Dexterity Potion"},{"floor":19,"key":"Swift Potion"},{"floor":23,"key":"DuplicationPotion"},{"floor":31,"key":"SkillPotion"},{"floor":33,"key":"LiquidBronze"},{"floor":35,"key":"Swift Potion"},{"floor":38,"key":"AttackPotion"},{"floor":40,"key":"BlessingOfTheForge"},{"floor":46,"key":"Energy Potion"},{"floor":47,"key":"EssenceOfSteel"},{"floor":47,"key":"infinitespire:BlackPotion"},{"floor":47,"key":"infinitespire:BlackPotion"}],"is_trial":false,"path_per_floor":["M","$","M","?","$","E","?","R","T","M","M","M","M","$","R","B",null,"M","?","$","M","M","E","?","R","T","AVR","M","?","?","M","R","B",null,"M","M","AVR","M","?","M","R","T","T","M","?","M","$","M","R","B",null],"character_chosen":"THE_DEFAULT","items_purchased":["Bronze Scales","hubris:TenFootPole","theMarked:BanishingWave","theMarked:HeritageOfTheMarked","PowerPotion","theMarked:HeritageOfTheMarked","theMarked:ParalyzingBlade+1","Lee\u0027s Waffle","theMarked:DeterminationOfTheMarked","Cauldron"],"campfire_rested":5,"item_purchase_floors":[0,0,0,2,14,20,20,47,47,47],"current_hp_per_floor":[56,56,55,55,55,43,29,50,50,50,50,50,45,45,67,55,75,55,55,55,55,55,19,19,41,41,41,32,32,32,32,54,20,75,47,47,47,18,18,22,44,44,44,34,53,53,82,82,82,72],"gold":97,"neow_bonus":"","is_daily":false,"chose_seed":false,"campfire_upgraded":1,"win_rate":0.0,"timestamp":1609315714,"path_taken":["M","$","M","?","?","E","?","R","T","M","?","M","M","?","R","BOSS","M","?","$","M","?","E","?","R","T","AVR","M","?","?","M","R","BOSS","M","M","AVR","M","?","M","R","?","T","M","?","M","$","M","R","BOSS"],"items_purchased_type":["Relic","Relic","Card","Card","Potion","Card","Card","Relic","Card","Relic"],"build_version":"2020-12-22","purchased_purges":1,"victory":true,"max_hp_per_floor":[70,70,70,70,70,70,70,70,70,75,75,75,75,75,75,75,75,75,75,75,75,75,75,75,75,75,75,75,75,75,75,75,75,75,75,75,75,75,75,75,75,75,75,75,75,75,82,82,82,82],"card_choices":[{"not_picked":["theMarked:Aftermath","theMarked:LightningStrikesTwice"],"picked":"theMarked:TwofoldDefense","floor":1},{"not_picked":["theMarked:TwofoldDefense","theMarked:Improvise"],"picked":"theMarked:ComboAttacks","floor":3},{"not_picked":["theMarked:BanishingStrike","theMarked:Static+1"],"picked":"theMarked:EnhancedHearing","floor":6},{"not_picked":["theMarked:Opportunist","theMarked:Static+1"],"picked":"theMarked:Seal+1","floor":7},{"not_picked":["theMarked:Electrify+1","theMarked:TwofoldDefense+1","theMarked:GodGivenPower"],"picked":"SKIP","floor":10},{"not_picked":["theMarked:ThrowWeapon","theMarked:Static+1"],"picked":"theMarked:Frustration","floor":11},{"not_picked":["theMarked:RepellingDischarge+1","theMarked:Electrify+1"],"picked":"theMarked:SwordAndMagic","floor":12},{"not_picked":["theMarked:ResourceFulStrike","theMarked:SwordAndMagic"],"picked":"theMarked:PowerFlow+1","floor":13},{"not_picked":["theMarked:Levitate+1","theMarked:UnarmedFury"],"picked":"theMarked:Defy","floor":16},{"not_picked":["theMarked:ChainLightning"],"picked":"SKIP","floor":18},{"not_picked":["theMarked:ResourceFulStrike"],"picked":"SKIP","floor":21},{"not_picked":[],"picked":"theMarked:TwofoldDefense+1","floor":22},{"not_picked":[],"picked":"theMarked:ParalyzingBlade+1","floor":23},{"not_picked":["theMarked:ShockingTouch"],"picked":"SKIP","floor":28},{"not_picked":["theMarked:Generate+1"],"picked":"SKIP","floor":31},{"not_picked":["theMarked:Overthink+1"],"picked":"SKIP","floor":35},{"not_picked":[],"picked":"theMarked:WastefulDefense+1","floor":36},{"not_picked":["theMarked:Parkour"],"picked":"SKIP","floor":38},{"not_picked":["infinitespire:Menacing","infinitespire:UltimateForm"],"picked":"infinitespire:NeuralNetwork","floor":39},{"not_picked":[],"picked":"theMarked:ContemptForTheProud+1","floor":40},{"not_picked":[],"picked":"theMarked:EmpowerWeapon+1","floor":44},{"not_picked":[],"picked":"theMarked:TakeCover+1","floor":46},{"not_picked":["theMarked:Frustration"],"picked":"SKIP","floor":48}],"player_experience":2541145,"relics_obtained":[{"floor":6,"key":"Toxic Egg 2"},{"floor":7,"key":"Potion Belt"},{"floor":9,"key":"Anchor"},{"floor":23,"key":"conspire:Flyswatter"},{"floor":26,"key":"Old Coin"},{"floor":42,"key":"MealTicket"},{"floor":43,"key":"theMarked:NailFile"}],"event_choices":[{"damage_healed":0,"gold_gain":0,"player_choice":"Ignored","damage_taken":0,"max_hp_gain":0,"max_hp_loss":0,"event_name":"Purifier","floor":4,"gold_loss":0},{"damage_healed":0,"gold_gain":0,"player_choice":"Got Potions","damage_taken":0,"max_hp_gain":0,"max_hp_loss":0,"event_name":"Lab","floor":19,"gold_loss":0},{"damage_healed":0,"gold_gain":0,"player_choice":"Gave Potion","damage_taken":0,"relics_obtained":["Tiny Chest"],"max_hp_gain":0,"max_hp_loss":0,"event_name":"WeMeetAgain","floor":24,"gold_loss":0},{"cards_removed":["theMarked:ParalyzingBlade"],"damage_healed":0,"gold_gain":0,"player_choice":"Take \u0026 Give","damage_taken":0,"max_hp_gain":0,"max_hp_loss":0,"event_name":"betterNote:BetterNote","floor":29,"gold_loss":0,"cards_obtained":["theMarked:EternalStudent"]},{"damage_healed":0,"gold_gain":0,"player_choice":"Ignored","damage_taken":0,"max_hp_gain":0,"max_hp_loss":0,"event_name":"Vampires","floor":30,"gold_loss":0},{"damage_healed":19,"gold_gain":0,"player_choice":"Writhe","damage_taken":0,"max_hp_gain":0,"max_hp_loss":0,"event_name":"Winding Halls","floor":45,"gold_loss":0,"cards_obtained":["Writhe"]}],"is_beta":false,"boss_relics":[{"not_picked":["Coffee Dripper","conspire:SeveredTorchhead"],"picked":"Busted Crown"},{"not_picked":["Pandora\u0027s Box","hubris:BlackHole","Fusion Hammer"]}],"items_purged_floors":[47],"is_endless":false,"potions_floor_spawned":[1,7,10,16,23,31,33,35,38,40,46],"ascension_level":0}}