{"host":"sav7uxregyirlf69","time":1609291678,"event":{"mods":["AchievementEnabler","BaseMod","Colored Map","DeckTracker","Keyboard Shortcuts","Minty Spire (QoL Compilation)","READ ME - Guardian Mod","StSLib","SuperFastMode"],"gold_per_floor":[110,110,35,110,126,126,155,155,178,208,208,221,243,269,269,349,376,394,394,444,129,142,179,179,10,10,10,41,41,41,41,41,41,41],"floor_reached":33,"playtime":595,"items_purged":["Strike_B","Strike_B"],"score":653,"play_id":"a7803ad4-0a8f-4f17-a8fd-f0b7f7f49cc5","local_time":"20201230102758","is_ascension_mode":true,"campfire_choices":[{"data":"Darkness","floor":6,"key":"SMITH"},{"data":"Dualcast","floor":8,"key":"SMITH"},{"data":"Chill","floor":11,"key":"SMITH"},{"data":"Recycle","floor":15,"key":"SMITH"},{"floor":24,"key":"REST"},{"floor":29,"key":"REST"},{"floor":32,"key":"REST"}],"circlet_count":0,"master_deck":["AscendersBane","Defend_B","Defend_B","Defend_B","Zap+1","Dualcast+1","Darkness+1","Chill+1","Recycle+1","Self Repair","Electrodynamics","Lockon+1","Coolheaded+1","Conserve Battery+1","Turbo","Capacitor","Master of Strategy"],"relics":["Cracked Core","NeowsBlessing","Dead Branch","CeramicFish","Strawberry","Astrolabe","Potion Belt","Juzu Bracelet","Mango","MutagenicStrength","Nunchaku"],"acts_visited":["Exordium","TheCity"],"potions_floor_usage":[23,28],"damage_taken":[{"damage":0,"enemies":"Small Slimes","floor":1,"turns":1},{"damage":0,"enemies":"Cultist","floor":5,"turns":1},{"damage":0,"enemies":"Lagavulin","floor":7,"turns":2},{"damage":11,"enemies":"3 Sentries","floor":10,"turns":4},{"damage":0,"enemies":"2 Louse","floor":12,"turns":3},{"damage":0,"enemies":"Large Slime","floor":13,"turns":3},{"damage":6,"enemies":"Blue Slaver","floor":14,"turns":3},{"damage":33,"enemies":"Hexaghost","floor":16,"turns":9},{"damage":18,"enemies":"2 Thieves","floor":18,"turns":3},{"damage":2,"enemies":"Spheric Guardian","floor":22,"turns":4},{"damage":32,"enemies":"Gremlin Leader","floor":23,"turns":5},{"damage":47,"enemies":"Slavers","floor":28,"turns":5},{"damage":67,"enemies":"Collector","floor":33,"turns":7}],"seed_played":"-6608919691498887996","potions_obtained":[{"floor":1,"key":"Dexterity Potion"},{"floor":10,"key":"SneckoOil"},{"floor":13,"key":"Energy Potion"}],"is_trial":false,"path_per_floor":["M","?","$","?","M","R","E","R","T","E","R","M","M","M","R","B",null,"M","?","?","$","M","E","R","$","T","?","E","R","?","?","R","B"],"character_chosen":"DEFECT","items_purchased":["Turbo","Potion Belt","Master of Strategy"],"campfire_rested":3,"item_purchase_floors":[21,21,25],"current_hp_per_floor":[64,64,64,53,53,53,53,53,53,49,49,49,49,43,43,17,63,52,52,52,52,57,32,55,55,69,69,29,56,29,29,58,0,0],"gold":41,"neow_bonus":"THREE_ENEMY_KILL","is_daily":false,"chose_seed":false,"campfire_upgraded":4,"win_rate":0.0,"timestamp":1609291678,"path_taken":["M","?","?","?","M","R","E","R","T","E","R","M","M","M","R","BOSS","M","?","?","$","M","E","R","$","T","?","E","R","?","?","R","BOSS"],"items_purchased_type":["Card","Relic","Card"],"build_version":"2020-12-22","purchased_purges":2,"victory":false,"max_hp_per_floor":[71,71,71,71,71,71,71,71,71,78,78,78,78,78,78,78,78,78,78,78,78,78,78,78,78,92,92,92,92,97,97,97,97,97],"card_choices":[{"not_picked":["Recycle","Reprogram"],"picked":"FTL","floor":1},{"not_picked":["Force Field","Barrage"],"picked":"Darkness","floor":5},{"not_picked":["Defragment","Self Repair"],"picked":"Chill","floor":7},{"not_picked":["Blizzard","Redo","Reprogram"],"picked":"SKIP","floor":10},{"not_picked":["Skim","Barrage","Coolheaded"],"picked":"SKIP","floor":12},{"not_picked":["Reprogram","Ball Lightning"],"picked":"Recycle","floor":13},{"not_picked":["Turbo","Gash"],"picked":"Self Repair","floor":14},{"not_picked":["Echo Form","Buffer"],"picked":"Electrodynamics","floor":16},{"not_picked":["Streamline+1","Gash","Chaos"],"picked":"SKIP","floor":18},{"not_picked":["Consume","Redo","Heatsinks"],"picked":"SKIP","floor":22},{"not_picked":["Static Discharge","Force Field+1"],"picked":"Capacitor","floor":23},{"not_picked":["Darkness","Coolheaded","Rainbow"],"picked":"SKIP","floor":28}],"player_experience":1057612,"relics_obtained":[{"floor":7,"key":"Dead Branch"},{"floor":9,"key":"CeramicFish"},{"floor":10,"key":"Strawberry"},{"floor":23,"key":"Juzu Bracelet"},{"floor":26,"key":"Mango"},{"floor":28,"key":"Nunchaku"}],"event_choices":[{"damage_healed":0,"gold_gain":0,"player_choice":"Upgraded","damage_taken":0,"max_hp_gain":0,"max_hp_loss":0,"event_name":"Upgrade Shrine","floor":2,"gold_loss":0,"cards_upgraded":["Zap"]},{"damage_healed":0,"gold_gain":75,"player_choice":"Gather Gold","damage_taken":11,"max_hp_gain":0,"max_hp_loss":0,"event_name":"World of Goop","floor":4,"gold_loss":0},{"damage_healed":0,"gold_gain":0,"player_choice":"Ignored","damage_taken":0,"max_hp_gain":0,"max_hp_loss":0,"event_name":"Cursed Tome","floor":19,"gold_loss":0},{"damage_healed":0,"gold_gain":100,"player_choice":"Bet on Murderer","damage_taken":0,"max_hp_gain":0,"max_hp_loss":0,"event_name":"The Joust","floor":20,"gold_loss":50},{"damage_healed":0,"gold_gain":0,"player_choice":"Inject Mutagens","damage_taken":0,"relics_obtained":["MutagenicStrength"],"max_hp_gain":0,"max_hp_loss":0,"event_name":"Drug Dealer","floor":27,"gold_loss":0},{"damage_healed":0,"gold_gain":0,"player_choice":"Shed Blood","damage_taken":32,"max_hp_gain":5,"max_hp_loss":0,"event_name":"Forgotten Altar","floor":30,"gold_loss":0},{"cards_removed":["FTL"],"damage_healed":0,"gold_gain":0,"player_choice":"Elegance","damage_taken":0,"max_hp_gain":0,"max_hp_loss":0,"event_name":"Back to Basics","floor":31,"gold_loss":0}],"is_beta":false,"boss_relics":[{"not_picked":["Cursed Key","Ectoplasm"],"picked":"Astrolabe"}],"items_purged_floors":[3,21],"is_endless":false,"potions_floor_spawned":[1,10,13,16,18],"killed_by":"Collector","ascension_level":20}}