{"host":"A Jargain","time":1609324868,"event":{"mods":["Act Like it!","Aspiration","BaseMod","Downfall","Halation","Hubris","Infinite Spire","Marisa????????","Minty Spire (QoL Compilation)","Replay The Spire","StSLib","The Servant 0.9.4","Waifu the Spire"],"gold_per_floor":[362,362,65,77,97,131,131,131,131,165,175,136,154,164,164,262,262,281,206,206,51,70,106,106,121,121,121,159,159,159,17,17,125,125,155,155,260,68,68,68,109,141,191,191,191,242,282,282,282,282],"floor_reached":51,"playtime":3195,"items_purged":["Regret"],"score":1230,"play_id":"b705b887-9de3-4e93-8f28-1e0ae5df75e0","local_time":"20201230214108","is_ascension_mode":true,"campfire_choices":[{"data":"SilverBlades","floor":7,"key":"SMITH"},{"floor":15,"key":"REST"},{"floor":24,"key":"REST"},{"floor":27,"key":"REST"},{"floor":32,"key":"RECALL"},{"data":"Wraith","floor":40,"key":"SMITH"},{"floor":45,"key":"REST"},{"data":"Clumsy","floor":49,"key":"SMITH"}],"circlet_count":0,"master_deck":["Strike_S","Strike_S","Strike_S","Strike_S","Defend_S","Defend_S","Defend_S","Defend_S","KidneyShot","Exchange","Amnesia","SilverBlades+1","Starlight+1","Revamp","Ricochet","Defy","Rearm+1","Defy","InstantArmor","SilverMatrix","hubris:Greed","DualDimension","Defy","BottledTime","Revamp+1","Collapse","GearUp","FanOfKnives","Luminosity","SilverMatrix","ReplayTheSpireMod:Echoes of Time","hubris:InfiniteBlow+6","EnergyRecoil+1","Rearm","Pot Of Greed","Pot Of Greed","Pot Of Greed","Pot Of Greed","PropBag+1","Spin","PowerUp","FastForward","Read","hubris:Greed"],"relics":["Uniform","Boot","Replay:Wax Seal","Bag of Marbles","halation:KoshaPiece","hubris:Towel","hubris:CuriousFeather","Replay:Ringing Soul","Replay:Ancient Bell","halation:PrussianBluePaint","Darkstone Periapt","halation:BlackBeret","aspiration:TrustyKnives","Ancient Tea Set","Orichalcum","halation:Prosthetics","halation:LostSnail","infinitespire:EvilPickle","MysterySword","aspiration:MarisaSkillbook","Replay:Mystery Machine","Replay:Towering Pillar of Hats","PreservedInsect","Grinning Jar","Potion Belt","halation:PapillonHeart","aspiration:HummingbirdHeart"],"acts_visited":["Exordium","TheCity","TheBeyond"],"potions_floor_usage":[6,10,13,16,23,28,28,28,28,33,33,33,37,50,50,50],"damage_taken":[{"damage":2,"enemies":"Cultist","floor":1,"turns":4},{"damage":7,"enemies":"Jaw Worm","floor":4,"turns":3},{"damage":0,"enemies":"Small Slimes","floor":5,"turns":3},{"damage":6,"enemies":"Replay:BlueRogue","floor":6,"turns":4},{"damage":27,"enemies":"3 Sentries","floor":10,"turns":6},{"damage":12,"enemies":"2 Fungi Beasts","floor":11,"turns":2},{"damage":0,"enemies":"Large Slime","floor":13,"turns":3},{"damage":12,"enemies":"Exordium Wildlife","floor":14,"turns":3},{"damage":40,"enemies":"Fading Forest","floor":16,"turns":11},{"damage":6,"enemies":"Chosen","floor":18,"turns":6},{"damage":3,"enemies":"Shell Parasite","floor":22,"turns":8},{"damage":39,"enemies":"Slavers","floor":23,"turns":9},{"damage":25,"enemies":"Shelled Parasite and Fungi","floor":25,"turns":6},{"damage":33,"enemies":"Book of Stabbing","floor":28,"turns":6},{"damage":0,"enemies":"Pondfish","floor":33,"turns":11},{"damage":0,"enemies":"3 Darklings","floor":35,"turns":6},{"damage":0,"enemies":"infinitespire:Three Voidlings","floor":37,"turns":3},{"damage":51,"enemies":"Nightmare_Alpha","floor":37,"turns":11},{"damage":0,"enemies":"R_Hoarder","floor":41,"turns":3},{"damage":4,"enemies":"3 Shapes","floor":42,"turns":1},{"damage":0,"enemies":"Nemesis","floor":46,"turns":3},{"damage":0,"enemies":"3 Darklings","floor":47,"turns":4},{"damage":0,"enemies":"Donu and Deca","floor":50,"turns":4}],"seed_played":"-5578995295325065065","potions_obtained":[{"floor":4,"key":"Reflective Coating"},{"floor":5,"key":"CultistPotion"},{"floor":10,"key":"Elixir"},{"floor":11,"key":"ColorlessPotion"},{"floor":16,"key":"hexamod:EctoCoolerPotion"},{"floor":22,"key":"Elixir"},{"floor":23,"key":"BlessingOfTheForge"},{"floor":25,"key":"EntropicBrew"},{"floor":28,"key":"Adrenaline Potion"},{"floor":33,"key":"Doom Potion"},{"floor":41,"key":"PowerPotion"},{"floor":42,"key":"AttackPotion"},{"floor":47,"key":"Strength Potion"}],"is_trial":false,"path_per_floor":["M","?","$","M","M","E","R","?","T","E","M","?","M","M","R","B",null,"M","?","?","$","M","E","R","M","T","R","E","AVR","?","$","R","B",null,"M","AVR","?","$","?","R","E","M","T","?","R","E","M","?","R","B",null],"character_chosen":"THE_SERVANT","items_purchased":["Replay:Wax Seal","Starlight","Bag of Marbles","aspiration:TrustyKnives","FanOfKnives","Luminosity","PreservedInsect","Rearm"],"campfire_rested":4,"item_purchase_floors":[3,3,3,21,31,31,38,38],"current_hp_per_floor":[63,63,63,56,56,50,50,50,50,26,17,17,20,11,34,5,101,98,98,104,104,104,68,101,79,79,112,82,81,84,87,87,90,90,93,96,48,51,60,60,71,70,70,70,103,106,109,112,112,121],"gold":282,"neow_bonus":"TWO_FIFTY_GOLD","is_daily":false,"chose_seed":false,"campfire_upgraded":3,"win_rate":0.0,"timestamp":1609324868,"path_taken":["M","?","$","M","M","E","R","?","T","E","?","?","M","M","R","BOSS","M","?","?","?","?","E","R","?","T","R","E","AVR","?","?","R","BOSS","M","AVR","?","$","?","R","E","M","T","?","R","E","M","?","R","BOSS"],"items_purchased_type":["Relic","Card","Relic","Relic","Card","Card","Relic","Card"],"build_version":"2020-12-18","purchased_purges":1,"victory":true,"max_hp_per_floor":[65,65,65,65,65,65,65,65,65,68,71,71,74,77,77,80,101,104,104,104,104,107,110,110,113,113,113,116,81,84,87,87,90,90,93,96,99,102,111,111,114,117,117,111,111,114,117,120,120,129],"card_choices":[{"not_picked":["Reset","DoubleEdge"],"picked":"SilverBlades","floor":1},{"not_picked":["ShiftingGears","TimeTheft"],"picked":"Revamp","floor":4},{"not_picked":["BottledTime","Orbit"],"picked":"Ricochet","floor":5},{"not_picked":["Sabotage","Shuttle","Alleviate"],"picked":"SKIP","floor":6},{"not_picked":["FastForward","Potential"],"picked":"Defy","floor":10},{"not_picked":["Defy","Unruled"],"picked":"Rearm","floor":11},{"not_picked":["Barrier","Snipe"],"picked":"Defy","floor":13},{"not_picked":["Misdirection","Shuttle"],"picked":"InstantArmor","floor":14},{"not_picked":["FloweringNight","Duplication"],"picked":"SilverMatrix","floor":16},{"not_picked":["Pain","Hallucinations"],"picked":"Clumsy","floor":17},{"not_picked":["CurseOfTheBell","hubris:Sloth"],"picked":"hubris:Despair","floor":17},{"not_picked":["hubris:Envy","ReplayTheSpireMod:Doomed"],"picked":"hubris:Greed","floor":17},{"not_picked":["ReturningBlade","TimeWarp+1"],"picked":"DualDimension","floor":18},{"not_picked":["DoubleEdge","BottledTime"],"picked":"Defy","floor":22},{"not_picked":["Defy","ShatteredReality"],"picked":"BottledTime","floor":23},{"not_picked":["DualDimension","TimeWarp"],"picked":"Revamp+1","floor":25},{"not_picked":["Alleviate","Manipulate+1"],"picked":"Collapse","floor":28},{"not_picked":["TheWorld","PendulumOfEternity"],"picked":"SilverMatrix","floor":33},{"not_picked":["DoubleEdge","Ricochet"],"picked":"Unruled","floor":35},{"not_picked":["infinitespire:Execution","infinitespire:Punishment"],"picked":"hubris:InfiniteBlow+6","floor":37},{"not_picked":["Misdirection","IllusionStar+1","FairyDestructionRay"],"picked":"EnergyRecoil+1","floor":37},{"not_picked":["BlazingStar","MysteriousBeam","MaximisePower"],"picked":"PropBag+1","floor":41},{"not_picked":["Alleviate+1","Defy","Unruled+1"],"picked":"Spin","floor":42},{"not_picked":["GalacticHalo+1","ShootingEcho","EarthLightRay+1"],"picked":"PowerUp","floor":46},{"not_picked":["DC","Misdirection+1","GalacticHalo+1"],"picked":"FastForward","floor":47}],"player_experience":273970,"relics_obtained":[{"floor":6,"key":"halation:KoshaPiece"},{"floor":9,"key":"hubris:CuriousFeather"},{"floor":10,"key":"Replay:Ringing Soul"},{"floor":23,"key":"Ancient Tea Set"},{"floor":28,"key":"Orichalcum"},{"floor":37,"key":"Replay:Towering Pillar of Hats"},{"floor":41,"key":"Grinning Jar"},{"floor":43,"key":"Potion Belt"},{"floor":46,"key":"aspiration:HummingbirdHeart"}],"event_choices":[{"damage_healed":0,"gold_gain":0,"player_choice":"Box","damage_taken":0,"relics_obtained":["Boot"],"max_hp_gain":0,"max_hp_loss":0,"event_name":"Big Fish","floor":2,"gold_loss":0,"cards_obtained":["Regret"]},{"damage_healed":0,"gold_gain":0,"player_choice":"Left Gold","damage_taken":0,"max_hp_gain":0,"max_hp_loss":0,"event_name":"World of Goop","floor":12,"gold_loss":39},{"cards_removed":["hubris:Despair"],"damage_healed":0,"gold_gain":0,"player_choice":"Gave Gold","damage_taken":0,"max_hp_gain":0,"max_hp_loss":0,"event_name":"Beggar","floor":19,"gold_loss":75},{"damage_healed":0,"gold_gain":0,"player_choice":"Ignored","damage_taken":0,"max_hp_gain":0,"max_hp_loss":0,"event_name":"OrinTheCat","floor":39,"gold_loss":0},{"damage_healed":0,"gold_gain":0,"cards_transformed":["Unruled"],"player_choice":"Transformed","damage_taken":0,"max_hp_gain":0,"max_hp_loss":0,"event_name":"Transmorgrifier","floor":48,"gold_loss":0,"cards_obtained":["Read"]}],"is_beta":true,"boss_relics":[{"not_picked":["halation:Risk","halation:LoveArrow"],"picked":"Replay:Ancient Bell"},{"not_picked":["Blue Doll","Art of War"],"picked":"halation:PrussianBluePaint"},{"not_picked":["Replay:Bottled Eggs","Letter Opener"],"picked":"Darkstone Periapt"},{"not_picked":["hubris:Potato","hubris:Zylophone"],"picked":"halation:BlackBeret"},{"not_picked":["halation:Yufonium","Runic Dome"],"picked":"MysterySword"}],"items_purged_floors":[3],"is_endless":false,"potions_floor_spawned":[4,5,10,11,16,22,23,25,28,33,41,42,47],"ascension_level":3}}