{"host":"d8d3jqle49sogkjv","time":1609359500,"event":{"mods":["BaseMod","Colored Map","Colored Powertips","Minty Spire (QoL Compilation)","StSLib"],"gold_per_floor":[109,109,39,62,78,105,105,136,161,161,174,349,363,638,638,743,743,753,772,841,106,106,106,117,129,155,155,155,166,185,217,217,322,322,338,31,81,97,123,123,154,172,172,0,13,13,28,61,61,61,61,61,11,42,42],"floor_reached":56,"playtime":2836,"items_purged":["Regret","Strike_B","Defend_B"],"score":1587,"play_id":"efb23d2d-70ec-4a8b-8d08-840976759b02","local_time":"20201230211820","is_ascension_mode":true,"campfire_choices":[{"data":"Buffer","floor":7.0,"key":"SMITH"},{"data":"Double Energy","floor":10.0,"key":"SMITH"},{"data":"Defragment","floor":15.0,"key":"SMITH"},{"floor":23.0,"key":"REST"},{"floor":28.0,"key":"REST"},{"floor":32.0,"key":"REST"},{"data":"Fission","floor":40.0,"key":"SMITH"},{"floor":49.0,"key":"RECALL"},{"data":"Loop","floor":52,"key":"SMITH"}],"circlet_count":0,"master_deck":["Strike_B","Strike_B","Strike_B","Defend_B","Defend_B+1","Defend_B","Zap","Dualcast","Tempest+1","Double Energy+1","Capacitor","Buffer+1","Defragment+1","Conserve Battery","Reboot","Conserve Battery+1","Thunder Strike","Conserve Battery","Madness","Fusion+1","Leap+1","Redo","Conserve Battery","Fission+1","Loop+1","Defragment","Compile Driver","Hologram+1","Hologram+1","Loop+1","FTL+1"],"relics":["FrozenCore","NeowsBlessing","Vajra","FossilizedHelix","Tiny Chest","Smiling Mask","Nuclear Battery","Darkstone Periapt","Bird Faced Urn","Pantograph","Ginger","Centennial Puzzle","Art of War","War Paint","Emotion Chip","Bag of Preparation","Shovel","Red Mask","Bottled Tornado","Happy Flower"],"acts_visited":["Exordium","TheCity","TheBeyond","TheEnding"],"potions_floor_usage":[55,55,55,55,55,55],"damage_taken":[{"damage":0.0,"enemies":"2 Louse","floor":1.0,"turns":1.0},{"damage":0.0,"enemies":"Cultist","floor":5.0,"turns":1.0},{"damage":0.0,"enemies":"Gremlin Nob","floor":6.0,"turns":1.0},{"damage":10.0,"enemies":"3 Sentries","floor":8.0,"turns":6.0},{"damage":0.0,"enemies":"Jaw Worm","floor":11.0,"turns":3.0},{"damage":0.0,"enemies":"Red Slaver","floor":13.0,"turns":4.0},{"damage":20.0,"enemies":"Hexaghost","floor":16.0,"turns":9.0},{"damage":41.0,"enemies":"3 Byrds","floor":18.0,"turns":4.0},{"damage":0.0,"enemies":"Chosen","floor":19.0,"turns":4.0},{"damage":13.0,"enemies":"Snake Plant","floor":24.0,"turns":4.0},{"damage":20.0,"enemies":"Sentry and Sphere","floor":25.0,"turns":6.0},{"damage":0.0,"enemies":"Snecko","floor":29.0,"turns":3.0},{"damage":0.0,"enemies":"Cultist and Chosen","floor":30.0,"turns":5.0},{"damage":33.0,"enemies":"Slavers","floor":31.0,"turns":4.0},{"damage":76.0,"enemies":"Automaton","floor":33.0,"turns":11.0},{"damage":27.0,"enemies":"3 Darklings","floor":35.0,"turns":6.0},{"damage":0.0,"enemies":"Mind Bloom Boss Battle","floor":37.0,"turns":8.0},{"damage":0.0,"enemies":"Orb Walker","floor":38.0,"turns":7.0},{"damage":7.0,"enemies":"Nemesis","floor":41.0,"turns":3.0},{"damage":0.0,"enemies":"Sphere and 2 Shapes","floor":42.0,"turns":4.0},{"damage":0.0,"enemies":"Transient","floor":45.0,"turns":5.0},{"damage":0.0,"enemies":"Writhing Mass","floor":47.0,"turns":7.0},{"damage":25.0,"enemies":"Reptomancer","floor":48.0,"turns":5.0},{"damage":48,"enemies":"Time Eater","floor":50,"turns":9},{"damage":30,"enemies":"Shield and Spear","floor":54,"turns":4},{"damage":74,"enemies":"The Heart","floor":55,"turns":8}],"seed_played":"-8348822058319160775","potions_obtained":[{"floor":5.0,"key":"DistilledChaos"},{"floor":11.0,"key":"Block Potion"},{"floor":16.0,"key":"Explosive Potion"},{"floor":19.0,"key":"Explosive Potion"},{"floor":24.0,"key":"PotionOfCapacity"},{"floor":25.0,"key":"FairyPotion"},{"floor":31.0,"key":"Swift Potion"},{"floor":33.0,"key":"Regen Potion"},{"floor":35.0,"key":"Regen Potion"},{"floor":41.0,"key":"FocusPotion"},{"floor":42.0,"key":"DistilledChaos"},{"floor":54,"key":"EntropicBrew"}],"is_trial":false,"path_per_floor":["M","?","$","T","M","E","R","E","T","R","M","?","M","?","R","B",null,"M","M","T","$","T","R","M","M","T","?","R","M","M","E","R","B",null,"M","$","?","M","T","R","E","M","T","?","M","$","M","E","R","B",null,"R","$","E","B",null],"character_chosen":"DEFECT","items_purchased":["Double Energy","Conserve Battery","Bird Faced Urn","Pantograph","Madness","Defragment","Compile Driver","War Paint"],"campfire_rested":3,"item_purchase_floors":[3,21,21,21,21,36,36,36],"current_hp_per_floor":[68,68,68,68,68,68,68,58,58,58,58,58,58,58,58,38,66,25,25,25,25,25,47,38,22,22,22,44,46,50,23,45,22,62,56,56,75,75,75,75,74,75,75,75,75,75,75,52,52,31,64,64,64,46,7],"gold":42,"neow_bonus":"THREE_ENEMY_KILL","is_daily":false,"chose_seed":false,"campfire_upgraded":5,"win_rate":0.0,"timestamp":1609359500,"path_taken":["M","?","?","?","?","E","R","E","T","R","M","?","M","?","R","BOSS","M","M","?","$","?","R","M","?","T","?","R","M","M","E","R","BOSS","M","$","?","M","?","R","E","M","T","?","M","$","M","E","R","BOSS","R","$","E","BOSS"],"items_purchased_type":["Card","Card","Relic","Relic","Card","Card","Card","Relic"],"build_version":"2020-12-22","purchased_purges":3,"victory":true,"max_hp_per_floor":[75,75,75,75,75,75,75,75,75,75,75,75,75,75,75,75,75,75,75,75,75,75,75,75,75,75,75,75,75,75,75,75,75,75,75,75,75,75,75,75,75,75,75,75,75,75,75,75,75,75,75,75,75,75,75],"card_choices":[{"not_picked":["Turbo","Auto Shields"],"picked":"Tempest","floor":1.0},{"not_picked":["Heatsinks","Rebound"],"picked":"Capacitor","floor":5.0},{"not_picked":["Beam Cell","Compile Driver"],"picked":"Buffer","floor":6.0},{"not_picked":["Auto Shields","Sweeping Beam","Blizzard"],"picked":"SKIP","floor":8.0},{"not_picked":["Turbo","Capacitor"],"picked":"Defragment","floor":11.0},{"not_picked":["Recycle","Aggregate"],"picked":"Conserve Battery","floor":13.0},{"not_picked":["Biased Cognition","Creative AI"],"picked":"Reboot","floor":16.0},{"not_picked":["Scrape","Beam Cell+1"],"picked":"Conserve Battery","floor":18.0},{"not_picked":["Turbo","Beam Cell"],"picked":"Thunder Strike","floor":19.0},{"not_picked":["Cold Snap","Genetic Algorithm","Barrage"],"picked":"SKIP","floor":24.0},{"not_picked":["Hologram","Chill"],"picked":"Fusion+1","floor":25.0},{"not_picked":["Self Repair","Cold Snap+1"],"picked":"Leap+1","floor":29.0},{"not_picked":["Stack","Rebound"],"picked":"Redo","floor":30.0},{"not_picked":["Storm","Static Discharge"],"picked":"Conserve Battery","floor":31.0},{"not_picked":["All For One","Creative AI"],"picked":"Fission","floor":33.0},{"not_picked":["Lockon","Redo+1"],"picked":"Loop+1","floor":35.0},{"not_picked":["Force Field","Coolheaded+1"],"picked":"Hologram+1","floor":37.0},{"not_picked":["Double Energy","Cold Snap"],"picked":"Hologram+1","floor":38.0},{"not_picked":["Tempest+1","Beam Cell","Auto Shields"],"picked":"SKIP","floor":41.0},{"not_picked":["Conserve Battery","Sunder","Reprogram"],"picked":"SKIP","floor":42.0},{"not_picked":["Reinforced Body+1","Stack+1"],"picked":"Loop","floor":45.0},{"not_picked":["All For One","Ball Lightning"],"picked":"FTL+1","floor":47.0},{"not_picked":["Turbo","Lockon","Barrage+1"],"picked":"SKIP","floor":48.0},{"not_picked":["Cold Snap+1","Sweeping Beam","Go for the Eyes+1"],"picked":"SKIP","floor":54}],"player_experience":340133,"relics_obtained":[{"floor":4.0,"key":"Vajra"},{"floor":6.0,"key":"FossilizedHelix"},{"floor":8.0,"key":"Tiny Chest"},{"floor":9.0,"key":"Smiling Mask"},{"floor":20.0,"key":"Darkstone Periapt"},{"floor":22.0,"key":"Ginger"},{"floor":26.0,"key":"Centennial Puzzle"},{"floor":31.0,"key":"Art of War"},{"floor":37.0,"key":"Emotion Chip"},{"floor":41.0,"key":"Bag of Preparation"},{"floor":43.0,"key":"Shovel"},{"floor":48.0,"key":"Bottled Tornado"},{"floor":54,"key":"Happy Flower"}],"event_choices":[{"damage_healed":0.0,"max_hp_gain":0.0,"max_hp_loss":0.0,"gold_gain":0.0,"event_name":"Upgrade Shrine","player_choice":"Upgraded","floor":2.0,"gold_loss":0.0,"damage_taken":0.0,"cards_upgraded":["Tempest"]},{"damage_healed":0.0,"max_hp_gain":0.0,"max_hp_loss":0.0,"gold_gain":175.0,"event_name":"Liars Game","player_choice":"AGREE","floor":12.0,"gold_loss":0.0,"damage_taken":0.0,"cards_obtained":["Doubt"]},{"damage_healed":0.0,"max_hp_gain":0.0,"max_hp_loss":0.0,"gold_gain":275.0,"event_name":"Golden Shrine","player_choice":"Desecrate","floor":14.0,"gold_loss":0.0,"damage_taken":0.0,"cards_obtained":["Regret"]},{"cards_removed":["Doubt"],"damage_healed":0.0,"max_hp_gain":0.0,"max_hp_loss":0.0,"gold_gain":0.0,"event_name":"Purifier","player_choice":"Purged","floor":27.0,"gold_loss":0.0,"damage_taken":0.0},{"damage_healed":0.0,"max_hp_gain":0.0,"max_hp_loss":0.0,"gold_gain":0.0,"event_name":"MindBloom","player_choice":"Fight","floor":37.0,"gold_loss":0.0,"damage_taken":0.0},{"damage_healed":0.0,"max_hp_gain":0.0,"max_hp_loss":0.0,"gold_gain":0.0,"event_name":"Tomb of Lord Red Mask","player_choice":"Paid","floor":44.0,"gold_loss":172.0,"damage_taken":0.0,"relics_obtained":["Red Mask"]}],"is_beta":false,"boss_relics":[{"not_picked":["Runic Dome","Pandora\u0027s Box"],"picked":"Nuclear Battery"},{"not_picked":["Philosopher\u0027s Stone","Cursed Key"],"picked":"FrozenCore"}],"items_purged_floors":[21,36,53],"is_endless":false,"potions_floor_spawned":[5,11,16,19,24,25,31,33,35,41,42,47,54],"ascension_level":7}}