{"host":"yck2t2q3ro7hf56e","time":1609346544,"event":{"mods":["Act Like it!","Arknights The Spire","BaseMod","Custom Start","DNKmod","Friendly Minions","Minty Spire (QoL Compilation)","Quick Restart","Rare Cards Sparkle","Slay the Relics Exporter","StSLib","The Marked","Virulent Crown"],"gold_per_floor":[10020,10020,10195,10195,9788,9817,9817,9843,9897,9909,9934,9954,9954,9971,9971,10073,10073,10083,9528,9538,9388,9303,9333,9333,9361,9361,9371,9383,9383,9401,9401,9401,9496,9496,9508,8856,8874,8874,8893,8893,8922,8933,8960,8371,8381,8731,8778,8778,8778,8778],"floor_reached":51,"playtime":24540,"items_purged":["ats:Strike V","ats:Encircling Forest"],"score":958,"play_id":"836594fb-3449-4062-862f-2c1e347f989e","local_time":"20201230164224","is_ascension_mode":false,"campfire_choices":[{"data":"ats:Emotion Absorption","floor":7,"key":"SMITH"},{"data":"ats:Thorns","floor":13,"key":"SMITH"},{"data":"ats:Ignite","floor":15,"key":"SMITH"},{"data":"ats:Burning Ground","floor":24,"key":"SMITH"},{"data":"ats:Sunburst","floor":29,"key":"SMITH"},{"data":"ats:Mental Burst","floor":32,"key":"SMITH"},{"data":"ats:Ignite","floor":40,"key":"SMITH"},{"data":"ats:Very Hot Blade","floor":49,"key":"SMITH"}],"circlet_count":0,"master_deck":["ats:Strike C","ats:Defend","ats:Defend","ats:Defend","ats:Defend","ats:Emotion Absorption+1","ats:Automatic Cover+1","ats:Curse Doll","ats:Ignite+1","ats:Thorns+1","ats:Calcification+1","ats:Sunburst+1","ats:Burning Ground+1","ats:Very Hot Blade+1","ats:Mental Burst+1","ats:Mental Burst+1","ats:Burning Ground+1","ats:Curse Doll+1","ats:Disruption Kick+1","ats:Ignite+1","ats:Ignite"],"relics":["ats:Sanity","NeowsBlessing","Happy Flower","Centennial Puzzle","InkBottle","ats:Originium","Lantern","WingedGreaves","Bag of Preparation","Toy Ornithopter","ats:Omniscience","Bronze Scales","Mercury Hourglass","Juzu Bracelet","Du-Vu Doll","War Paint","Prayer Wheel","Frozen Egg 2","Astrolabe","ats:Arts","ats:Hidden Killer","Matryoshka","Bag of Marbles","Pantograph","Omamori","ats:Lavender","Strawberry","Toolbox","Old Coin","Bird Faced Urn"],"acts_visited":["Exordium","TheCity","TheBeyond"],"potions_floor_usage":[16,16,16,33,33,41,50],"damage_taken":[{"damage":0,"enemies":"2 Louse","floor":1,"turns":1},{"damage":0,"enemies":"Gremlin Nob","floor":6,"turns":1},{"damage":0,"enemies":"3 Sentries","floor":8,"turns":2},{"damage":0,"enemies":"Small Slimes","floor":10,"turns":3},{"damage":13,"enemies":"Gremlin Nob","floor":11,"turns":3},{"damage":0,"enemies":"Jaw Worm","floor":12,"turns":2},{"damage":0,"enemies":"3 Louse","floor":14,"turns":3},{"damage":351,"enemies":"Hexaghost","floor":16,"turns":6},{"damage":0,"enemies":"Spheric Guardian","floor":18,"turns":6},{"damage":0,"enemies":"Shell Parasite","floor":20,"turns":4},{"damage":7,"enemies":"Slavers","floor":23,"turns":3},{"damage":0,"enemies":"Gremlin Leader","floor":25,"turns":6},{"damage":0,"enemies":"Centurion and Healer","floor":27,"turns":6},{"damage":0,"enemies":"Snecko","floor":28,"turns":4},{"damage":0,"enemies":"Shelled Parasite and Fungi","floor":30,"turns":4},{"damage":0,"enemies":"Automaton","floor":33,"turns":7},{"damage":18,"enemies":"3 Shapes","floor":35,"turns":3},{"damage":0,"enemies":"Orb Walker","floor":37,"turns":2},{"damage":0,"enemies":"Sphere and 2 Shapes","floor":39,"turns":2},{"damage":0,"enemies":"Giant Head","floor":41,"turns":7},{"damage":0,"enemies":"4 Shapes","floor":42,"turns":3},{"damage":0,"enemies":"Spire Growth","floor":45,"turns":3},{"damage":0,"enemies":"Mind Bloom Boss Battle","floor":46,"turns":3},{"damage":2,"enemies":"2 Orb Walkers","floor":47,"turns":3},{"damage":119,"enemies":"Awakened One","floor":50,"turns":8}],"seed_played":"1020164132460535213","potions_obtained":[{"floor":6,"key":"GamblersBrew"},{"floor":8,"key":"CultistPotion"},{"floor":10,"key":"Weak Potion"},{"floor":12,"key":"AttackPotion"},{"floor":20,"key":"FairyPotion"},{"floor":25,"key":"Ancient Potion"},{"floor":28,"key":"AttackPotion"},{"floor":30,"key":"SkillPotion"},{"floor":35,"key":"ats:Emergency Sanity Potion"},{"floor":39,"key":"ColorlessPotion"},{"floor":46,"key":"Strength Potion"}],"is_trial":false,"path_per_floor":["M","?","?","?","$","E","R","E","T","M","E","M","R","M","R","B",null,"M","$","M","$","?","E","R","E","T","M","M","R","M","?","R","B",null,"M","$","M","?","M","R","E","M","T","$","M","?","?","?","R","B",null],"character_chosen":"DOCTOR_CLASS","items_purchased":["Centennial Puzzle","InkBottle","Bronze Scales","Mercury Hourglass","ats:Burning Ground","Juzu Bracelet","ats:Arts","ats:Hidden Killer","Matryoshka","ats:Lavender","ats:Ignite","Strawberry","Toolbox"],"campfire_rested":0,"item_purchase_floors":[5,5,19,19,19,21,36,36,36,44,44,44,44],"current_hp_per_floor":[1000,975,975,968,968,968,968,968,968,968,955,955,955,955,955,619,1000,1000,1000,1000,1000,1000,993,993,994,994,996,997,997,998,998,998,1000,1000,985,985,985,985,987,987,1000,1000,1000,1007,1007,1007,1006,1006,1006,901],"gold":8778,"neow_bonus":"THREE_ENEMY_KILL","is_daily":false,"chose_seed":false,"campfire_upgraded":8,"win_rate":0.0,"timestamp":1609346544,"path_taken":["M","?","?","?","$","E","R","E","T","M","E","M","R","?","R","BOSS","M","$","M","$","?","E","R","E","T","M","M","R","M","?","R","BOSS","M","$","M","?","M","R","E","M","T","$","M","?","?","?","R","BOSS"],"items_purchased_type":["Relic","Relic","Relic","Relic","Card","Relic","Relic","Relic","Relic","Relic","Card","Relic","Relic"],"build_version":"2020-12-22","purchased_purges":2,"victory":true,"max_hp_per_floor":[1000,1000,1000,1000,1000,1000,1000,1000,1000,1000,1000,1000,1000,1000,1000,1000,1000,1000,1000,1000,1000,1000,1000,1000,1000,1000,1000,1000,1000,1000,1000,1000,1000,1000,1000,1000,1000,1000,1000,1000,1000,1000,1000,1007,1007,1007,1007,1007,1007,1007],"card_choices":[{"not_picked":["ats:Powerful Strike","ats:Flexible Camouflage"],"picked":"ats:Encircling Forest","floor":1},{"not_picked":["ats:Revitalization","ats:Dogmatic Field"],"picked":"ats:Automatic Cover","floor":6},{"not_picked":["ats:Magnetic Hammer","ats:Shell Defense"],"picked":"ats:Curse Doll","floor":8},{"not_picked":["ats:Flexible Camouflage","ats:Revitalization"],"picked":"ats:Ignite","floor":10},{"not_picked":["ats:Neurotoxin","ats:Encircling Forest"],"picked":"ats:Thorns","floor":11},{"not_picked":["ats:Poison Spread","ats:Leaping Hammer","ats:Powerful Strike"],"picked":"SKIP","floor":12},{"not_picked":["ats:Apocalypse","ats:Sword Rain","ats:Fractured Body"],"picked":"SKIP","floor":14},{"not_picked":["ats:Dogmatic Field","ats:Rat Pack"],"picked":"ats:Calcification","floor":16},{"not_picked":["ats:Leaping Hammer","ats:Part Time Job"],"picked":"ats:Sunburst","floor":18},{"not_picked":["ats:Curse Doll","ats:Consecutive Shot Auto+1"],"picked":"ats:Very Hot Blade","floor":20},{"not_picked":["ats:Apocalypse+1","ats:Support Order","ats:Consecutive Shot Auto+1"],"picked":"SKIP","floor":23},{"not_picked":["ats:Blood Oath","ats:Rapid Magazine","ats:Healing Strengthening"],"picked":"SKIP","floor":25},{"not_picked":["ats:Flexible Camouflage","ats:Demon Strength+1","ats:Thermite Blade"],"picked":"SKIP","floor":27},{"not_picked":["ats:LN2 Cannon","ats:Closed Bolt Burst Fire","ats:Powerful Strike"],"picked":"SKIP","floor":27},{"not_picked":["ats:Defend Order+1","ats:Hammer On"],"picked":"ats:Mental Burst+1","floor":28},{"not_picked":["ats:Cat Scratch","ats:Childhood Dance"],"picked":"ats:Mental Burst","floor":28},{"not_picked":["ats:Assault Order+1","ats:Part Time Job+1","ats:Hook Shot"],"picked":"SKIP","floor":30},{"not_picked":["ats:Blood Oath","ats:Explosion Area Strengthen","ats:Consecutive Shot Auto"],"picked":"SKIP","floor":30},{"not_picked":["ats:Collapsing Strike+1","ats:Cat Scratch","ats:Consecutive Shot Auto"],"picked":"SKIP","floor":35},{"not_picked":["ats:LN2 Cannon+1","ats:Spore Proliferation","ats:Childhood Dance+1"],"picked":"SKIP","floor":35},{"not_picked":["ats:Spore Proliferation","ats:Childhood Dance"],"picked":"ats:Ignite","floor":37},{"not_picked":["ats:Powerful Strike+1","ats:Cat Scratch","ats:Flexible Camouflage"],"picked":"SKIP","floor":37},{"not_picked":["ats:Thermite Blade","ats:LN2 Cannon","ats:Consecutive Shot Auto+1"],"picked":"SKIP","floor":39},{"not_picked":["ats:Powerful Strike+1","ats:Collapsing Strike","ats:Hammer On"],"picked":"SKIP","floor":39},{"not_picked":["ats:Cat Scratch+1","ats:Leaping Hammer","ats:Roar Of Ursus+1"],"picked":"SKIP","floor":41},{"not_picked":["ats:Leaping Hammer","ats:Shell Defense+1","ats:Counter Healing Mode+1"],"picked":"SKIP","floor":42},{"not_picked":["ats:Cat Scratch","ats:Flexible Camouflage","ats:Revitalization"],"picked":"SKIP","floor":42},{"not_picked":["ats:Shell Defense","ats:Consecutive Shot Auto","ats:Assault Order+1"],"picked":"SKIP","floor":45},{"not_picked":["ats:Flexible Camouflage+1","ats:Assault Order","ats:Steam Pump+1"],"picked":"SKIP","floor":45}],"player_experience":88606,"relics_obtained":[{"floor":6,"key":"ats:Originium"},{"floor":6,"key":"Lantern"},{"floor":8,"key":"ats:Originium"},{"floor":8,"key":"WingedGreaves"},{"floor":9,"key":"Bag of Preparation"},{"floor":11,"key":"ats:Originium"},{"floor":11,"key":"Toy Ornithopter"},{"floor":23,"key":"War Paint"},{"floor":25,"key":"Prayer Wheel"},{"floor":26,"key":"Frozen Egg 2"},{"floor":41,"key":"Bag of Marbles"},{"floor":43,"key":"Pantograph"},{"floor":43,"key":"Omamori"},{"floor":46,"key":"Old Coin"},{"floor":47,"key":"Bird Faced Urn"}],"event_choices":[{"damage_healed":0,"gold_gain":0,"player_choice":"Success","damage_taken":25,"relics_obtained":["Happy Flower"],"max_hp_gain":0,"max_hp_loss":0,"event_name":"Scrap Ooze","floor":2,"gold_loss":0},{"damage_healed":0,"gold_gain":175,"player_choice":"AGREE","damage_taken":0,"max_hp_gain":0,"max_hp_loss":0,"event_name":"Liars Game","floor":3,"gold_loss":0,"cards_obtained":["Doubt"]},{"cards_removed":["Doubt"],"damage_healed":0,"gold_gain":0,"player_choice":"Card Removal","damage_taken":7,"max_hp_gain":0,"max_hp_loss":0,"event_name":"Golden Wing","floor":4,"gold_loss":0},{"damage_healed":0,"gold_gain":0,"player_choice":"Obtained Relic","damage_taken":0,"relics_obtained":["Du-Vu Doll"],"max_hp_gain":0,"max_hp_loss":0,"event_name":"Addict","floor":22,"gold_loss":85},{"damage_healed":0,"gold_gain":0,"player_choice":"Copied","damage_taken":0,"max_hp_gain":0,"max_hp_loss":0,"event_name":"Duplicator","floor":31,"gold_loss":0,"cards_obtained":["ats:Burning Ground"]},{"damage_healed":0,"gold_gain":0,"player_choice":"Memory 1","damage_taken":0,"max_hp_gain":0,"max_hp_loss":0,"event_name":"SensoryStone","floor":38,"gold_loss":0},{"damage_healed":0,"gold_gain":0,"player_choice":"Fight","damage_taken":0,"max_hp_gain":0,"max_hp_loss":0,"event_name":"MindBloom","floor":46,"gold_loss":0},{"damage_healed":0,"gold_gain":0,"player_choice":"Fight","damage_taken":0,"max_hp_gain":0,"max_hp_loss":0,"event_name":"Mysterious Sphere","floor":47,"gold_loss":0},{"cards_removed":["ats:Part Time Job"],"damage_healed":0,"gold_gain":0,"player_choice":"Removed Power","damage_taken":0,"max_hp_gain":0,"max_hp_loss":0,"event_name":"Falling","floor":48,"gold_loss":0}],"is_beta":false,"boss_relics":[{"not_picked":["SacredBark","SlaversCollar"],"picked":"ats:Omniscience"},{"not_picked":["Snecko Eye","Philosopher\u0027s Stone"],"picked":"Astrolabe"}],"items_purged_floors":[19,36],"is_endless":false,"potions_floor_spawned":[6,8,10,12,20,25,28,30,35,39,46],"ascension_level":0}}