{"host":"burc58cqo5ugqx9i","time":1609298406,"event":{"mods":["Act Like it!","BaseMod","Better Altar","Better Silent Start","Better Third Choice","Emptier Cage","Energized Spire","Hermit","Jorbs\u0027s Wanderer Trilogy","Minty Spire (QoL Compilation)","Rare Cards Sparkle","Relic Stats","Reworked Bosses","Spicy Shops","StSLib"],"gold_per_floor":[110,35,35,0,0,0,0,0,0,19,52,52,52,2,2,123,123,143,166,81,24,45,45,86,86,113,133,133,133,133,164,164,164,164],"floor_reached":33,"playtime":824,"items_purged":["Strike_R"],"score":327,"play_id":"d9692332-e9d6-46d4-91f2-4afa6b0d8155","local_time":"20201229192006","is_ascension_mode":false,"campfire_choices":[{"data":"Whirlwind","floor":6,"key":"SMITH"},{"data":"Bash","floor":12,"key":"SMITH"},{"data":"Enlightenment","floor":15,"key":"SMITH"},{"data":"Corruption","floor":23,"key":"SMITH"},{"data":"Sever Soul","floor":25,"key":"SMITH"},{"data":"Clash","floor":28,"key":"SMITH"},{"data":"Metallicize","floor":32,"key":"SMITH"}],"circlet_count":0,"master_deck":["Strike_R+1","Strike_R+1","Strike_R+1","Strike_R+1","Defend_R+1","Defend_R+1","Bash+1","Impervious","Whirlwind+1","Enlightenment+1","Flex+1","Shrug It Off+1","Corruption+1","Disarm+1","Whirlwind+1","Parasite","Power Through+1","Sever Soul+1","Clash+1","Metallicize+1"],"relics":["Burning Blood","Golden Idol","Toxic Egg 2","Pantograph","SlaversCollar","Gambling Chip","PreservedInsect","Self Forming Clay","Omamori","Ancient Tea Set"],"acts_visited":["Exordium","TheCity"],"potions_floor_usage":[11,18,24,33],"damage_taken":[{"damage":0,"enemies":"Small Slimes","floor":1,"turns":3},{"damage":0,"enemies":"2 Louse","floor":10,"turns":1},{"damage":27,"enemies":"Lagavulin","floor":11,"turns":7},{"damage":45,"enemies":"Slime Boss","floor":16,"turns":12},{"damage":36,"enemies":"Spheric Guardian","floor":18,"turns":6},{"damage":5,"enemies":"Chosen","floor":19,"turns":4},{"damage":5,"enemies":"Snake Plant","floor":22,"turns":4},{"damage":0,"enemies":"Slavers","floor":24,"turns":1},{"damage":21,"enemies":"Centurion and Healer","floor":27,"turns":6},{"damage":0,"enemies":"Book of Stabbing","floor":31,"turns":4},{"damage":89,"enemies":"Automaton","floor":33,"turns":10}],"seed_played":"8857834584887169318","potions_obtained":[{"floor":10,"key":"Dexterity Potion"},{"floor":16,"key":"ColorlessPotion"},{"floor":18,"key":"SkillPotion"},{"floor":19,"key":"Explosive Potion"},{"floor":27,"key":"EssenceOfSteel"}],"is_trial":false,"path_per_floor":["M","$","?","?","?","R","?","$","T","M","E","R","$","?","R","B",null,"M","M","?","$","M","R","E","R","T","M","R","?","?","E","R","B"],"character_chosen":"IRONCLAD","items_purchased":["PreservedInsect"],"campfire_rested":0,"item_purchase_floors":[21],"current_hp_per_floor":[80,80,64,70,63,63,63,63,63,69,48,48,48,48,48,34,80,50,51,51,51,52,52,58,58,58,43,43,69,69,75,75,0,0],"gold":164,"neow_bonus":"ONE_RANDOM_RARE_CARD","is_daily":false,"chose_seed":false,"campfire_upgraded":7,"win_rate":0.0,"timestamp":1609298406,"path_taken":["M","$","?","?","?","R","?","?","T","M","E","R","$","?","R","BOSS","M","M","?","$","M","R","E","R","T","M","R","?","?","E","R","BOSS"],"items_purchased_type":["Relic"],"build_version":"2020-12-22","purchased_purges":1,"victory":false,"max_hp_per_floor":[80,80,80,86,86,86,80,80,80,80,80,80,80,80,80,80,80,80,80,80,80,80,80,80,80,80,80,80,80,80,80,80,80,80],"relic_stats":{"counters":[11,58],"Golden Idol":66,"Self Forming Clay":[27],"Pantograph":30,"Gambling Chip":[13],"PreservedInsect":81,"obtain_stats":[{"SlaversCollar":17,"Golden Idol":7,"Self Forming Clay":24,"Pantograph":11,"Gambling Chip":20,"PreservedInsect":21,"Omamori":26,"Toxic Egg 2":9,"Ancient Tea Set":31,"Burning Blood":0},{"SlaversCollar":4,"Golden Idol":1,"Self Forming Clay":8,"Pantograph":3,"Gambling Chip":6,"PreservedInsect":6,"Omamori":8,"Toxic Egg 2":1,"Ancient Tea Set":10,"Burning Blood":0},{"SlaversCollar":23,"Golden Idol":3,"Self Forming Clay":38,"Pantograph":11,"Gambling Chip":33,"PreservedInsect":33,"Omamori":38,"Toxic Egg 2":3,"Ancient Tea Set":48,"Burning Blood":0}],"Burning Blood":54},"card_choices":[{"not_picked":["True Grit","Headbutt"],"picked":"Whirlwind","floor":1},{"not_picked":["Warcry+1","Feel No Pain"],"picked":"Flex+1","floor":10},{"not_picked":["Uppercut","Bludgeon"],"picked":"Shrug It Off+1","floor":11},{"not_picked":["Feed","Double Tap+1"],"picked":"Corruption","floor":16},{"not_picked":["Headbutt","True Grit+1"],"picked":"Disarm+1","floor":18},{"not_picked":["Shrug It Off+1","Headbutt"],"picked":"Whirlwind+1","floor":19},{"not_picked":["Ghostly Armor+1","Intimidate+1"],"picked":"Power Through+1","floor":22},{"not_picked":["Juggernaut","True Grit+1"],"picked":"Sever Soul","floor":24},{"not_picked":["Whirlwind","Perfected Strike"],"picked":"Clash","floor":27},{"not_picked":["Iron Wave","Twin Strike"],"picked":"Metallicize","floor":31}],"player_experience":6567,"relics_obtained":[{"floor":9,"key":"Toxic Egg 2"},{"floor":11,"key":"Pantograph"},{"floor":24,"key":"Self Forming Clay"},{"floor":26,"key":"Omamori"},{"floor":31,"key":"Ancient Tea Set"}],"event_choices":[{"damage_healed":80,"gold_gain":0,"player_choice":"Upgrade","damage_taken":16,"max_hp_gain":0,"max_hp_loss":80,"event_name":"betterThird:BetterShining","floor":3,"gold_loss":0,"cards_upgraded":["Strike_R","Defend_R"]},{"damage_healed":0,"gold_gain":0,"player_choice":"RENOUNCE","damage_taken":35,"max_hp_gain":0,"max_hp_loss":0,"event_name":"betterThird:BetterSerpent","floor":4,"gold_loss":35,"cards_obtained":["Enlightenment"]},{"cards_removed":["Defend_R"],"damage_healed":0,"gold_gain":0,"player_choice":"Card Removal","damage_taken":7,"max_hp_gain":0,"max_hp_loss":0,"event_name":"Golden Wing","floor":5,"gold_loss":0},{"damage_healed":0,"gold_gain":0,"player_choice":"Lose Max HP","damage_taken":0,"relics_obtained":["Golden Idol"],"max_hp_gain":0,"max_hp_loss":6,"event_name":"Golden Idol","floor":7,"gold_loss":0},{"cards_removed":["Defend_R"],"damage_healed":0,"gold_gain":0,"player_choice":"Card Removal","damage_taken":0,"max_hp_gain":0,"max_hp_loss":0,"event_name":"The Cleric","floor":14,"gold_loss":50},{"damage_healed":0,"gold_gain":0,"player_choice":"Obtained Relic","damage_taken":0,"relics_obtained":["Gambling Chip"],"max_hp_gain":0,"max_hp_loss":0,"event_name":"Addict","floor":20,"gold_loss":85},{"damage_healed":26,"gold_gain":0,"player_choice":"Heal","damage_taken":0,"max_hp_gain":0,"max_hp_loss":0,"event_name":"The Library","floor":29,"gold_loss":0},{"damage_healed":0,"gold_gain":0,"player_choice":"Simplicity","damage_taken":0,"max_hp_gain":0,"max_hp_loss":4,"event_name":"betterThird:BetterWriting","floor":30,"gold_loss":0}],"is_beta":false,"boss_relics":[{"not_picked":["Tiny House","Philosopher\u0027s Stone"],"picked":"SlaversCollar"}],"items_purged_floors":[2],"is_endless":false,"potions_floor_spawned":[10,16,18,19,27],"killed_by":"Automaton","ascension_level":0}}