{"host":"6azrrw3tf7wb0f4b","time":1609309334,"event":{"mods":["BaseMod","DeckTracker","Minty Spire (QoL Compilation)","SuperFastMode"],"gold_per_floor":[112,130,142,66,77,77,107,107,187,205,260,277,294,294,294,391,441,451,101,114,114,130,130,90,90,90,108,108,141,1,12,12,108,108,122,122,135,135,135,161,161,173,199,215,215,246,257,273,273,273,273,273,93,126,126,126],"floor_reached":55,"playtime":1523,"items_purged":["Strike_B","Zap"],"score":1077,"play_id":"f99a76f8-0649-4f5f-95b2-b9060fbb2f1e","local_time":"20201230152214","is_ascension_mode":true,"campfire_choices":[{"data":"Doom and Gloom","floor":6,"key":"SMITH"},{"floor":8,"key":"REST"},{"data":"Defragment","floor":15,"key":"SMITH"},{"data":"Apotheosis","floor":23,"key":"SMITH"},{"data":"Defragment","floor":25,"key":"SMITH"},{"floor":28,"key":"REST"},{"floor":32,"key":"REST"},{"data":"1","floor":41,"key":"LIFT"},{"data":"2","floor":45,"key":"LIFT"},{"floor":49,"key":"RECALL"},{"data":"Echo Form","floor":52,"key":"SMITH"}],"circlet_count":0,"master_deck":["AscendersBane","Strike_B+1","Strike_B+1","Strike_B+1","Defend_B+1","Defend_B","Defend_B+1","Defend_B","Dualcast","Sweeping Beam","Tempest","Go for the Eyes","Doom and Gloom+1","Stack","Conserve Battery","Heatsinks","Defragment+1","Skim","Coolheaded","Seek+1","Compile Driver","Ball Lightning+1","Defragment+1","Turbo+1","Apotheosis+1","Hello World","Double Energy+1","Loop","Fission","Heatsinks","Chaos+1","Echo Form+1","Self Repair+1","Redo+1","Storm+1","Glacier+1","Reinforced Body+1","Stack+1","Hologram+1","Defragment","Stack","Go for the Eyes+1"],"relics":["Cracked Core","Oddly Smooth Stone","CaptainsWheel","Mummified Hand","Whetstone","Strawberry","Tiny House","War Paint","Pen Nib","SlaversCollar","Girya","Kunai","Bag of Preparation"],"acts_visited":["Exordium","TheCity","TheBeyond","TheEnding"],"potions_floor_usage":[11,13,18,20,22,33,37,40,40,42,47,50,54,55],"damage_taken":[{"damage":6,"enemies":"Jaw Worm","floor":1,"turns":4},{"damage":8,"enemies":"2 Louse","floor":2,"turns":2},{"damage":6,"enemies":"Cultist","floor":3,"turns":3},{"damage":8,"enemies":"3 Louse","floor":5,"turns":2},{"damage":23,"enemies":"Gremlin Nob","floor":7,"turns":4},{"damage":12,"enemies":"Gremlin Gang","floor":10,"turns":2},{"damage":0,"enemies":"3 Sentries","floor":11,"turns":4},{"damage":8,"enemies":"Red Slaver","floor":12,"turns":3},{"damage":0,"enemies":"3 Louse","floor":13,"turns":1},{"damage":10,"enemies":"Slime Boss","floor":16,"turns":7},{"damage":5,"enemies":"Spheric Guardian","floor":18,"turns":3},{"damage":0,"enemies":"3 Byrds","floor":20,"turns":2},{"damage":26,"enemies":"Centurion and Healer","floor":22,"turns":5},{"damage":4,"enemies":"Snecko","floor":27,"turns":4},{"damage":17,"enemies":"Gremlin Leader","floor":29,"turns":6},{"damage":12,"enemies":"Shelled Parasite and Fungi","floor":31,"turns":5},{"damage":21,"enemies":"Champ","floor":33,"turns":10},{"damage":41,"enemies":"3 Darklings","floor":35,"turns":4},{"damage":3,"enemies":"Orb Walker","floor":37,"turns":3},{"damage":38,"enemies":"Nemesis","floor":40,"turns":9},{"damage":1,"enemies":"Maw","floor":42,"turns":6},{"damage":20,"enemies":"Sphere and 2 Shapes","floor":44,"turns":3},{"damage":20,"enemies":"Reptomancer","floor":46,"turns":6},{"damage":11,"enemies":"Jaw Worm Horde","floor":47,"turns":5},{"damage":7,"enemies":"Writhing Mass","floor":48,"turns":4},{"damage":37,"enemies":"Donu and Deca","floor":50,"turns":12},{"damage":44,"enemies":"Shield and Spear","floor":54,"turns":6},{"damage":28,"enemies":"The Heart","floor":55,"turns":2}],"seed_played":"-8889160413034940801","potions_obtained":[{"floor":2,"key":"FearPotion"},{"floor":3,"key":"Fire Potion"},{"floor":10,"key":"Explosive Potion"},{"floor":13,"key":"SteroidPotion"},{"floor":16,"key":"Explosive Potion"},{"floor":17,"key":"LiquidMemories"},{"floor":20,"key":"Weak Potion"},{"floor":31,"key":"SkillPotion"},{"floor":35,"key":"EntropicBrew"},{"floor":40,"key":"Regen Potion"},{"floor":48,"key":"Energy Potion"},{"floor":54,"key":"Block Potion"}],"is_trial":false,"path_per_floor":["M","M","M","$","M","R","E","R","T","M","?","M","M","?","R","B",null,"M","$","M","?","M","R","?","R","T","M","R","E","$","M","R","B",null,"M","?","M","?","?","E","R","M","T","M","R","E","M","M","R","B",null,"R","$","E","B"],"character_chosen":"DEFECT","items_purchased":["Doom and Gloom","Defragment","Turbo","Apotheosis","Heatsinks","Weak Potion","Defragment","Stack"],"campfire_rested":3,"item_purchase_floors":[4,19,19,19,30,53,53,53],"current_hp_per_floor":[62,54,48,48,40,40,17,39,39,27,27,19,19,26,26,16,71,66,66,66,66,40,40,40,40,40,36,62,45,45,33,59,38,75,34,34,41,76,72,44,44,67,67,57,57,57,56,59,59,32,62,62,62,28,0,0],"gold":126,"neow_bonus":"RANDOM_COMMON_RELIC","is_daily":false,"chose_seed":false,"campfire_upgraded":5,"win_rate":0.0,"timestamp":1609309334,"path_taken":["M","M","M","$","M","R","E","R","T","M","?","M","M","?","R","BOSS","M","$","M","?","M","R","?","R","T","?","R","E","$","M","R","BOSS","M","?","?","?","?","E","R","M","T","M","R","E","M","M","R","BOSS","R","$","E","BOSS"],"items_purchased_type":["Card","Card","Card","Card","Card","Potion","Card","Card"],"build_version":"2020-12-22","purchased_purges":2,"victory":false,"max_hp_per_floor":[75,75,75,75,75,75,75,75,75,75,75,75,75,82,82,82,87,87,87,87,87,87,87,87,87,87,87,87,87,87,87,87,87,87,87,87,87,76,72,72,72,72,72,72,72,72,72,72,72,72,72,72,72,72,72,72],"card_choices":[{"not_picked":["Coolheaded","Compile Driver"],"picked":"Sweeping Beam","floor":1},{"not_picked":["Sweeping Beam","Stack"],"picked":"Tempest","floor":2},{"not_picked":["Force Field","Beam Cell"],"picked":"Go for the Eyes","floor":3},{"not_picked":["Consume","Fusion"],"picked":"Stack","floor":5},{"not_picked":["Aggregate","Go for the Eyes"],"picked":"Conserve Battery","floor":7},{"not_picked":["Darkness","BootSequence"],"picked":"Heatsinks","floor":10},{"not_picked":["Sweeping Beam","White Noise"],"picked":"Defragment","floor":11},{"not_picked":["Sweeping Beam","Barrage"],"picked":"Skim","floor":12},{"not_picked":["Rip and Tear","Cold Snap"],"picked":"Coolheaded","floor":13},{"not_picked":["Electrodynamics","Meteor Strike"],"picked":"Seek","floor":16},{"not_picked":["Conserve Battery","Leap"],"picked":"Compile Driver","floor":17},{"not_picked":["Aggregate","Steam"],"picked":"Ball Lightning+1","floor":18},{"not_picked":["Gash","Double Energy"],"picked":"Hello World","floor":20},{"not_picked":["Steam","Go for the Eyes"],"picked":"Double Energy","floor":22},{"not_picked":["Genetic Algorithm","Blizzard"],"picked":"Loop","floor":27},{"not_picked":["Skim+1","Steam"],"picked":"Fission","floor":29},{"not_picked":["Defragment","Barrage"],"picked":"Chaos+1","floor":31},{"not_picked":["Hyperbeam","Thunder Strike"],"picked":"Echo Form","floor":33},{"not_picked":["Chill","Beam Cell"],"picked":"Self Repair+1","floor":35},{"not_picked":["Rebound","Rip and Tear","Conserve Battery"],"picked":"SKIP","floor":37},{"not_picked":["Meteor Strike","Chaos"],"picked":"Redo+1","floor":40},{"not_picked":["Rebound+1","Recycle"],"picked":"Storm+1","floor":42},{"not_picked":["Hello World+1","BootSequence+1"],"picked":"Glacier+1","floor":44},{"not_picked":["Redo+1","Stack+1"],"picked":"Reinforced Body+1","floor":46},{"not_picked":["Coolheaded","Rebound"],"picked":"Stack+1","floor":47},{"not_picked":["Scrape+1","Gash"],"picked":"Hologram+1","floor":48},{"not_picked":["Compile Driver+1","Barrage"],"picked":"Go for the Eyes+1","floor":54}],"player_experience":652399,"relics_obtained":[{"floor":7,"key":"CaptainsWheel"},{"floor":9,"key":"Mummified Hand"},{"floor":11,"key":"Whetstone"},{"floor":14,"key":"Strawberry"},{"floor":26,"key":"War Paint"},{"floor":29,"key":"Pen Nib"},{"floor":40,"key":"Girya"},{"floor":46,"key":"Kunai"},{"floor":54,"key":"Bag of Preparation"}],"event_choices":[{"damage_healed":0,"gold_gain":30,"player_choice":"Searched \u00272\u0027 times","damage_taken":0,"max_hp_gain":0,"max_hp_loss":0,"event_name":"Dead Adventurer","floor":11,"gold_loss":0},{"damage_healed":0,"gold_gain":0,"player_choice":"Relic","damage_taken":0,"max_hp_gain":0,"max_hp_loss":0,"event_name":"Wheel of Change","floor":14,"gold_loss":0},{"damage_healed":0,"gold_gain":0,"player_choice":"Ignored","damage_taken":0,"max_hp_gain":0,"max_hp_loss":0,"event_name":"Ghosts","floor":21,"gold_loss":0},{"damage_healed":0,"gold_gain":0,"player_choice":"Upgraded Two","damage_taken":0,"max_hp_gain":0,"max_hp_loss":0,"event_name":"Designer","floor":24,"gold_loss":40,"cards_upgraded":["Turbo","Defend_B"]},{"damage_healed":0,"gold_gain":0,"player_choice":"Upgraded","damage_taken":0,"max_hp_gain":0,"max_hp_loss":0,"event_name":"Upgrade Shrine","floor":36,"gold_loss":0,"cards_upgraded":["Double Energy"]},{"damage_healed":76,"gold_gain":0,"player_choice":"Heal","damage_taken":0,"max_hp_gain":0,"max_hp_loss":11,"event_name":"The Moai Head","floor":38,"gold_loss":0},{"damage_healed":0,"gold_gain":0,"player_choice":"Max HP","damage_taken":0,"max_hp_gain":0,"max_hp_loss":4,"event_name":"Winding Halls","floor":39,"gold_loss":0}],"is_beta":false,"boss_relics":[{"not_picked":["Inserter","Busted Crown"],"picked":"Tiny House"},{"not_picked":["Coffee Dripper","Calling Bell"],"picked":"SlaversCollar"}],"items_purged_floors":[19,30],"is_endless":false,"potions_floor_spawned":[2,3,10,13,16,20,31,35,40,48,54],"killed_by":"The Heart","ascension_level":10}}