{"host":"7sni158j623xchr2","time":1609294792,"event":{"mods":["BaseMod","Colored Map","Highlight Path","Minty Spire (QoL Compilation)","Permanent Neow","Potion Indicator Mod","Rare Cards Sparkle","Relic Sorter","Relic Stats","StSLib","everything is the same but u backflip on backflip"],"gold_per_floor":[119,294,294,307,318,318,379,379,448,478,478,478,495,505,505,505,505],"floor_reached":16,"playtime":344,"items_purged":[],"score":138,"play_id":"b8513fc7-4ab9-4924-9034-146d1f447485","local_time":"20201229201952","is_ascension_mode":true,"campfire_choices":[{"data":"Buffer","floor":6,"key":"SMITH"},{"data":"Sunder","floor":8,"key":"SMITH"},{"data":"Melter","floor":12,"key":"SMITH"},{"data":"Reinforced Body","floor":15,"key":"SMITH"}],"circlet_count":0,"master_deck":["Strike_B","Strike_B","Strike_B","Strike_B","Defend_B","Defend_B","Defend_B","Defend_B","Zap","Dualcast","Buffer+1","Sunder+1","Heatsinks","Melter+1","Cold Snap","Reinforced Body+1"],"relics":["Cracked Core","Singing Bowl","Dead Branch"],"acts_visited":["Exordium"],"potions_floor_usage":[7,10,16,16],"damage_taken":[{"damage":0,"enemies":"Jaw Worm","floor":1,"turns":3},{"damage":7,"enemies":"Small Slimes","floor":4,"turns":3},{"damage":6,"enemies":"Cultist","floor":5,"turns":3},{"damage":0,"enemies":"Lagavulin Event","floor":7,"turns":5},{"damage":0,"enemies":"Gremlin Nob","floor":10,"turns":4},{"damage":1,"enemies":"Looter","floor":13,"turns":2},{"damage":0,"enemies":"Large Slime","floor":14,"turns":5},{"damage":44,"enemies":"Hexaghost","floor":16,"turns":10}],"seed_played":"-5767603337973415840","potions_obtained":[{"floor":4,"key":"PowerPotion"},{"floor":5,"key":"Energy Potion"},{"floor":11,"key":"LiquidMemories"},{"floor":11,"key":"EssenceOfDarkness"},{"floor":11,"key":"Weak Potion"}],"is_trial":false,"path_per_floor":["M","?","?","M","M","R","?","R","T","E","?","R","M","M","R","B"],"character_chosen":"DEFECT","items_purchased":[],"campfire_rested":0,"item_purchase_floors":[],"current_hp_per_floor":[54,54,54,47,41,41,41,41,41,43,43,43,42,44,44,0,0],"gold":505,"neow_bonus":"THREE_RARE_CARDS","is_daily":false,"chose_seed":false,"campfire_upgraded":4,"win_rate":0.0,"timestamp":1609294792,"path_taken":["M","?","?","M","?","R","?","R","T","E","?","R","?","M","R","BOSS"],"items_purchased_type":[],"build_version":"2020-12-22","purchased_purges":0,"victory":false,"max_hp_per_floor":[75,75,75,75,75,75,75,75,75,77,77,77,77,79,79,79,79],"relic_stats":{"Singing Bowl":4,"counters":[8,35],"Dead Branch":[0],"obtain_stats":[{"Singing Bowl":7,"Dead Branch":10,"Cracked Core":0},{"Singing Bowl":4,"Dead Branch":5,"Cracked Core":0},{"Singing Bowl":14,"Dead Branch":18,"Cracked Core":0}]},"card_choices":[{"not_picked":["Meteor Strike","Echo Form"],"picked":"Buffer","floor":0},{"not_picked":["Steam","Scrape"],"picked":"Sunder","floor":1},{"not_picked":["Go for the Eyes","Undo"],"picked":"Heatsinks","floor":4},{"not_picked":["Go for the Eyes","Leap"],"picked":"Melter","floor":5},{"not_picked":["Streamline","Barrage"],"picked":"Cold Snap","floor":7},{"not_picked":["Hello World","Gash","Conserve Battery"],"picked":"Singing Bowl","floor":10},{"not_picked":["Redo","Ball Lightning"],"picked":"Reinforced Body","floor":13},{"not_picked":["Stack","Barrage","Scrape"],"picked":"Singing Bowl","floor":14}],"player_experience":1551551,"relics_obtained":[{"floor":7,"key":"Singing Bowl"},{"floor":10,"key":"Dead Branch"}],"event_choices":[{"damage_healed":0,"gold_gain":175,"player_choice":"AGREE","damage_taken":0,"max_hp_gain":0,"max_hp_loss":0,"event_name":"Liars Game","floor":2,"gold_loss":0,"cards_obtained":["Doubt"]},{"cards_removed":["Doubt"],"damage_healed":0,"gold_gain":0,"player_choice":"Purged","damage_taken":0,"max_hp_gain":0,"max_hp_loss":0,"event_name":"Purifier","floor":3,"gold_loss":0},{"damage_healed":0,"gold_gain":0,"player_choice":"Searched \u00271\u0027 times","damage_taken":0,"max_hp_gain":0,"max_hp_loss":0,"event_name":"Dead Adventurer","floor":7,"gold_loss":0},{"damage_healed":0,"gold_gain":0,"player_choice":"Got Potions","damage_taken":0,"max_hp_gain":0,"max_hp_loss":0,"event_name":"Lab","floor":11,"gold_loss":0}],"is_beta":false,"boss_relics":[],"items_purged_floors":[],"is_endless":false,"potions_floor_spawned":[4,5,13],"killed_by":"Hexaghost","ascension_level":2}}