{"host":"rag04wbrzwiojxfu","time":1609306795,"event":{"mods":["AchievementEnabler","Alarm Clock","BaseMod","Bestiary","Block Reminder","Colored Powertips","Highlight Path","Minty Spire (QoL Compilation)","Quick Restart","Relic Sorter","Relic Stats","Shop Mod","StSLib"],"gold_per_floor":[116,116,129,204,204,204,129,24,50,50,50,69,69,99,99,172,172,190,90,90,90,109,109,136,136,136,136,136,136,136],"floor_reached":29,"playtime":1910,"items_purged":["Force Field","Quick Slash"],"score":470,"play_id":"6a327881-eb02-41af-ac10-dec959d4447e","local_time":"20201229233955","daily_mods":["Draft","Allstar","Diverse","Colorless Cards","Heirloom","Flight"],"is_ascension_mode":true,"campfire_choices":[{"data":"Flame Barrier","floor":6,"key":"SMITH"},{"data":"WindmillStrike","floor":10,"key":"SMITH"},{"data":"Crescendo","floor":11,"key":"SMITH"},{"data":"Inflame","floor":13,"key":"SMITH"},{"data":"Bouncing Flask","floor":15,"key":"SMITH"},{"floor":23,"key":"REST"},{"floor":25,"key":"REST"},{"data":"Prepared","floor":27,"key":"SMITH"}],"circlet_count":0,"master_deck":["AscendersBane","Heavy Blade","PiercingWail","Crescendo+1","Dagger Throw","Sword Boomerang","Dagger Spray","Sweeping Beam","WindmillStrike+1","Flame Barrier+1","Bouncing Flask+1","Prepared+1","Shrug It Off","Flash of Steel","Inflame+1","Grand Finale"],"relics":["Burning Blood","Calipers","Torii","Oddly Smooth Stone","Happy Flower","Runic Cube","Toy Ornithopter","Matryoshka","CultistMask"],"acts_visited":["Exordium","TheCity"],"potions_floor_usage":[8],"damage_taken":[{"damage":6,"enemies":"Cultist","floor":1,"turns":3},{"damage":6,"enemies":"Small Slimes","floor":3,"turns":3},{"damage":0,"enemies":"2 Louse","floor":12,"turns":2},{"damage":40,"enemies":"Lagavulin","floor":14,"turns":5},{"damage":31,"enemies":"The Guardian","floor":16,"turns":6},{"damage":6,"enemies":"3 Byrds","floor":18,"turns":2},{"damage":23,"enemies":"Spheric Guardian","floor":22,"turns":4},{"damage":76,"enemies":"Book of Stabbing","floor":24,"turns":6},{"damage":38,"enemies":"Shelled Parasite and Fungi","floor":29,"turns":4}],"seed_played":"1960706656568347336","potions_obtained":[{"floor":1,"key":"FairyPotion"},{"floor":3,"key":"ColorlessPotion"}],"is_trial":true,"path_per_floor":["M","T","M","?","?","R","$","$","T","R","R","M","R","E","R","B",null,"M","$","?","?","M","R","E","R","T","R","?","M"],"character_chosen":"IRONCLAD","items_purchased":["Fruit Juice"],"campfire_rested":2,"item_purchase_floors":[8],"current_hp_per_floor":[68,68,68,57,75,75,75,80,80,80,80,80,80,46,46,21,65,65,65,65,42,25,50,10,35,35,35,35,0,0],"gold":136,"neow_bonus":"","is_daily":false,"chose_seed":false,"campfire_upgraded":6,"win_rate":0.0,"timestamp":1609306795,"path_taken":["M","?","?","?","?","R","$","$","T","R","R","?","R","E","R","BOSS","M","$","?","?","M","R","E","R","T","R","?","?"],"items_purchased_type":["Potion"],"build_version":"2020-12-22","purchased_purges":2,"victory":false,"max_hp_per_floor":[75,75,75,75,75,75,75,80,80,80,80,80,80,80,80,80,80,80,80,80,85,85,85,85,85,85,85,85,85,85],"relic_stats":{"Torii":6,"Happy Flower":[7],"counters":[9,35],"obtain_stats":[{"Calipers":0,"Matryoshka":26,"Torii":2,"Happy Flower":14,"Oddly Smooth Stone":9,"CultistMask":28,"Burning Blood":0,"Toy Ornithopter":24,"Runic Cube":17},{"Calipers":0,"Matryoshka":8,"Torii":1,"Happy Flower":4,"Oddly Smooth Stone":2,"CultistMask":8,"Burning Blood":0,"Toy Ornithopter":8,"Runic Cube":5},{"Calipers":0,"Matryoshka":31,"Torii":3,"Happy Flower":13,"Oddly Smooth Stone":6,"CultistMask":31,"Burning Blood":0,"Toy Ornithopter":31,"Runic Cube":19}],"Burning Blood":42,"Toy Ornithopter":0,"Runic Cube":[22]},"card_choices":[{"not_picked":["MentalFortress","FearNoEvil"],"picked":"Force Field","floor":0},{"not_picked":["Armaments","Cloak And Dagger"],"picked":"Undo","floor":0},{"not_picked":["Dagger Throw","Evaluate"],"picked":"Heavy Blade","floor":0},{"not_picked":["Rebound","Sucker Punch"],"picked":"Quick Slash","floor":0},{"not_picked":["Streamline","Clothesline"],"picked":"PiercingWail","floor":0},{"not_picked":["Consecrate","DeceiveReality"],"picked":"Crescendo","floor":0},{"not_picked":["Compile Driver","Accuracy"],"picked":"Dagger Throw","floor":0},{"not_picked":["Dodge and Roll","Blade Dance"],"picked":"Sword Boomerang","floor":0},{"not_picked":["Finisher","Evaluate"],"picked":"Dagger Spray","floor":0},{"not_picked":["FlurryOfBlows","Twin Strike"],"picked":"Sweeping Beam","floor":0},{"not_picked":["Slice","JustLucky"],"picked":"WindmillStrike","floor":0},{"not_picked":["EmptyBody","Caltrops"],"picked":"Flame Barrier","floor":0},{"not_picked":["Cloak And Dagger","Deep Breath"],"picked":"Bouncing Flask","floor":0},{"not_picked":["Headbutt","Cloak And Dagger"],"picked":"Prepared","floor":0},{"not_picked":["Perfected Strike","BowlingBash"],"picked":"Shrug It Off","floor":0},{"not_picked":["Twin Strike","Concentrate","Warcry"],"picked":"SKIP","floor":1},{"not_picked":["EmptyBody","Fusion"],"picked":"Flash of Steel","floor":3},{"not_picked":["Conclude","ReachHeaven"],"picked":"Inflame","floor":12},{"not_picked":["Pray","Thunderclap","Halt"],"picked":"SKIP","floor":14},{"not_picked":["Corruption","Electrodynamics"],"picked":"Grand Finale","floor":16},{"not_picked":["Pray","Twin Strike","Thunderclap"],"picked":"SKIP","floor":18},{"not_picked":["Havoc+1","Perfected Strike","Masterful Stab"],"picked":"SKIP","floor":22},{"not_picked":["PiercingWail","FlyingSleeves","EmptyFist"],"picked":"SKIP","floor":24}],"player_experience":244415,"relics_obtained":[{"floor":2,"key":"Torii"},{"floor":9,"key":"Oddly Smooth Stone"},{"floor":14,"key":"Happy Flower"},{"floor":24,"key":"Toy Ornithopter"},{"floor":26,"key":"Matryoshka"}],"event_choices":[{"damage_healed":0,"gold_gain":75,"player_choice":"Gather Gold","damage_taken":11,"max_hp_gain":0,"max_hp_loss":0,"event_name":"World of Goop","floor":4,"gold_loss":0},{"cards_removed":["Undo"],"damage_healed":18,"gold_gain":0,"player_choice":"Offered Uncommon","damage_taken":0,"max_hp_gain":0,"max_hp_loss":0,"event_name":"Bonfire Elementals","floor":5,"gold_loss":0},{"damage_healed":0,"gold_gain":0,"player_choice":"Ignored","damage_taken":0,"max_hp_gain":0,"max_hp_loss":0,"event_name":"Ghosts","floor":20,"gold_loss":0},{"damage_healed":0,"gold_gain":0,"player_choice":"Shed Blood","damage_taken":28,"max_hp_gain":5,"max_hp_loss":0,"event_name":"Forgotten Altar","floor":21,"gold_loss":0},{"damage_healed":0,"gold_gain":0,"player_choice":"Trade","damage_taken":0,"relics_obtained":["CultistMask"],"max_hp_gain":0,"max_hp_loss":0,"event_name":"FaceTrader","floor":28,"gold_loss":0}],"is_beta":false,"boss_relics":[{"not_picked":["Runic Dome","Snecko Eye"],"picked":"Runic Cube"}],"items_purged_floors":[7,19],"is_endless":false,"potions_floor_spawned":[1,3],"killed_by":"Shelled Parasite and Fungi","ascension_level":20}}