{"host":"ufl0k2so27eic2iy","time":1609354439,"event":{"mods":["BaseMod","Minty Spire (QoL Compilation)","StSLib","The Animator"],"gold_per_floor":[211,55,55,66,97,97,115,115,188,233,233,274,274,303,303,377,377,404,418,436,172,172,206,206,121,121,152,170,17,17,27,27,125,125,142,173,173,153,107,133,133,158,185,185,198,237,253,288,288,288,288,288,84,84,84],"floor_reached":54,"playtime":2824,"items_purged":["animator:Strike"],"score":1414,"play_id":"3b840521-7d22-407f-968d-ae123a5315b2","local_time":"20201230185359","is_ascension_mode":true,"campfire_choices":[{"data":"animator:DwarfShaman","floor":8.0,"key":"SMITH"},{"floor":11.0,"key":"REST"},{"data":"animator:Zero","floor":15.0,"key":"SMITH"},{"floor":24.0,"key":"REST"},{"floor":32.0,"key":"REST"},{"data":"animator:LeleiLaLalena","floor":41,"key":"SMITH"},{"floor":44,"key":"RECALL"},{"floor":49,"key":"REST"},{"data":"animator:Evileye","floor":52,"key":"SMITH"}],"circlet_count":0,"master_deck":["AscendersBane","animator:Strike_Overlord","animator:Defend_Overlord","animator:Defend","animator:Defend+1","animator:Defend+1","animator:Cocytus","animator:Demiurge","animator:DwarfShaman+1","animator:Zero+1","animator:UneriGinkaku","animator:Mitsuba","animator:Cocytus","animator:Albedo","animator:LeleiLaLalena+1","animator:YaoHaDucy","animator:Sebas","animator:PinaCoLada","animator:Shalltear","animator:Sebas","animator:Nanami","animator:YaoHaDucy","animator:Evileye+1","animator:Cocytus","animator:Ainz","animator:Shalltear+1","animator:Arpeggio","animator:PandorasActor","animator:Chibimoth+1","animator:Emonzaemon+1","animator:Bozes","animator:TukaLunaMarceau","animator:Shinoa+1"],"relics":["animator:LivingPicture","animator:TheMissingPiece","Singing Bowl","HornCleat","Ornamental Fan","Boot","Philosopher\u0027s Stone","ClockworkSouvenir","MutagenicStrength","Ancient Tea Set","Oddly Smooth Stone","Bird Faced Urn","Matryoshka","animator:ShionDessert","animator:HolyGrailRelic","Omamori","Blood Vial","animator:WornHelmet","Happy Flower","War Paint"],"acts_visited":["Exordium","TheCity","TheBeyond","TheEnding"],"potions_floor_usage":[42],"damage_taken":[{"damage":0.0,"enemies":"Small Slimes","floor":1.0,"turns":4.0},{"damage":5.0,"enemies":"Cultist","floor":4.0,"turns":5.0},{"damage":2.0,"enemies":"Jaw Worm","floor":5.0,"turns":4.0},{"damage":10.0,"enemies":"Red Slaver","floor":7.0,"turns":4.0},{"damage":9.0,"enemies":"3 Sentries","floor":10.0,"turns":6.0},{"damage":17.0,"enemies":"Gremlin Nob","floor":12.0,"turns":4.0},{"damage":0.0,"enemies":"Lagavulin","floor":14.0,"turns":7.0},{"damage":4.0,"enemies":"Slime Boss","floor":16.0,"turns":13.0},{"damage":0.0,"enemies":"Shell Parasite","floor":18.0,"turns":6.0},{"damage":0.0,"enemies":"3 Byrds","floor":19.0,"turns":4.0},{"damage":12.0,"enemies":"Sentry and Sphere","floor":20.0,"turns":4.0},{"damage":16.0,"enemies":"Gremlin Leader","floor":23.0,"turns":8.0},{"damage":26.0,"enemies":"Slavers","floor":27.0,"turns":5.0},{"damage":9.0,"enemies":"Centurion and Healer","floor":28.0,"turns":6.0},{"damage":0.0,"enemies":"3 Cultists","floor":31.0,"turns":4.0},{"damage":1.0,"enemies":"Collector","floor":33.0,"turns":8.0},{"damage":10.0,"enemies":"3 Darklings","floor":35.0,"turns":5.0},{"damage":0.0,"enemies":"Orb Walker","floor":36.0,"turns":3.0},{"damage":23,"enemies":"Nemesis","floor":40,"turns":8},{"damage":0,"enemies":"Reptomancer","floor":42,"turns":6},{"damage":0,"enemies":"Writhing Mass","floor":45,"turns":6},{"damage":18,"enemies":"Spire Growth","floor":46,"turns":5},{"damage":3,"enemies":"4 Shapes","floor":47,"turns":5},{"damage":17,"enemies":"Giant Head","floor":48,"turns":10},{"damage":25,"enemies":"Donu and Deca","floor":50,"turns":11},{"damage":81,"enemies":"Shield and Spear","floor":54,"turns":6}],"seed_played":"6798291248344599440","potions_obtained":[{"floor":1.0,"key":"ColorlessPotion"},{"floor":3.0,"key":"LiquidMemories"},{"floor":10.0,"key":"SpeedPotion"},{"floor":14.0,"key":"DuplicationPotion"},{"floor":27.0,"key":"LiquidBronze"},{"floor":28.0,"key":"SteroidPotion"},{"floor":36,"key":"ColorlessPotion"},{"floor":45,"key":"Dexterity Potion"}],"is_trial":false,"path_per_floor":["M","$","?","M","M","?","M","R","T","E","R","E","?","E","R","B",null,"M","M","M","$","?","E","R","?","T","E","M","$","?","M","R","B",null,"M","M","$","?","$","E","R","E","T","R","M","M","M","E","R","B",null,"R","$","E"],"character_chosen":"THE_ANIMATOR","items_purchased":["animator:Zero","ClockworkSouvenir","animator:YaoHaDucy","animator:FalseLifePotion","animator:ShionDessert","animator:PandorasActor","Weak Potion","War Paint"],"campfire_rested":4,"item_purchase_floors":[2,21,21,21,29,39,53,53],"current_hp_per_floor":[54,54,54,49,47,47,37,37,37,28,46,29,29,30,30,27,53,53,53,41,41,41,27,46,46,46,23,18,18,18,20,40,41,69,59,59,59,59,59,38,38,44,44,44,53,43,45,42,66,53,73,73,73,0,0],"gold":84,"neow_bonus":"HUNDRED_GOLD","is_daily":false,"chose_seed":true,"campfire_upgraded":4,"win_rate":0.0,"timestamp":1609354439,"path_taken":["M","$","?","?","M","?","?","R","T","E","R","E","?","E","R","BOSS","M","?","M","$","?","E","R","?","T","E","M","$","?","M","R","BOSS","M","M","$","?","$","E","R","E","T","R","M","M","M","E","R","BOSS","R","$","E"],"items_purchased_type":["Card","Relic","Card","Potion","Relic","Card","Potion","Relic"],"build_version":"2020-12-22","purchased_purges":1,"victory":false,"max_hp_per_floor":[60,60,60,60,60,60,60,60,60,60,60,60,60,61,61,62,62,62,62,62,62,62,64,64,64,64,65,67,67,67,67,67,67,75,72,72,72,72,72,69,69,71,71,71,74,76,79,83,83,80,80,80,80,77,77],"card_choices":[{"not_picked":["animator:HighElfArcher","animator:Evileye"],"picked":"animator:DwarfShaman","floor":1.0},{"not_picked":["animator:LuciaKonohana","animator:TsurugaMeisai"],"picked":"animator:UneriGinkaku","floor":4.0},{"not_picked":["animator:MasamiIwasawa","animator:HidekiHinata"],"picked":"animator:Mitsuba","floor":5.0},{"not_picked":["animator:PandorasActor","animator:Demiurge"],"picked":"animator:Cocytus","floor":7.0},{"not_picked":["animator:RoryMercury","animator:Entoma"],"picked":"animator:Albedo","floor":10.0},{"not_picked":["animator:YoshinoHaruhiko","animator:Entoma"],"picked":"animator:LeleiLaLalena","floor":12.0},{"not_picked":["animator:Mikaela","animator:CowGirl"],"picked":"animator:Sebas","floor":14.0},{"not_picked":["animator:AkaneSenri","animator:KanadeTachibana"],"picked":"animator:PinaCoLada","floor":16.0},{"not_picked":["animator:Cocytus","animator:Sebas"],"picked":"animator:Shalltear","floor":18.0},{"not_picked":["animator:UneriGinkaku","animator:ChihayaOhtori"],"picked":"animator:Sebas","floor":19.0},{"not_picked":["animator:Tyuule","animator:YaoHaDucy"],"picked":"animator:Nanami","floor":20.0},{"not_picked":["animator:Shinoa","animator:Priestess","animator:YaoHaDucy"],"picked":"Singing Bowl","floor":23.0},{"not_picked":["animator:Entoma","animator:Shalltear"],"picked":"animator:Evileye","floor":27.0},{"not_picked":["animator:ZankiKiguchi","animator:TsurugaMeisai","animator:Spearman"],"picked":"Singing Bowl","floor":28.0},{"not_picked":["animator:Mikaela","animator:Priestess"],"picked":"animator:Cocytus","floor":31.0},{"not_picked":["animator:SwordMaiden","animator:KotoriKanbe"],"picked":"animator:Ainz","floor":33.0},{"not_picked":["animator:HidekiHinata","animator:Shimako"],"picked":"animator:Shalltear+1","floor":35.0},{"not_picked":["animator:YaoHaDucy","animator:Tyuule"],"picked":"animator:Arpeggio","floor":36},{"not_picked":["animator:HidekiHinata","animator:SougenEsaka"],"picked":"animator:Chibimoth+1","floor":40},{"not_picked":["animator:PandorasActor","animator:Midou"],"picked":"animator:Emonzaemon+1","floor":42},{"not_picked":["animator:SakuyaOhtori","animator:PandorasActor"],"picked":"animator:Bozes","floor":45},{"not_picked":["animator:RoryMercury","animator:LeleiLaLalena"],"picked":"animator:TukaLunaMarceau","floor":46},{"not_picked":["animator:Togame","animator:ZankiKiguchi"],"picked":"animator:Shinoa+1","floor":47},{"not_picked":["animator:TukaLunaMarceau","animator:LeleiLaLalena","animator:Kuribayashi"],"picked":"Singing Bowl","floor":48}],"player_experience":2386249,"relics_obtained":[{"floor":9.0,"key":"Singing Bowl"},{"floor":10.0,"key":"HornCleat"},{"floor":12.0,"key":"Ornamental Fan"},{"floor":14.0,"key":"Boot"},{"floor":23.0,"key":"Ancient Tea Set"},{"floor":26.0,"key":"Bird Faced Urn"},{"floor":27.0,"key":"Matryoshka"},{"floor":40,"key":"Omamori"},{"floor":42,"key":"Blood Vial"},{"floor":43,"key":"animator:WornHelmet"},{"floor":48,"key":"Happy Flower"}],"event_choices":[{"damage_healed":0.0,"max_hp_gain":0.0,"max_hp_loss":0.0,"gold_gain":0.0,"event_name":"Lab","player_choice":"Got Potions","floor":3.0,"gold_loss":0.0,"damage_taken":0.0},{"cards_removed":["animator:Strike"],"damage_healed":0.0,"max_hp_gain":0.0,"max_hp_loss":0.0,"gold_gain":0.0,"event_name":"Purifier","player_choice":"Purged","floor":6.0,"gold_loss":0.0,"damage_taken":0.0},{"damage_healed":0.0,"max_hp_gain":0.0,"max_hp_loss":0.0,"gold_gain":0.0,"cards_transformed":["animator:Strike"],"event_name":"Transmorgrifier","player_choice":"Transformed","floor":13.0,"gold_loss":0.0,"damage_taken":0.0,"cards_obtained":["animator:YaoHaDucy"]},{"damage_healed":0.0,"max_hp_gain":0.0,"max_hp_loss":0.0,"gold_gain":0.0,"event_name":"Drug Dealer","player_choice":"Inject Mutagens","floor":22.0,"gold_loss":0.0,"damage_taken":0.0,"relics_obtained":["MutagenicStrength"]},{"damage_healed":0.0,"max_hp_gain":0.0,"max_hp_loss":0.0,"gold_gain":0.0,"event_name":"Addict","player_choice":"Obtained Relic","floor":25.0,"gold_loss":85.0,"damage_taken":0.0,"relics_obtained":["Oddly Smooth Stone"]},{"damage_healed":0.0,"max_hp_gain":0.0,"max_hp_loss":0.0,"gold_gain":0.0,"event_name":"The Mausoleum","player_choice":"Ignored","floor":30.0,"gold_loss":0.0,"damage_taken":0.0},{"damage_healed":0,"gold_gain":0,"player_choice":"Bought 1 Potion","damage_taken":0,"max_hp_gain":0,"max_hp_loss":0,"event_name":"The Woman in Blue","floor":38,"gold_loss":0}],"is_beta":false,"boss_relics":[{"not_picked":["Empty Cage","Busted Crown"],"picked":"Philosopher\u0027s Stone"},{"not_picked":["Fusion Hammer","Calling Bell"],"picked":"animator:HolyGrailRelic"}],"items_purged_floors":[2],"is_endless":false,"potions_floor_spawned":[1,5,10,14,27,28,36,45,47,48],"killed_by":"Shield and Spear","ascension_level":15}}