{"host":"6dypmz777xraikqf","time":1609356258,"event":{"mods":["AchievementEnabler","BaseMod","BetterRewards","Colored Map","Colored Powertips","Downfall","Highlight Path","Hubris","Infinite Spire","Minty Spire (QoL Compilation)","Replay The Spire","StSLib"],"gold_per_floor":[116,116,116,166,186,186,212,212,239,20,39,65,85,95,95,95,95],"floor_reached":16,"playtime":673,"items_purged":["Hallucinations"],"score":127,"play_id":"4943e87e-26cb-45e1-a32d-77e8e00539b6","local_time":"20201230192418","is_ascension_mode":true,"campfire_choices":[{"data":"True Grit","floor":6,"key":"SMITH"},{"data":"Infernal Blade","floor":8,"key":"SMITH"},{"floor":15,"key":"REST"}],"circlet_count":0,"master_deck":["Strike_R","Strike_R+1","Strike_R","Strike_R","Strike_R+1","Defend_R","Defend_R","Defend_R","Defend_R","Bash","Sever Soul","Havoc","True Grit+1","Infernal Blade+1","Shrug It Off","Exhume","Sickly","Warcry","Replay:Undeath\u0027s Touch","Entrench"],"relics":["Guardian:ModeShifter","ReplayTheSpireMod:Lightbulb","infinitespire:Cubic Diamond","Ring of Greed","Tiny Chest","Smiling Mask","Ring of Peace","Garlic","Blood Vial","Whetstone","Darkstone Periapt"],"acts_visited":["Exordium"],"potions_floor_usage":[7,7,12,14],"damage_taken":[{"damage":8,"enemies":"2 Louse","floor":1,"turns":3},{"damage":0,"enemies":"Small Slimes","floor":5,"turns":4},{"damage":21,"enemies":"3 Sentries","floor":7,"turns":9},{"damage":0,"enemies":"Jaw Worm","floor":11,"turns":4},{"damage":34,"enemies":"Lagavulin","floor":12,"turns":6},{"damage":7,"enemies":"Exordium Wildlife","floor":13,"turns":4},{"damage":0,"enemies":"3 Louse","floor":14,"turns":4},{"damage":50,"enemies":"The Guardian","floor":16,"turns":13}],"seed_played":"3362486009427680221","potions_obtained":[{"floor":1,"key":"Adrenaline Potion"},{"floor":5,"key":"Elixir"},{"floor":7,"key":"FearPotion"},{"floor":13,"key":"Adrenaline Potion"}],"is_trial":false,"path_per_floor":["M","?","?","?","M","R","E","R","T","$","M","E","M","M","R","B"],"character_chosen":"IRONCLAD","items_purchased":["Shrug It Off","Whetstone"],"campfire_rested":1,"item_purchase_floors":[10,10],"current_hp_per_floor":[78,78,78,78,78,78,57,57,57,57,59,27,22,24,48,0,0],"gold":95,"neow_bonus":"RANDOM_COMMON_RELIC","is_daily":false,"chose_seed":false,"campfire_upgraded":2,"win_rate":0.0,"timestamp":1609356258,"path_taken":["M","?","?","?","M","R","E","R","T","$","M","E","M","M","R","BOSS"],"items_purchased_type":["Card","Relic"],"build_version":"2020-12-22","purchased_purges":1,"victory":false,"max_hp_per_floor":[80,80,80,80,80,80,80,80,80,80,80,80,80,80,80,80,80],"card_choices":[{"not_picked":["Spot Weakness","hubris:ReadiedAction"],"picked":"Sever Soul","floor":1},{"not_picked":["Replay:Undeath\u0027s Touch","Shrug It Off"],"picked":"True Grit","floor":5},{"not_picked":["Perfected Strike","Dropkick"],"picked":"Infernal Blade","floor":7},{"not_picked":["Iron Wave","Anger"],"picked":"Exhume","floor":11},{"not_picked":["hubris:ReadiedAction","Heavy Blade"],"picked":"Warcry","floor":12},{"not_picked":["ReplayReversal","Body Slam"],"picked":"Replay:Undeath\u0027s Touch","floor":13},{"not_picked":["Cleave","Run Through"],"picked":"Entrench","floor":14}],"player_experience":43146,"relics_obtained":[{"floor":4,"key":"Ring of Greed"},{"floor":4,"key":"Tiny Chest"},{"floor":4,"key":"Smiling Mask"},{"floor":4,"key":"Ring of Peace"},{"floor":7,"key":"Garlic"},{"floor":9,"key":"Blood Vial"},{"floor":12,"key":"Darkstone Periapt"}],"event_choices":[],"is_beta":false,"boss_relics":[],"items_purged_floors":[10],"is_endless":false,"potions_floor_spawned":[1,5,7,13],"killed_by":"The Guardian","ascension_level":3}}