{"host":"sav7uxregyirlf69","time":1609300200,"event":{"mods":["AchievementEnabler","BaseMod","Colored Map","DeckTracker","Keyboard Shortcuts","Minty Spire (QoL Compilation)","READ ME - Guardian Mod","StSLib","SuperFastMode"],"gold_per_floor":[116,127,141,57,73,73,92,118,197,224,224,244,244,244,244,318,318,329,329,329,347,24,56,56,56,56,6,23,23,23,37,37,37,37],"floor_reached":33,"playtime":510,"items_purged":["Strike_R"],"score":550,"play_id":"38e2e058-ab16-44d2-99a6-aa578028aae2","local_time":"20201230125000","is_ascension_mode":true,"campfire_choices":[{"data":"Immolate","floor":6,"key":"SMITH"},{"floor":11,"key":"REST"},{"data":"Body Slam","floor":13,"key":"SMITH"},{"data":"Fire Breathing","floor":15,"key":"SMITH"},{"floor":25,"key":"REST"},{"data":"Dark Embrace","floor":30,"key":"SMITH"},{"data":"Entrench","floor":32,"key":"SMITH"}],"circlet_count":0,"master_deck":["AscendersBane","Strike_R","Strike_R","Strike_R","Defend_R","Defend_R","Defend_R","Defend_R","Bash","Shrug It Off","Second Wind","Pommel Strike","Sentinel","Immolate+1","Fire Breathing+1","Fire Breathing","Body Slam+1","Ghostly Armor","Exhume","Reckless Charge","Entrench+1","Dark Embrace+1","Seeing Red","Power Through","Body Slam+1"],"relics":["Burning Blood","Mummified Hand","The Courier","Gambling Chip","Runic Pyramid","Lantern","Smiling Mask","Calipers","Blood Vial"],"acts_visited":["Exordium","TheCity"],"potions_floor_usage":[21,31],"damage_taken":[{"damage":7,"enemies":"2 Louse","floor":1,"turns":4},{"damage":6,"enemies":"Cultist","floor":2,"turns":3},{"damage":4,"enemies":"Small Slimes","floor":3,"turns":4},{"damage":0,"enemies":"Exordium Wildlife","floor":5,"turns":3},{"damage":6,"enemies":"Looter","floor":7,"turns":3},{"damage":50,"enemies":"Gremlin Nob","floor":8,"turns":5},{"damage":24,"enemies":"Lagavulin","floor":10,"turns":7},{"damage":11,"enemies":"Blue Slaver","floor":12,"turns":3},{"damage":23,"enemies":"Slime Boss","floor":16,"turns":7},{"damage":18,"enemies":"Chosen","floor":18,"turns":4},{"damage":23,"enemies":"2 Thieves","floor":21,"turns":4},{"damage":25,"enemies":"Gremlin Leader","floor":23,"turns":6},{"damage":10,"enemies":"Centurion and Healer","floor":28,"turns":5},{"damage":29,"enemies":"Shelled Parasite and Fungi","floor":31,"turns":4},{"damage":37,"enemies":"Collector","floor":33,"turns":3}],"seed_played":"5275696327137552890","potions_obtained":[{"floor":1,"key":"SmokeBomb"},{"floor":2,"key":"Fire Potion"},{"floor":10,"key":"Block Potion"},{"floor":21,"key":"Fire Potion"},{"floor":23,"key":"PowerPotion"}],"is_trial":false,"path_per_floor":["M","M","M","$","M","R","M","E","T","E","R","M","R","?","R","B",null,"M","?","?","M","$","E","?","R","T","?","M","?","R","M","R","B"],"character_chosen":"IRONCLAD","items_purchased":["Immolate","Dark Embrace","Lantern","Seeing Red"],"campfire_rested":2,"item_purchase_floors":[4,22,22,22],"current_hp_per_floor":[67,67,69,69,75,75,75,31,31,13,35,30,30,30,30,13,60,48,48,48,31,31,12,27,49,49,49,47,47,47,26,26,0,0],"gold":37,"neow_bonus":"THREE_CARDS","is_daily":false,"chose_seed":false,"campfire_upgraded":5,"win_rate":0.0,"timestamp":1609300200,"path_taken":["M","M","M","$","M","R","M","E","T","E","R","M","R","?","R","BOSS","M","?","?","?","$","E","?","R","T","?","?","?","R","M","R","BOSS"],"items_purchased_type":["Card","Card","Relic","Card"],"build_version":"2020-12-22","purchased_purges":1,"victory":false,"max_hp_per_floor":[75,75,75,75,75,75,75,75,75,75,75,75,75,75,75,75,75,75,75,75,75,75,75,75,75,75,75,75,75,75,75,75,75,75],"card_choices":[{"not_picked":["Perfected Strike","Pommel Strike"],"picked":"Shrug It Off","floor":0},{"not_picked":["True Grit","Clothesline"],"picked":"Second Wind","floor":1},{"not_picked":["Headbutt","Searing Blow"],"picked":"Pommel Strike","floor":2},{"not_picked":["True Grit","Carnage"],"picked":"Sentinel","floor":3},{"not_picked":["Anger","Shrug It Off"],"picked":"Fire Breathing","floor":5},{"not_picked":["Searing Blow","Heavy Blade","Havoc"],"picked":"SKIP","floor":7},{"not_picked":["Perfected Strike","Entrench"],"picked":"Fire Breathing","floor":8},{"not_picked":["Metallicize","Sentinel"],"picked":"Body Slam","floor":10},{"not_picked":["Dual Wield","Clothesline","Sword Boomerang"],"picked":"SKIP","floor":12},{"not_picked":["Demon Form","Corruption"],"picked":"Exhume","floor":16},{"not_picked":["Pummel","Armaments"],"picked":"Reckless Charge","floor":18},{"not_picked":["Bloodletting","Heavy Blade"],"picked":"Entrench","floor":21},{"not_picked":["Infernal Blade","Disarm"],"picked":"Power Through","floor":23},{"not_picked":["Clash","Pommel Strike"],"picked":"Body Slam+1","floor":28},{"not_picked":["Flame Barrier","Juggernaut","Combust"],"picked":"SKIP","floor":31}],"player_experience":1063429,"relics_obtained":[{"floor":8,"key":"Mummified Hand"},{"floor":9,"key":"The Courier"},{"floor":10,"key":"Gambling Chip"},{"floor":23,"key":"Smiling Mask"},{"floor":26,"key":"Calipers"}],"event_choices":[{"damage_healed":0,"gold_gain":0,"cards_transformed":["Strike_R"],"player_choice":"Transformed","damage_taken":0,"max_hp_gain":0,"max_hp_loss":0,"event_name":"Transmorgrifier","floor":14,"gold_loss":0,"cards_obtained":["Ghostly Armor"]},{"damage_healed":0,"gold_gain":0,"player_choice":"Ignored","damage_taken":0,"max_hp_gain":0,"max_hp_loss":0,"event_name":"Ghosts","floor":19,"gold_loss":0},{"damage_healed":0,"gold_gain":0,"player_choice":"Ignored","damage_taken":0,"max_hp_gain":0,"max_hp_loss":0,"event_name":"The Mausoleum","floor":20,"gold_loss":0},{"damage_healed":15,"gold_gain":0,"player_choice":"Heal","damage_taken":0,"max_hp_gain":0,"max_hp_loss":0,"event_name":"The Library","floor":24,"gold_loss":0},{"damage_healed":0,"gold_gain":0,"player_choice":"Paid Gold","damage_taken":0,"relics_obtained":["Blood Vial"],"max_hp_gain":0,"max_hp_loss":0,"event_name":"WeMeetAgain","floor":27,"gold_loss":50},{"damage_healed":0,"gold_gain":0,"player_choice":"Ignored","damage_taken":0,"max_hp_gain":0,"max_hp_loss":0,"event_name":"Cursed Tome","floor":29,"gold_loss":0}],"is_beta":false,"boss_relics":[{"not_picked":["Empty Cage","SlaversCollar"],"picked":"Runic Pyramid"}],"items_purged_floors":[22],"is_endless":false,"potions_floor_spawned":[1,2,10,16,21,23,28],"killed_by":"Collector","ascension_level":20}}