{"host":"ye7mfqqt9ljtnqit","time":1609337879,"event":{"mods":["BaseMod","Colored Map","Downfall","Marisa£®ÏF”Í°°ƒß¿Ì…≥£©","Minty Spire (QoL Compilation)","StSLib","SuperFastMode","The Servant 0.9.4"],"gold_per_floor":[115,130,141,156,170,196,214,214,237,256,256,268,9,22,22,123,123,141,161,2,101,117,117,145,145,145,145,171,171,171,131,131,232,232,248,248,268,268,288,306,306,339,339,121,152,152,152,170,170,170,170],"floor_reached":50,"playtime":5546,"items_purged":["Strike_S"],"score":594,"play_id":"492ca0b6-c43c-4ecf-8593-7617709df3a0","local_time":"20201230221759","is_ascension_mode":false,"campfire_choices":[{"floor":8.0,"key":"REST"},{"floor":11.0,"key":"REST"},{"floor":15.0,"key":"REST"},{"floor":23.0,"key":"REST"},{"floor":25.0,"key":"REST"},{"data":"Revamp","floor":27.0,"key":"SMITH"},{"floor":29.0,"key":"REST"},{"floor":32.0,"key":"REST"},{"floor":41.0,"key":"REST"},{"floor":47,"key":"REST"},{"data":"Solidify","floor":49,"key":"SMITH"}],"circlet_count":0,"master_deck":["Defend_S","Defend_S","Defend_S","Defend_S","KidneyShot","Exchange","Comet","Potential","Rearm","Ricochet","Revamp+1","BestPractice","ShatteredReality","TimeWarp","SilverBlades","Advance","BestPractice","FloweringNight","Potential","Ricochet","Luminosity","Misdirection","DualDimension","BestPractice","Advance","SilverBlades","Foresight","TheWorld","Revamp+1","expansioncontent:DashGenerateEvil","expansioncontent:SuperHexaguard","Secret Weapon","Collapse+1","Luminosity+1","Solidify+1","Starlight+1","Foresight","TimeWarp","Misdirection+1"],"relics":["Uniform","NeowsBlessing","Torii","Oddly Smooth Stone","OrangePellets","Empty Cage","White Beast Statue","Ginger","Bag of Marbles","StoneMask","Anchor","Membership Card","Toxic Egg 2"],"acts_visited":["Exordium","TheCity","TheBeyond"],"potions_floor_usage":[42,45,45,50,50],"damage_taken":[{"damage":0.0,"enemies":"Cultist","floor":1.0,"turns":1.0},{"damage":0.0,"enemies":"Small Slimes","floor":2.0,"turns":1.0},{"damage":0.0,"enemies":"2 Louse","floor":3.0,"turns":1.0},{"damage":12.0,"enemies":"Exordium Wildlife","floor":4.0,"turns":6.0},{"damage":12.0,"enemies":"Large Slime","floor":5.0,"turns":6.0},{"damage":25.0,"enemies":"3 Sentries","floor":6.0,"turns":7.0},{"damage":6.0,"enemies":"2 Fungi Beasts","floor":7.0,"turns":3.0},{"damage":10.0,"enemies":"Looter","floor":10.0,"turns":4.0},{"damage":12.0,"enemies":"Blue Slaver","floor":12.0,"turns":2.0},{"damage":1.0,"enemies":"Gremlin Gang","floor":14.0,"turns":2.0},{"damage":18.0,"enemies":"Slime Boss","floor":16.0,"turns":10.0},{"damage":1.0,"enemies":"2 Thieves","floor":18.0,"turns":2.0},{"damage":23.0,"enemies":"3 Byrds","floor":19.0,"turns":5.0},{"damage":5.0,"enemies":"Snake Plant","floor":22.0,"turns":5.0},{"damage":53.0,"enemies":"Gremlin Leader","floor":24.0,"turns":9.0},{"damage":24.0,"enemies":"Book of Stabbing","floor":28.0,"turns":7.0},{"damage":49.0,"enemies":"Automaton","floor":33.0,"turns":7.0},{"damage":25.0,"enemies":"3 Shapes","floor":35.0,"turns":6.0},{"damage":19.0,"enemies":"3 Darklings","floor":37.0,"turns":6.0},{"damage":8.0,"enemies":"4 Shapes","floor":39.0,"turns":6.0},{"damage":19.0,"enemies":"Maw","floor":40.0,"turns":8.0},{"damage":13,"enemies":"Reptomancer","floor":42,"turns":9},{"damage":0,"enemies":"Giant Head","floor":45,"turns":8},{"damage":0,"enemies":"Sphere and 2 Shapes","floor":48,"turns":4},{"damage":54,"enemies":"Donu and Deca","floor":50,"turns":6}],"seed_played":"4456931659260735430","potions_obtained":[{"floor":2.0,"key":"Dexterity Potion"},{"floor":5.0,"key":"SteroidPotion"},{"floor":7.0,"key":"champ:CounterPotion"},{"floor":16.0,"key":"DuplicationPotion"},{"floor":18.0,"key":"Regen Potion"},{"floor":24.0,"key":"Weak Potion"},{"floor":28.0,"key":"Fire Potion"},{"floor":33.0,"key":"Guardian:BlockOnCardUsePotion"},{"floor":35.0,"key":"EssenceOfSteel"},{"floor":37.0,"key":"SkillPotion"},{"floor":39.0,"key":"SteroidPotion"},{"floor":42,"key":"hexamod:EctoCoolerPotion"},{"floor":45,"key":"AttackPotion"},{"floor":48,"key":"PowerPotion"}],"is_trial":false,"path_per_floor":["M","M","M","M","M","E","M","R","T","M","R","M","$","M","R","B",null,"M","M","$","?","M","R","E","R","T","R","E","R","?","$","R","B",null,"M","?","M","?","M","M","R","E","T","$","E","?","R","M","R","B"],"character_chosen":"THE_SERVANT","items_purchased":["OrangePellets","SilverBlades","Advance","Luminosity","Misdirection","Foresight","Membership Card","Foresight"],"campfire_rested":9,"item_purchase_floors":[13,13,13,20,20,31,44,44],"current_hp_per_floor":[65,65,65,53,41,16,10,29,29,19,38,26,26,25,44,26,65,64,41,41,41,36,55,17,36,36,36,12,31,31,31,50,1,65,47,37,21,21,25,9,31,21,21,21,24,24,45,54,54,0,0],"gold":170,"neow_bonus":"THREE_ENEMY_KILL","is_daily":false,"chose_seed":false,"campfire_upgraded":2,"win_rate":0.0,"timestamp":1609337879,"path_taken":["M","M","?","?","M","E","M","R","T","M","R","M","$","M","R","BOSS","M","M","$","?","M","R","E","R","T","R","E","R","?","?","R","BOSS","M","?","M","?","M","M","R","E","T","$","E","?","R","M","R","BOSS"],"items_purchased_type":["Relic","Card","Card","Card","Card","Card","Relic","Card"],"build_version":"2020-12-22","purchased_purges":1,"victory":false,"max_hp_per_floor":[65,65,65,65,65,65,65,65,65,65,65,65,65,65,65,65,65,65,65,65,65,65,65,65,65,65,65,65,65,65,65,65,65,65,68,68,69,69,73,74,74,75,75,75,76,72,72,75,75,75,75],"card_choices":[{"not_picked":["FastForward","FanOfKnives"],"picked":"Comet","floor":1.0},{"not_picked":["Replace","Hightail"],"picked":"Potential","floor":2.0},{"not_picked":["Ricochet","FastForward"],"picked":"Rearm","floor":3.0},{"not_picked":["Spin","ReturningBlade"],"picked":"Ricochet","floor":4.0},{"not_picked":["WasteNot","Starlight"],"picked":"Revamp","floor":5.0},{"not_picked":["Deny","Rearm"],"picked":"BestPractice","floor":6.0},{"not_picked":["Snipe","ReturningBlade"],"picked":"ShatteredReality","floor":7.0},{"not_picked":["Rearm","Starlight"],"picked":"RealityMarble","floor":10.0},{"not_picked":["Collapse","FastForward"],"picked":"TimeWarp","floor":12.0},{"not_picked":["Replace","Defy"],"picked":"BestPractice","floor":14.0},{"not_picked":["Duplication","LightFlow"],"picked":"FloweringNight","floor":16.0},{"not_picked":["Revamp","Replace"],"picked":"Potential","floor":18.0},{"not_picked":["Starlight","ShatteredReality"],"picked":"Ricochet","floor":19.0},{"not_picked":["Starlight+1","Revamp+1"],"picked":"DualDimension","floor":22.0},{"not_picked":["Starlight+1","Moonlight"],"picked":"BestPractice","floor":24.0},{"not_picked":["StarChef","Revamp"],"picked":"Sabotage+1","floor":28.0},{"not_picked":["LightFlow","Sunlight"],"picked":"TheWorld","floor":33.0},{"not_picked":["Desolation","Reset"],"picked":"Revamp+1","floor":35.0},{"not_picked":["Enlightenment","expansioncontent:SuperHexaguard"],"picked":"expansioncontent:DashGenerateEvil","floor":36.0},{"not_picked":["Dark Shackles","Mayhem"],"picked":"expansioncontent:SuperHexaguard","floor":36.0},{"not_picked":["Purity","expansioncontent:ManipulateTime"],"picked":"Secret Weapon","floor":36.0},{"not_picked":["FastForward+1","Ricochet"],"picked":"Collapse+1","floor":37.0},{"not_picked":["Unruled+1","Ricochet+1"],"picked":"Luminosity+1","floor":39.0},{"not_picked":["Snipe+1","FastForward"],"picked":"Solidify","floor":40.0},{"not_picked":["SilverBlades+1","Deny"],"picked":"Starlight+1","floor":42},{"not_picked":["Potential+1","Snipe+1"],"picked":"TimeWarp","floor":45},{"not_picked":["DoubleEdge","BottledTime+1"],"picked":"Misdirection+1","floor":48}],"player_experience":70523,"relics_obtained":[{"floor":6.0,"key":"Torii"},{"floor":9.0,"key":"Oddly Smooth Stone"},{"floor":24.0,"key":"White Beast Statue"},{"floor":26.0,"key":"Ginger"},{"floor":28.0,"key":"Bag of Marbles"},{"floor":42,"key":"Anchor"},{"floor":45,"key":"Toxic Egg 2"}],"event_choices":[{"damage_healed":0.0,"max_hp_gain":0.0,"max_hp_loss":0.0,"gold_gain":99.0,"event_name":"Nest","player_choice":"Stole From Cult","floor":21.0,"gold_loss":0.0,"damage_taken":0.0},{"damage_healed":0.0,"max_hp_gain":0.0,"max_hp_loss":0.0,"gold_gain":0.0,"cards_transformed":["Sabotage","Strike_S"],"event_name":"Drug Dealer","player_choice":"Became Test Subject","floor":30.0,"gold_loss":0.0,"damage_taken":0.0,"cards_obtained":["Advance","SilverBlades"]},{"damage_healed":0.0,"max_hp_gain":0.0,"max_hp_loss":0.0,"gold_gain":0.0,"event_name":"SensoryStone","player_choice":"Memory 3","floor":36.0,"gold_loss":0.0,"damage_taken":10.0},{"cards_removed":["RealityMarble"],"damage_healed":0.0,"max_hp_gain":0.0,"max_hp_loss":0.0,"gold_gain":0.0,"event_name":"Falling","player_choice":"Removed Power","floor":38.0,"gold_loss":0.0,"damage_taken":0.0},{"damage_healed":0,"gold_gain":0,"player_choice":"Max HP","damage_taken":0,"max_hp_gain":0,"max_hp_loss":4,"event_name":"Winding Halls","floor":46,"gold_loss":0}],"is_beta":false,"boss_relics":[{"not_picked":["Coffee Dripper","Busted Crown"],"picked":"Empty Cage"},{"not_picked":["Snecko Eye","Sozu"],"picked":"StoneMask"}],"items_purged_floors":[44],"is_endless":false,"potions_floor_spawned":[2,5,7,16,18,24,28,33,35,37,39,40,42,45,48],"killed_by":"Donu and Deca","ascension_level":0}}