{"host":"xazfs2cmso1lkipw","time":1609343532,"event":{"mods":["Arknights The Spire","BaseMod","Bestiary","Better Third Choice","Colored Powertips","Custom Start","Highlight Path","Mad Scientist","Marisa????????","Minty Spire (QoL Compilation)","Quick Restart","Railgun Mod","Relic Stats","Remilia??????","Shop Mod","StSLib","The Alterego","The Elementalist","The Servant 0.9.4","TheSwordswoman"],"gold_per_floor":[115,115,65,85,85,85,101,130,130,161,161,177,67,83,83,184,184,202,277,287,287,299,299,299],"floor_reached":23,"playtime":1325,"items_purged":[],"score":326,"play_id":"86e49df5-b84f-477f-bf46-9f93b808bcc2","local_time":"20201230235212","daily_mods":["Hoarder","Specialized","Heirloom","Time Dilation","Flight","Elite Swarm","Lethality"],"is_ascension_mode":false,"campfire_choices":[{"floor":6,"key":"REST"},{"floor":11,"key":"REST"},{"floor":15,"key":"REST"}],"circlet_count":0,"master_deck":["Demon Form","Wraith Form v2","Echo Form","DevaForm","TheRailgun:Level_6","FlawlessForm","Strike_MRS","Strike_MRS","Strike_MRS","Strike_MRS","Defend_MRS","Defend_MRS","Defend_MRS","Defend_MRS","MasterSpark","UpSweep","OpenUniverse","OpenUniverse","OpenUniverse","OpenUniverse","OpenUniverse","OpenUniverse","OpenUniverse","OpenUniverse","OpenUniverse","OpenUniverse","OpenUniverse","OpenUniverse","OpenUniverse","OpenUniverse","OpenUniverse","MilkyWay","MilkyWay","MilkyWay","DragonMeteor","DragonMeteor","DragonMeteor","DoubleSpark","DoubleSpark","DoubleSpark","NonDirectionalLaser","NonDirectionalLaser","NonDirectionalLaser","Occultation","Occultation","Occultation","MachineGunSpark","MachineGunSpark","MachineGunSpark","MagicChant","MagicChant","MagicChant","GravityBeat","GravityBeat","GravityBeat","StarDustReverie","StarDustReverie","StarDustReverie","BinaryStars","BinaryStars","BinaryStars","MagicChant","MagicChant","MagicChant","FairyDestructionRay","FairyDestructionRay","FairyDestructionRay","OrrerysSun","OrrerysSun","OrrerysSun","SprinkleStarSeal","SprinkleStarSeal","SprinkleStarSeal","MillisecondPulsars","MillisecondPulsars","MillisecondPulsars","DarkSpark","DarkSpark","DarkSpark","MysteriousBeam","MysteriousBeam","MysteriousBeam","Orbital+1","Orbital+1","Orbital+1"],"relics":["MiniHakkero","MagicBroom","Orichalcum","Unceasing Top","StrikeDummy","Darkstone Periapt","Runic Pyramid"],"acts_visited":["Exordium","TheCity"],"potions_floor_usage":[],"damage_taken":[{"damage":17,"enemies":"2 Louse","floor":1,"turns":2},{"damage":9,"enemies":"Jaw Worm","floor":4,"turns":3},{"damage":0,"enemies":"Cultist","floor":7,"turns":2},{"damage":0,"enemies":"3 Sentries","floor":8,"turns":5},{"damage":21,"enemies":"Gremlin Nob","floor":10,"turns":3},{"damage":2,"enemies":"Lots of Slimes","floor":12,"turns":2},{"damage":21,"enemies":"3 Louse","floor":14,"turns":2},{"damage":32,"enemies":"The Guardian","floor":16,"turns":6},{"damage":17,"enemies":"Chosen","floor":18,"turns":4},{"damage":0,"enemies":"Spheric Guardian","floor":20,"turns":1},{"damage":44,"enemies":"Shelled Parasite and Fungi","floor":22,"turns":4},{"damage":39,"enemies":"Slavers","floor":23,"turns":2}],"seed_played":"-4683692416316760741","potions_obtained":[{"floor":1,"key":"SteroidPotion"},{"floor":12,"key":"CultistPotion"},{"floor":14,"key":"PowerPotion"},{"floor":16,"key":"BottledSpark"}],"is_trial":true,"path_per_floor":["M","?","?","M","T","R","M","E","T","E","R","M","$","M","R","B",null,"M","?","M","?","M","E"],"character_chosen":"MARISA","items_purchased":["FairyDestructionRay","OrrerysSun"],"campfire_rested":3,"item_purchase_floors":[13,13],"current_hp_per_floor":[58,58,58,49,49,71,71,71,71,50,72,70,70,49,71,39,75,58,51,51,75,31,0,0],"gold":299,"neow_bonus":"","is_daily":false,"chose_seed":false,"campfire_upgraded":0,"win_rate":0.0,"timestamp":1609343532,"path_taken":["M","?","?","M","?","R","M","E","T","E","R","M","$","M","R","BOSS","M","?","?","?","M","E"],"items_purchased_type":["Card","Card"],"build_version":"2020-12-22","purchased_purges":0,"victory":false,"max_hp_per_floor":[75,75,75,75,75,75,75,75,75,75,75,75,75,75,75,75,75,75,75,75,75,75,75,75],"relic_stats":{"Darkstone Periapt":0,"counters":[12,36],"Orichalcum":[102],"obtain_stats":[{"Darkstone Periapt":10,"MagicBroom":0,"Shuriken":10,"MiniHakkero":0,"Orichalcum":5,"StrikeDummy":9,"Unceasing Top":8,"Runic Pyramid":17},{"Darkstone Periapt":5,"MagicBroom":0,"Shuriken":5,"MiniHakkero":0,"Orichalcum":2,"StrikeDummy":4,"Unceasing Top":4,"Runic Pyramid":8},{"Darkstone Periapt":15,"MagicBroom":0,"Shuriken":14,"MiniHakkero":0,"Orichalcum":5,"StrikeDummy":12,"Unceasing Top":12,"Runic Pyramid":25}],"Unceasing Top":[0]},"card_choices":[{"not_picked":["Orbital","6A"],"picked":"MilkyWay","floor":1},{"not_picked":["WitchLeyline","PowerUp"],"picked":"MagicChant","floor":4},{"not_picked":["Orbital","UnstableBomb"],"picked":"GravityBeat","floor":7},{"not_picked":["JA","SuperNova"],"picked":"StarDustReverie","floor":8},{"not_picked":["ManaRampage","TreasureHunter"],"picked":"BinaryStars","floor":10},{"not_picked":["NonDirectionalLaser","RefractionSpark"],"picked":"MagicChant","floor":12},{"not_picked":["SporeBomb","GrandCross"],"picked":"SprinkleStarSeal","floor":14},{"not_picked":["CollectingQuirk","SuperNova"],"picked":"MillisecondPulsars","floor":16},{"not_picked":["OpenUniverse+1","GrandCross"],"picked":"DarkSpark","floor":18},{"not_picked":["WitchOfGreed","NonDirectionalLaser"],"picked":"MysteriousBeam","floor":20},{"not_picked":["MilkyWay","GalacticHalo"],"picked":"Orbital+1","floor":22}],"player_experience":16374,"relics_obtained":[{"floor":5,"key":"Orichalcum"},{"floor":8,"key":"Unceasing Top"},{"floor":9,"key":"StrikeDummy"},{"floor":10,"key":"Darkstone Periapt"}],"event_choices":[{"cards_removed":["BatForm"],"damage_healed":0,"gold_gain":0,"player_choice":"Card Removal","damage_taken":0,"max_hp_gain":0,"max_hp_loss":0,"event_name":"The Cleric","floor":3,"gold_loss":50},{"damage_healed":0,"gold_gain":75,"player_choice":"Touch","damage_taken":7,"max_hp_gain":0,"max_hp_loss":0,"event_name":"FaceTrader","floor":19,"gold_loss":0},{"damage_healed":25,"gold_gain":0,"player_choice":"Heal","damage_taken":0,"max_hp_gain":0,"max_hp_loss":0,"event_name":"The Library","floor":21,"gold_loss":0}],"is_beta":false,"boss_relics":[{"not_picked":["Runic Dome","SacredBark"],"picked":"Runic Pyramid"}],"items_purged_floors":[],"is_endless":false,"potions_floor_spawned":[1,12,14,16,22],"killed_by":"Slavers","ascension_level":0}}