{"host":"4y6zclctjmj98pnk","time":1609337058,"event":{"mods":["Arknights The Spire","Aspiration","BaseMod","Best Route Mod","Better Third Choice","Challenge The Spire","Colored Map","GifTheSpireLib","Minty Spire (QoL Compilation)","Relic Stats","Replay The Spire","Spicy Shops","StSLib","UnlockEverythingMod"],"gold_per_floor":[116,116,41,116,134,169,181,207,231,11,30,30,44,77,77,182,182,200,212,127,127,127,127],"floor_reached":22,"playtime":1199,"items_purged":["Injury"],"score":229,"play_id":"5615e7ad-5c05-44c9-b438-2a767782dd81","local_time":"20201230220418","is_ascension_mode":false,"campfire_choices":[{"data":"ats:Healing Strengthening","floor":15,"key":"SMITH"}],"circlet_count":0,"master_deck":["ats:Strike C","ats:Strike G","ats:Strike S","ats:Strike V","ats:Armor Crushing Shot","ats:Defend","ats:Defend","ats:Defend","ats:Defend","ats:Emotion Absorption","ats:Explosion Area Strengthen","ats:Directed Diagnosis+1","ats:Overload+1","ats:Healing Strengthening+1","ats:Shell Defense+1","ats:Magnetic Hammer+1","ats:Sword Rain+1","ats:Revitalization+1","ats:True Silver Slash+1","CurseOfTheBell","ats:Revitalization+1","FTL+1"],"relics":["ats:Sanity","NeowsBlessing","Toxic Egg 2","ats:Originium","Molten Egg 2","HornCleat","Pen Nib","Anchor","PrismaticShard","Replay:Bottled Flurry","Calling Bell","Oddly Smooth Stone","aspiration:SeaSaltIceCream","aspiration:Nostalgia","Replay:M_StaffOfTheSnake","Turnip","Nunchaku"],"acts_visited":["Exordium","TheCity"],"potions_floor_usage":[8,16],"damage_taken":[{"damage":0,"enemies":"Small Slimes","floor":1,"turns":2},{"damage":0,"enemies":"Jaw Worm","floor":5,"turns":1},{"damage":0,"enemies":"3 Sentries","floor":6,"turns":2},{"damage":0,"enemies":"2 Louse","floor":7,"turns":3},{"damage":41,"enemies":"Lagavulin","floor":8,"turns":6},{"damage":0,"enemies":"2 Fungi Beasts","floor":11,"turns":3},{"damage":4,"enemies":"Large Slime","floor":13,"turns":6},{"damage":9,"enemies":"3 Sentries","floor":14,"turns":7},{"damage":43,"enemies":"Fading Forest","floor":16,"turns":11},{"damage":10,"enemies":"Shell Parasite","floor":18,"turns":9},{"damage":58,"enemies":"Spheric Guardian","floor":19,"turns":8}],"seed_played":"-8709000828324338175","potions_obtained":[{"floor":1,"key":"GamblersBrew"},{"floor":7,"key":"Fire Potion"},{"floor":13,"key":"ats:Emergency Sanity Potion"},{"floor":14,"key":"ats:Top Emergency Sanity Potion"},{"floor":16,"key":"ColorlessPotion"}],"is_trial":false,"path_per_floor":["M","?","$","?","M","E","M","E","T","$","M","?","M","E","R","B",null,"M","M","?","?","$"],"character_chosen":"DOCTOR_CLASS","items_purchased":["ats:Magnetic Hammer+1","Anchor"],"campfire_rested":0,"item_purchase_floors":[10,10],"current_hp_per_floor":[72,72,72,61,61,64,64,23,23,23,27,27,26,21,21,35,72,62,39,39,39,39,39],"gold":127,"neow_bonus":"THREE_ENEMY_KILL","is_daily":false,"chose_seed":false,"campfire_upgraded":1,"win_rate":0.0,"timestamp":1609337058,"path_taken":["M","?","$","?","M","E","M","E","T","?","?","?","M","E","R","BOSS","M","M","?","?","?"],"items_purchased_type":["Card","Relic"],"build_version":"2020-12-22","purchased_purges":1,"victory":false,"max_hp_per_floor":[72,72,72,72,72,72,72,72,72,72,72,72,72,72,72,72,72,72,72,72,72,72,72],"relic_stats":{"Nunchaku":[0],"counters":[11,58],"Pen Nib":[7],"Turnip":[7],"obtain_stats":[{"Replay:M_StaffOfTheSnake":17,"NeowsBlessing":0,"aspiration:Nostalgia":17,"Oddly Smooth Stone":17,"Pen Nib":9,"aspiration:SeaSaltIceCream":17,"PrismaticShard":12,"Calling Bell":17,"Anchor":10,"Nunchaku":20,"HornCleat":8,"ats:Originium":6,"Molten Egg 2":6,"Turnip":17,"Replay:Bottled Flurry":14,"ats:Sanity":0,"Toxic Egg 2":2},{"Replay:M_StaffOfTheSnake":9,"NeowsBlessing":0,"aspiration:Nostalgia":9,"Oddly Smooth Stone":9,"Pen Nib":5,"aspiration:SeaSaltIceCream":9,"PrismaticShard":6,"Calling Bell":9,"Anchor":5,"Nunchaku":11,"HornCleat":5,"ats:Originium":3,"Molten Egg 2":3,"Turnip":9,"Replay:Bottled Flurry":8,"ats:Sanity":0,"Toxic Egg 2":1},{"Replay:M_StaffOfTheSnake":41,"NeowsBlessing":0,"aspiration:Nostalgia":41,"Oddly Smooth Stone":41,"Pen Nib":14,"aspiration:SeaSaltIceCream":41,"PrismaticShard":17,"Calling Bell":41,"Anchor":14,"Nunchaku":58,"HornCleat":14,"ats:Originium":5,"Molten Egg 2":5,"Turnip":41,"Replay:Bottled Flurry":30,"ats:Sanity":0,"Toxic Egg 2":2}]},"card_choices":[{"not_picked":["ats:Flame Of Heaven","ats:Burning Ground"],"picked":"ats:Explosion Area Strengthen","floor":1},{"not_picked":["ats:Leaping Hammer","ats:Closed Bolt Burst Fire"],"picked":"ats:Directed Diagnosis+1","floor":5},{"not_picked":["ats:Flexible Camouflage+1","ats:LN2 Cannon+1"],"picked":"ats:Overload+1","floor":6},{"not_picked":["ats:Ignite+1","ats:Consecutive Shot Auto+1"],"picked":"ats:Healing Strengthening","floor":7},{"not_picked":["ats:Explosion Area Strengthen+1","ats:Consecutive Shot Auto+1"],"picked":"ats:Shell Defense+1","floor":8},{"not_picked":["ats:Explosion Area Strengthen+1","ats:Nebulous Foxfire+1"],"picked":"ats:Sword Rain+1","floor":11},{"not_picked":["Cleave+1","CrushJoints+1","ThirdEye+1"],"picked":"SKIP","floor":13},{"not_picked":["ReplayTheSpireMod:Corrosion Curse+1","EmptyBody+1"],"picked":"ats:Revitalization+1","floor":14},{"not_picked":["Reboot+1","Malaise+1"],"picked":"ats:True Silver Slash+1","floor":16},{"not_picked":["ThirdEye+1","Panic Button+1"],"picked":"ats:Revitalization+1","floor":18},{"not_picked":["Replay:BluntJabs+1","Gash+1"],"picked":"FTL+1","floor":19}],"player_experience":284501,"relics_obtained":[{"floor":6,"key":"ats:Originium"},{"floor":6,"key":"Molten Egg 2"},{"floor":8,"key":"ats:Originium"},{"floor":8,"key":"HornCleat"},{"floor":9,"key":"Pen Nib"},{"floor":14,"key":"ats:Originium"},{"floor":14,"key":"Replay:Bottled Flurry"},{"floor":17,"key":"Oddly Smooth Stone"},{"floor":17,"key":"aspiration:SeaSaltIceCream"},{"floor":17,"key":"Turnip"}],"event_choices":[{"damage_healed":0,"gold_gain":75,"player_choice":"Gold","damage_taken":11,"max_hp_gain":0,"max_hp_loss":0,"event_name":"betterThird:BetterGoop","floor":4,"gold_loss":0},{"damage_healed":0,"gold_gain":0,"player_choice":"Obtained Relic","damage_taken":0,"relics_obtained":["Nunchaku"],"max_hp_gain":0,"max_hp_loss":0,"event_name":"Addict","floor":20,"gold_loss":85}],"is_beta":false,"boss_relics":[{"not_picked":["Philosopher\u0027s Stone","Empty Cage"],"picked":"Calling Bell"}],"items_purged_floors":[3],"is_endless":false,"potions_floor_spawned":[1,7,13,14,16,19],"ascension_level":0}}