{"host":"kdt6w7ix8lwe69i9","time":1609296668,"event":{"mods":["Bartender","BaseMod","ChefMod","Downfall","Fiend Mod","Jorbs\u0027s Wanderer Trilogy","Minty Spire (QoL Compilation)","Reimu（博丽灵梦）","Robot Space Explorer","StSLib","The Cursed","The Disciple","The Dragon Tamer","The Druid","The Elementalist","The Forsaken","The Gatherer","The Judge","The Marked","TheBandit"],"gold_per_floor":[111,122,29,29,29,59,59,69,69,69,100,100,100,134,134,237,237,251,270,270,270,270,270,270,300,300,300,225,225,258,21,21,119,119,132,0,19,39,39,39,64,64,64,64,82,99,127,127,127,127,127],"floor_reached":50,"playtime":4517,"items_purged":[],"score":600,"play_id":"23c56ce2-4402-46c6-84d8-e0bbff1fce90","local_time":"20201229215108","is_ascension_mode":false,"campfire_choices":[{"data":"chefmod:FrozenTuna","floor":7,"key":"SMITH"},{"floor":10,"key":"REST"},{"data":"chefmod:NoSoupForYou","floor":13,"key":"SMITH"},{"data":"chefmod:OldCookbook","floor":15,"key":"SMITH"},{"data":"chefmod:OrderUp","floor":23,"key":"SMITH"},{"data":"chefmod:DimSum","floor":27,"key":"SMITH"},{"floor":29,"key":"RECALL"},{"data":"chefmod:FreezerBurn","floor":32,"key":"SMITH"},{"data":"chefmod:CandyBowl","floor":40,"key":"SMITH"},{"floor":44,"key":"REST"},{"data":"chefmod:CayenneCloud","floor":49,"key":"SMITH"}],"circlet_count":0,"master_deck":["chefmod:Strike","chefmod:Strike","chefmod:Strike","chefmod:Strike","chefmod:Defend","chefmod:Defend","chefmod:Defend","chefmod:QuickThaw+1","chefmod:TodaysSpecial","chefmod:FrozenTuna+1","chefmod:DimSum+1","chefmod:FireUp","chefmod:SliceAndDice","chefmod:Flambe","chefmod:DinoKale","chefmod:OldCookbook+1","chefmod:NoSoupForYou+1","chefmod:OldCookbook","chefmod:Gelato","chefmod:OrderUp+1","chefmod:ColdSteel","chefmod:ColdSteel","chefmod:FreezeSolid","Slimebound:CheckThePlaybook","Slimebound:Icky","chefmod:Chop","chefmod:FireUp","chefmod:FreezerBurn+1","chefmod:CayenneCloud+1","chefmod:Gelato","chefmod:CandyBowl+1","chefmod:FryPan+1","chefmod:FireUp+1","chefmod:Puree+1","chefmod:Gelato+1","chefmod:Gelato+1","chefmod:Gelato"],"relics":["chefmod:TrustyPot","StrikeDummy","Torii","Tea:ReiMu","Mango","Guardian:PocketSentry","Silver_Glasses","MutagenicStrength","Kunai","White Beast Statue","Pocketwatch","Membership Card","Velvet Choker","Red Mask","chefmod:RollingPin","Ice Cream","Regal Pillow"],"acts_visited":["Exordium","TheCity","TheBeyond"],"potions_floor_usage":[6,11,14,25,33,38,41,41,47,47,50],"damage_taken":[{"damage":3,"enemies":"Small Slimes","floor":1,"turns":3},{"damage":0,"enemies":"Cultist","floor":2,"turns":3},{"damage":17,"enemies":"3 Sentries","floor":6,"turns":8},{"damage":2,"enemies":"2 Louse","floor":8,"turns":2},{"damage":14,"enemies":"Gremlin Nob","floor":11,"turns":3},{"damage":20,"enemies":"3 Sentries","floor":14,"turns":5},{"damage":24,"enemies":"The Guardian","floor":16,"turns":14},{"damage":0,"enemies":"3 Byrds","floor":18,"turns":4},{"damage":11,"enemies":"Chosen","floor":19,"turns":6},{"damage":12,"enemies":"Slavers","floor":25,"turns":5},{"damage":46,"enemies":"Gremlin Leader","floor":30,"turns":6},{"damage":46,"enemies":"Collector","floor":33,"turns":12},{"damage":16,"enemies":"Orb Walker","floor":35,"turns":4},{"damage":11,"enemies":"3 Shapes","floor":37,"turns":4},{"damage":18,"enemies":"Maw","floor":38,"turns":7},{"damage":25,"enemies":"Reptomancer","floor":41,"turns":8},{"damage":1,"enemies":"Jaw Worm Horde","floor":45,"turns":3},{"damage":17,"enemies":"3 Darklings","floor":46,"turns":6},{"damage":5,"enemies":"Nemesis","floor":47,"turns":6},{"damage":58,"enemies":"Donu and Deca","floor":50,"turns":6}],"seed_played":"-7403845702636719837","potions_obtained":[{"floor":1,"key":"ColorlessPotion"},{"floor":6,"key":"Strength Potion"},{"floor":8,"key":"DistilledChaos"},{"floor":16,"key":"PowerPotion"},{"floor":30,"key":"sneckomod:MuddlingPotion"},{"floor":33,"key":"Strength Potion"},{"floor":35,"key":"ColorlessPotion"},{"floor":37,"key":"EssenceOfSteel"},{"floor":38,"key":"PowerPotion"},{"floor":41,"key":"Block Potion"},{"floor":45,"key":"Strength Potion"},{"floor":46,"key":"DistilledChaos"},{"floor":47,"key":"SteroidPotion"}],"is_trial":false,"path_per_floor":["M","M","$","?","?","E","R","M","T","R","E","?","R","E","R","B",null,"M","M","?","?","?","R","?","E","T","R","?","R","E","$","R","B",null,"M","?","M","M","$","R","E","?","T","R","M","M","E","?","R","B"],"character_chosen":"THE_CHEF","items_purchased":["chefmod:SliceAndDice","chefmod:Flambe","Membership Card","chefmod:FreezerBurn","chefmod:CayenneCloud","chefmod:Gelato"],"campfire_rested":2,"item_purchase_floors":[3,3,31,31,31,31],"current_hp_per_floor":[73,73,73,66,66,49,49,47,47,69,69,69,69,49,49,25,90,90,79,79,79,79,79,79,67,67,67,67,67,21,21,48,2,90,74,74,63,45,45,72,47,47,47,74,73,56,51,51,51,0,0],"gold":127,"neow_bonus":"THREE_RARE_CARDS","is_daily":false,"chose_seed":false,"campfire_upgraded":8,"win_rate":0.0,"timestamp":1609296668,"path_taken":["M","M","$","?","?","E","R","M","T","R","E","?","R","E","R","BOSS","M","M","?","?","?","R","?","E","T","R","?","R","E","?","R","BOSS","M","?","M","M","$","R","E","?","T","R","M","M","E","?","R","BOSS"],"items_purchased_type":["Card","Card","Relic","Card","Card","Card"],"build_version":"2020-12-22","purchased_purges":0,"victory":false,"max_hp_per_floor":[76,76,76,76,76,76,76,76,76,76,90,90,90,90,90,90,90,90,90,90,90,90,90,90,90,90,90,90,90,90,90,90,90,90,90,90,90,90,90,90,90,90,90,90,90,90,90,90,90,90,90],"card_choices":[{"not_picked":["chefmod:OrderUp","chefmod:TwoForOne"],"picked":"chefmod:FrozenTuna","floor":0},{"not_picked":["chefmod:Granita","chefmod:CleanHouse"],"picked":"chefmod:DimSum","floor":1},{"not_picked":["chefmod:Chop","chefmod:CleanHouse"],"picked":"chefmod:FireUp","floor":2},{"not_picked":["chefmod:SliceAndDice","chefmod:Sorbet"],"picked":"chefmod:DinoKale","floor":6},{"not_picked":["chefmod:FireUp","chefmod:DinoKale"],"picked":"chefmod:OldCookbook","floor":8},{"not_picked":["chefmod:DeepFreeze","chefmod:ColdSteel"],"picked":"chefmod:NoSoupForYou","floor":11},{"not_picked":["chefmod:Defrost","chefmod:MonsterBait"],"picked":"chefmod:Gelato","floor":14},{"not_picked":["chefmod:DeathByChocolate","chefmod:CapreseSalad"],"picked":"chefmod:OrderUp","floor":16},{"not_picked":["chefmod:FireUp","chefmod:Gelato"],"picked":"chefmod:ColdSteel","floor":18},{"not_picked":["chefmod:CleanHouse","chefmod:FarmersMarket"],"picked":"chefmod:ColdSteel","floor":19},{"not_picked":["chefmod:Granita","chefmod:DinoKale"],"picked":"chefmod:Chop","floor":25},{"not_picked":["chefmod:DeathByChocolate","chefmod:ZaruSoba"],"picked":"chefmod:FireUp","floor":30},{"not_picked":["chefmod:RisingDough","chefmod:DeepFreeze"],"picked":"chefmod:CandyBowl","floor":33},{"not_picked":["chefmod:FreshProduce+1","chefmod:IcePick+1"],"picked":"chefmod:Sorbet+1","floor":35},{"not_picked":["chefmod:ZaruSoba+1","chefmod:FarmersMarket"],"picked":"chefmod:FryPan+1","floor":37},{"not_picked":["chefmod:Granita","chefmod:Fillet+1"],"picked":"chefmod:FireUp+1","floor":38},{"not_picked":["chefmod:Tenderizer","chefmod:TwoForOne"],"picked":"chefmod:Puree+1","floor":41},{"not_picked":["chefmod:DoubleChop+1","chefmod:Chop"],"picked":"chefmod:Gelato+1","floor":45},{"not_picked":["chefmod:Chop","chefmod:FryPan+1"],"picked":"chefmod:Gelato+1","floor":46},{"not_picked":["chefmod:LiquidNitrogen+1","chefmod:FryPan"],"picked":"chefmod:Gelato","floor":47}],"player_experience":1638498,"relics_obtained":[{"floor":6,"key":"Tea:ReiMu"},{"floor":11,"key":"Mango"},{"floor":14,"key":"Guardian:PocketSentry"},{"floor":25,"key":"Kunai"},{"floor":26,"key":"White Beast Statue"},{"floor":30,"key":"Pocketwatch"},{"floor":41,"key":"chefmod:RollingPin"},{"floor":43,"key":"Ice Cream"},{"floor":47,"key":"Regal Pillow"}],"event_choices":[{"damage_healed":0,"gold_gain":0,"player_choice":"Success","damage_taken":7,"relics_obtained":["StrikeDummy"],"max_hp_gain":0,"max_hp_loss":0,"event_name":"Scrap Ooze","floor":4,"gold_loss":0},{"damage_healed":0,"gold_gain":0,"player_choice":"Box","damage_taken":0,"relics_obtained":["Torii"],"max_hp_gain":0,"max_hp_loss":0,"event_name":"Big Fish","floor":5,"gold_loss":0,"cards_obtained":["Regret"]},{"damage_healed":0,"gold_gain":0,"cards_transformed":["chefmod:Strike"],"player_choice":"Transformed","damage_taken":0,"max_hp_gain":0,"max_hp_loss":0,"event_name":"Transmorgrifier","floor":12,"gold_loss":0,"cards_obtained":["chefmod:OldCookbook"]},{"damage_healed":0,"gold_gain":0,"player_choice":"Read","damage_taken":0,"max_hp_gain":0,"max_hp_loss":0,"event_name":"The Library","floor":20,"gold_loss":0,"cards_obtained":["chefmod:FreezeSolid"]},{"cards_removed":["Regret"],"damage_healed":0,"gold_gain":0,"player_choice":"Elegance","damage_taken":0,"max_hp_gain":0,"max_hp_loss":0,"event_name":"Back to Basics","floor":22,"gold_loss":0},{"damage_healed":0,"gold_gain":0,"player_choice":"Inject Mutagens","damage_taken":0,"relics_obtained":["MutagenicStrength"],"max_hp_gain":0,"max_hp_loss":0,"event_name":"Drug Dealer","floor":24,"gold_loss":0},{"cards_removed":["WordoMod:FoggyMind"],"damage_healed":0,"gold_gain":0,"player_choice":"Gave Gold","damage_taken":0,"max_hp_gain":0,"max_hp_loss":0,"event_name":"Beggar","floor":28,"gold_loss":75},{"damage_healed":0,"gold_gain":0,"player_choice":"Paid","damage_taken":0,"relics_obtained":["Red Mask"],"max_hp_gain":0,"max_hp_loss":0,"event_name":"Tomb of Lord Red Mask","floor":36,"gold_loss":132},{"cards_removed":["chefmod:Sorbet"],"damage_healed":0,"gold_gain":0,"player_choice":"Removed Skill","damage_taken":0,"max_hp_gain":0,"max_hp_loss":0,"event_name":"Falling","floor":42,"gold_loss":0},{"damage_healed":0,"gold_gain":0,"player_choice":"Upgraded","damage_taken":0,"max_hp_gain":0,"max_hp_loss":0,"event_name":"Upgrade Shrine","floor":48,"gold_loss":0,"cards_upgraded":["chefmod:QuickThaw"]}],"is_beta":false,"boss_relics":[{"not_picked":["Sozu","Runic Dome"],"picked":"Silver_Glasses"},{"not_picked":["Runic Pyramid","Fiend:Scarf"],"picked":"Velvet Choker"}],"items_purged_floors":[],"is_endless":false,"potions_floor_spawned":[1,6,8,16,30,33,35,37,38,41,45,46,47],"killed_by":"Donu and Deca","ascension_level":0}}