{"host":"zh52cun1g5egmafn","time":1609339764,"event":{"mods":["Arknights The Spire","BaseMod","DeckTracker","Highlight Path","Minty Spire (QoL Compilation)","StSLib"],"gold_per_floor":[113,42,13,13,28,63,63,82,105,124,137,156,106,117,117,221,221,206,223,66,77,77,77,87,16,42,42,56,56,56,70,70,169,169,180,41,91,107,107,107,142,1,1,16,41,55,55,71,71,71,71],"floor_reached":50,"playtime":5037,"items_purged":["Defend_G","Strike_G"],"score":556,"play_id":"d55c1628-936d-49f3-af43-800508dd55e3","local_time":"20201230234924","is_ascension_mode":false,"campfire_choices":[{"data":"Footwork","floor":7.0,"key":"SMITH"},{"floor":15.0,"key":"REST"},{"data":"Noxious Fumes","floor":23.0,"key":"SMITH"},{"data":"Footwork","floor":27.0,"key":"SMITH"},{"floor":29.0,"key":"REST"},{"floor":32.0,"key":"REST"},{"data":"Footwork","floor":40.0,"key":"SMITH"},{"floor":49,"key":"REST"}],"circlet_count":0,"master_deck":["Defend_G","Defend_G","Defend_G","Survivor","Neutralize","Noxious Fumes+1","Footwork+1","Caltrops","Backstab","PiercingWail","After Image","Caltrops","Acrobatics+1","Backflip","Footwork+1","Catalyst","Tools of the Trade","Reflex","Footwork+1","Outmaneuver","Footwork+1"],"relics":["Ring of the Snake","ats:Originium","Snake Skull","Happy Flower","WristBlade","Lantern","Empty Cage","Peace Pipe","Toy Ornithopter","Bronze Scales","Frozen Egg 2","Ornamental Fan"],"acts_visited":["Exordium","TheCity","TheBeyond"],"potions_floor_usage":[50],"damage_taken":[{"damage":4.0,"enemies":"Jaw Worm","floor":1.0,"turns":8.0},{"damage":0.0,"enemies":"Cultist","floor":5.0,"turns":5.0},{"damage":0.0,"enemies":"Lagavulin","floor":6.0,"turns":8.0},{"damage":1.0,"enemies":"2 Louse","floor":8.0,"turns":3.0},{"damage":9.0,"enemies":"Blue Slaver","floor":10.0,"turns":4.0},{"damage":5.0,"enemies":"Red Slaver","floor":11.0,"turns":5.0},{"damage":2.0,"enemies":"Large Slime","floor":12.0,"turns":7.0},{"damage":9.0,"enemies":"Exordium Wildlife","floor":14.0,"turns":4.0},{"damage":32.0,"enemies":"Hexaghost","floor":16.0,"turns":11.0},{"damage":12.0,"enemies":"2 Thieves","floor":18.0,"turns":4.0},{"damage":0.0,"enemies":"Chosen","floor":19.0,"turns":7.0},{"damage":5.0,"enemies":"Sentry and Sphere","floor":21.0,"turns":7.0},{"damage":5.0,"enemies":"Shelled Parasite and Fungi","floor":24.0,"turns":8.0},{"damage":8.0,"enemies":"Snake Plant","floor":28.0,"turns":5.0},{"damage":17.0,"enemies":"3 Cultists","floor":31.0,"turns":6.0},{"damage":19.0,"enemies":"Automaton","floor":33.0,"turns":11.0},{"damage":12.0,"enemies":"3 Darklings","floor":35.0,"turns":5.0},{"damage":0.0,"enemies":"Mind Bloom Boss Battle","floor":37.0,"turns":10.0},{"damage":8.0,"enemies":"Orb Walker","floor":38.0,"turns":6.0},{"damage":25.0,"enemies":"Nemesis","floor":41.0,"turns":13.0},{"damage":0.0,"enemies":"Spire Growth","floor":44.0,"turns":9.0},{"damage":9.0,"enemies":"Reptomancer","floor":45.0,"turns":9.0},{"damage":21.0,"enemies":"Writhing Mass","floor":46.0,"turns":6.0},{"damage":4,"enemies":"Transient","floor":48,"turns":5},{"damage":27,"enemies":"Time Eater","floor":50,"turns":3}],"seed_played":"634966134377741030","potions_obtained":[{"floor":1.0,"key":"EssenceOfSteel"},{"floor":5.0,"key":"ColorlessPotion"},{"floor":12.0,"key":"GamblersBrew"},{"floor":16.0,"key":"FearPotion"},{"floor":18.0,"key":"DistilledChaos"},{"floor":19.0,"key":"Swift Potion"},{"floor":37.0,"key":"ColorlessPotion"},{"floor":38.0,"key":"Explosive Potion"},{"floor":45.0,"key":"Dexterity Potion"}],"is_trial":false,"path_per_floor":["M","$","?","?","M","E","R","M","T","M","M","M","?","M","R","B",null,"M","M","$","M","?","R","M","$","T","R","M","R","$","M","R","B",null,"M","$","?","M","?","R","E","$","T","M","E","M","$","M","R","B"],"character_chosen":"THE_SILENT","items_purchased":["Footwork","Caltrops","Footwork","Reflex","Bronze Scales"],"campfire_rested":4,"item_purchase_floors":[2,20,25,36,42],"current_hp_per_floor":[66,66,66,66,66,66,66,65,65,56,51,49,49,40,61,29,70,58,58,58,53,53,53,48,48,48,48,40,61,61,44,65,46,70,58,58,58,50,50,50,25,25,25,25,26,5,5,1,22,0,0],"gold":71,"neow_bonus":"REMOVE_CARD","is_daily":false,"chose_seed":false,"campfire_upgraded":4,"win_rate":0.0,"timestamp":1609339764,"path_taken":["M","$","?","?","M","E","R","?","T","M","M","M","?","M","R","BOSS","M","M","$","M","?","R","M","$","T","R","?","R","?","M","R","BOSS","M","$","?","M","?","R","E","$","T","M","E","M","?","M","R","BOSS"],"items_purchased_type":["Card","Card","Card","Card","Relic"],"build_version":"2020-12-22","purchased_purges":2,"victory":false,"max_hp_per_floor":[70,70,70,70,70,70,70,70,70,70,70,70,70,70,70,70,70,70,70,70,70,70,70,70,70,70,70,70,70,70,70,70,70,70,70,70,70,70,70,70,70,70,70,70,70,70,70,70,70,70,70],"card_choices":[{"not_picked":["Outmaneuver","Choke"],"picked":"Noxious Fumes","floor":1.0},{"not_picked":["Quick Slash","Underhanded Strike","Flying Knee"],"picked":"SKIP","floor":5.0},{"not_picked":["Bouncing Flask","Catalyst"],"picked":"Caltrops","floor":6.0},{"not_picked":["Riddle With Holes","Heel Hook"],"picked":"Backstab","floor":8.0},{"not_picked":["Bouncing Flask","Eviscerate"],"picked":"PiercingWail","floor":10.0},{"not_picked":["Dash","Deadly Poison","Flechettes"],"picked":"SKIP","floor":11.0},{"not_picked":["Flechettes","Infinite Blades","Deadly Poison"],"picked":"SKIP","floor":12.0},{"not_picked":["Blade Dance","Deadly Poison","Dodge and Roll"],"picked":"SKIP","floor":14.0},{"not_picked":["Die Die Die","A Thousand Cuts"],"picked":"After Image","floor":16.0},{"not_picked":["Bane+1","Blade Dance","Eviscerate"],"picked":"SKIP","floor":18.0},{"not_picked":["Dash+1","Dagger Spray+1","Flying Knee"],"picked":"SKIP","floor":19.0},{"not_picked":["Quick Slash","Riddle With Holes"],"picked":"Acrobatics+1","floor":21.0},{"not_picked":["Skewer","Well Laid Plans+1"],"picked":"Backflip","floor":24.0},{"not_picked":["Backflip","Eviscerate","Slice+1"],"picked":"SKIP","floor":28.0},{"not_picked":["Riddle With Holes","Distraction"],"picked":"Catalyst","floor":31.0},{"not_picked":["Bullet Time","Unload"],"picked":"Tools of the Trade","floor":33.0},{"not_picked":["Slice+1","Backflip+1","Reflex+1"],"picked":"SKIP","floor":35.0},{"not_picked":["Dagger Throw","Endless Agony"],"picked":"Footwork","floor":37.0},{"not_picked":["Flying Knee+1","Well Laid Plans+1","Deadly Poison+1"],"picked":"SKIP","floor":38.0},{"not_picked":["Flechettes+1","Glass Knife","Catalyst+1"],"picked":"SKIP","floor":41.0},{"not_picked":["Blade Dance+1","Dash"],"picked":"Outmaneuver","floor":44.0},{"not_picked":["Blade Dance+1","Dagger Spray+1"],"picked":"Footwork+1","floor":45.0},{"not_picked":["Eviscerate+1","Infinite Blades+1","Escape Plan+1"],"picked":"SKIP","floor":46.0},{"not_picked":["Well Laid Plans+1","Quick Slash","Predator+1"],"picked":"SKIP","floor":48}],"player_experience":177046,"relics_obtained":[{"floor":6.0,"key":"ats:Originium"},{"floor":6.0,"key":"Snake Skull"},{"floor":9.0,"key":"Happy Flower"},{"floor":26.0,"key":"Lantern"},{"floor":37.0,"key":"Peace Pipe"},{"floor":41.0,"key":"ats:Originium"},{"floor":41.0,"key":"Toy Ornithopter"},{"floor":43.0,"key":"Frozen Egg 2"},{"floor":45.0,"key":"ats:Originium"},{"floor":45.0,"key":"Ornamental Fan"}],"event_choices":[{"damage_healed":0.0,"max_hp_gain":0.0,"max_hp_loss":0.0,"gold_gain":0.0,"event_name":"World of Goop","player_choice":"Left Gold","floor":3.0,"gold_loss":29.0,"damage_taken":0.0},{"cards_removed":["Strike_G"],"damage_healed":0.0,"max_hp_gain":0.0,"max_hp_loss":0.0,"gold_gain":0.0,"event_name":"Purifier","player_choice":"Purged","floor":4.0,"gold_loss":0.0,"damage_taken":0.0},{"cards_removed":["Strike_G"],"damage_healed":0.0,"max_hp_gain":0.0,"max_hp_loss":0.0,"gold_gain":0.0,"event_name":"The Cleric","player_choice":"Card Removal","floor":13.0,"gold_loss":50.0,"damage_taken":0.0},{"damage_healed":0.0,"max_hp_gain":0.0,"max_hp_loss":0.0,"gold_gain":0.0,"event_name":"The Woman in Blue","player_choice":"Bought 0 Potions","floor":22.0,"gold_loss":0.0,"damage_taken":0.0},{"damage_healed":0.0,"max_hp_gain":0.0,"max_hp_loss":0.0,"gold_gain":0.0,"event_name":"MindBloom","player_choice":"Fight","floor":37.0,"gold_loss":0.0,"damage_taken":0.0},{"damage_healed":0.0,"max_hp_gain":0.0,"max_hp_loss":0.0,"gold_gain":0.0,"event_name":"Tomb of Lord Red Mask","player_choice":"Ignored","floor":39.0,"gold_loss":0.0,"damage_taken":0.0}],"is_beta":false,"boss_relics":[{"not_picked":["Busted Crown","Fusion Hammer"],"picked":"WristBlade"},{"not_picked":["Coffee Dripper","Philosopher\u0027s Stone"],"picked":"Empty Cage"}],"items_purged_floors":[20,36],"is_endless":false,"potions_floor_spawned":[1,5,12,16,18,19,21,24,37,38,45],"killed_by":"Time Eater","ascension_level":0}}