{"host":"ryuep8ewa00k39z9","time":1609354561,"event":{"mods":["AchievementEnabler","BaseMod","Best Route Mod","Colored Map","Colored Powertips","Displayed Cursed Tome","Highlight Path","Minty Spire (QoL Compilation)","Quick Restart","SuperFastMode"],"gold_per_floor":[115,190,190,207,207,207,241,268,294,369,181,222,10,33,33,141,200,226,236,253,253,276,276,315,333,379,388,158,73,73,93,93,93,93],"floor_reached":33,"playtime":49213,"items_purged":["Strike_B","Strike_B","Writhe"],"score":400,"play_id":"ff53d00e-a7f4-4147-9e71-d315b8d835e1","local_time":"20201230125601","is_ascension_mode":true,"campfire_choices":[{"data":"Dualcast","floor":6.0,"key":"SMITH"},{"data":"Apotheosis","floor":15.0,"key":"SMITH"},{"data":"Fusion","floor":23.0,"key":"SMITH"},{"floor":30.0,"key":"REST"},{"floor":32.0,"key":"REST"}],"circlet_count":0,"master_deck":["Strike_B+1","Strike_B+1","Defend_B+1","Defend_B+1","Defend_B","Zap","Dualcast+1","Compile Driver+1","Lockon","Creative AI","Apotheosis+1","Coolheaded","Meteor Strike","Glacier","Fusion+1","Machine Learning","Darkness","Capacitor"],"relics":["Cracked Core","NeowsBlessing","CeramicFish","Whetstone","Membership Card","Strawberry","Lee\u0027s Waffle","Tiny House","Blue Candle","Ancient Tea Set","Dead Branch","Lantern","WingedGreaves"],"acts_visited":["Exordium","TheCity"],"potions_floor_usage":[33],"damage_taken":[{"damage":0.0,"enemies":"Jaw Worm","floor":1.0,"turns":1.0},{"damage":0.0,"enemies":"Cultist","floor":4.0,"turns":1.0},{"damage":0.0,"enemies":"3 Sentries","floor":7.0,"turns":1.0},{"damage":0.0,"enemies":"2 Louse","floor":8.0,"turns":2.0},{"damage":6.0,"enemies":"Gremlin Nob","floor":12.0,"turns":3.0},{"damage":7.0,"enemies":"Exordium Wildlife","floor":14.0,"turns":4.0},{"damage":3.0,"enemies":"Slime Boss","floor":16.0,"turns":8.0},{"damage":2.0,"enemies":"Shell Parasite","floor":18.0,"turns":12.0},{"damage":6.0,"enemies":"Spheric Guardian","floor":19.0,"turns":8.0},{"damage":22.0,"enemies":"Snake Plant","floor":20.0,"turns":2.0},{"damage":10.0,"enemies":"Sentry and Sphere","floor":22.0,"turns":8.0},{"damage":29.0,"enemies":"Gremlin Leader","floor":24.0,"turns":10.0},{"damage":17.0,"enemies":"Centurion and Healer","floor":25.0,"turns":5.0},{"damage":0.0,"enemies":"Snecko","floor":31.0,"turns":2.0},{"damage":66,"enemies":"Collector","floor":33,"turns":9}],"seed_played":"-6197126480534487330","potions_obtained":[{"floor":4.0,"key":"EntropicBrew"},{"floor":12.0,"key":"Block Potion"},{"floor":14.0,"key":"PotionOfCapacity"},{"floor":16.0,"key":"EssenceOfSteel"},{"floor":17.0,"key":"DistilledChaos"},{"floor":19.0,"key":"SneckoOil"},{"floor":22.0,"key":"SmokeBomb"},{"floor":24.0,"key":"SteroidPotion"},{"floor":31.0,"key":"SmokeBomb"}],"is_trial":false,"path_per_floor":["M","?","$","M","?","R","E","M","T","?","$","E","$","M","R","B",null,"M","M","M","?","M","R","E","M","T","?","$","?","R","M","R","B"],"character_chosen":"DEFECT","items_purchased":["Membership Card","Apotheosis","Lee\u0027s Waffle","Capacitor","Lantern","DuplicationPotion","ColorlessPotion"],"campfire_rested":2,"item_purchase_floors":[11,13,13,28,28,28,28],"current_hp_per_floor":[75,68,68,68,53,53,53,53,53,42,42,43,89,82,82,79,92,90,84,62,62,52,52,23,6,6,6,6,6,34,34,62,0,0],"gold":93,"neow_bonus":"THREE_ENEMY_KILL","is_daily":false,"chose_seed":false,"campfire_upgraded":3,"win_rate":0.0,"timestamp":1609354561,"path_taken":["M","?","?","M","?","R","E","?","T","?","$","E","$","M","R","BOSS","M","M","M","?","M","R","E","M","T","?","?","?","R","M","R","BOSS"],"items_purchased_type":["Relic","Card","Relic","Card","Relic","Potion","Potion"],"build_version":"2020-12-22","purchased_purges":3,"victory":false,"max_hp_per_floor":[75,75,75,75,75,75,75,75,75,75,75,82,89,89,89,89,94,94,94,94,94,94,94,94,94,94,94,94,94,94,94,94,94,94],"card_choices":[{"not_picked":["Steam","Redo","Go for the Eyes"],"picked":"SKIP","floor":1.0},{"not_picked":["Go for the Eyes","Steam Power"],"picked":"Compile Driver","floor":4.0},{"not_picked":["Beam Cell","Steam Power","Reprogram"],"picked":"SKIP","floor":7.0},{"not_picked":["Force Field","Redo"],"picked":"Lockon","floor":8.0},{"not_picked":["Static Discharge","Compile Driver"],"picked":"Creative AI","floor":12.0},{"not_picked":["Barrage","Beam Cell"],"picked":"Coolheaded","floor":14.0},{"not_picked":["Seek","Reboot"],"picked":"Meteor Strike","floor":16.0},{"not_picked":["Hello World","Compile Driver"],"picked":"Glacier","floor":17.0},{"not_picked":["Double Energy","Aggregate"],"picked":"Fusion","floor":18.0},{"not_picked":["Cold Snap+1","Reprogram","Conserve Battery"],"picked":"SKIP","floor":19.0},{"not_picked":["Go for the Eyes","Blizzard","Ball Lightning"],"picked":"SKIP","floor":20.0},{"not_picked":["Steam","Ball Lightning+1"],"picked":"Machine Learning","floor":22.0},{"not_picked":["Skim","Go for the Eyes"],"picked":"Darkness","floor":24.0},{"not_picked":["Ball Lightning+1","Cold Snap","Heatsinks"],"picked":"SKIP","floor":25.0},{"not_picked":["Stack","BootSequence","Consume"],"picked":"SKIP","floor":31.0}],"player_experience":3665410,"relics_obtained":[{"floor":7.0,"key":"CeramicFish"},{"floor":9.0,"key":"Whetstone"},{"floor":12.0,"key":"Strawberry"},{"floor":24.0,"key":"Blue Candle"},{"floor":26.0,"key":"Ancient Tea Set"}],"event_choices":[{"damage_healed":0.0,"max_hp_gain":0.0,"max_hp_loss":0.0,"gold_gain":75.0,"event_name":"FaceTrader","player_choice":"Touch","floor":2.0,"gold_loss":0.0,"damage_taken":7.0},{"damage_healed":0.0,"max_hp_gain":0.0,"max_hp_loss":0.0,"gold_gain":0.0,"event_name":"Shining Light","player_choice":"Entered Light","floor":5.0,"gold_loss":0.0,"damage_taken":15.0,"cards_upgraded":["Compile Driver","Defend_B"]},{"damage_healed":0.0,"max_hp_gain":0.0,"max_hp_loss":0.0,"gold_gain":75.0,"event_name":"World of Goop","player_choice":"Gather Gold","floor":10.0,"gold_loss":0.0,"damage_taken":11.0},{"cards_removed":["Defend_B"],"damage_healed":0.0,"max_hp_gain":0.0,"max_hp_loss":0.0,"gold_gain":0.0,"event_name":"Back to Basics","player_choice":"Elegance","floor":21.0,"gold_loss":0.0,"damage_taken":0.0},{"damage_healed":0.0,"max_hp_gain":0.0,"max_hp_loss":0.0,"gold_gain":0.0,"event_name":"The Mausoleum","player_choice":"Opened","floor":27.0,"gold_loss":0.0,"damage_taken":0.0,"relics_obtained":["Dead Branch"],"cards_obtained":["Writhe"]},{"damage_healed":0.0,"max_hp_gain":0.0,"max_hp_loss":0.0,"gold_gain":0.0,"event_name":"Addict","player_choice":"Obtained Relic","floor":29.0,"gold_loss":85.0,"damage_taken":0.0,"relics_obtained":["WingedGreaves"]}],"is_beta":false,"boss_relics":[{"not_picked":["Velvet Choker","Sozu"],"picked":"Tiny House"}],"items_purged_floors":[11,13,28],"is_endless":false,"potions_floor_spawned":[4,12,14,16,18,19,22,24,31],"killed_by":"Collector","ascension_level":5}}