{"host":"8w54i48wcuneocjq","time":1609354340,"event":{"mods":["2.2 Compatiblity","AchievementEnabler","BaseMod","DeckTracker","Minty Spire (QoL Compilation)","Random Character Button","Rare Cards Sparkle"],"gold_per_floor":[115,129,144,94,94,94,119,119,119,119,139,168,183,198,198,295,295,322,350,379,391,414,452,464,476,488,500,512,534,576,608,620,733,745,767,799,301,281,281,281,281],"floor_reached":40,"playtime":2414,"items_purged":["Defend_R"],"score":490,"play_id":"b7aafeb1-0f67-47f0-8dc2-92492e096b4e","local_time":"20201230195220","is_ascension_mode":false,"campfire_choices":[{"data":"Shrug It Off","floor":6.0,"key":"SMITH"},{"data":"Bash","floor":8.0,"key":"SMITH"},{"data":"Cleave","floor":10.0,"key":"SMITH"},{"data":"Iron Wave","floor":15.0,"key":"SMITH"},{"floor":24.0,"key":"REST"},{"floor":25.0,"key":"REST"},{"floor":28.0,"key":"REST"},{"data":"Pommel Strike","floor":32.0,"key":"SMITH"}],"circlet_count":0,"master_deck":["Strike_R","Strike_R","Strike_R","Defend_R","Bash+1","Shrug It Off+1","Pommel Strike","Cleave+1","Pommel Strike+1","Armaments+1","Flex+1","Iron Wave+1","Feed","CurseOfTheBell","Disarm+1","Reckless Charge+1","Shrug It Off+1","Feed","Metallicize+1","Impervious+1","Power Through+1","Uppercut+1","Metallicize+1"],"relics":["Burning Blood","NeowsBlessing","Question Card","Bird Faced Urn","Toxic Egg 2","WingedGreaves","Calling Bell","MawBank","Ornamental Fan","TungstenRod","Enchiridion","Frozen Egg 2","Mercury Hourglass","Bag of Preparation","Empty Cage","Lee\u0027s Waffle","Bottled Tornado"],"acts_visited":["Exordium","TheCity","TheBeyond"],"potions_floor_usage":[40],"damage_taken":[{"damage":0.0,"enemies":"2 Louse","floor":1.0,"turns":1.0},{"damage":0.0,"enemies":"Jaw Worm","floor":2.0,"turns":1.0},{"damage":0.0,"enemies":"Small Slimes","floor":3.0,"turns":1.0},{"damage":22.0,"enemies":"3 Sentries","floor":7.0,"turns":7.0},{"damage":2.0,"enemies":"2 Fungi Beasts","floor":11.0,"turns":3.0},{"damage":14.0,"enemies":"Gremlin Nob","floor":12.0,"turns":3.0},{"damage":3.0,"enemies":"Red Slaver","floor":13.0,"turns":3.0},{"damage":0.0,"enemies":"Lots of Slimes","floor":14.0,"turns":2.0},{"damage":30.0,"enemies":"Slime Boss","floor":16.0,"turns":7.0},{"damage":16.0,"enemies":"3 Byrds","floor":18.0,"turns":7.0},{"damage":21.0,"enemies":"2 Thieves","floor":19.0,"turns":5.0},{"damage":11.0,"enemies":"Snake Plant","floor":20.0,"turns":5.0},{"damage":10.0,"enemies":"Chosen and Byrds","floor":22.0,"turns":10.0},{"damage":45.0,"enemies":"Gremlin Leader","floor":23.0,"turns":7.0},{"damage":23.0,"enemies":"Centurion and Healer","floor":29.0,"turns":8.0},{"damage":11.0,"enemies":"Book of Stabbing","floor":30.0,"turns":7.0},{"damage":4.0,"enemies":"Cultist and Chosen","floor":31.0,"turns":10.0},{"damage":57.0,"enemies":"Automaton","floor":33.0,"turns":10.0},{"damage":10.0,"enemies":"3 Darklings","floor":35.0,"turns":7.0},{"damage":14.0,"enemies":"Orb Walker","floor":36.0,"turns":5.0},{"damage":0.0,"enemies":"Transient","floor":39.0,"turns":3.0},{"damage":114,"enemies":"Giant Head","floor":40,"turns":11}],"seed_played":"3995288236928784523","potions_obtained":[{"floor":1.0,"key":"Fruit Juice"},{"floor":11.0,"key":"Explosive Potion"},{"floor":12.0,"key":"AttackPotion"},{"floor":20.0,"key":"SmokeBomb"},{"floor":22.0,"key":"GamblersBrew"},{"floor":23.0,"key":"Strength Potion"},{"floor":31.0,"key":"Regen Potion"},{"floor":35.0,"key":"DuplicationPotion"},{"floor":38.0,"key":"Energy Potion"}],"is_trial":false,"path_per_floor":["M","M","M","?","?","R","E","R","T","R","M","E","M","M","R","B",null,"M","M","M","?","M","E","R","R","T","?","R","M","E","M","R","B",null,"M","M","$","?","M","E"],"character_chosen":"IRONCLAD","items_purchased":["Lee\u0027s Waffle","Bottled Tornado","Metallicize+1"],"campfire_rested":3,"item_purchase_floors":[37,37,37],"current_hp_per_floor":[85,85,85,85,78,78,62,62,62,62,66,58,61,67,67,43,85,75,63,58,46,47,10,37,64,64,64,91,74,69,78,78,48,97,96,93,110,110,110,0,0],"gold":281,"neow_bonus":"THREE_ENEMY_KILL","is_daily":false,"chose_seed":false,"campfire_upgraded":5,"win_rate":0.0,"timestamp":1609354340,"path_taken":["M","M","M","?","?","R","E","R","T","R","M","E","M","M","R","BOSS","M","M","M","?","M","E","R","R","T","?","R","M","E","M","R","BOSS","M","M","$","?","?","E"],"items_purchased_type":["Relic","Relic","Card"],"build_version":"2020-12-22","purchased_purges":1,"victory":false,"max_hp_per_floor":[85,85,85,85,85,85,85,85,85,85,85,85,85,85,85,85,85,85,88,88,88,91,91,91,91,91,91,91,91,91,94,94,97,97,100,103,110,110,110,110,110],"card_choices":[{"not_picked":["Feel No Pain","Headbutt"],"picked":"Shrug It Off","floor":1.0},{"not_picked":["Iron Wave","Shrug It Off"],"picked":"Pommel Strike","floor":2.0},{"not_picked":["Anger","Searing Blow"],"picked":"Cleave","floor":3.0},{"not_picked":["Berserk","Flex","Perfected Strike"],"picked":"Pommel Strike","floor":7.0},{"not_picked":["Cleave","Shrug It Off+1","Rampage"],"picked":"Armaments+1","floor":11.0},{"not_picked":["Cleave","Warcry+1","Thunderclap"],"picked":"Flex+1","floor":12.0},{"not_picked":["Second Wind+1","Dropkick","Perfected Strike","Sword Boomerang"],"picked":"SKIP","floor":13.0},{"not_picked":["Clothesline","Warcry+1","Dark Embrace"],"picked":"Iron Wave","floor":14.0},{"not_picked":["Brutality","Berserk","Fiend Fire"],"picked":"Feed","floor":16.0},{"not_picked":["Clothesline","Shrug It Off+1","Anger"],"picked":"Disarm+1","floor":18.0},{"not_picked":["Armaments+1","Pommel Strike","Sever Soul"],"picked":"Reckless Charge+1","floor":19.0},{"not_picked":["Thunderclap","Armaments+1","Sword Boomerang","Flame Barrier+1"],"picked":"SKIP","floor":20.0},{"not_picked":["Sever Soul+1","Flame Barrier+1","Warcry+1"],"picked":"Shrug It Off+1","floor":22.0},{"not_picked":["Pommel Strike","Sword Boomerang","Warcry+1"],"picked":"Feed","floor":23.0},{"not_picked":["Flex+1","Twin Strike","Armaments+1","Iron Wave"],"picked":"SKIP","floor":29.0},{"not_picked":["Pommel Strike","Clothesline","Entrench+1"],"picked":"Metallicize+1","floor":30.0},{"not_picked":["Perfected Strike","Thunderclap","Flex+1","Searing Blow+1"],"picked":"SKIP","floor":31.0},{"not_picked":["Fiend Fire","Offering+1","Feed"],"picked":"Impervious+1","floor":33.0},{"not_picked":["Ghostly Armor+1","Flex+1","Warcry+1"],"picked":"Power Through+1","floor":35.0},{"not_picked":["Shrug It Off+1","Clothesline","Clash"],"picked":"Uppercut+1","floor":36.0}],"player_experience":14592,"relics_obtained":[{"floor":7.0,"key":"Bird Faced Urn"},{"floor":9.0,"key":"Toxic Egg 2"},{"floor":12.0,"key":"WingedGreaves"},{"floor":17.0,"key":"MawBank"},{"floor":17.0,"key":"Ornamental Fan"},{"floor":17.0,"key":"TungstenRod"},{"floor":21.0,"key":"Enchiridion"},{"floor":23.0,"key":"Frozen Egg 2"},{"floor":26.0,"key":"Mercury Hourglass"},{"floor":30.0,"key":"Bag of Preparation"}],"event_choices":[{"cards_removed":["Strike_R"],"damage_healed":0.0,"max_hp_gain":0.0,"max_hp_loss":0.0,"gold_gain":0.0,"event_name":"The Cleric","player_choice":"Card Removal","floor":4.0,"gold_loss":50.0,"damage_taken":0.0},{"damage_healed":0.0,"max_hp_gain":0.0,"max_hp_loss":0.0,"gold_gain":0.0,"event_name":"Scrap Ooze","player_choice":"Success","floor":5.0,"gold_loss":0.0,"damage_taken":7.0,"relics_obtained":["Question Card"]},{"damage_healed":0.0,"max_hp_gain":0.0,"max_hp_loss":0.0,"gold_gain":0.0,"event_name":"Cursed Tome","player_choice":"Obtained Book","floor":21.0,"gold_loss":0.0,"damage_taken":16.0},{"cards_removed":["Defend_R"],"damage_healed":0.0,"max_hp_gain":0.0,"max_hp_loss":0.0,"gold_gain":0.0,"event_name":"Back to Basics","player_choice":"Elegance","floor":27.0,"gold_loss":0.0,"damage_taken":0.0},{"damage_healed":0.0,"max_hp_gain":0.0,"max_hp_loss":0.0,"gold_gain":0.0,"event_name":"The Woman in Blue","player_choice":"Bought 1 Potion","floor":38.0,"gold_loss":0.0,"damage_taken":0.0}],"is_beta":false,"boss_relics":[{"not_picked":["Fusion Hammer","Philosopher\u0027s Stone"],"picked":"Calling Bell"},{"not_picked":["Runic Pyramid","Black Star"],"picked":"Empty Cage"}],"items_purged_floors":[37],"is_endless":false,"potions_floor_spawned":[1,11,12,20,22,23,31,35],"killed_by":"Giant Head","ascension_level":0}}