{"host":"f6tqpspb2ou2a4h5","time":1609339436,"event":{"mods":["2.2 Compatiblity","Ascension Unlocker","BaseMod","Colored Map","DeckTracker","Hermit","Highlight Path","KOR Keyword Fix","Keyboard Shortcuts","Minty Spire (QoL Compilation)","Permanent Neow","Quick Restart","Random Character Button","StSLib","SuperFastMode","The Poker Player","everything is the same but u backflip on backflip"],"gold_per_floor":[113,126,143,143,156,156,181,181,181,209,229,239,239,224,224,324,324,335,250,250,263,11,11,29,29,29,29,29],"floor_reached":27,"playtime":931,"items_purged":[],"score":349,"play_id":"56c1c3b5-68ed-477a-b090-d5621861222e","local_time":"20201230234356","is_ascension_mode":true,"campfire_choices":[{"floor":6,"key":"REST"},{"floor":8,"key":"REST"},{"data":"Defragment","floor":13,"key":"SMITH"},{"floor":15,"key":"REST"},{"floor":23,"key":"REST"},{"data":"Fission","floor":25,"key":"SMITH"}],"circlet_count":0,"master_deck":["AscendersBane","Strike_B+1","Strike_B+1","Strike_B+1","Defend_B+1","Defend_B+1","Defend_B+1","Defend_B+1","Zap","Dualcast","Blizzard","Chaos+1","BootSequence","Barrage","Redo","Defragment+1","Capacitor","FTL","Coolheaded","Fission+1","Conserve Battery","Barrage+1"],"relics":["Cracked Core","Bronze Scales","Boot","The Courier","Black Star","Lizard Tail","Bottled Lightning","Ornamental Fan"],"acts_visited":["Exordium","TheCity"],"potions_floor_usage":[7,7,11,16],"damage_taken":[{"damage":3,"enemies":"2 Louse","floor":1,"turns":3},{"damage":4,"enemies":"Jaw Worm","floor":2,"turns":3},{"damage":6,"enemies":"Cultist","floor":3,"turns":4},{"damage":26,"enemies":"Exordium Wildlife","floor":5,"turns":4},{"damage":18,"enemies":"Gremlin Nob","floor":7,"turns":4},{"damage":10,"enemies":"Lagavulin","floor":10,"turns":5},{"damage":4,"enemies":"2 Fungi Beasts","floor":11,"turns":2},{"damage":4,"enemies":"Red Slaver","floor":12,"turns":4},{"damage":14,"enemies":"Exordium Thugs","floor":14,"turns":4},{"damage":8,"enemies":"The Guardian","floor":16,"turns":9},{"damage":27,"enemies":"Chosen","floor":18,"turns":7},{"damage":20,"enemies":"Spheric Guardian","floor":21,"turns":6},{"damage":55,"enemies":"3 Cultists","floor":24,"turns":6},{"damage":30,"enemies":"Slavers","floor":27,"turns":2}],"seed_played":"8275998745921306038","potions_obtained":[{"floor":1,"key":"Block Potion"},{"floor":3,"key":"Block Potion"},{"floor":5,"key":"PowerPotion"},{"floor":7,"key":"Explosive Potion"},{"floor":11,"key":"AttackPotion"},{"floor":21,"key":"Weak Potion"}],"is_trial":false,"path_per_floor":["M","M","M","?","M","R","E","R","T","E","M","M","R","M","R","B",null,"M","?","?","M","$","R","M","R","T","E"],"character_chosen":"DEFECT","items_purchased":["Bottled Lightning","FocusPotion"],"campfire_rested":4,"item_purchase_floors":[22,22],"current_hp_per_floor":[65,61,55,40,14,36,18,40,40,30,26,22,22,8,30,22,62,35,35,35,15,15,37,27,27,27,0,0],"gold":29,"neow_bonus":"TRANSFORM_CARD","is_daily":false,"chose_seed":false,"campfire_upgraded":2,"win_rate":0.0,"timestamp":1609339436,"path_taken":["M","M","M","?","M","R","E","R","T","E","M","M","R","M","R","BOSS","M","?","?","M","?","R","M","R","T","E"],"items_purchased_type":["Relic","Potion"],"build_version":"2020-12-22","purchased_purges":0,"victory":false,"max_hp_per_floor":[75,75,75,75,75,75,75,75,75,75,75,75,75,75,75,75,75,75,75,75,75,75,75,75,75,75,75,75],"card_choices":[{"not_picked":["Lockon","Barrage"],"picked":"Chaos","floor":1},{"not_picked":["Sweeping Beam","Storm"],"picked":"BootSequence","floor":2},{"not_picked":["FTL","Melter"],"picked":"Barrage","floor":3},{"not_picked":["Beam Cell","Heatsinks","Turbo"],"picked":"SKIP","floor":5},{"not_picked":["Barrage","Steam"],"picked":"Redo","floor":7},{"not_picked":["Capacitor","Chill"],"picked":"Defragment","floor":10},{"not_picked":["Chill","Genetic Algorithm"],"picked":"Capacitor","floor":11},{"not_picked":["Static Discharge","Streamline"],"picked":"FTL","floor":12},{"not_picked":["Sweeping Beam","Double Energy"],"picked":"Coolheaded","floor":14},{"not_picked":["Reboot","Echo Form"],"picked":"Fission","floor":16},{"not_picked":["Redo","Beam Cell"],"picked":"Conserve Battery","floor":18},{"not_picked":["Gash","Hologram"],"picked":"Barrage+1","floor":21},{"not_picked":["Stack","Storm","Doom and Gloom+1"],"picked":"SKIP","floor":24}],"player_experience":110706,"relics_obtained":[{"floor":7,"key":"Bronze Scales"},{"floor":9,"key":"Boot"},{"floor":10,"key":"The Courier"},{"floor":26,"key":"Ornamental Fan"}],"event_choices":[{"damage_healed":0,"gold_gain":0,"player_choice":"Entered Light","damage_taken":15,"max_hp_gain":0,"max_hp_loss":0,"event_name":"Shining Light","floor":4,"gold_loss":0,"cards_upgraded":["Strike_B","Chaos"]},{"damage_healed":0,"gold_gain":0,"player_choice":"Obtained Relic","damage_taken":0,"relics_obtained":["Lizard Tail"],"max_hp_gain":0,"max_hp_loss":0,"event_name":"Addict","floor":19,"gold_loss":85},{"damage_healed":0,"gold_gain":0,"player_choice":"Simplicity","damage_taken":0,"max_hp_gain":0,"max_hp_loss":0,"event_name":"Back to Basics","floor":20,"gold_loss":0,"cards_upgraded":["Strike_B","Strike_B","Defend_B","Defend_B","Defend_B","Defend_B"]}],"is_beta":false,"boss_relics":[{"not_picked":["Tiny House","Runic Pyramid"],"picked":"Black Star"}],"items_purged_floors":[],"is_endless":false,"potions_floor_spawned":[1,3,5,7,11,21],"killed_by":"Slavers","ascension_level":11}}