{"host":"1zt0sbx2lxtdq0i6","time":1609362094,"event":{"mods":["BaseMod","Card Forge","Minty Spire (QoL Compilation)","Permanent Neow","Prisma Mod","Shop Mod","StSLib"],"gold_per_floor":[118,136,186,186,209,244,244,288,288,301,319,335,88,103,103,223,223,247,247,346,364,242,242,286,286,286,333,372,372,46,67,67,190,190,213,231,244,168,182,220,232,285,322,350,362,374,386,432,444,456],"floor_reached":51,"playtime":3089,"items_purged":[],"score":910,"play_id":"ef043ac7-a687-44c7-b672-5063b8fda5c1","local_time":"20201230220134","is_ascension_mode":false,"campfire_choices":[{"floor":7,"key":"REST"},{"floor":15,"key":"REST"},{"floor":23,"key":"REST"},{"floor":25,"key":"REST"},{"floor":32,"key":"REST"},{"floor":41,"key":"REST"},{"floor":45,"key":"REST"},{"floor":49,"key":"REST"}],"circlet_count":0,"master_deck":["Strike_B+1","Defend_B+1","Defend_B+1","Defend_B+1","Zap+1","Ball Lightning+1","Redo+1","FTL+1","Defragment+1","Defragment+1","Tempest+1","Storm+1","Melter+1","Fission+1","Defragment+1","Leap+1","Multi-Cast+1","Storm+1","Capacitor+1","Lockon+1","Trip+1","Rainbow+1","Compile Driver+1","Loop+1","Loop+1","Thunder Strike+1","Barrage+1","Aggregate+1","Heatsinks+1","Compile Driver+1","Machine Learning+1","Storm+1","Redo+1","Multi-Cast+1"],"relics":["Cracked Core","Hammer of Thor","Seething Fire","Anvil of the Gods","Golden Idol","Boot","Pantograph","PreservedInsect","MerchantsRug","Philosopher\u0027s Stone","Ornamental Fan","Mummified Hand","Bag of Marbles","Strawberry","Gremlin Horn","Busted Crown","MawBank","Peace Pipe","Vajra","Toy Ornithopter"],"acts_visited":["Exordium","TheCity","TheBeyond"],"potions_floor_usage":[16,50,50,50],"damage_taken":[{"damage":4,"enemies":"2 Louse","floor":1,"turns":3},{"damage":0,"enemies":"Small Slimes","floor":2,"turns":2},{"damage":0,"enemies":"Jaw Worm","floor":5,"turns":2},{"damage":12,"enemies":"Lagavulin","floor":6,"turns":4},{"damage":11,"enemies":"3 Sentries","floor":8,"turns":3},{"damage":0,"enemies":"Blue Slaver","floor":10,"turns":2},{"damage":2,"enemies":"Looter","floor":11,"turns":2},{"damage":0,"enemies":"Large Slime","floor":12,"turns":3},{"damage":5,"enemies":"Red Slaver","floor":14,"turns":2},{"damage":0,"enemies":"Slime Boss","floor":16,"turns":4},{"damage":0,"enemies":"Shell Parasite","floor":18,"turns":2},{"damage":22,"enemies":"3 Byrds","floor":21,"turns":3},{"damage":27,"enemies":"Book of Stabbing","floor":24,"turns":3},{"damage":30,"enemies":"Slavers","floor":28,"turns":4},{"damage":11,"enemies":"Shelled Parasite and Fungi","floor":31,"turns":2},{"damage":31,"enemies":"Collector","floor":33,"turns":3},{"damage":22,"enemies":"3 Darklings","floor":35,"turns":2},{"damage":12,"enemies":"Orb Walker","floor":36,"turns":2},{"damage":3,"enemies":"Maw","floor":37,"turns":3},{"damage":17,"enemies":"Sphere and 2 Shapes","floor":39,"turns":3},{"damage":21,"enemies":"Nemesis","floor":40,"turns":3},{"damage":0,"enemies":"Giant Head","floor":42,"turns":1},{"damage":12,"enemies":"Writhing Mass","floor":44,"turns":3},{"damage":0,"enemies":"Reptomancer","floor":48,"turns":2},{"damage":69,"enemies":"Time Eater","floor":50,"turns":6}],"seed_played":"8341387315209035628","potions_obtained":[{"floor":5,"key":"SneckoOil"},{"floor":8,"key":"ColorlessPotion"},{"floor":14,"key":"SkillPotion"},{"floor":16,"key":"Fruit Juice"},{"floor":18,"key":"SmokeBomb"},{"floor":31,"key":"SpeedPotion"},{"floor":35,"key":"PowerPotion"},{"floor":37,"key":"Regen Potion"},{"floor":44,"key":"Strength Potion"}],"is_trial":false,"path_per_floor":["M","M","?","?","M","E","R","E","T","M","M","M","$","M","R","B",null,"M","?","?","M","$","R","E","R","T","T","E","?","$","M","R","B",null,"M","M","M","$","M","E","R","E","T","M","R","?","?","E","R","B",null],"character_chosen":"DEFECT","items_purchased":["Fission","Defragment","MerchantsRug","Lockon","Trip","Gremlin Horn","Loop","Heatsinks"],"campfire_rested":8,"item_purchase_floors":[13,13,13,22,22,30,30,38],"current_hp_per_floor":[78,78,78,78,78,66,82,71,71,71,69,69,69,64,82,87,87,87,87,87,65,65,87,60,86,86,86,63,63,63,52,80,63,94,72,60,57,57,40,19,47,47,47,35,63,63,94,94,94,54],"gold":468,"neow_bonus":"TEN_PERCENT_HP_BONUS","is_daily":false,"chose_seed":false,"campfire_upgraded":0,"win_rate":0.0,"timestamp":1609362094,"path_taken":["M","M","?","?","M","E","R","E","T","M","?","M","$","M","R","BOSS","M","?","?","M","$","R","E","R","T","?","E","?","$","?","R","BOSS","M","?","M","$","M","E","R","E","T","M","R","?","?","E","R","BOSS"],"items_purchased_type":["Card","Card","Relic","Card","Card","Relic","Card","Card"],"build_version":"2020-12-22","purchased_purges":0,"victory":true,"max_hp_per_floor":[82,82,82,82,82,82,82,82,82,82,82,82,82,82,82,87,87,87,87,87,87,87,87,87,87,87,87,94,94,94,94,94,94,94,94,94,94,94,94,94,94,94,94,94,94,94,94,94,94,94],"card_choices":[{"not_picked":["Coolheaded","Go for the Eyes"],"picked":"Ball Lightning","floor":1},{"not_picked":["Tempest","Cold Snap"],"picked":"Redo","floor":2},{"not_picked":["Reprogram","Scrape"],"picked":"FTL","floor":5},{"not_picked":["Rip and Tear","Storm"],"picked":"Defragment","floor":6},{"not_picked":["Ball Lightning","Streamline"],"picked":"Defragment","floor":8},{"not_picked":["Steam","Compile Driver"],"picked":"Tempest","floor":10},{"not_picked":["Beam Cell","Barrage"],"picked":"Storm","floor":11},{"not_picked":["Hologram","Streamline"],"picked":"Melter","floor":12},{"not_picked":["Consume","Steam"],"picked":"Leap","floor":14},{"not_picked":["Biased Cognition","Seek"],"picked":"Multi-Cast","floor":16},{"not_picked":["Gash","Coolheaded"],"picked":"Storm","floor":18},{"not_picked":["Streamline","Stack"],"picked":"Capacitor","floor":21},{"not_picked":["Ball Lightning+1","Hello World"],"picked":"Rainbow","floor":24},{"not_picked":["Rip and Tear+1","Consume"],"picked":"Compile Driver+1","floor":28},{"not_picked":["White Noise","Sweeping Beam+1"],"picked":"Loop","floor":31},{"not_picked":["Reboot","All For One"],"picked":"Thunder Strike","floor":33},{"not_picked":["Go for the Eyes"],"picked":"SKIP","floor":35},{"not_picked":[],"picked":"Barrage","floor":36},{"not_picked":[],"picked":"Aggregate+1","floor":37},{"not_picked":[],"picked":"Compile Driver+1","floor":39},{"not_picked":[],"picked":"Machine Learning","floor":40},{"not_picked":[],"picked":"Storm","floor":42},{"not_picked":[],"picked":"Redo+1","floor":44},{"not_picked":[],"picked":"Multi-Cast","floor":48}],"player_experience":8117,"relics_obtained":[{"floor":6,"key":"Boot"},{"floor":8,"key":"Pantograph"},{"floor":9,"key":"PreservedInsect"},{"floor":24,"key":"Ornamental Fan"},{"floor":26,"key":"Mummified Hand"},{"floor":27,"key":"Bag of Marbles"},{"floor":28,"key":"Strawberry"},{"floor":40,"key":"MawBank"},{"floor":42,"key":"Peace Pipe"},{"floor":43,"key":"Vajra"},{"floor":48,"key":"Toy Ornithopter"}],"event_choices":[{"damage_healed":0,"gold_gain":50,"player_choice":"Gained Gold","damage_taken":0,"max_hp_gain":0,"max_hp_loss":0,"event_name":"Golden Wing","floor":3,"gold_loss":0},{"damage_healed":0,"gold_gain":0,"player_choice":"Take Wound","damage_taken":0,"relics_obtained":["Golden Idol"],"max_hp_gain":0,"max_hp_loss":0,"event_name":"Golden Idol","floor":4,"gold_loss":0,"cards_obtained":["Injury"]},{"damage_healed":0,"gold_gain":0,"player_choice":"Ignored","damage_taken":0,"max_hp_gain":0,"max_hp_loss":0,"event_name":"Ghosts","floor":19,"gold_loss":0},{"damage_healed":0,"gold_gain":99,"player_choice":"Stole From Cult","damage_taken":0,"max_hp_gain":0,"max_hp_loss":0,"event_name":"Nest","floor":20,"gold_loss":0},{"damage_healed":0,"gold_gain":0,"player_choice":"Ignored","damage_taken":0,"max_hp_gain":0,"max_hp_loss":0,"event_name":"Purifier","floor":29,"gold_loss":0},{"cards_removed":["Dualcast"],"damage_healed":0,"gold_gain":0,"player_choice":"Removed Skill","damage_taken":0,"max_hp_gain":0,"max_hp_loss":0,"event_name":"Falling","floor":46,"gold_loss":0},{"damage_healed":31,"gold_gain":0,"player_choice":"Heal","damage_taken":0,"max_hp_gain":0,"max_hp_loss":0,"event_name":"MindBloom","floor":47,"gold_loss":0,"cards_obtained":["Doubt"]}],"is_beta":false,"boss_relics":[{"not_picked":["Sozu","Black Star"],"picked":"Philosopher\u0027s Stone"},{"not_picked":["Calling Bell","Coffee Dripper"],"picked":"Busted Crown"}],"items_purged_floors":[],"is_endless":false,"potions_floor_spawned":[5,8,14,16,18,31,33,35,37,44],"ascension_level":0}}