{"host":"bbrtpn53yniy7wad","time":1609301103,"event":{"mods":["AchievementEnabler","BaseMod","Colored Map","Minty Spire (QoL Compilation)","SuperFastMode"],"gold_per_floor":[116,116,133,152,172,172,187,187,187,187,187,187,221,146,146,239,239,260,260,260,285,285,285,310,310,359,359,359,10,28,44,44,44,44],"floor_reached":33,"playtime":587,"items_purged":["Defend_G","Underhanded Strike"],"score":569,"play_id":"4fca7901-fac7-4032-a501-8ec180b39a4b","local_time":"20201230130503","is_ascension_mode":true,"campfire_choices":[{"data":"Predator","floor":6,"key":"SMITH"},{"data":"Neutralize","floor":8,"key":"SMITH"},{"data":"Corpse Explosion","floor":10,"key":"SMITH"},{"data":"Flying Knee","floor":15,"key":"SMITH"},{"data":"Bite","floor":23,"key":"SMITH"},{"data":"Bite","floor":25,"key":"SMITH"},{"data":"Bite","floor":27,"key":"SMITH"},{"data":"Bite","floor":32,"key":"SMITH"}],"circlet_count":0,"master_deck":["AscendersBane","Defend_G","Defend_G","Defend_G","Defend_G","Survivor","Neutralize+1","Flying Knee+1","Predator+1","Corpse Explosion+1","Die Die Die","Tactician+1","Bite+1","Bite+1","Bite+1","Bite","Bite+1","Endless Agony","Prepared","Prepared+1"],"relics":["Ring of the Snake","HornCleat","Golden Idol","StrikeDummy","WristBlade","PreservedInsect","ClockworkSouvenir"],"acts_visited":["Exordium","TheCity"],"potions_floor_usage":[13,18,20,22,22,22,24,33],"damage_taken":[{"damage":8.0,"enemies":"Jaw Worm","floor":1.0,"turns":7.0},{"damage":0.0,"enemies":"2 Louse","floor":3.0,"turns":3.0},{"damage":1.0,"enemies":"Cultist","floor":4.0,"turns":4.0},{"damage":1.0,"enemies":"Blue Slaver","floor":5.0,"turns":4.0},{"damage":2,"enemies":"Exordium Wildlife","floor":7,"turns":3},{"damage":0,"enemies":"Gremlin Nob","floor":13,"turns":3},{"damage":16,"enemies":"Hexaghost","floor":16,"turns":9},{"damage":20,"enemies":"2 Thieves","floor":18,"turns":4},{"damage":16,"enemies":"Spheric Guardian","floor":21,"turns":4},{"damage":0,"enemies":"Snake Plant","floor":22,"turns":1},{"damage":4,"enemies":"Chosen and Byrds","floor":24,"turns":4},{"damage":0,"enemies":"Cultist and Chosen","floor":30,"turns":3},{"damage":0,"enemies":"3 Cultists","floor":31,"turns":3},{"damage":81,"enemies":"Automaton","floor":33,"turns":8}],"seed_played":"7669218596397439246","potions_obtained":[{"floor":7,"key":"SkillPotion"},{"floor":16,"key":"Poison Potion"},{"floor":20,"key":"Fruit Juice"},{"floor":20,"key":"AttackPotion"},{"floor":21,"key":"EntropicBrew"}],"is_trial":false,"path_per_floor":["M","?","M","M","M","R","M","R","T","R","?","?","E","$","R","B",null,"M","?","?","M","M","R","M","R","T","R","?","$","M","M","R","B"],"character_chosen":"THE_SILENT","items_purchased":["ClockworkSouvenir","Regen Potion"],"campfire_rested":0,"item_purchase_floors":[29,29],"current_hp_per_floor":[57,57,57,56,55,55,53,53,53,53,46,21,21,21,21,5,55,35,35,40,34,36,36,37,37,37,37,37,37,50,55,55,0,0],"gold":44,"neow_bonus":"TEN_PERCENT_HP_BONUS","is_daily":false,"chose_seed":false,"campfire_upgraded":8,"win_rate":0.0,"timestamp":1609301103,"path_taken":["M","?","M","M","M","R","M","R","T","R","?","?","E","?","R","BOSS","M","?","?","?","M","R","M","R","T","R","?","?","M","M","R","BOSS"],"items_purchased_type":["Relic","Potion"],"build_version":"2020-12-22","purchased_purges":2,"victory":false,"max_hp_per_floor":[72,72,72,72,72,72,72,72,72,72,72,72,72,72,72,72,72,72,50,55,55,55,55,55,55,55,55,55,55,55,55,55,55,55],"card_choices":[{"not_picked":["Backflip","Riddle With Holes"],"picked":"Flying Knee","floor":1.0},{"not_picked":["Acrobatics","Blur"],"picked":"Underhanded Strike","floor":3.0},{"not_picked":["Prepared","Cloak And Dagger"],"picked":"Predator","floor":4.0},{"not_picked":["Well Laid Plans","Bane"],"picked":"Corpse Explosion","floor":5.0},{"not_picked":["Deadly Poison","Poisoned Stab","Underhanded Strike"],"picked":"SKIP","floor":7},{"not_picked":["Deadly Poison","Poisoned Stab","Underhanded Strike"],"picked":"SKIP","floor":7},{"not_picked":["Dodge and Roll","Concentrate","Flechettes"],"picked":"SKIP","floor":13},{"not_picked":["Tools of the Trade","Doppelganger"],"picked":"Die Die Die","floor":16},{"not_picked":["Deflect","Dagger Spray"],"picked":"Tactician+1","floor":18},{"not_picked":["All Out Attack","Endless Agony","Deadly Poison+1"],"picked":"SKIP","floor":21},{"not_picked":["All Out Attack","Deadly Poison+1"],"picked":"Endless Agony","floor":21},{"not_picked":["Sucker Punch","Footwork","Setup"],"picked":"SKIP","floor":24},{"not_picked":["Underhanded Strike","Skewer","Bane"],"picked":"SKIP","floor":30},{"not_picked":["Dagger Spray+1","Terror+1"],"picked":"Prepared+1","floor":31}],"player_experience":1025618,"relics_obtained":[{"floor":9,"key":"HornCleat"},{"floor":13,"key":"StrikeDummy"},{"floor":26,"key":"PreservedInsect"}],"event_choices":[{"damage_healed":0.0,"max_hp_gain":0.0,"max_hp_loss":0.0,"gold_gain":0.0,"event_name":"Scrap Ooze","player_choice":"Fled","floor":2.0,"gold_loss":0.0,"damage_taken":0.0},{"cards_removed":["Strike_G"],"damage_healed":0,"gold_gain":0,"player_choice":"Card Removal","damage_taken":7,"max_hp_gain":0,"max_hp_loss":0,"event_name":"Golden Wing","floor":11,"gold_loss":0},{"damage_healed":0,"gold_gain":0,"player_choice":"Take Damage","damage_taken":25,"relics_obtained":["Golden Idol"],"max_hp_gain":0,"max_hp_loss":0,"event_name":"Golden Idol","floor":12,"gold_loss":0},{"damage_healed":0,"gold_gain":0,"player_choice":"Became a vampire","damage_taken":0,"max_hp_gain":0,"max_hp_loss":22,"event_name":"Vampires","floor":19,"gold_loss":0,"cards_obtained":["Bite","Bite","Bite","Bite","Bite"]},{"damage_healed":0,"gold_gain":0,"player_choice":"Got Potions","damage_taken":0,"max_hp_gain":0,"max_hp_loss":0,"event_name":"Lab","floor":20,"gold_loss":0},{"damage_healed":0,"gold_gain":0,"player_choice":"Read","damage_taken":0,"max_hp_gain":0,"max_hp_loss":0,"event_name":"The Library","floor":28,"gold_loss":0,"cards_obtained":["Prepared"]}],"is_beta":false,"boss_relics":[{"not_picked":["Ring of the Serpent","Busted Crown"],"picked":"WristBlade"}],"items_purged_floors":[14,29],"is_endless":false,"potions_floor_spawned":[7,16,21],"killed_by":"Automaton","ascension_level":20}}