{"host":"9tzam4717zt8ei1o","time":1609330217,"event":{"mods":["BaseMod","Colored Map","Keyboard Shortcuts","Minty Spire (QoL Compilation)","Quick Restart","StSLib","SuperFastMode"],"gold_per_floor":[15,15,15,15,33,33,45,45,45,45,73,16,36,53,53,131,131,144,164,180,200,218,218,252,252,252,252,252,252,285,295,295,295,295],"floor_reached":33,"playtime":854,"items_purged":[],"score":574,"play_id":"12982a12-0ae1-464c-801b-87fc650f3bf0","local_time":"20201230211017","is_ascension_mode":true,"campfire_choices":[{"floor":6.0,"key":"DIG"},{"floor":8.0,"key":"DIG"},{"floor":10.0,"key":"DIG"},{"floor":15.0,"key":"DIG"},{"floor":23.0,"key":"REST"},{"floor":25.0,"key":"REST"},{"data":"Phantasmal Killer","floor":29.0,"key":"SMITH"},{"data":"Calculated Gamble","floor":32.0,"key":"SMITH"}],"circlet_count":0,"master_deck":["AscendersBane","Strike_G","Strike_G","Defend_G","Defend_G","Defend_G","Defend_G","Survivor","Neutralize","Predator","Sucker Punch+1","PiercingWail","Quick Slash+1","Poisoned Stab+1","Dagger Throw+1","Phantasmal Killer+1","Quick Slash+1","Calculated Gamble+1","Leg Sweep+1","Acrobatics+1","Eviscerate+1","Acrobatics","Reflex+1"],"relics":["Ring of the Snake","Shovel","Molten Egg 2","Pear","Gremlin Horn","Mummified Hand","Nunchaku","Orichalcum","Art of War","Empty Cage","Du-Vu Doll","Toy Ornithopter","Ginger"],"acts_visited":["Exordium","TheCity"],"potions_floor_usage":[],"damage_taken":[{"damage":1.0,"enemies":"2 Louse","floor":1.0,"turns":3.0},{"damage":1.0,"enemies":"Jaw Worm","floor":5.0,"turns":3.0},{"damage":0.0,"enemies":"Cultist","floor":7.0,"turns":4.0},{"damage":20.0,"enemies":"Gremlin Nob","floor":11.0,"turns":4.0},{"damage":0.0,"enemies":"Exordium Wildlife","floor":13.0,"turns":3.0},{"damage":4.0,"enemies":"Blue Slaver","floor":14.0,"turns":3.0},{"damage":47.0,"enemies":"Slime Boss","floor":16.0,"turns":12.0},{"damage":12.0,"enemies":"Chosen","floor":18.0,"turns":4.0},{"damage":21.0,"enemies":"Shell Parasite","floor":19.0,"turns":4.0},{"damage":5.0,"enemies":"Centurion and Healer","floor":20.0,"turns":4.0},{"damage":7.0,"enemies":"Snecko","floor":21.0,"turns":3.0},{"damage":9.0,"enemies":"Chosen and Byrds","floor":22.0,"turns":5.0},{"damage":14.0,"enemies":"Slavers","floor":24.0,"turns":6.0},{"damage":21.0,"enemies":"Book of Stabbing","floor":30.0,"turns":4.0},{"damage":0.0,"enemies":"3 Cultists","floor":31.0,"turns":3.0},{"damage":27,"enemies":"Champ","floor":33,"turns":11}],"seed_played":"-6054281531600365518","potions_obtained":[{"floor":1.0,"key":"Regen Potion"},{"floor":5.0,"key":"DuplicationPotion"},{"floor":20.0,"key":"DuplicationPotion"},{"floor":22.0,"key":"SkillPotion"}],"is_trial":false,"path_per_floor":["M","?","?","T","M","R","M","R","T","R","E","$","M","M","R","B",null,"M","M","M","M","M","R","E","R","T","?","?","R","E","M","R","B"],"character_chosen":"THE_SILENT","items_purchased":["Poisoned Stab+1"],"campfire_rested":2,"item_purchase_floors":[12],"current_hp_per_floor":[58,58,51,51,50,60,60,60,60,60,40,40,40,36,36,4,58,46,25,20,13,4,26,12,34,34,34,34,34,13,13,13,0,0],"gold":295,"neow_bonus":"ONE_RARE_RELIC","is_daily":false,"chose_seed":false,"campfire_upgraded":2,"win_rate":0.0,"timestamp":1609330217,"path_taken":["M","?","?","?","M","R","M","R","T","R","E","?","M","M","R","BOSS","M","M","M","M","M","R","E","R","T","?","?","R","E","M","R","BOSS"],"items_purchased_type":["Card"],"build_version":"2020-12-22","purchased_purges":0,"victory":false,"max_hp_per_floor":[66,66,66,66,66,76,76,76,76,76,76,76,76,76,76,76,76,76,76,76,76,76,76,76,76,76,76,76,76,76,76,76,76,76],"card_choices":[{"not_picked":["Acrobatics","Blade Dance"],"picked":"Predator","floor":1.0},{"not_picked":["Bane+1","Sucker Punch+1","Setup"],"picked":"SKIP","floor":5.0},{"not_picked":["Bane+1","Setup"],"picked":"Sucker Punch+1","floor":5.0},{"not_picked":["Poisoned Stab+1","Accuracy"],"picked":"PiercingWail","floor":7.0},{"not_picked":["PiercingWail","Bane+1"],"picked":"Quick Slash+1","floor":11.0},{"not_picked":["Deflect","Poisoned Stab+1","Choke+1"],"picked":"SKIP","floor":13.0},{"not_picked":["Poisoned Stab+1","Outmaneuver"],"picked":"Dagger Throw+1","floor":14.0},{"not_picked":["Malaise","A Thousand Cuts"],"picked":"Phantasmal Killer","floor":16.0},{"not_picked":["Poisoned Stab+1","Bane+1"],"picked":"Quick Slash+1","floor":18.0},{"not_picked":["Crippling Poison","Flying Knee+1"],"picked":"Calculated Gamble","floor":19.0},{"not_picked":["Riddle With Holes+1","Endless Agony+1"],"picked":"Leg Sweep+1","floor":20.0},{"not_picked":["Cloak And Dagger","Catalyst"],"picked":"Acrobatics+1","floor":21.0},{"not_picked":["Crippling Poison","Quick Slash+1","All Out Attack+1"],"picked":"SKIP","floor":22.0},{"not_picked":["Dagger Spray+1","Infinite Blades"],"picked":"Eviscerate+1","floor":24.0},{"not_picked":["Dagger Throw+1","Envenom"],"picked":"Acrobatics","floor":30.0},{"not_picked":["Blade Dance","Sucker Punch+1"],"picked":"Reflex+1","floor":31.0}],"player_experience":131947,"relics_obtained":[{"floor":4.0,"key":"Molten Egg 2"},{"floor":6.0,"key":"Pear"},{"floor":8.0,"key":"Gremlin Horn"},{"floor":9.0,"key":"Mummified Hand"},{"floor":10.0,"key":"Nunchaku"},{"floor":11.0,"key":"Orichalcum"},{"floor":15.0,"key":"Art of War"},{"floor":24.0,"key":"Du-Vu Doll"},{"floor":26.0,"key":"Toy Ornithopter"},{"floor":30.0,"key":"Ginger"}],"event_choices":[{"cards_removed":["Strike_G"],"damage_healed":0.0,"max_hp_gain":0.0,"max_hp_loss":0.0,"gold_gain":0.0,"event_name":"Living Wall","player_choice":"Forget","floor":2.0,"gold_loss":0.0,"damage_taken":0.0},{"cards_removed":["Defend_G"],"damage_healed":0.0,"max_hp_gain":0.0,"max_hp_loss":0.0,"gold_gain":0.0,"event_name":"Golden Wing","player_choice":"Card Removal","floor":3.0,"gold_loss":0.0,"damage_taken":7.0},{"damage_healed":0.0,"max_hp_gain":0.0,"max_hp_loss":0.0,"gold_gain":0.0,"event_name":"Ghosts","player_choice":"Ignored","floor":27.0,"gold_loss":0.0,"damage_taken":0.0},{"damage_healed":0.0,"max_hp_gain":0.0,"max_hp_loss":0.0,"gold_gain":0.0,"event_name":"Cursed Tome","player_choice":"Ignored","floor":28.0,"gold_loss":0.0,"damage_taken":0.0}],"is_beta":false,"boss_relics":[{"not_picked":["Fusion Hammer","Ectoplasm"],"picked":"Empty Cage"}],"items_purged_floors":[],"is_endless":false,"potions_floor_spawned":[1,5,7,20,22],"killed_by":"Champ","ascension_level":20}}