{"host":"2461dio7vetlq1z3","time":1609349865,"event":{"mods":["2.2 Compatiblity","AchievementEnabler","Aspiration","BaseMod","Better Third Choice","Friendly Minions","Hermit","Minty Spire (QoL Compilation)","Relic Stats","Spicy Shops","StSLib","The Hierophant","Waifu the Spire"],"gold_per_floor":[117,134,1,1,20,49,49,77,77,77,152,152,181,197,197,271,271,291,329,329,371,416,416,474,474,501,501,545,545,545],"floor_reached":29,"playtime":1028,"items_purged":["Strike_P"],"score":626,"play_id":"8ea9e1f5-0660-4d1d-84ff-728e466600a2","local_time":"20201230183745","is_ascension_mode":true,"campfire_choices":[{"data":"BowlingBash","floor":7,"key":"SMITH"},{"floor":10,"key":"REST"},{"data":"PathToVictory","floor":12,"key":"SMITH"},{"data":"WreathOfFlame","floor":15,"key":"SMITH"},{"data":"Meditate","floor":23,"key":"SMITH"},{"floor":25,"key":"REST"}],"circlet_count":0,"master_deck":["AscendersBane","Eruption+1","Vigilance","Meditate+1","PathToVictory+1","BowlingBash+1","PathToVictory","FlurryOfBlows","FearNoEvil","Wireheading","EmptyMind","WreathOfFlame+1","Wish","Consecrate","EmptyMind","FlurryOfBlows","PathToVictory"],"relics":["Runic Pyramid","Dream Catcher","Incense Burner","Singing Bowl","Pear","Sozu","Akabeko","Toy Ornithopter"],"acts_visited":["Exordium","TheCity"],"potions_floor_usage":[8,24],"damage_taken":[{"damage":4,"enemies":"Small Slimes","floor":1,"turns":3},{"damage":2,"enemies":"Jaw Worm","floor":2,"turns":3},{"damage":0,"enemies":"2 Louse","floor":5,"turns":3},{"damage":12,"enemies":"Lagavulin","floor":6,"turns":5},{"damage":11,"enemies":"Gremlin Nob","floor":8,"turns":3},{"damage":10,"enemies":"Lagavulin","floor":13,"turns":5},{"damage":1,"enemies":"Exordium Wildlife","floor":14,"turns":3},{"damage":0,"enemies":"Slime Boss","floor":16,"turns":6},{"damage":13,"enemies":"Shell Parasite","floor":18,"turns":4},{"damage":1,"enemies":"Spheric Guardian","floor":19,"turns":3},{"damage":24,"enemies":"Snake Plant","floor":21,"turns":4},{"damage":11,"enemies":"Cultist and Chosen","floor":22,"turns":6},{"damage":23,"enemies":"Slavers","floor":24,"turns":4},{"damage":10,"enemies":"Chosen and Byrds","floor":28,"turns":4},{"damage":20,"enemies":"Book of Stabbing","floor":29,"turns":2}],"seed_played":"9201492655032989945","potions_obtained":[{"floor":1,"key":"Swift Potion"},{"floor":16,"key":"AttackPotion"}],"is_trial":false,"path_per_floor":["M","M","$","?","M","E","R","E","T","R","?","R","E","M","R","B",null,"M","M","?","M","M","R","E","R","T","?","M","E"],"character_chosen":"WATCHER","items_purchased":["BowlingBash"],"campfire_rested":2,"item_purchase_floors":[3],"current_hp_per_floor":[57,55,55,55,55,43,43,32,32,52,41,41,41,40,40,40,69,56,57,57,35,26,26,3,28,28,28,18,0,0],"gold":545,"neow_bonus":"BOSS_RELIC","is_daily":false,"chose_seed":false,"campfire_upgraded":4,"win_rate":0.0,"timestamp":1609349865,"path_taken":["M","M","$","?","M","E","R","E","T","R","?","R","E","M","R","BOSS","M","M","?","M","M","R","E","R","T","?","M","E"],"items_purchased_type":["Card"],"build_version":"2020-12-22","purchased_purges":1,"victory":false,"max_hp_per_floor":[68,68,68,68,68,68,68,68,68,68,68,68,78,78,78,78,78,78,80,80,82,84,84,84,84,84,84,84,84,84],"relic_stats":{"Sozu":1,"Dream Catcher":2,"Singing Bowl":6,"counters":[15,58],"obtain_stats":[{"Sozu":17,"Dream Catcher":6,"Pear":13,"Singing Bowl":9,"Incense Burner":8,"PureWater":0,"Akabeko":24,"Toy Ornithopter":26,"Runic Pyramid":0},{"Sozu":8,"Dream Catcher":4,"Pear":6,"Singing Bowl":5,"Incense Burner":5,"PureWater":0,"Akabeko":13,"Toy Ornithopter":13,"Runic Pyramid":0},{"Sozu":31,"Dream Catcher":14,"Pear":22,"Singing Bowl":17,"Incense Burner":17,"PureWater":0,"Akabeko":52,"Toy Ornithopter":52,"Runic Pyramid":0}],"Toy Ornithopter":0},"card_choices":[{"not_picked":["Fasting2","Halt"],"picked":"Meditate","floor":1},{"not_picked":["CutThroughFate","FlyingSleeves"],"picked":"PathToVictory","floor":2},{"not_picked":["FollowUp","EmptyFist"],"picked":"PathToVictory","floor":5},{"not_picked":["FlyingSleeves","Indignation"],"picked":"FlurryOfBlows","floor":6},{"not_picked":["Crescendo","CrushJoints"],"picked":"FearNoEvil","floor":8},{"not_picked":["Scrawl","Worship"],"picked":"Wireheading","floor":10},{"not_picked":["Nirvana","FollowUp"],"picked":"EmptyMind","floor":13},{"not_picked":["FlyingSleeves","ClearTheMind"],"picked":"WreathOfFlame","floor":14},{"not_picked":["Ragnarok","Vault"],"picked":"Wish","floor":16},{"not_picked":["Wireheading","FlyingSleeves+1"],"picked":"Consecrate","floor":18},{"not_picked":["ClearTheMind","WreathOfFlame","ThirdEye"],"picked":"Singing Bowl","floor":19},{"not_picked":["Consecrate","SashWhip+1","Weave"],"picked":"Singing Bowl","floor":21},{"not_picked":["ClearTheMind","SashWhip","CrushJoints"],"picked":"Singing Bowl","floor":22},{"not_picked":["Evaluate","Conclude"],"picked":"EmptyMind","floor":24},{"not_picked":["ThirdEye+1","Halt"],"picked":"FlurryOfBlows","floor":25},{"not_picked":["BowlingBash","BattleHymn"],"picked":"PathToVictory","floor":28}],"player_experience":1013485,"relics_obtained":[{"floor":6,"key":"Dream Catcher"},{"floor":8,"key":"Incense Burner"},{"floor":9,"key":"Singing Bowl"},{"floor":13,"key":"Pear"},{"floor":24,"key":"Akabeko"},{"floor":26,"key":"Toy Ornithopter"}],"event_choices":[{"damage_healed":0,"gold_gain":0,"player_choice":"Grow","damage_taken":0,"max_hp_gain":0,"max_hp_loss":0,"event_name":"Living Wall","floor":4,"gold_loss":0,"cards_upgraded":["Eruption"]},{"damage_healed":0,"gold_gain":75,"player_choice":"Gold","damage_taken":11,"max_hp_gain":0,"max_hp_loss":0,"event_name":"betterThird:BetterGoop","floor":11,"gold_loss":0},{"damage_healed":0,"gold_gain":0,"player_choice":"Ignored","damage_taken":0,"max_hp_gain":0,"max_hp_loss":0,"event_name":"Vampires","floor":20,"gold_loss":0},{"damage_healed":0,"gold_gain":0,"player_choice":"Materialism","damage_taken":0,"max_hp_gain":0,"max_hp_loss":7,"event_name":"betterThird:BetterWriting","floor":27,"gold_loss":0}],"is_beta":false,"boss_relics":[{"not_picked":["aspiration:FutureDiary","Busted Crown"],"picked":"Sozu"}],"items_purged_floors":[3],"is_endless":false,"potions_floor_spawned":[1,16,19],"killed_by":"Book of Stabbing","ascension_level":20}}