{"host":"7t8rqoeeopyy0nh0","time":1609363771,"event":{"mods":["AchievementEnabler","BaseMod","Better Third Choice","BetterRewards","Colored Map","Colored Powertips","Downfall","Hubris","Infinite Spire","Marisa????????","Minty Spire (QoL Compilation)","Replay The Spire","StSLib","The Animator","The Construct","The Cursed","The Hierophant","The Necromancer"],"gold_per_floor":[111,141,156,174,191,191,226,226,226,226,260,260,83,99,99,203,203,218,55,75,75,93,93,122,122,148,177,177,177,177,102,102,206,206,222,222,241,241,258,258,292,292,292,292,325,325,335,348,348,358,358,358,110,145,163,163],"floor_reached":55,"playtime":2306,"items_purged":["Strike_G","Strike_G"],"score":1555,"play_id":"43592275-4c3c-4eb4-9748-e041a62172e0","local_time":"20201230162931","is_ascension_mode":true,"campfire_choices":[{"floor":6,"key":"REST"},{"floor":8,"key":"REST"},{"data":"Backstab","floor":10,"key":"SMITH"},{"floor":15,"key":"REST"},{"data":"Backstab","floor":23,"key":"SMITH"},{"data":"Catalyst","floor":25,"key":"SMITH"},{"floor":28,"key":"REST"},{"floor":32,"key":"RECALL"},{"data":"expansioncontent:DecasProtection","floor":40,"key":"SMITH"},{"data":"Neutralize","floor":44,"key":"SMITH"},{"data":"infinitespire:Starlight","floor":46,"key":"SMITH"},{"data":"Replay:Dark Deal","floor":49,"key":"SMITH"},{"data":"Doppelganger","floor":52,"key":"SMITH"}],"circlet_count":0,"master_deck":["AscendersBane","Strike_G","Strike_G","Defend_G","Defend_G","Defend_G","Defend_G","Defend_G","Survivor","Neutralize+1","Backstab+1","Toxin Wave","Catalyst+1","Malaise","Noxious Fumes+1","Replay:Dark Deal+1","Master of Strategy","Poisoned Strike","Doppelganger+1","Dagger Spray+1","expansioncontent:DecasProtection+1","Backstab+1","Noxious Fumes+1","Envenom+1","Draining Mist+1","Poisoned Stab+1","infinitespire:Starlight+1","Deadly Poison+1","Backflip+1","Slice+1","Catalyst+1"],"relics":["Ring of the Snake","Replay:Towering Pillar of Hats","Mango","hubris:AstralHammer","Centennial Puzzle","HornCleat","infinitespire:WardingShard","Blue Doll","ReplayTheSpireMod:ShopPack","WristBlade","Tingsha","infinitespire:Broken Mirror","hubris:RunicObelisk","infinitespire:Lychee Nut","Black Star","Incense Burner","MealTicket","Molten Egg 2","FossilizedHelix","infinitespire:Midas Blood","Thread and Needle","Replay:Bottled Eggs","DollysMirror","infinitespire:PuzzleCube","hubris:CuriousFeather"],"acts_visited":["Exordium","TheCity","TheBeyond","TheEnding"],"potions_floor_usage":[5,16,16,20,24,33,50,50],"damage_taken":[{"damage":4,"enemies":"Small Slimes","floor":1,"turns":3},{"damage":0,"enemies":"2 Louse","floor":3,"turns":3},{"damage":0,"enemies":"Jaw Worm","floor":4,"turns":4},{"damage":1,"enemies":"Exordium Wildlife","floor":5,"turns":3},{"damage":35,"enemies":"Replay:BlueRogue","floor":7,"turns":12},{"damage":15,"enemies":"Gremlin Nob","floor":11,"turns":5},{"damage":0,"enemies":"Exordium Thugs","floor":14,"turns":3},{"damage":14,"enemies":"Slime Boss","floor":16,"turns":9},{"damage":5,"enemies":"Chosen","floor":18,"turns":4},{"damage":0,"enemies":"2 Thieves","floor":20,"turns":4},{"damage":0,"enemies":"Snecko","floor":22,"turns":4},{"damage":24,"enemies":"Slavers","floor":24,"turns":4},{"damage":18,"enemies":"Book of Stabbing","floor":27,"turns":4},{"damage":53,"enemies":"Champ","floor":33,"turns":8},{"damage":0,"enemies":"3 Shapes","floor":35,"turns":3},{"damage":0,"enemies":"Orb Walker","floor":37,"turns":3},{"damage":8,"enemies":"Sphere and 2 Shapes","floor":39,"turns":5},{"damage":9,"enemies":"R_Hoarder","floor":41,"turns":6},{"damage":0,"enemies":"Giant Head","floor":45,"turns":6},{"damage":0,"enemies":"Writhing Mass","floor":47,"turns":6},{"damage":0,"enemies":"Transient","floor":48,"turns":5},{"damage":49,"enemies":"hubris:GrandSnecko","floor":50,"turns":8},{"damage":56,"enemies":"Shield and Spear","floor":54,"turns":4},{"damage":29,"enemies":"The Heart","floor":55,"turns":6}],"seed_played":"-281628579885742008","potions_obtained":[{"floor":1,"key":"AttackPotion"},{"floor":7,"key":"SteroidPotion"},{"floor":11,"key":"Swift Potion"},{"floor":18,"key":"Swift Potion"},{"floor":22,"key":"AttackPotion"},{"floor":24,"key":"Elixir"},{"floor":27,"key":"Ancient Potion"},{"floor":37,"key":"Fire Potion"},{"floor":47,"key":"EssenceOfSteel"}],"is_trial":false,"path_per_floor":["M","?","M","M","M","R","E","R","T","R","E","T","$","M","R","B",null,"M","$","M","?","M","R","E","R","T","E","R","AVR","?","?","R","B",null,"M","?","M","AVR","M","R","E","?","T","R","E","R","M","M","R","B",null,"R","$","E","B"],"character_chosen":"THE_SILENT","items_purchased":["Replay:Towering Pillar of Hats","Backstab","Mango","Noxious Fumes+1","ReplayTheSpireMod:ShopPack","expansioncontent:DecasProtection","DollysMirror"],"campfire_rested":4,"item_purchase_floors":[0,0,0,13,13,19,53],"current_hp_per_floor":[41,20,20,20,19,44,9,34,34,34,19,19,19,19,44,30,71,66,66,66,66,66,66,42,42,42,24,49,49,49,49,49,2,48,54,54,59,59,62,62,54,54,54,54,60,60,63,63,63,29,55,55,63,8,0,0],"gold":163,"neow_bonus":"","is_daily":false,"chose_seed":false,"campfire_upgraded":8,"win_rate":0.0,"timestamp":1609363771,"path_taken":["M","?","M","M","M","R","E","R","T","R","E","?","?","M","R","BOSS","M","$","M","?","?","R","E","R","T","E","R","AVR","?","?","R","BOSS","M","?","M","AVR","?","R","E","?","T","R","E","R","M","M","R","BOSS","R","$","E","BOSS"],"items_purchased_type":["Relic","Card","Relic","Card","Relic","Card","Relic"],"build_version":"2020-12-22","purchased_purges":2,"victory":false,"max_hp_per_floor":[84,84,84,84,84,84,84,84,84,84,84,84,84,84,84,84,84,84,84,84,84,84,84,84,84,84,84,84,63,63,63,63,63,63,63,63,63,63,63,63,63,63,63,63,63,63,63,63,63,63,63,63,63,63,63,63],"card_choices":[{"not_picked":["Endless Agony","Bane","Acrobatics"],"picked":"SKIP","floor":1},{"not_picked":["Slice","Distraction","Deflect"],"picked":"SKIP","floor":3},{"not_picked":["Bane","Caltrops","Endless Agony"],"picked":"SKIP","floor":4},{"not_picked":["Sucker Punch","Calculated Gamble"],"picked":"Catalyst","floor":5},{"not_picked":["Dagger Throw","Hidden Blade"],"picked":"Malaise","floor":7},{"not_picked":["hubris:SlightOfHand","ReplayTheSpireMod:Shiv Toss","hubris:Counter"],"picked":"SKIP","floor":11},{"not_picked":["Secret Technique","Metamorphosis"],"picked":"Replay:Dark Deal","floor":13},{"not_picked":["Replay:SS_hec_1","expansioncontent:AwakenDeath"],"picked":"Master of Strategy","floor":13},{"not_picked":["expansioncontent:Flail","Mayhem"],"picked":"Poisoned Strike","floor":13},{"not_picked":["Flying Knee","Sucker Punch","Flechettes"],"picked":"SKIP","floor":14},{"not_picked":["Phantasmal Killer","After Image"],"picked":"Doppelganger","floor":16},{"not_picked":["ReplayTheSpireMod:Exploit Weakness","Blade Dance"],"picked":"Dagger Spray+1","floor":18},{"not_picked":["hubris:SlightOfHand","ReplayTheSpireMod:Exploit Weakness"],"picked":"Backstab","floor":20},{"not_picked":["Acrobatics","Terror","Cloak And Dagger"],"picked":"SKIP","floor":22},{"not_picked":["ReplayTheSpireMod:Shiv Toss","Bouncing Flask","Well Laid Plans"],"picked":"SKIP","floor":24},{"not_picked":["Deflect","Hidden Blade","Blade Dance"],"picked":"SKIP","floor":27},{"not_picked":["Bullet Time","Unload"],"picked":"Envenom","floor":33},{"not_picked":["Outmaneuver","hubris:Sniper"],"picked":"Draining Mist+1","floor":35},{"not_picked":["Backflip+1","Blade Dance+1"],"picked":"Poisoned Stab+1","floor":37},{"not_picked":["Backflip+1","ReplayTheSpireMod:Necrosis"],"picked":"Deadly Poison+1","floor":39},{"not_picked":["Envenom","Well Laid Plans","Riddle With Holes+1"],"picked":"SKIP","floor":41},{"not_picked":["Blur","Endless Agony+1","Dagger Throw+1"],"picked":"SKIP","floor":45},{"not_picked":["hubris:SlightOfHand+1","Dagger Throw+1"],"picked":"Backflip+1","floor":47},{"not_picked":["Dagger Spray+1","Hidden Blade"],"picked":"Slice+1","floor":48},{"not_picked":["After Image","ReplayTheSpireMod:Shiv Toss+1","ReplayTheSpireMod:The Works"],"picked":"SKIP","floor":54}],"player_experience":386870,"relics_obtained":[{"floor":2,"key":"hubris:AstralHammer"},{"floor":7,"key":"Centennial Puzzle"},{"floor":9,"key":"HornCleat"},{"floor":11,"key":"infinitespire:WardingShard"},{"floor":12,"key":"Blue Doll"},{"floor":24,"key":"Tingsha"},{"floor":27,"key":"infinitespire:Broken Mirror"},{"floor":41,"key":"MealTicket"},{"floor":41,"key":"Molten Egg 2"},{"floor":43,"key":"infinitespire:Midas Blood"},{"floor":45,"key":"Thread and Needle"},{"floor":45,"key":"Replay:Bottled Eggs"},{"floor":54,"key":"infinitespire:PuzzleCube"},{"floor":54,"key":"hubris:CuriousFeather"}],"event_choices":[{"damage_healed":0,"gold_gain":0,"player_choice":"Copied","damage_taken":0,"max_hp_gain":0,"max_hp_loss":0,"event_name":"Duplicator","floor":21,"gold_loss":0,"cards_obtained":["Noxious Fumes"]},{"cards_removed":["Strike_G"],"damage_healed":0,"gold_gain":0,"player_choice":"Gave Gold","damage_taken":0,"max_hp_gain":0,"max_hp_loss":0,"event_name":"Beggar","floor":31,"gold_loss":75},{"damage_healed":0,"gold_gain":0,"player_choice":"Forge","damage_taken":0,"max_hp_gain":0,"max_hp_loss":0,"event_name":"Accursed Blacksmith","floor":36,"gold_loss":0,"cards_upgraded":["Envenom"]},{"damage_healed":0,"gold_gain":0,"player_choice":"Gave Potion","damage_taken":0,"relics_obtained":["FossilizedHelix"],"max_hp_gain":0,"max_hp_loss":0,"event_name":"WeMeetAgain","floor":42,"gold_loss":0}],"is_beta":false,"boss_relics":[{"not_picked":["infinitespire:Cupcake","hubris:HollowSoul"],"picked":"WristBlade"},{"not_picked":["construct:ClawGrip","hubris:BlackHole"],"picked":"Black Star"}],"items_purged_floors":[19,53],"is_endless":false,"potions_floor_spawned":[1,7,11,18,22,24,27,37,39,47,48],"killed_by":"The Heart","ascension_level":11}}