{"host":"l8lkgdumzpe3823a","time":1609356013,"event":{"mods":["Always Whale","Aspiration","BaseMod","Beaked The Cultist","Better Note","Clockwork Mod","Colored Powertips","Curses Come First","Custom Start","DeckTracker","Defuse TimeMaze Blight","Highlight Path","Hubris","Infinite Spire","Minty Spire (QoL Compilation)","Quick Restart","Replay The Spire","Shop Mod","StSLib","SuperFastMode","The Construct","The Cursed","The Dragon Tamer","The Servant 0.9.4","vexMod"],"gold_per_floor":[112,112,92,111,122,122,156,29,29,29,29,29,29,29,29,29,29],"floor_reached":16,"playtime":449,"items_purged":[],"score":101,"play_id":"d562950f-7afc-4329-9fb5-a6fa11d4b352","local_time":"20201230132013","is_ascension_mode":true,"campfire_choices":[{"data":"TheCursedMod:Torture","floor":6,"key":"SMITH"},{"floor":10,"key":"REST"},{"data":"TheCursedMod:CircleOfCorruption","floor":12,"key":"SMITH"},{"data":"TheCursedMod:HellfireBreathing","floor":15,"key":"SMITH"}],"circlet_count":0,"master_deck":["TheCursedMod:Strike_TheCursed","TheCursedMod:Strike_TheCursed","TheCursedMod:Strike_TheCursed","TheCursedMod:Strike_TheCursed","TheCursedMod:Defend_TheCursed","TheCursedMod:Defend_TheCursed","TheCursedMod:Defend_TheCursed","TheCursedMod:Defend_TheCursed","TheCursedMod:CursedWand+1","TheCursedMod:CleanUpWorkshop","TheCursedMod:Dregs","TheCursedMod:Torture+1","TheCursedMod:SpitefulPlan","TheCursedMod:Stigma","TheCursedMod:HellfireBreathing+1","TheCursedMod:CircleOfCorruption+1"],"relics":["TheCursedMod:BlackMagic101","aspiration:TomeofQuesting","Happy Flower","Gremlin Horn","aspiration:BabyByrd"],"acts_visited":["Exordium"],"potions_floor_usage":[16,16],"damage_taken":[{"damage":0,"enemies":"Cultist","floor":1,"turns":3},{"damage":0,"enemies":"2 Louse","floor":4,"turns":4},{"damage":9,"enemies":"Small Slimes","floor":5,"turns":5},{"damage":36,"enemies":"Gremlin Nob","floor":7,"turns":4},{"damage":50,"enemies":"Slime Boss","floor":16,"turns":8}],"seed_played":"-8630135258473436784","potions_obtained":[{"floor":3,"key":"Ancient Potion"},{"floor":5,"key":"Fire Potion"}],"is_trial":false,"path_per_floor":["M","T","?","M","M","R","E","$","T","R","?","R","?","?","R","B"],"character_chosen":"THE_CURSED","items_purchased":["TheCursedMod:HellfireBreathing","TheCursedMod:CircleOfCorruption"],"campfire_rested":1,"item_purchase_floors":[8,8],"current_hp_per_floor":[68,68,68,68,59,59,23,23,23,49,49,49,49,49,49,0,0],"gold":29,"neow_bonus":"TWENTY_PERCENT_HP_BONUS","is_daily":false,"chose_seed":false,"campfire_upgraded":3,"win_rate":0.0,"timestamp":1609356013,"path_taken":["M","?","?","M","?","R","E","$","T","R","?","R","?","?","R","BOSS"],"items_purchased_type":["Card","Card"],"build_version":"2020-12-22","purchased_purges":0,"victory":false,"max_hp_per_floor":[89,89,89,89,89,89,89,89,89,89,89,89,89,89,89,89,89],"card_choices":[{"not_picked":["TheCursedMod:SpitefulStrike","TheCursedMod:Obscuration"],"picked":"TheCursedMod:Torture","floor":1},{"not_picked":["TheCursedMod:WearCloak","TheCursedMod:SpitefulStrike"],"picked":"TheCursedMod:SpitefulPlan","floor":4},{"not_picked":["TheCursedMod:Mangle","TheCursedMod:CursedShiv"],"picked":"TheCursedMod:Stigma","floor":5},{"not_picked":["TheCursedMod:DemonicPact","TheCursedMod:RavingStaff","TheCursedMod:DemonSword"],"picked":"SKIP","floor":7}],"player_experience":731378,"relics_obtained":[{"floor":2,"key":"aspiration:TomeofQuesting"},{"floor":7,"key":"Happy Flower"},{"floor":9,"key":"Gremlin Horn"}],"event_choices":[{"damage_healed":0,"gold_gain":0,"player_choice":"Bought 1 Potion","damage_taken":0,"max_hp_gain":0,"max_hp_loss":0,"event_name":"The Woman in Blue","floor":3,"gold_loss":0},{"damage_healed":0,"gold_gain":0,"player_choice":"Grow","damage_taken":0,"max_hp_gain":0,"max_hp_loss":0,"event_name":"Living Wall","floor":14,"gold_loss":0,"cards_upgraded":["TheCursedMod:CursedWand"]}],"is_beta":false,"boss_relics":[],"items_purged_floors":[],"is_endless":false,"potions_floor_spawned":[5],"killed_by":"Slime Boss","ascension_level":1}}