{"host":"yq9dmb6jykv04g7m","time":1609319709,"event":{"mods":["Aspiration","BaseMod","Colored Map","Colored Powertips","Hubris","Infinite Spire","Minty Spire (QoL Compilation)","MostiFishMod","Rare Cards Sparkle","Replay The Spire","Spicy Shops","StSLib","SuperFastMode","【功能Mod】聪明的最终Boss"],"gold_per_floor":[109,125,50,50,50,76,76,76,76,86,103,133,149,149,149,245,245,259,259,184,184,84,84,119,144,144,175,188,204,233,233,233,337,337,354,354,368,422,1641,2270,2285,235,235,235,245,279,279,309,309,1004,1004,1012,1012,1012,587,591,1199,1229,1241,1241,1265,1278,1302,1320,1335,1335,1427,1427,1443,1455,489,506,524,555,555,555,623,656,656,671,671,686,686,788,788,798,812,812,822,830,854,854,854,931,964,982,1001,1015,402,402,498,498,498],"floor_reached":102,"playtime":3283,"items_purged":["Strike_G","Defend_B","Normality","Defend_B","Defend_B","MostiFishMod:GatherIntelligence+1","Amplify","MostiFishMod:InterfaceCompatibility","Dualcast","Strike_P"],"score":3146,"play_id":"06cbba0d-a349-4dac-9f70-a7acfe11d41b","local_time":"20201230171509","is_ascension_mode":true,"campfire_choices":[{"data":"MostiFishMod:DawningShadow","floor":7.0,"key":"SMITH"},{"data":"Zap","floor":15.0,"key":"SMITH"},{"floor":23.0,"key":"RECALL"},{"data":"Buffer","floor":32.0,"key":"SMITH"},{"data":"MostiFishMod:IntelligentEquipment","floor":47,"key":"SMITH"},{"data":"Redo","floor":49,"key":"SMITH"},{"data":"MostiFishMod:ATRI","floor":66,"key":"SMITH"},{"data":"MostiFishMod:ActiveDefenseSystem","floor":75,"key":"SMITH"},{"data":"MostiFishMod:WinterMarkForm","floor":81,"key":"SMITH"},{"data":"MostiFishMod:ReadyAimFire","floor":83,"key":"SMITH"},{"data":"Echo Form","floor":92,"key":"SMITH"},{"data":"ReplayUltimateDefense","floor":100,"key":"SMITH"}],"circlet_count":0,"master_deck":["MostiFishMod:ReadyAimFire+1","Strike_B","Zap+1","FIFO Queue","MostiFishMod:DawningShadow+1","Gash","Gash","Reboot","Buffer+1","BasicCrystalCard+1","Hologram+1","MostiFishMod:DeathFromBelow","aspiration:Polymerization","Madness","MostiFishMod:IntelligentEquipment+1","Self Repair","Redo+1","Gash+1","MostiFishMod:ReadyAimFire+1","MostiFishMod:ATRI+1","MostiFishMod:ActiveDefenseSystem+1","Meteor Strike+1","MostiFishMod:FrostNova","MostiFishMod:WinterMarkForm+1","Bouncing Flask","Echo Form+1","ReplayTheSpireMod:Chaos Vortex+1","ReplayUltimateDefense+1","ReplayTheSpireMod:Fabricate Wheel+1"],"relics":["Cracked Core","DaveBox","Shovel","SynthV:TestCard","BirthdayGift-Tetrahedron","aspiration:SeaSaltIceCream","aspiration:Nostalgia","Burning Blood","hubris:Towel","infinitespire:Beetle Shell","Potion Belt","hubris:ScarierMask","hubris:TenFootPole","ReplayTheSpireMod:CursedCoin","Chameleon Ring","Geode","Regal Pillow","aspiration:PoetsPen_weak","hubris:64BitClover","Carrot","ReplayTheSpireMod:Ninjato","Kunai","Boot","BirthdayGift-Icosahedron","ClockworkSouvenir","Cables","hubris:BallOfYels","Ancient Tea Set","aspiration:RunicSpoon","Pen Nib","hubris:RGBLights","Bottled Lightning","infinitespire:SolderingIron","Molten Egg 2","FrostBlade","aspiration:EnhancedActuators","Ginger","Replay:Ringing Soul","Happy Flower","hubris:SoftwareUpdate","infinitespire:Eraser","Toxic Egg 2","infinitespire:Lucky Rock","Quantum Egg","hubris:TinFlute","Oddly Smooth Stone"],"acts_visited":["Exordium","TheCity","TheBeyond","Exordium","TheCity","TheBeyond","Exordium"],"potions_floor_usage":[],"damage_taken":[{"damage":7.0,"enemies":"Jaw Worm","floor":1.0,"turns":3.0},{"damage":2.0,"enemies":"Small Slimes","floor":2.0,"turns":2.0},{"damage":2.0,"enemies":"3 Sentries","floor":6.0,"turns":2.0},{"damage":11.0,"enemies":"2 Louse","floor":10.0,"turns":2.0},{"damage":2.0,"enemies":"2 Fungi Beasts","floor":11.0,"turns":2.0},{"damage":2.0,"enemies":"Lagavulin","floor":12.0,"turns":2.0},{"damage":0.0,"enemies":"Looter","floor":13.0,"turns":1.0},{"damage":12.0,"enemies":"Fading Forest","floor":16.0,"turns":7.0},{"damage":0.0,"enemies":"Shell Parasite","floor":18.0,"turns":1.0},{"damage":0.0,"enemies":"Gremlin Leader","floor":24.0,"turns":1.0},{"damage":2.0,"enemies":"Nightmare","floor":27.0,"turns":2.0},{"damage":2.0,"enemies":"Spheric Guardian","floor":28.0,"turns":2.0},{"damage":5.0,"enemies":"Shelled Parasite and Fungi","floor":29.0,"turns":2.0},{"damage":3.0,"enemies":"Book of Stabbing","floor":30.0,"turns":2.0},{"damage":18.0,"enemies":"hubris:MusketHawk","floor":33.0,"turns":4.0},{"damage":0.0,"enemies":"3 Shapes","floor":35.0,"turns":1.0},{"damage":2.0,"enemies":"Orb Walker","floor":37.0,"turns":2.0},{"damage":1.0,"enemies":"2 Orb Walkers","floor":38.0,"turns":3.0},{"damage":2,"enemies":"Jaw Worm Horde","floor":39,"turns":3},{"damage":24,"enemies":"Nightmare","floor":40,"turns":5},{"damage":23,"enemies":"Writhing Mass","floor":41,"turns":4},{"damage":1,"enemies":"Spire Growth","floor":45,"turns":2},{"damage":1,"enemies":"Reptomancer","floor":46,"turns":2},{"damage":1,"enemies":"R_Hoarder","floor":48,"turns":2},{"damage":0,"enemies":"Replay:Hell Engine","floor":50,"turns":2},{"damage":0,"enemies":"2 Louse","floor":52,"turns":1},{"damage":0,"enemies":"Jaw Worm","floor":56,"turns":1},{"damage":0,"enemies":"Cultist","floor":57,"turns":1},{"damage":0,"enemies":"3 Sentries","floor":58,"turns":1},{"damage":0,"enemies":"Lots of Slimes","floor":59,"turns":1},{"damage":0,"enemies":"Nightmare","floor":61,"turns":1},{"damage":0,"enemies":"Blue Slaver","floor":62,"turns":1},{"damage":0,"enemies":"Gremlin Nob","floor":63,"turns":1},{"damage":0,"enemies":"Large Slime","floor":64,"turns":1},{"damage":0,"enemies":"2 Fungi Beasts","floor":65,"turns":1},{"damage":0,"enemies":"The Guardian","floor":67,"turns":1},{"damage":0,"enemies":"3 Byrds","floor":69,"turns":1},{"damage":0,"enemies":"2 Thieves","floor":70,"turns":1},{"damage":0,"enemies":"Centurion and Healer","floor":72,"turns":1},{"damage":0,"enemies":"3 Cultists","floor":73,"turns":1},{"damage":0,"enemies":"Slavers","floor":74,"turns":1},{"damage":0,"enemies":"Nightmare","floor":78,"turns":1},{"damage":0,"enemies":"Snake Plant","floor":80,"turns":1},{"damage":0,"enemies":"Snecko","floor":82,"turns":1},{"damage":0,"enemies":"hubris:MusketHawk","floor":84,"turns":1},{"damage":0,"enemies":"3 Shapes","floor":86,"turns":1},{"damage":0,"enemies":"3 Darklings","floor":87,"turns":1},{"damage":0,"enemies":"Jaw Worm Horde","floor":89,"turns":1},{"damage":0,"enemies":"Maw","floor":90,"turns":1},{"damage":0,"enemies":"Nightmare_Alpha","floor":91,"turns":1},{"damage":0,"enemies":"R_Hoarder","floor":95,"turns":1},{"damage":0,"enemies":"Sphere and 2 Shapes","floor":96,"turns":1},{"damage":0,"enemies":"Writhing Mass","floor":97,"turns":1},{"damage":0,"enemies":"Spire Growth","floor":98,"turns":1},{"damage":0,"enemies":"infinitespire:MassOfShapes","floor":101,"turns":1}],"seed_played":"-7941791111783617881","potions_obtained":[{"floor":2.0,"key":"Strength Potion"},{"floor":6.0,"key":"SpeedPotion"},{"floor":16.0,"key":"Strength Potion"},{"floor":24.0,"key":"BlessingOfTheForge"},{"floor":28.0,"key":"SteroidPotion"},{"floor":46,"key":"infinitespire:BlackPotion"},{"floor":62,"key":"LifebloodPotion"}],"is_trial":false,"path_per_floor":["M","M","$","?","?","E","R","?","T","M","M","E","M","T","R","B",null,"M","?","?","?","$","R","E","$","T","NM","M","M","E","?","R","B",null,"M","?","M","?","M","NM","M","$","T","?","M","E","R","E","R","B",null,"M","?","AVR","$","M","M","E","M","T","NM","M","E","M","M","R","B",null,"M","M","$","M","M","E","R","?","T","NM","?","M","R","M","R","B",null,"M","M","?","M","M","NM","R","?","T","E","M","M","M","$","R","B",null],"character_chosen":"DEFECT","items_purchased":["ReplayTheSpireMod:CursedCoin","ReplayTheSpireMod:Ninjato","Kunai","Boot","BirthdayGift-Icosahedron","ClockworkSouvenir","Redo","PotionOfCapacity","PowerPotion","Ginger","Replay:Ringing Soul","Happy Flower","Oddly Smooth Stone","ReplayUltimateDefense"],"campfire_rested":0,"item_purchase_floors":[25,42,42,42,42,42,42,42,42,71,71,71,99,99],"current_hp_per_floor":[61,59,59,59,59,57,57,57,57,52,56,60,66,66,66,68,73,75,75,75,75,75,75,75,75,75,75,75,75,75,71,71,59,75,80,80,80,80,80,62,45,45,45,53,66,72,72,80,80,80,80,80,80,80,80,80,80,80,80,80,80,80,80,80,80,80,80,80,80,80,80,80,80,80,80,83,83,83,83,83,83,83,83,86,86,86,86,82,82,82,85,85,85,85,85,85,85,85,88,88,91,91,91],"gold":498,"neow_bonus":"ONE_RARE_RELIC","is_daily":false,"chose_seed":false,"campfire_upgraded":11,"win_rate":0.0,"timestamp":1609319709,"path_taken":["M","M","$","?","?","E","R","?","T","M","M","E","M","?","R","BOSS","M","?","?","?","?","R","E","$","T","NM","M","?","E","?","R","BOSS","M","?","M","?","M","NM","M","$","T","?","M","E","R","E","R","BOSS","M","?","AVR","?","?","M","E","M","T","NM","M","E","M","M","R","BOSS","M","M","$","M","M","E","R","?","T","NM","?","M","R","M","R","BOSS","M","M","?","M","M","NM","R","?","T","E","M","M","?","$","R","BOSS"],"items_purchased_type":["Relic","Relic","Relic","Relic","Relic","Relic","Card","Potion","Potion","Relic","Relic","Relic","Relic","Card"],"build_version":"2020-12-22","purchased_purges":10,"victory":false,"max_hp_per_floor":[75,75,75,75,75,75,75,75,75,75,75,75,75,75,75,75,75,75,75,75,75,75,75,75,75,75,75,75,75,75,80,80,80,80,80,80,80,80,80,80,80,80,80,80,80,80,80,80,80,80,80,80,80,80,80,80,80,80,80,80,80,80,80,80,80,80,80,80,80,80,80,80,80,80,80,83,83,83,83,83,83,83,83,86,86,86,86,82,82,82,85,85,85,85,85,85,85,85,88,88,91,91,91],"card_choices":[{"not_picked":["Static Discharge","Sweeping Beam"],"picked":"MostiFishMod:GatherIntelligence","floor":1.0},{"not_picked":["Force Field","Time Bomb","Static Discharge","Sweeping Beam"],"picked":"FIFO Queue","floor":2.0},{"not_picked":["ReplayTheSpireMod:GoodbyeWorld","Barrage","Hologram","Rebound"],"picked":"MostiFishMod:DawningShadow","floor":6.0},{"not_picked":["Stack","Streamline","Coolheaded","Glacier"],"picked":"Gash","floor":10.0},{"not_picked":["Leap","Streamline","Undo","Beam Cell","Static Discharge"],"picked":"SKIP","floor":11.0},{"not_picked":["Hello World","Conserve Battery","Coolheaded","ReplayGash"],"picked":"Gash","floor":12.0},{"not_picked":["Time Bomb","Doom and Gloom","Beam Cell","Consume","Redo"],"picked":"SKIP","floor":13.0},{"not_picked":["Chill","Cold Snap","MostiFishMod:FluxCapactior","ReplayTheSpireMod:System Scan+1","Glacier"],"picked":"SKIP","floor":18.0},{"not_picked":["Panic Button+1","Go for the Eyes+1","Gash","ReplayTheSpireMod:GoodbyeWorld"],"picked":"Amplify","floor":24.0},{"not_picked":["Skim","Go for the Eyes","Coolheaded","MostiFishMod:Impulse"],"picked":"Buffer","floor":27.0},{"not_picked":["Conserve Battery","ReplayGash","Scrape","Go for the Eyes"],"picked":"BasicCrystalCard+1","floor":28.0},{"not_picked":["Go for the Eyes","BootSequence+1","Beam Cell","Panic Button","Recycle"],"picked":"SKIP","floor":29.0},{"not_picked":["Chill","Time Bomb","Steam","Cold Snap"],"picked":"Hologram+1","floor":30.0},{"not_picked":["MostiFishMod:InterfaceCompatibility","Hyperbeam","MostiFishMod:Tomorrow","ReplayTheSpireMod:Fabricate Wheel"],"picked":"MostiFishMod:DeathFromBelow","floor":33.0},{"not_picked":["MostiFishMod:FluxCapactior","Blizzard+1","MostiFishMod:PushDownKick+1","FTL+1"],"picked":"aspiration:Polymerization","floor":35.0},{"not_picked":["Dark Shackles","Swift Strike","Replay:Parry","Survey Options"],"picked":"Madness","floor":36.0},{"not_picked":["ReplayTheSpireMod:Repulse+1","Turbo","ReplaySolidLightProjector+1","Thunder Strike","BootSequence"],"picked":"SKIP","floor":37.0},{"not_picked":["ReplayTheSpireMod:GoodbyeWorld+1","Lockon","Rebound+1","MostiFishMod:PushDownKick","Redo+1"],"picked":"SKIP","floor":39},{"not_picked":["Barrage+1","Compile Driver+1","Sweeping Beam+1","Hello World+1"],"picked":"MostiFishMod:IntelligentEquipment","floor":40},{"not_picked":["Consume","Barrage","Static Discharge+1","ReplayGash"],"picked":"Self Repair","floor":41},{"not_picked":["MostiFishMod:Overload","Conserve Battery+1","Defragment","Barrage+1","Beam Cell+1"],"picked":"SKIP","floor":45},{"not_picked":["Machine Learning","Beam Cell+1","FTL+1","Panic Button+1"],"picked":"Gash+1","floor":46},{"not_picked":["Steam Power","Hyperbeam","Skim","Ball Lightning+1","MostiFishMod:ReprogramOld+1"],"picked":"SKIP","floor":48},{"not_picked":["MostiFishMod:GoodWordForIt","Reboot","MostiFishMod:StarOceanB","Seek"],"picked":"MostiFishMod:ReadyAimFire","floor":50},{"not_picked":["Tempest","Conserve Battery","Scrape","Go for the Eyes","Reprogram"],"picked":"SKIP","floor":52},{"not_picked":["Coolheaded","BasicCrystalCard","Conserve Battery","hubris:Ukulele","Chill"],"picked":"SKIP","floor":56},{"not_picked":["Force Field","Turbo","Leap","Panic Button","Barrage"],"picked":"SKIP","floor":57},{"not_picked":["Fusion","Steam","Stack","Conserve Battery","Recycle"],"picked":"SKIP","floor":58},{"not_picked":["Coolheaded","Heatsinks","ReplayTheSpireMod:Repulse","ReplayTheSpireMod:System Scan","MostiFishMod:LinkProtocol"],"picked":"SKIP","floor":59},{"not_picked":["ReplayTheSpireMod:Fabricate Wheel","FIFO Queue","Hello World","Gash"],"picked":"MostiFishMod:ATRI","floor":61},{"not_picked":["Beam Cell","Gash","Skim","MostiFishMod:PushDownKick","Lockon"],"picked":"SKIP","floor":62},{"not_picked":["Panic Button","Rebound+1","ReplayTheSpireMod:System Scan","All For One+1"],"picked":"MostiFishMod:ActiveDefenseSystem","floor":63},{"not_picked":["MostiFishMod:PushDownKick+1","MostiFishMod:LinkProtocol","BasicCrystalCard","Steam","Force Field"],"picked":"SKIP","floor":64},{"not_picked":["Leap","Stack","Conserve Battery","Steam","Consume"],"picked":"SKIP","floor":65},{"not_picked":["MostiFishMod:InterfaceCompatibility","MostiFishMod:Overload","Reboot","ReplayTheSpireMod:Omega Cannon+1"],"picked":"Meteor Strike+1","floor":67},{"not_picked":["Conserve Battery","Streamline+1","Gash+1","hubris:Ukulele+1","Lockon+1"],"picked":"SKIP","floor":69},{"not_picked":["Darkness+1","Ball Lightning+1","ReplayTheSpireMod:Calculation Training","MostiFishMod:SeaWaves","Hello World"],"picked":"SKIP","floor":70},{"not_picked":["Turbo","Compile Driver+1","ReplayTheSpireMod:Reroute Power","Leap","Rebound+1"],"picked":"SKIP","floor":72},{"not_picked":["Crystallizer+1","Auto Shields","Panic Button","ReplayTheSpireMod:GoodbyeWorld","Streamline+1"],"picked":"SKIP","floor":73},{"not_picked":["BasicCrystalCard","Go for the Eyes+1","Darkness","Cold Snap+1","Stack"],"picked":"SKIP","floor":74},{"not_picked":["Compile Driver+1","Blizzard+1","Beam Cell+1","Cold Snap+1","Leap+1"],"picked":"SKIP","floor":78},{"not_picked":["Beam Cell+1","Compile Driver+1","Coolheaded+1","Electrodynamics","Rebound+1"],"picked":"SKIP","floor":80},{"not_picked":["Sweeping Beam+1","Lockon+1","Beam Cell+1","Ball Lightning+1","Conserve Battery+1"],"picked":"SKIP","floor":82},{"not_picked":["MostiFishMod:Culaccino+1","Amplify+1","MostiFishMod:Prepare","MostiFishMod:ATRI+1"],"picked":"Echo Form","floor":84},{"not_picked":["ReplayTheSpireMod:Chaos Vortex","infinitespire:Gouge"],"picked":"infinitespire:SealOfDarkness+","floor":84},{"not_picked":["Conserve Battery+1","Rebound+1","Sunder+1","Stack+1","Consume+1"],"picked":"SKIP","floor":86},{"not_picked":["FIFO Queue","Static Discharge+1","ReplaySort+1","Rip and Tear+1","Hologram+1"],"picked":"SKIP","floor":87},{"not_picked":["Turbo+1","Sweeping Beam+1","Chill+1","Tempest+1","Beam Cell+1"],"picked":"SKIP","floor":89},{"not_picked":["Redo+1","MostiFishMod:PushDownKick+1","Go for the Eyes+1","Consume+1","MostiFishMod:Nova+1"],"picked":"SKIP","floor":90},{"not_picked":["infinitespire:Gouge","hubris:InfiniteBlow"],"picked":"ReplayTheSpireMod:Chaos Vortex","floor":91},{"not_picked":["Go for the Eyes+1","Conserve Battery+1","Sweeping Beam+1","Loop","Chill+1"],"picked":"SKIP","floor":91},{"not_picked":["Gash+1","Redo+1","Beam Cell+1","Self Repair+1","BootSequence+1"],"picked":"SKIP","floor":95},{"not_picked":["Barrage+1","Rebound+1","Leap+1","Ball Lightning+1","Chill+1"],"picked":"SKIP","floor":96},{"not_picked":["Darkness+1","Panic Button+1","Force Field+1","ReplayTheSpireMod:Calculation Training+1","Compile Driver+1"],"picked":"SKIP","floor":97},{"not_picked":["Conserve Battery+1","BasicCrystalCard+1","Barrage+1","MostiFishMod:Overload+1","Rebound+1"],"picked":"SKIP","floor":98},{"not_picked":["hubris:DoWhile+1","Hyperbeam+1","MostiFishMod:TalkingToTheRain","MostiFishMod:DawningShadow"],"picked":"ReplayTheSpireMod:Fabricate Wheel+1","floor":101}],"player_experience":112474,"relics_obtained":[{"floor":1.0,"key":"SynthV:TestCard"},{"floor":6.0,"key":"aspiration:SeaSaltIceCream"},{"floor":9.0,"key":"infinitespire:Beetle Shell"},{"floor":12.0,"key":"Potion Belt"},{"floor":24.0,"key":"hubris:TenFootPole"},{"floor":26.0,"key":"Chameleon Ring"},{"floor":27.0,"key":"Geode"},{"floor":30.0,"key":"Regal Pillow"},{"floor":38.0,"key":"hubris:64BitClover"},{"floor":40,"key":"Carrot"},{"floor":43,"key":"Cables"},{"floor":46,"key":"hubris:BallOfYels"},{"floor":48,"key":"Ancient Tea Set"},{"floor":57,"key":"Pen Nib"},{"floor":58,"key":"hubris:RGBLights"},{"floor":60,"key":"Bottled Lightning"},{"floor":61,"key":"infinitespire:SolderingIron"},{"floor":63,"key":"Molten Egg 2"},{"floor":70,"key":"aspiration:EnhancedActuators"},{"floor":74,"key":"hubris:SoftwareUpdate"},{"floor":77,"key":"infinitespire:Eraser"},{"floor":78,"key":"Toxic Egg 2"},{"floor":91,"key":"infinitespire:Lucky Rock"},{"floor":94,"key":"Quantum Egg"},{"floor":95,"key":"hubris:TinFlute"}],"event_choices":[{"cards_removed":["Strike_B"],"damage_healed":0.0,"max_hp_gain":0.0,"max_hp_loss":0.0,"gold_gain":0.0,"event_name":"Living Wall","player_choice":"Forget","floor":5.0,"gold_loss":0.0,"damage_taken":0.0},{"damage_healed":0.0,"max_hp_gain":0.0,"max_hp_loss":0.0,"gold_gain":0.0,"cards_transformed":["Strike_B","Defend_B"],"event_name":"Drug Dealer","player_choice":"Became Test Subject","floor":19.0,"gold_loss":0.0,"damage_taken":0.0,"cards_obtained":["Reboot","MostiFishMod:InterfaceCompatibility"]},{"cards_removed":["Strike_B"],"damage_healed":0.0,"max_hp_gain":0.0,"max_hp_loss":0.0,"gold_gain":0.0,"event_name":"Beggar","player_choice":"Gave Gold","floor":20.0,"gold_loss":75.0,"damage_taken":0.0},{"damage_healed":0.0,"max_hp_gain":5.0,"max_hp_loss":0.0,"gold_gain":0.0,"event_name":"Forgotten Altar","player_choice":"Shed Blood","floor":31.0,"gold_loss":0.0,"damage_taken":19.0},{"damage_healed":0.0,"max_hp_gain":0.0,"max_hp_loss":0.0,"gold_gain":0.0,"event_name":"SensoryStone","player_choice":"Memory 1","floor":36.0,"gold_loss":0.0,"damage_taken":0.0},{"damage_healed":0.0,"max_hp_gain":0.0,"max_hp_loss":0.0,"gold_gain":0.0,"event_name":"Mysterious Sphere","player_choice":"Fight","floor":38.0,"gold_loss":0.0,"damage_taken":0.0},{"damage_healed":0,"gold_gain":0,"player_choice":"Got Potions","damage_taken":0,"max_hp_gain":0,"max_hp_loss":0,"event_name":"Lab","floor":53,"gold_loss":0},{"damage_healed":0,"gold_gain":0,"player_choice":"Read","damage_taken":0,"max_hp_gain":0,"max_hp_loss":0,"event_name":"The Library","floor":76,"gold_loss":0,"cards_obtained":["Bouncing Flask"]},{"damage_healed":0,"gold_gain":0,"player_choice":"Ignored","damage_taken":0,"max_hp_gain":0,"max_hp_loss":0,"event_name":"Vampires","floor":79,"gold_loss":0},{"damage_healed":0,"gold_gain":0,"player_choice":"Max HP","damage_taken":0,"max_hp_gain":0,"max_hp_loss":4,"event_name":"Winding Halls","floor":88,"gold_loss":0},{"damage_healed":0,"gold_gain":0,"player_choice":"Upgraded","damage_taken":0,"max_hp_gain":0,"max_hp_loss":0,"event_name":"Upgrade Shrine","floor":93,"gold_loss":0,"cards_upgraded":["ReplayTheSpireMod:Chaos Vortex"]}],"is_beta":false,"boss_relics":[{"not_picked":["NightmareShop","Abe\u0027s Treasure"],"picked":"hubris:ScarierMask"},{"not_picked":["aspiration:Stellarator","hubris:BlackHole"],"picked":"aspiration:PoetsPen_weak"},{"not_picked":["Snecko Heart","Replay:Drink Me"],"picked":"aspiration:RunicSpoon"},{"not_picked":["Cursed Key","Sozu"],"picked":"FrostBlade"},{"not_picked":["Runic Dome","DiscerningMonocle","aspiration:FutureDiary"]},{"not_picked":["BloodWine","Replay:Ancient Bell","aspiration:IroncladSkillbook"]}],"items_purged_floors":[3,22,25,42,42,54,55,55,71,99],"is_endless":true,"potions_floor_spawned":[2,6,16,24,28,29,33,40,45,46,50,52,59,62,69,70,74,80,86,89,96,97,98,101],"ascension_level":7}}