{"host":"i19jjmeqmvseha12","time":1609317280,"event":{"mods":["BaseMod","Colored Powertips","Dota2Spire","Minty Spire (QoL Compilation)","StSLib"],"gold_per_floor":[219,63,73,73,88,120,120,130,181,200,213,213,226,238,238,340,340,355,355,203,221,234,261,261,281,281,300,300,317,317,15,15,15,15],"floor_reached":33,"playtime":1187,"items_purged":[],"score":273,"play_id":"80143134-4bb6-4f5a-aae6-0a4e231679e4","local_time":"20201230003440","is_ascension_mode":false,"campfire_choices":[{"data":"Neutralize","floor":7,"key":"SMITH"},{"floor":15,"key":"REST"},{"floor":24,"key":"REST"},{"floor":32,"key":"REST"}],"circlet_count":0,"master_deck":["Strike_G","Strike_G+1","Strike_G","Strike_G+1","Strike_G","Defend_G","Defend_G","Defend_G","Defend_G","Defend_G","Survivor","Neutralize+1","Footwork","Dagger Throw","Sucker Punch","Sucker Punch","Backstab","Glass Knife","Slice+1","Dagger Spray","Footwork+1","Heel Hook+1","Caltrops","Dagger Throw+1","Glass Knife"],"relics":["Ring of the Snake","Anchor","Paper Crane","Whetstone","HandDrill","Boot","Bird Faced Urn","Pen Nib"],"acts_visited":["Exordium","TheCity"],"potions_floor_usage":[6,16,16,23,33],"damage_taken":[{"damage":2,"enemies":"Jaw Worm","floor":1,"turns":4},{"damage":0,"enemies":"2 Louse","floor":3,"turns":4},{"damage":0,"enemies":"Small Slimes","floor":5,"turns":3},{"damage":19,"enemies":"3 Sentries","floor":6,"turns":8},{"damage":2,"enemies":"Exordium Wildlife","floor":8,"turns":4},{"damage":3,"enemies":"3 Louse","floor":10,"turns":4},{"damage":16,"enemies":"Large Slime","floor":11,"turns":6},{"damage":0,"enemies":"Blue Slaver","floor":13,"turns":3},{"damage":8,"enemies":"2 Fungi Beasts","floor":14,"turns":3},{"damage":45,"enemies":"Hexaghost","floor":16,"turns":16},{"damage":15,"enemies":"Spheric Guardian","floor":18,"turns":4},{"damage":5,"enemies":"Shell Parasite","floor":21,"turns":3},{"damage":19,"enemies":"Shelled Parasite and Fungi","floor":22,"turns":4},{"damage":12,"enemies":"Book of Stabbing","floor":23,"turns":6},{"damage":12,"enemies":"Centurion and Healer","floor":25,"turns":8},{"damage":11,"enemies":"Snecko","floor":27,"turns":6},{"damage":15,"enemies":"3 Cultists","floor":29,"turns":6},{"damage":78,"enemies":"Collector","floor":33,"turns":6}],"seed_played":"6579532186178086743","potions_obtained":[{"floor":3,"key":"PowerPotion"},{"floor":10,"key":"LiquidMemories"},{"floor":13,"key":"Block Potion"},{"floor":14,"key":"LiquidBronze"},{"floor":16,"key":"SpeedPotion"},{"floor":18,"key":"SmokeBomb"},{"floor":29,"key":"Dota2Spire:HealingSalve"}],"is_trial":false,"path_per_floor":["M","$","M","?","M","E","R","M","T","M","M","?","M","M","R","B",null,"M","?","$","M","M","E","R","M","T","M","?","M","?","$","R","B"],"character_chosen":"THE_SILENT","items_purchased":["Anchor","HandDrill","Glass Knife","Pen Nib"],"campfire_rested":3,"item_purchase_floors":[2,20,31,31],"current_hp_per_floor":[68,68,68,73,73,54,54,52,52,49,33,33,33,25,47,2,75,60,60,60,55,36,24,46,34,34,27,13,4,30,30,54,0,0],"gold":15,"neow_bonus":"HUNDRED_GOLD","is_daily":false,"chose_seed":false,"campfire_upgraded":1,"win_rate":0.0,"timestamp":1609317280,"path_taken":["M","$","M","?","M","E","R","M","T","M","M","?","M","M","R","BOSS","M","?","$","M","M","E","R","M","T","M","?","M","?","$","R","BOSS"],"items_purchased_type":["Relic","Relic","Card","Relic"],"build_version":"2020-12-22","purchased_purges":0,"victory":false,"max_hp_per_floor":[70,70,70,75,75,75,75,75,75,75,75,75,75,75,75,75,75,75,75,75,75,75,75,75,75,75,75,80,80,80,80,80,80,80],"card_choices":[{"not_picked":["Deflect","Backflip"],"picked":"Footwork","floor":1},{"not_picked":["Dodge and Roll","Backflip"],"picked":"Dagger Throw","floor":3},{"not_picked":["Flechettes","Reflex","All Out Attack"],"picked":"SKIP","floor":5},{"not_picked":["Cloak And Dagger","Accuracy"],"picked":"Sucker Punch","floor":6},{"not_picked":["Prepared","Setup"],"picked":"Sucker Punch","floor":8},{"not_picked":["Quick Slash","Prepared","Outmaneuver"],"picked":"SKIP","floor":10},{"not_picked":["Slice","Blade Dance","PiercingWail"],"picked":"SKIP","floor":11},{"not_picked":["Dagger Spray","Sucker Punch"],"picked":"Backstab","floor":13},{"not_picked":["PiercingWail","Sucker Punch","Dagger Throw"],"picked":"SKIP","floor":14},{"not_picked":["Adrenaline","Tools of the Trade"],"picked":"Glass Knife","floor":16},{"not_picked":["Flechettes","PiercingWail+1"],"picked":"Slice+1","floor":18},{"not_picked":["Escape Plan","Outmaneuver"],"picked":"Dagger Spray","floor":21},{"not_picked":["Poisoned Stab","Dagger Spray","Quick Slash"],"picked":"SKIP","floor":22},{"not_picked":["Terror","Grand Finale"],"picked":"Footwork+1","floor":23},{"not_picked":["Dagger Throw","Deflect"],"picked":"Heel Hook+1","floor":25},{"not_picked":["Dagger Spray","Concentrate"],"picked":"Caltrops","floor":27},{"not_picked":["Setup","PiercingWail"],"picked":"Dagger Throw+1","floor":29}],"player_experience":117895,"relics_obtained":[{"floor":6,"key":"Paper Crane"},{"floor":9,"key":"Whetstone"},{"floor":23,"key":"Boot"},{"floor":26,"key":"Bird Faced Urn"}],"event_choices":[{"damage_healed":0,"gold_gain":0,"player_choice":"Donut","damage_taken":0,"max_hp_gain":5,"max_hp_loss":0,"event_name":"Big Fish","floor":4,"gold_loss":0},{"damage_healed":0,"gold_gain":0,"player_choice":"Ignored","damage_taken":0,"max_hp_gain":0,"max_hp_loss":0,"event_name":"Golden Wing","floor":12,"gold_loss":0},{"damage_healed":0,"gold_gain":0,"player_choice":"Ignored","damage_taken":0,"max_hp_gain":0,"max_hp_loss":0,"event_name":"Beggar","floor":19,"gold_loss":0},{"damage_healed":0,"gold_gain":0,"player_choice":"Shed Blood","damage_taken":19,"max_hp_gain":5,"max_hp_loss":0,"event_name":"Forgotten Altar","floor":28,"gold_loss":0},{"damage_healed":26,"gold_gain":0,"player_choice":"Heal","damage_taken":0,"max_hp_gain":0,"max_hp_loss":0,"event_name":"The Library","floor":30,"gold_loss":0}],"is_beta":false,"boss_relics":[{"not_picked":["Ectoplasm","Snecko Eye","Astrolabe"]}],"items_purged_floors":[],"is_endless":false,"potions_floor_spawned":[3,10,13,14,16,18,29],"killed_by":"Collector","ascension_level":0}}