{"host":"kag8mfq4or8nkqb2","time":1609354162,"event":{"mods":["2.2 Compatiblity","BaseMod","Downfall","Minty Spire (QoL Compilation)","StSLib"],"gold_per_floor":[99,109,284,117,117,117,117,143,143,163,182,182,208,238,251,328,328,328,340,357,357,32,91,117,132,132,132,132],"floor_reached":26,"playtime":1379,"items_purged":["Doubt"],"score":356,"play_id":"2c83f787-295d-4a61-94be-79fb560bc819","local_time":"20201230184922","is_ascension_mode":true,"campfire_choices":[{"data":"expansioncontent:Flail","floor":1,"key":"SMITH"},{"data":"Slimebound:SlimeBrawl","floor":9,"key":"SMITH"},{"data":"Slimebound:SplitSpecialist","floor":12,"key":"SMITH"},{"data":"Slimebound:TagTeam","floor":18,"key":"SMITH"}],"circlet_count":0,"master_deck":["AscendersBane","Slimebound:Strike_Slimebound","Slimebound:Strike_Slimebound","Slimebound:Strike_Slimebound","Slimebound:Tackle","Slimebound:Defend_Slimebound+1","Slimebound:Defend_Slimebound","Slimebound:Defend_Slimebound","Slimebound:Defend_Slimebound","Slimebound:Split","Slimebound:CorrosiveSpit","expansioncontent:Flail+1","Slimebound:SplitAcid","Slimebound:SplitLeeching","Slimebound:SlimeBrawl+1","Slimebound:SlimeSpikes+1","Slimebound:SplitSpecialist+1","Slimebound:SplitLeeching","Slimebound:LevelUp","Slimebound:LevelUp","Slimebound:TagTeam+1","Slimebound:TagTeam"],"relics":["Slimebound:AbsorbEndCombat","downfall:ShatteredFragment","Lizard Tail","InkBottle","Odd Mushroom","War Paint","Snecko Eye","downfall:KnowingSkull","Bag of Preparation","Tiny Chest"],"acts_visited":["Exordium","TheCity"],"potions_floor_usage":[16],"damage_taken":[{"damage":7,"enemies":"2 Louse","floor":2,"turns":3},{"damage":14,"enemies":"downfall:FleeingMerchant","floor":4,"turns":4},{"damage":22,"enemies":"3 Sentries","floor":8,"turns":3},{"damage":11,"enemies":"Jaw Worm","floor":10,"turns":3},{"damage":4,"enemies":"Cultist","floor":11,"turns":3},{"damage":14,"enemies":"The Mushroom Lair","floor":13,"turns":4},{"damage":13,"enemies":"Lagavulin","floor":14,"turns":6},{"damage":14,"enemies":"Blue Slaver","floor":15,"turns":3},{"damage":30,"enemies":"downfall:Silent","floor":16,"turns":9},{"damage":24,"enemies":"Chosen","floor":19,"turns":4},{"damage":4,"enemies":"3 Byrds","floor":20,"turns":3},{"damage":8,"enemies":"downfall:FleeingMerchant","floor":22,"turns":4},{"damage":25,"enemies":"Snake Plant","floor":23,"turns":2},{"damage":20,"enemies":"Centurion and Healer","floor":25,"turns":4},{"damage":35,"enemies":"Slavers","floor":26,"turns":2}],"seed_played":"7857276229089742020","potions_obtained":[{"floor":6,"key":"Energy Potion"},{"floor":6,"key":"Slimebound:SlimyTonguePotion"},{"floor":13,"key":"Block Potion"},{"floor":15,"key":"DuplicationPotion"},{"floor":23,"key":"SteroidPotion"}],"is_trial":false,"path_per_floor":["R","M","?","$","?","?","T","E","R","M","M","R","?","E","M","B",null,"R","M","M","?","$","M","T","M","E"],"character_chosen":"SLIMEBOUND","items_purchased":["Slimebound:SlimeBrawl","Slimebound:TagTeam","Bag of Preparation"],"campfire_rested":0,"item_purchase_floors":[4,22,22],"current_hp_per_floor":[54,47,47,43,25,25,25,7,7,40,42,42,38,35,33,19,50,50,40,40,34,40,29,29,27,0,0,0],"gold":132,"neow_bonus":"RANDOM_COLORLESS","is_daily":false,"chose_seed":false,"campfire_upgraded":4,"win_rate":0.0,"timestamp":1609354162,"path_taken":["R","M","?","?","?","?","T","E","R","?","M","R","?","E","M","BOSS","R","M","M","?","$","?","T","M","E"],"items_purchased_type":["Card","Card","Relic"],"build_version":"2020-12-22","purchased_purges":1,"victory":false,"max_hp_per_floor":[60,60,60,60,60,60,60,60,60,60,60,60,60,60,60,60,60,60,60,60,60,60,60,60,60,60,60,60],"card_choices":[{"not_picked":["expansioncontent:GuardianWhirl","Good Instincts"],"picked":"expansioncontent:Flail","floor":0},{"not_picked":["Slimebound:PressTheAttack","Slimebound:Chomp"],"picked":"Slimebound:SplitAcid","floor":2},{"not_picked":["Slimebound:SamplingLick","Slimebound:SplitMire"],"picked":"Slimebound:SplitLeeching","floor":4},{"not_picked":["Slimebound:PressTheAttack","Slimebound:FirmFortitude"],"picked":"Slimebound:SlimeSpikes","floor":8},{"not_picked":["Slimebound:Gluttony","Slimebound:Schlurp"],"picked":"Slimebound:SplitSpecialist","floor":10},{"not_picked":["Slimebound:SpikyOuterGoop","Slimebound:LeechEnergy"],"picked":"Slimebound:SplitLeeching","floor":11},{"not_picked":["Slimebound:Replication","Slimebound:BestDefense"],"picked":"Slimebound:LevelUp","floor":13},{"not_picked":["Slimebound:SplitSpecialist","Slimebound:SplitAcid"],"picked":"Slimebound:LevelUp","floor":14},{"not_picked":["Slimebound:Gluttony","Slimebound:Prepare","Slimebound:GrowthPunch"],"picked":"SKIP","floor":15},{"not_picked":["Slimebound:Recycling","Slimebound:OneTwoCombo"],"picked":"Slimebound:TagTeam","floor":16},{"not_picked":["Slimebound:GrowthPunch","Slimebound:AcidTongue","Slimebound:Dissolve"],"picked":"SKIP","floor":19},{"not_picked":["Slimebound:LeechEnergy","Slimebound:Schlurp","Slimebound:HungryTackle"],"picked":"SKIP","floor":20},{"not_picked":["Slimebound:RollThrough","Slimebound:Schlurp","Slimebound:WasteNot"],"picked":"SKIP","floor":22},{"not_picked":["Slimebound:RollThrough+1","Slimebound:SplitMire","Slimebound:FinishingTackle+1"],"picked":"SKIP","floor":23},{"not_picked":["Slimebound:PressTheAttack","Slimebound:LeechingTouch","Slimebound:FinishingTackle"],"picked":"SKIP","floor":25}],"player_experience":1060211,"relics_obtained":[{"floor":7,"key":"Lizard Tail"},{"floor":8,"key":"InkBottle"},{"floor":13,"key":"Odd Mushroom"},{"floor":14,"key":"War Paint"},{"floor":24,"key":"Tiny Chest"}],"event_choices":[{"damage_healed":0,"gold_gain":0,"player_choice":"Got Potions","damage_taken":0,"max_hp_gain":0,"max_hp_loss":0,"event_name":"Lab","floor":6,"gold_loss":0},{"damage_healed":0,"gold_gain":0,"player_choice":"Fought Mushrooms","damage_taken":0,"max_hp_gain":0,"max_hp_loss":0,"event_name":"Mushrooms","floor":13,"gold_loss":0}],"is_beta":false,"boss_relics":[{"not_picked":["Calling Bell","Runic Dome"],"picked":"Snecko Eye"}],"items_purged_floors":[4],"is_endless":false,"potions_floor_spawned":[8,10,13,15,23],"killed_by":"Slavers","ascension_level":13}}