{"host":"wha9hktbkslqvblg","time":1609348289,"event":{"mods":["BaseMod","Colored Map","Minty Spire (QoL Compilation)","Relic Stats","SuperFastMode","everything is the same but u backflip on backflip"],"gold_per_floor":[116,116,41,59,59,59,90,90,90,90,90,90],"floor_reached":11,"playtime":92,"items_purged":[],"score":188,"play_id":"a60798c5-e9ca-4c21-9022-5718b9c464f3","local_time":"20201231021129","is_ascension_mode":true,"campfire_choices":[{"data":"Bash","floor":6,"key":"SMITH"},{"data":"Shrug It Off","floor":8,"key":"SMITH"}],"circlet_count":0,"master_deck":["AscendersBane","Strike_R","Strike_R","Strike_R","Strike_R","Defend_R","Defend_R","Defend_R","Defend_R","Bash+1","Shrug It Off+1"],"relics":["Burning Blood","NeowsBlessing","Molten Egg 2","Paper Frog"],"acts_visited":["Exordium"],"potions_floor_usage":[11],"damage_taken":[{"damage":0,"enemies":"2 Louse","floor":1,"turns":1},{"damage":0,"enemies":"Jaw Worm","floor":4,"turns":1},{"damage":0,"enemies":"Gremlin Nob","floor":7,"turns":1},{"damage":29,"enemies":"Lagavulin","floor":11,"turns":6}],"seed_played":"9140686428553828294","potions_obtained":[{"floor":4,"key":"Swift Potion"},{"floor":7,"key":"LiquidBronze"}],"is_trial":false,"path_per_floor":["M","?","?","M","$","R","E","R","T","?","E"],"character_chosen":"IRONCLAD","items_purchased":[],"campfire_rested":0,"item_purchase_floors":[],"current_hp_per_floor":[74,74,74,75,75,75,75,75,75,80,51,51],"gold":90,"neow_bonus":"THREE_ENEMY_KILL","is_daily":false,"chose_seed":false,"campfire_upgraded":2,"win_rate":0.0,"timestamp":1609348289,"path_taken":["M","?","?","?","$","R","E","R","T","?","E"],"items_purchased_type":[],"build_version":"2020-12-22","purchased_purges":0,"victory":false,"max_hp_per_floor":[75,75,75,75,75,75,75,75,75,80,80,80],"relic_stats":{"counters":[4,8],"obtain_stats":[{"NeowsBlessing":0,"Molten Egg 2":7,"Burning Blood":0,"Paper Frog":9},{"NeowsBlessing":0,"Molten Egg 2":3,"Burning Blood":0,"Paper Frog":3},{"NeowsBlessing":0,"Molten Egg 2":3,"Burning Blood":0,"Paper Frog":3}],"Burning Blood":7},"card_choices":[{"not_picked":["True Grit","Armaments","Thunderclap"],"picked":"SKIP","floor":1},{"not_picked":["Bloodletting","Havoc"],"picked":"Shrug It Off","floor":4},{"not_picked":["Infernal Blade","Warcry","Inflame"],"picked":"SKIP","floor":7}],"player_experience":912713,"relics_obtained":[{"floor":7,"key":"Molten Egg 2"},{"floor":9,"key":"Paper Frog"}],"event_choices":[{"damage_healed":0,"gold_gain":0,"player_choice":"Ignored","damage_taken":0,"max_hp_gain":0,"max_hp_loss":0,"event_name":"Liars Game","floor":2,"gold_loss":0},{"cards_removed":["Strike_R"],"damage_healed":0,"gold_gain":0,"player_choice":"Card Removal","damage_taken":0,"max_hp_gain":0,"max_hp_loss":0,"event_name":"The Cleric","floor":3,"gold_loss":75},{"damage_healed":0,"gold_gain":0,"player_choice":"Donut","damage_taken":0,"max_hp_gain":5,"max_hp_loss":0,"event_name":"Big Fish","floor":10,"gold_loss":0}],"is_beta":false,"boss_relics":[],"items_purged_floors":[],"is_endless":false,"potions_floor_spawned":[4,7],"killed_by":"Lagavulin","ascension_level":20}}