{"host":"rag04wbrzwiojxfu","time":1609301404,"event":{"mods":["AchievementEnabler","Alarm Clock","BaseMod","Bestiary","Block Reminder","Colored Powertips","Highlight Path","Minty Spire (QoL Compilation)","Quick Restart","Relic Sorter","Relic Stats","Shop Mod","StSLib"],"gold_per_floor":[109,109,119,119,119,145,145,174,174,205,130,130,148,183,183,287,287,306,306,332,332,332,332,361,261,315,66,66,66,80,99,99,202,202,221,68,118,118,18,18,49,64,64,64,76,110,110,460,460,460,460,460,39,66,66,66],"floor_reached":55,"playtime":3836,"items_purged":["Regret","Strike_R","Writhe"],"score":937,"play_id":"4c1c94ac-9134-4fc6-8854-e0d0f5df3997","local_time":"20201229221004","is_ascension_mode":true,"campfire_choices":[{"data":"Rupture","floor":7,"key":"SMITH"},{"floor":12,"key":"RECALL"},{"floor":15,"key":"REST"},{"data":"Brutality","floor":23,"key":"SMITH"},{"data":"Metallicize","floor":28,"key":"SMITH"},{"floor":32,"key":"REST"},{"data":"Offering","floor":40,"key":"SMITH"},{"data":"Entrench","floor":44,"key":"SMITH"},{"floor":49,"key":"DIG"},{"floor":52,"key":"DIG"}],"circlet_count":0,"master_deck":["Strike_R","Strike_R","Strike_R","Strike_R+1","Defend_R","Defend_R","Defend_R+1","Defend_R","Bash","Rupture+1","Carnage","Bloodletting","Hemokinesis+1","Immolate+1","Entrench+1","Brutality+1","Metallicize+1","Reaper+1","Offering+1","Juggernaut+1"],"relics":["Burning Blood","NeowsBlessing","WingedGreaves","Strawberry","Molten Egg 2","Mango","Thread and Needle","Bottled Tornado","SlaversCollar","Red Mask","MutagenicStrength","Singing Bowl","Meat on the Bone","Frozen Egg 2","FaceOfCleric","Busted Crown","Lantern","Pocketwatch","Torii","Unceasing Top","Shovel","Akabeko","Old Coin","Ornamental Fan","StrikeDummy","Paper Frog"],"acts_visited":["Exordium","TheCity","TheBeyond","TheEnding"],"potions_floor_usage":[8,10,14,16,30,33,39,41,45,48,50,55,55],"damage_taken":[{"damage":0,"enemies":"2 Louse","floor":1,"turns":1},{"damage":0,"enemies":"Small Slimes","floor":3,"turns":1},{"damage":0,"enemies":"Lagavulin","floor":6,"turns":1},{"damage":62,"enemies":"3 Sentries","floor":8,"turns":8},{"damage":8,"enemies":"Gremlin Nob","floor":10,"turns":3},{"damage":0,"enemies":"Cultist","floor":13,"turns":3},{"damage":18,"enemies":"Lagavulin","floor":14,"turns":3},{"damage":17,"enemies":"Slime Boss","floor":16,"turns":6},{"damage":28,"enemies":"Spheric Guardian","floor":18,"turns":4},{"damage":40,"enemies":"Masked Bandits","floor":20,"turns":5},{"damage":20,"enemies":"Gremlin Leader","floor":24,"turns":4},{"damage":21,"enemies":"2 Thieves","floor":30,"turns":3},{"damage":21,"enemies":"Shelled Parasite and Fungi","floor":31,"turns":3},{"damage":40,"enemies":"Collector","floor":33,"turns":5},{"damage":2,"enemies":"3 Shapes","floor":35,"turns":3},{"damage":30,"enemies":"Mind Bloom Boss Battle","floor":37,"turns":5},{"damage":26,"enemies":"Nemesis","floor":41,"turns":3},{"damage":7,"enemies":"Orb Walker","floor":42,"turns":3},{"damage":47,"enemies":"Maw","floor":45,"turns":5},{"damage":24,"enemies":"Reptomancer","floor":46,"turns":4},{"damage":52,"enemies":"2 Orb Walkers","floor":48,"turns":4},{"damage":74,"enemies":"Awakened One","floor":50,"turns":8},{"damage":56,"enemies":"Shield and Spear","floor":54,"turns":5},{"damage":114,"enemies":"The Heart","floor":55,"turns":7}],"seed_played":"-5381195176185770026","potions_obtained":[{"floor":6,"key":"AttackPotion"},{"floor":8,"key":"LiquidBronze"},{"floor":13,"key":"LiquidMemories"},{"floor":14,"key":"AttackPotion"},{"floor":18,"key":"SpeedPotion"},{"floor":31,"key":"Strength Potion"},{"floor":33,"key":"LiquidMemories"},{"floor":42,"key":"SkillPotion"},{"floor":46,"key":"BlessingOfTheForge"},{"floor":48,"key":"Block Potion"}],"is_trial":false,"path_per_floor":["M","?","M","?","?","E","R","E","T","E","$","R","M","E","R","B",null,"M","?","?","?","T","R","E","$","T","$","R","?","M","M","R","B",null,"M","$","?","?","$","R","E","M","T","R","M","E","T","?","R","B",null,"R","$","E","B"],"character_chosen":"IRONCLAD","items_purchased":["Frozen Egg 2","Lantern","Fruit Juice","Juggernaut+1","HeartOfIron","AttackPotion"],"campfire_rested":2,"item_purchase_floors":[27,36,39,53,53,53],"current_hp_per_floor":[80,64,70,70,70,83,83,27,41,39,39,39,45,33,63,52,101,79,79,45,45,45,45,33,33,33,33,33,33,31,35,67,56,108,111,111,109,114,119,119,102,123,123,123,99,99,99,84,84,59,135,135,135,104,0,0],"gold":66,"neow_bonus":"THREE_ENEMY_KILL","is_daily":false,"chose_seed":false,"campfire_upgraded":5,"win_rate":0.0,"timestamp":1609301404,"path_taken":["M","?","M","?","?","E","R","E","T","E","$","R","M","E","R","BOSS","M","?","?","?","?","R","E","$","T","$","R","?","M","M","R","BOSS","M","$","?","?","?","R","E","M","T","R","M","E","?","?","R","BOSS","R","$","E","BOSS"],"items_purchased_type":["Relic","Relic","Potion","Card","Potion","Potion"],"build_version":"2020-12-22","purchased_purges":3,"victory":false,"max_hp_per_floor":[80,80,80,80,80,87,87,87,101,101,101,101,101,101,101,101,101,101,101,101,101,101,101,103,103,103,103,103,103,104,107,107,108,108,111,111,114,114,119,119,122,125,125,125,128,131,131,134,134,135,135,135,135,138,138,138],"relic_stats":{"Busted Crown":16,"Shovel":2,"Singing Bowl":20,"FaceOfCleric":12,"Torii":56,"counters":[24,96],"Ornamental Fan":[36],"obtain_stats":[{"Lantern":36,"Singing Bowl":22,"Torii":41,"Mango":9,"Bottled Tornado":14,"Burning Blood":0,"Old Coin":48,"Shovel":46,"FaceOfCleric":29,"Strawberry":6,"WingedGreaves":4,"Red Mask":20,"Paper Frog":54,"NeowsBlessing":0,"Thread and Needle":10,"Frozen Egg 2":27,"Akabeko":47,"SlaversCollar":17,"Busted Crown":34,"Ornamental Fan":49,"MutagenicStrength":21,"Molten Egg 2":8,"StrikeDummy":52,"Unceasing Top":43,"Meat on the Bone":24,"Pocketwatch":37},{"Lantern":15,"Singing Bowl":10,"Torii":17,"Mango":4,"Bottled Tornado":7,"Burning Blood":0,"Old Coin":21,"Shovel":20,"FaceOfCleric":11,"Strawberry":3,"WingedGreaves":2,"Red Mask":10,"Paper Frog":23,"NeowsBlessing":0,"Thread and Needle":5,"Frozen Egg 2":11,"Akabeko":20,"SlaversCollar":8,"Busted Crown":14,"Ornamental Fan":21,"MutagenicStrength":10,"Molten Egg 2":4,"StrikeDummy":22,"Unceasing Top":18,"Meat on the Bone":11,"Pocketwatch":16},{"Lantern":53,"Singing Bowl":35,"Torii":61,"Mango":11,"Bottled Tornado":20,"Burning Blood":0,"Old Coin":77,"Shovel":73,"FaceOfCleric":39,"Strawberry":3,"WingedGreaves":2,"Red Mask":35,"Paper Frog":90,"NeowsBlessing":0,"Thread and Needle":14,"Frozen Egg 2":39,"Akabeko":73,"SlaversCollar":26,"Busted Crown":50,"Ornamental Fan":77,"MutagenicStrength":35,"Molten Egg 2":11,"StrikeDummy":85,"Unceasing Top":64,"Meat on the Bone":39,"Pocketwatch":58}],"Burning Blood":128,"Unceasing Top":[6],"Meat on the Bone":60,"Pocketwatch":[12]},"card_choices":[{"not_picked":["Heavy Blade","Perfected Strike"],"picked":"Rupture","floor":1},{"not_picked":["Sword Boomerang","Thunderclap","Cleave"],"picked":"SKIP","floor":3},{"not_picked":["Clothesline","Clash"],"picked":"Carnage","floor":6},{"not_picked":["Armaments","Flame Barrier"],"picked":"Bloodletting","floor":8},{"not_picked":["Iron Wave+1","Armaments"],"picked":"Hemokinesis+1","floor":10},{"not_picked":["Body Slam+1","Cleave+1"],"picked":"Immolate+1","floor":13},{"not_picked":["Anger+1","Warcry"],"picked":"Entrench","floor":14},{"not_picked":["Double Tap","Barricade"],"picked":"Brutality","floor":16},{"not_picked":["Clash+1","Sword Boomerang+1"],"picked":"Metallicize","floor":18},{"not_picked":["Havoc","Inflame","Wild Strike+1"],"picked":"Singing Bowl","floor":24},{"not_picked":["Body Slam+1","Evolve+1"],"picked":"Reaper+1","floor":30},{"not_picked":["Headbutt+1","Warcry","Dropkick+1"],"picked":"Singing Bowl","floor":31},{"not_picked":["Exhume","Bludgeon+1"],"picked":"Offering","floor":33},{"not_picked":["True Grit+1"],"picked":"Singing Bowl","floor":35},{"not_picked":["Perfected Strike+1"],"picked":"Singing Bowl","floor":37},{"not_picked":["Headbutt+1"],"picked":"Singing Bowl","floor":41},{"not_picked":["Cleave+1"],"picked":"Singing Bowl","floor":42},{"not_picked":["True Grit"],"picked":"Singing Bowl","floor":45},{"not_picked":["Carnage+1"],"picked":"Singing Bowl","floor":46},{"not_picked":["Dark Embrace+1"],"picked":"Singing Bowl","floor":48},{"not_picked":["Entrench"],"picked":"Singing Bowl","floor":54}],"player_experience":237733,"relics_obtained":[{"floor":6,"key":"Strawberry"},{"floor":8,"key":"Molten Egg 2"},{"floor":9,"key":"Mango"},{"floor":10,"key":"Thread and Needle"},{"floor":14,"key":"Bottled Tornado"},{"floor":20,"key":"Red Mask"},{"floor":22,"key":"Singing Bowl"},{"floor":24,"key":"Meat on the Bone"},{"floor":37,"key":"Pocketwatch"},{"floor":41,"key":"Torii"},{"floor":43,"key":"Unceasing Top"},{"floor":46,"key":"Shovel"},{"floor":47,"key":"Akabeko"},{"floor":48,"key":"Old Coin"},{"floor":49,"key":"Ornamental Fan"},{"floor":52,"key":"StrikeDummy"},{"floor":54,"key":"Paper Frog"}],"event_choices":[{"damage_healed":0,"gold_gain":0,"player_choice":"Entered Light","damage_taken":16,"max_hp_gain":0,"max_hp_loss":0,"event_name":"Shining Light","floor":2,"gold_loss":0,"cards_upgraded":["Defend_R","Strike_R"]},{"damage_healed":0,"gold_gain":0,"player_choice":"Box","damage_taken":0,"relics_obtained":["WingedGreaves"],"max_hp_gain":0,"max_hp_loss":0,"event_name":"Big Fish","floor":4,"gold_loss":0,"cards_obtained":["Regret"]},{"damage_healed":0,"gold_gain":0,"player_choice":"Ignored","damage_taken":0,"max_hp_gain":0,"max_hp_loss":0,"event_name":"Liars Game","floor":5,"gold_loss":0},{"damage_healed":0,"gold_gain":0,"player_choice":"Ignored","damage_taken":0,"max_hp_gain":0,"max_hp_loss":0,"event_name":"Ghosts","floor":19,"gold_loss":0},{"damage_healed":0,"gold_gain":0,"player_choice":"Fought Bandits","damage_taken":0,"max_hp_gain":0,"max_hp_loss":0,"event_name":"Masked Bandits","floor":20,"gold_loss":0},{"damage_healed":0,"gold_gain":0,"player_choice":"Inject Mutagens","damage_taken":0,"relics_obtained":["MutagenicStrength"],"max_hp_gain":0,"max_hp_loss":0,"event_name":"Drug Dealer","floor":21,"gold_loss":0},{"damage_healed":0,"gold_gain":0,"player_choice":"Trade","damage_taken":0,"relics_obtained":["FaceOfCleric"],"max_hp_gain":0,"max_hp_loss":0,"event_name":"FaceTrader","floor":29,"gold_loss":0},{"damage_healed":0,"gold_gain":0,"player_choice":"Fight","damage_taken":0,"max_hp_gain":0,"max_hp_loss":0,"event_name":"MindBloom","floor":37,"gold_loss":0},{"damage_healed":29,"gold_gain":0,"player_choice":"Writhe","damage_taken":0,"max_hp_gain":0,"max_hp_loss":0,"event_name":"Winding Halls","floor":38,"gold_loss":0,"cards_obtained":["Writhe"]},{"damage_healed":0,"gold_gain":0,"player_choice":"Fight","damage_taken":0,"max_hp_gain":0,"max_hp_loss":0,"event_name":"Mysterious Sphere","floor":48,"gold_loss":0}],"is_beta":false,"boss_relics":[{"not_picked":["Calling Bell","Coffee Dripper"],"picked":"SlaversCollar"},{"not_picked":["Velvet Choker","Snecko Eye"],"picked":"Busted Crown"}],"items_purged_floors":[11,25,53],"is_endless":false,"potions_floor_spawned":[6,8,13,14,18,31,33,42,46,48],"killed_by":"The Heart","ascension_level":2}}