{"host":"vpxex9ryma3s0oll","time":1609347455,"event":{"mods":["AchievementEnabler","BaseMod","Bestiary","Minty Spire (QoL Compilation)","Quick Restart","Shop Mod","StSLib"],"gold_per_floor":[115,131,56,69,144,179,194,220,220,253,203,215,232,251,251,352,352,365,365,41,61,61,88,106,126,151,162,194,94,94,112,112,214,214,224,236,287,33,45,45,56,76,100,100,100,113,133,168,168,168,168,168,49,75,75,75],"floor_reached":55,"playtime":4219,"items_purged":["Defend_P","Strike_P"],"score":897,"play_id":"579643b7-9c91-4f54-8d08-2cb5439a9512","local_time":"20201230115735","is_ascension_mode":true,"campfire_choices":[{"data":"Vault","floor":15.0,"key":"SMITH"},{"floor":30.0,"key":"REST"},{"floor":32.0,"key":"REST"},{"floor":40.0,"key":"RECALL"},{"floor":44.0,"key":"REST"},{"data":"DevaForm","floor":49.0,"key":"SMITH"},{"data":"Fasting2","floor":52.0,"key":"SMITH"}],"circlet_count":0,"master_deck":["Strike_P","Defend_P","Eruption","Vigilance","Meditate","EmptyFist","CutThroughFate","Protect","Vault+1","SandsOfTime","Evaluate","Fasting2+1","Judgement","DeceiveReality","SashWhip","SashWhip","Nirvana","CutThroughFate+1","SashWhip+1","DevaForm+1","ConjureBlade","Parasite","WindmillStrike","Weave+1"],"relics":["Runic Dome","Tiny Chest","Happy Flower","Nunchaku","HornCleat","SlaversCollar","Shuriken","InkBottle","Lantern","Busted Crown","Vajra","Toy Ornithopter","Boot","Bronze Scales","Bag of Marbles"],"acts_visited":["Exordium","TheCity","TheBeyond","TheEnding"],"potions_floor_usage":[55,55],"damage_taken":[{"damage":0.0,"enemies":"Small Slimes","floor":1.0,"turns":3.0},{"damage":1.0,"enemies":"2 Louse","floor":2.0,"turns":2.0},{"damage":7.0,"enemies":"Jaw Worm","floor":4.0,"turns":3.0},{"damage":0.0,"enemies":"Gremlin Nob","floor":6.0,"turns":2.0},{"damage":1.0,"enemies":"Red Slaver","floor":7.0,"turns":2.0},{"damage":18.0,"enemies":"Lagavulin","floor":8.0,"turns":4.0},{"damage":0.0,"enemies":"Gremlin Nob","floor":10.0,"turns":2.0},{"damage":1.0,"enemies":"2 Fungi Beasts","floor":12.0,"turns":3.0},{"damage":0.0,"enemies":"Blue Slaver","floor":13.0,"turns":3.0},{"damage":0.0,"enemies":"3 Louse","floor":14.0,"turns":3.0},{"damage":24.0,"enemies":"The Guardian","floor":16.0,"turns":7.0},{"damage":26.0,"enemies":"3 Byrds","floor":18.0,"turns":5.0},{"damage":8.0,"enemies":"2 Thieves","floor":21.0,"turns":3.0},{"damage":14.0,"enemies":"Slavers","floor":23.0,"turns":6.0},{"damage":1.0,"enemies":"Sentry and Sphere","floor":24.0,"turns":4.0},{"damage":0.0,"enemies":"3 Cultists","floor":25.0,"turns":3.0},{"damage":0.0,"enemies":"Snecko","floor":27.0,"turns":3.0},{"damage":0.0,"enemies":"Book of Stabbing","floor":28.0,"turns":4.0},{"damage":8.0,"enemies":"Snake Plant","floor":31.0,"turns":3.0},{"damage":10.0,"enemies":"Champ","floor":33.0,"turns":7.0},{"damage":0.0,"enemies":"3 Shapes","floor":35.0,"turns":4.0},{"damage":5.0,"enemies":"Orb Walker","floor":36.0,"turns":5.0},{"damage":16.0,"enemies":"Jaw Worm Horde","floor":39.0,"turns":4.0},{"damage":0.0,"enemies":"Writhing Mass","floor":41.0,"turns":4.0},{"damage":2.0,"enemies":"4 Shapes","floor":42.0,"turns":4.0},{"damage":10.0,"enemies":"Jaw Worm Horde","floor":46.0,"turns":4.0},{"damage":3.0,"enemies":"Spire Growth","floor":47.0,"turns":5.0},{"damage":0.0,"enemies":"Giant Head","floor":48.0,"turns":6.0},{"damage":21.0,"enemies":"Donu and Deca","floor":50.0,"turns":6.0},{"damage":6.0,"enemies":"Shield and Spear","floor":54.0,"turns":5.0},{"damage":105,"enemies":"The Heart","floor":55,"turns":7}],"seed_played":"-7814525722009405260","potions_obtained":[{"floor":1.0,"key":"SteroidPotion"},{"floor":2.0,"key":"BlessingOfTheForge"},{"floor":7.0,"key":"AttackPotion"},{"floor":12.0,"key":"SkillPotion"},{"floor":13.0,"key":"SpeedPotion"},{"floor":23.0,"key":"Explosive Potion"},{"floor":24.0,"key":"DuplicationPotion"},{"floor":28.0,"key":"Energy Potion"},{"floor":33.0,"key":"Fruit Juice"},{"floor":39.0,"key":"EssenceOfSteel"},{"floor":46.0,"key":"DuplicationPotion"},{"floor":48.0,"key":"DuplicationPotion"}],"is_trial":false,"path_per_floor":["M","M","$","M","?","E","M","E","T","E","?","M","M","M","R","B",null,"M","?","$","M","?","E","M","M","T","M","E","$","R","M","R","B",null,"M","M","T","$","M","R","M","M","T","R","?","M","M","E","R","B",null,"R","$","E","B"],"character_chosen":"WATCHER","items_purchased":["Nirvana","Shuriken","FairyPotion","Toy Ornithopter","WindmillStrike","AttackPotion"],"campfire_rested":3,"item_purchase_floors":[20,20,29,38,53,53],"current_hp_per_floor":[72,71,71,64,53,53,52,34,34,34,34,33,33,33,33,9,72,46,46,46,38,38,24,23,23,23,23,23,23,44,36,57,52,77,77,72,72,72,56,56,56,54,54,77,77,67,69,69,69,53,77,77,77,71,0,0],"gold":75,"neow_bonus":"BOSS_RELIC","is_daily":false,"chose_seed":false,"campfire_upgraded":3,"win_rate":0.0,"timestamp":1609347455,"path_taken":["M","M","$","M","?","E","M","E","T","E","?","M","M","M","R","BOSS","M","?","$","M","?","E","M","M","T","M","E","$","R","M","R","BOSS","M","M","?","$","M","R","M","M","T","R","?","M","M","E","R","BOSS","R","$","E","BOSS"],"items_purchased_type":["Card","Relic","Potion","Relic","Card","Potion"],"build_version":"2020-12-22","purchased_purges":2,"victory":false,"max_hp_per_floor":[72,72,72,72,72,72,72,72,72,72,72,72,72,72,72,72,72,72,72,72,72,72,72,72,72,72,72,72,72,72,72,72,77,77,77,77,77,77,77,77,77,77,77,77,77,77,77,77,77,77,77,77,77,77,77,77],"card_choices":[{"not_picked":["Worship","ReachHeaven"],"picked":"Meditate","floor":1.0},{"not_picked":["FollowUp","EmptyMind"],"picked":"EmptyFist","floor":2.0},{"not_picked":["Pray","Evaluate"],"picked":"CutThroughFate","floor":4.0},{"not_picked":["FlyingSleeves","MentalFortress"],"picked":"ReachHeaven","floor":6.0},{"not_picked":["CutThroughFate","Halt"],"picked":"Protect","floor":7.0},{"not_picked":["FlyingSleeves","Wallop"],"picked":"Vault","floor":8.0},{"not_picked":["MentalFortress","InnerPeace"],"picked":"SandsOfTime","floor":10.0},{"not_picked":["Meditate","MentalFortress"],"picked":"Evaluate","floor":12.0},{"not_picked":["JustLucky","Prostrate"],"picked":"Fasting2","floor":13.0},{"not_picked":["Swivel","FollowUp","ClearTheMind"],"picked":"SKIP","floor":14.0},{"not_picked":["Vault","MasterReality"],"picked":"Judgement","floor":16.0},{"not_picked":["BowlingBash","ThirdEye"],"picked":"DeceiveReality","floor":18.0},{"not_picked":["Evaluate","JustLucky"],"picked":"CutThroughFate+1","floor":21.0},{"not_picked":["Meditate","ThirdEye","Protect"],"picked":"SKIP","floor":23.0},{"not_picked":["SashWhip","CutThroughFate","Halt+1"],"picked":"SKIP","floor":24.0},{"not_picked":["EmptyFist","Prostrate"],"picked":"SashWhip+1","floor":25.0},{"not_picked":["Halt","CutThroughFate+1","FlurryOfBlows"],"picked":"SKIP","floor":27.0},{"not_picked":["ThirdEye","FearNoEvil+1"],"picked":"DevaForm","floor":28.0},{"not_picked":["ThirdEye","Halt","InnerPeace"],"picked":"SKIP","floor":31.0},{"not_picked":["Brilliance","Alpha"],"picked":"ConjureBlade","floor":33.0},{"not_picked":["Adaptation"],"picked":"SKIP","floor":35.0},{"not_picked":["Prostrate"],"picked":"SKIP","floor":36.0},{"not_picked":["WheelKick"],"picked":"SKIP","floor":39.0},{"not_picked":["JustLucky"],"picked":"SKIP","floor":41.0},{"not_picked":["Indignation+1"],"picked":"SKIP","floor":42.0},{"not_picked":["Meditate"],"picked":"SKIP","floor":46.0},{"not_picked":["CutThroughFate+1"],"picked":"SKIP","floor":47.0},{"not_picked":["Evaluate+1"],"picked":"SKIP","floor":48.0},{"not_picked":[],"picked":"Weave+1","floor":54.0}],"player_experience":53703,"relics_obtained":[{"floor":6.0,"key":"Tiny Chest"},{"floor":8.0,"key":"Happy Flower"},{"floor":9.0,"key":"Nunchaku"},{"floor":10.0,"key":"HornCleat"},{"floor":23.0,"key":"InkBottle"},{"floor":28.0,"key":"Lantern"},{"floor":37.0,"key":"Vajra"},{"floor":43.0,"key":"Boot"},{"floor":48.0,"key":"Bronze Scales"},{"floor":54.0,"key":"Bag of Marbles"}],"event_choices":[{"damage_healed":0.0,"max_hp_gain":0.0,"max_hp_loss":0.0,"gold_gain":75.0,"event_name":"World of Goop","player_choice":"Gather Gold","floor":5.0,"gold_loss":0.0,"damage_taken":11.0},{"cards_removed":["Defend_P"],"damage_healed":0.0,"max_hp_gain":0.0,"max_hp_loss":0.0,"gold_gain":0.0,"event_name":"The Cleric","player_choice":"Card Removal","floor":11.0,"gold_loss":50.0,"damage_taken":0.0},{"damage_healed":0.0,"max_hp_gain":0.0,"max_hp_loss":0.0,"gold_gain":0.0,"cards_transformed":["Strike_P","Defend_P"],"event_name":"Drug Dealer","player_choice":"Became Test Subject","floor":19.0,"gold_loss":0.0,"damage_taken":0.0,"cards_obtained":["SashWhip","SashWhip"]},{"cards_removed":["Strike_P"],"damage_healed":0.0,"max_hp_gain":0.0,"max_hp_loss":0.0,"gold_gain":0.0,"event_name":"Purifier","player_choice":"Purged","floor":22.0,"gold_loss":0.0,"damage_taken":0.0},{"cards_removed":["ReachHeaven"],"damage_healed":0.0,"max_hp_gain":0.0,"max_hp_loss":0.0,"gold_gain":0.0,"event_name":"Falling","player_choice":"Removed Attack","floor":45.0,"gold_loss":0.0,"damage_taken":0.0}],"is_beta":false,"boss_relics":[{"not_picked":["Cursed Key","Snecko Eye"],"picked":"SlaversCollar"},{"not_picked":["Fusion Hammer","Coffee Dripper"],"picked":"Busted Crown"}],"items_purged_floors":[3,38],"is_endless":false,"potions_floor_spawned":[1,2,7,12,13,23,24,28,33,39,46,48],"killed_by":"The Heart","ascension_level":2}}