{"host":"pr6x8hyknev46vut","time":1609345149,"event":{"mods":["Aspiration","BaseMod","CCEM","Colored Map","Downfall","Googly Eyes","Hermit","Highlight Path","Minty Spire (QoL Compilation)","Permanent Neow","Replay The Spire","Shop Mod","StSLib","The Bug Knight","The Construct","The Cursed","The Disciple","The Necromancer","The Runesmith","The Servant 0.9.4"],"gold_per_floor":[118,141,152,164,164,164,196,207,207,207,172,187,187,202,202,202,202],"floor_reached":16,"playtime":1208,"items_purged":[],"score":102,"play_id":"a7f7bcd5-7030-48c9-a767-645b02e25229","local_time":"20201230171909","is_ascension_mode":false,"campfire_choices":[{"data":"construct:Reinforce","floor":6,"key":"SMITH"},{"floor":10,"key":"REST"},{"data":"construct:LaserCore","floor":15,"key":"SMITH"}],"circlet_count":0,"master_deck":["construct:Strike_Gold","construct:Strike_Gold","construct:Strike_Gold","construct:Strike_Gold","construct:Strike_Gold","construct:Defend_Gold","construct:Defend_Gold","construct:Defend_Gold","construct:Defend_Gold","construct:AttackMode","construct:DefenseMode","construct:Reinforce+1","construct:SuppressiveFire","construct:LaserCore+1","construct:FlakBarrage","construct:Boost","construct:CripplingShot","construct:SweepLaser"],"relics":["aspiration:MobileForge","Pen Nib","Sundial","CaptainsWheel","TungstenRod"],"acts_visited":["Exordium"],"potions_floor_usage":[14,16,16],"damage_taken":[{"damage":6,"enemies":"Cultist","floor":1,"turns":3},{"damage":0,"enemies":"Small Slimes","floor":3,"turns":3},{"damage":9,"enemies":"Jaw Worm","floor":4,"turns":6},{"damage":50,"enemies":"3 Sentries","floor":7,"turns":16},{"damage":2,"enemies":"2 Fungi Beasts","floor":8,"turns":3},{"damage":0,"enemies":"Exordium Wildlife","floor":12,"turns":4},{"damage":3,"enemies":"Exordium Thugs","floor":14,"turns":8},{"damage":54,"enemies":"The Guardian","floor":16,"turns":14}],"seed_played":"-1491915170163748053","potions_obtained":[{"floor":3,"key":"sneckomod:MuddlingPotion"},{"floor":4,"key":"SpeedPotion"},{"floor":12,"key":"Fire Potion"},{"floor":14,"key":"AttackPotion"}],"is_trial":false,"path_per_floor":["M","T","M","M","?","R","E","M","T","R","?","M","?","M","R","B"],"character_chosen":"THE_CONSTRUCT_MOD","items_purchased":[],"campfire_rested":1,"item_purchase_floors":[],"current_hp_per_floor":[79,79,79,70,70,70,20,18,18,43,64,64,61,58,58,4,4],"gold":202,"neow_bonus":"BOSS_RELIC","is_daily":false,"chose_seed":false,"campfire_upgraded":2,"win_rate":0.0,"timestamp":1609345149,"path_taken":["M","?","?","M","?","R","E","?","T","R","?","M","?","M","R","BOSS"],"items_purchased_type":[],"build_version":"2020-12-22","purchased_purges":0,"victory":false,"max_hp_per_floor":[85,85,85,85,85,85,85,85,85,85,85,85,85,85,85,85,85],"card_choices":[{"not_picked":["construct:ClusterMines","construct:BatteryAcid"],"picked":"construct:Reinforce","floor":1},{"not_picked":["construct:Autoturret","construct:VentSteam"],"picked":"construct:SuppressiveFire","floor":3},{"not_picked":["construct:GatlingGun","construct:Failsafe"],"picked":"construct:LaserCore","floor":4},{"not_picked":["construct:Disrupt","construct:Analyze"],"picked":"construct:FlakBarrage","floor":7},{"not_picked":["construct:OmegaCannon","construct:Forcefield"],"picked":"construct:Boost","floor":8},{"not_picked":["construct:QuickAttack","construct:ScrapCannon"],"picked":"construct:CripplingShot","floor":12},{"not_picked":["construct:PowerUp","construct:SaveState"],"picked":"construct:SweepLaser","floor":14}],"player_experience":52545,"relics_obtained":[{"floor":2,"key":"Pen Nib"},{"floor":7,"key":"Sundial"},{"floor":9,"key":"CaptainsWheel"}],"event_choices":[{"cards_removed":["construct:Defend_Gold"],"damage_healed":0,"gold_gain":0,"player_choice":"Offered Basic","damage_taken":0,"max_hp_gain":0,"max_hp_loss":0,"event_name":"Bonfire Elementals","floor":5,"gold_loss":0},{"damage_healed":21,"gold_gain":0,"player_choice":"Healed","damage_taken":0,"max_hp_gain":0,"max_hp_loss":0,"event_name":"The Cleric","floor":11,"gold_loss":35},{"damage_healed":0,"gold_gain":0,"player_choice":"Success","damage_taken":3,"relics_obtained":["TungstenRod"],"max_hp_gain":0,"max_hp_loss":0,"event_name":"Scrap Ooze","floor":13,"gold_loss":0}],"is_beta":false,"boss_relics":[],"items_purged_floors":[],"is_endless":false,"potions_floor_spawned":[3,4,12,14],"killed_by":"The Guardian","ascension_level":0}}