{"host":"7uuqqk35leady37t","time":1609338994,"event":{"mods":["BaseMod","Colored Map","Colored Powertips","Downfall","Marisa£®ÏF”Í°°ƒß¿Ì…≥£©","Minty Spire (QoL Compilation)","Robot Space Explorer","StSLib","The Bug Knight","The Servant 0.9.4","Waifu the Spire","Yuri Mod","[IsaacMod]“‘»ˆº‚À˛"],"gold_per_floor":[115,115,415,110,125,117,124,156,156,11,38,50,32,30,30,115,115,145,145,180,150,75,85,137,163,208,233,233,238,270,598,598,364,364,353,245,326,163,181,174,238,287,287,287,320,320,348,380,380,380,380],"floor_reached":52,"playtime":1815,"items_purged":[],"score":1857,"play_id":"be508dcf-462f-404d-8322-869654dd002e","local_time":"20201230223634","daily_mods":["Specialized","Flight","downfall:WorldOfGoo"],"is_ascension_mode":false,"campfire_choices":[{"data":"CasketOfStar","floor":15.0,"key":"SMITH"},{"floor":32,"key":"REST"},{"data":"MaximisePower","floor":49,"key":"SMITH"}],"circlet_count":0,"master_deck":["Strike_MRS+1","Strike_MRS+1","Strike_MRS+1","Defend_MRS+1","Defend_MRS+1","Defend_MRS+1","MasterSpark","UpSweep","SuicideKing","UnstableBomb","UnstableBomb","UnstableBomb","UnstableBomb","UnstableBomb","SuperPerseids+1","DoubleSpark","WitchOfGreed","EscapeVelocity","StarBarrage","UnstableBomb","GrandCross","Singularity","EnergyFlow","CasketOfStar+1","WitchOfGreed","MillisecondPulsars","UltimateShortwave+1","Acceleration+1","MysteriousBeam","MysteriousBeam+1","LuminesStrike","ManaRampage","UltimateShortwave","ManaRampage","MaximisePower+1","SatelliteIllusion+1","MillisecondPulsars+1"],"relics":["MiniHakkero","HushsDoor","DoctorsRemote","TuHaoJin","Whetstone","AmplifyWand","Pear","Habit","hexamod:BolsterEngine","Black Star","SatanicBible","BelialBook","Potion Belt","Singing Bowl","Tiny Chest","Lantern","Vajra","BookOfRevelations","War Paint","Pocketwatch","Darkstone Periapt","Akabeko","Orichalcum","GuppysTail","Old Coin","ChampionBelt","GuppysCollar","MagicBroom","Bottled Tornado","Art of War","Gremlin Horn","Guardian:BottledAnomaly","Blue Candle","Bag of Preparation","PreservedInsect","Boot","CaptainsWheel","Pantograph","Frozen Egg 2","HowToJump","Ice Cream","Thread and Needle","Gambling Chip","Blood Vial","InkBottle","Bag of Marbles"],"acts_visited":["Exordium","TheCity","TheBeyond"],"potions_floor_usage":[41,41,51,51,51,51],"damage_taken":[{"damage":0.0,"enemies":"2 Louse","floor":1.0,"turns":1.0},{"damage":6.0,"enemies":"Jaw Worm","floor":5.0,"turns":2.0},{"damage":0.0,"enemies":"3 Sentries","floor":6.0,"turns":2.0},{"damage":0.0,"enemies":"Small Slimes","floor":7.0,"turns":2.0},{"damage":0.0,"enemies":"Gremlin Nob","floor":8.0,"turns":2.0},{"damage":20.0,"enemies":"Blue Slaver","floor":11.0,"turns":3.0},{"damage":0.0,"enemies":"Exordium Thugs","floor":12.0,"turns":2.0},{"damage":0.0,"enemies":"Lagavulin","floor":13.0,"turns":2.0},{"damage":0.0,"enemies":"Lots of Slimes","floor":14.0,"turns":1.0},{"damage":0.0,"enemies":"Slime Boss","floor":16.0,"turns":4.0},{"damage":0.0,"enemies":"Chosen","floor":18.0,"turns":4.0},{"damage":0.0,"enemies":"2 Thieves","floor":20.0,"turns":1.0},{"damage":0.0,"enemies":"Snake Plant","floor":21.0,"turns":1.0},{"damage":0.0,"enemies":"3 Cultists","floor":23.0,"turns":3.0},{"damage":26.0,"enemies":"Slavers","floor":25.0,"turns":2.0},{"damage":12.0,"enemies":"Book of Stabbing","floor":27.0,"turns":3.0},{"damage":0.0,"enemies":"Colosseum Slavers","floor":29.0,"turns":1.0},{"damage":0.0,"enemies":"Colosseum Nobs","floor":29.0,"turns":1.0},{"damage":0.0,"enemies":"Slavers","floor":30.0,"turns":1.0},{"damage":0,"enemies":"HollowMod:Nosk","floor":31,"turns":1},{"damage":0,"enemies":"Champ","floor":33,"turns":1},{"damage":0,"enemies":"Reptomancer","floor":35,"turns":2},{"damage":0,"enemies":"Giant Head","floor":36,"turns":2},{"damage":0,"enemies":"3 Shapes","floor":39,"turns":1},{"damage":0,"enemies":"Reptomancer","floor":40,"turns":1},{"damage":0,"enemies":"Nemesis","floor":41,"turns":3},{"damage":0,"enemies":"Reptomancer","floor":42,"turns":2},{"damage":0,"enemies":"Giant Head","floor":45,"turns":1},{"damage":0,"enemies":"Nemesis","floor":47,"turns":2},{"damage":0,"enemies":"Reptomancer","floor":48,"turns":2},{"damage":0,"enemies":"Donu and Deca","floor":50,"turns":3},{"damage":0,"enemies":"Awakened One","floor":51,"turns":3}],"seed_played":"3525805482820674403","potions_obtained":[{"floor":5.0,"key":"SmokeBomb"},{"floor":6.0,"key":"LiquidBronze"},{"floor":7.0,"key":"Strength Potion"},{"floor":18.0,"key":"DistilledChaos"},{"floor":20.0,"key":"Block Potion"},{"floor":30.0,"key":"SneckoOil"},{"floor":31,"key":"SteroidPotion"},{"floor":33,"key":"Dexterity Potion"},{"floor":33,"key":"LiquidBronze"},{"floor":42,"key":"GamblersBrew"},{"floor":45,"key":"SteroidPotion"}],"is_trial":true,"path_per_floor":["M","?","?","$","M","E","M","E","T","$","M","M","E","M","R","B",null,"M","?","M","M","?","M","T","E","T","E","?","?","E","E","R","B",null,"M","M","T","$","M","E","E","E","T","?","E","T","M","E","R","B","B",null],"character_chosen":"MARISA","items_purchased":["TuHaoJin","WitchOfGreed","Habit","UltimateShortwave","SatanicBible","BelialBook","GuppysCollar","MaximisePower","Guardian:BottledAnomaly"],"campfire_rested":1,"item_purchase_floors":[4,4,10,17,17,17,34,34,38],"current_hp_per_floor":[75,75,75,75,69,69,69,69,79,79,59,59,59,59,59,59,61,61,61,61,61,61,61,61,37,37,25,25,27,27,29,49,49,50,52,54,54,54,56,58,60,62,62,64,64,64,64,66,66,66,66],"gold":380,"neow_bonus":"","is_daily":false,"chose_seed":false,"campfire_upgraded":2,"win_rate":0.0,"timestamp":1609338994,"path_taken":["M","?","?","$","?","E","M","E","T","?","M","M","E","M","R","BOSS","M","?","M","?","?","M","?","E","T","E","?","?","E","E","R","BOSS","M","?","?","?","?","E","E","E","T","?","E","?","M","E","R","BOSS","BOSS"],"items_purchased_type":["Relic","Card","Relic","Card","Relic","Relic","Relic","Card","Relic"],"build_version":"2020-12-22","purchased_purges":0,"victory":true,"max_hp_per_floor":[75,75,75,75,75,75,75,75,85,85,85,85,85,85,85,85,61,61,61,61,61,61,61,61,63,63,63,63,65,65,67,67,67,50,52,54,54,54,56,58,60,62,62,64,64,64,64,66,66,66,66],"card_choices":[{"not_picked":[],"picked":"SuicideKing","floor":0.0},{"not_picked":["DC","MilkyWay"],"picked":"SuperPerseids","floor":1.0},{"not_picked":["Bomb","MagicChant"],"picked":"EscapeVelocity","floor":5.0},{"not_picked":["DarkMatter","DC"],"picked":"StarBarrage","floor":6.0},{"not_picked":["DC","DoubleSpark"],"picked":"UnstableBomb","floor":7.0},{"not_picked":["AsteroidBelt","DragonMeteor"],"picked":"GrandCross","floor":8.0},{"not_picked":["WitchLeyline","StarDustReverie"],"picked":"Singularity","floor":11.0},{"not_picked":["IllusionStar","MilkyWay"],"picked":"EnergyFlow","floor":12.0},{"not_picked":["SprinkleStarSeal","6A"],"picked":"CasketOfStar","floor":13.0},{"not_picked":["BlazeAway","SporeBomb"],"picked":"WitchOfGreed","floor":14.0},{"not_picked":["AbsoluteMagnitude","ManaRampage"],"picked":"MillisecondPulsars","floor":16.0},{"not_picked":["UnstableBomb","FairyDestructionRay"],"picked":"Acceleration+1","floor":18.0},{"not_picked":["UnstableBomb","EnergyRecoil"],"picked":"MysteriousBeam","floor":20.0},{"not_picked":["PowerUp+1","DoubleSpark"],"picked":"MysteriousBeam+1","floor":21.0},{"not_picked":["DoubleSpark","RefractionSpark"],"picked":"LuminesStrike","floor":23.0},{"not_picked":["GravityBeat+1","NonDirectionalLaser","WitchLeyline+1"],"picked":"Singing Bowl","floor":25.0},{"not_picked":["DC+1","Occultation"],"picked":"ManaRampage","floor":27.0},{"not_picked":["DarkMatter+1","NonDirectionalLaser","FairyDestructionRay"],"picked":"Singing Bowl","floor":29.0},{"not_picked":["ShootingEcho","DC+1"],"picked":"UltimateShortwave","floor":30.0},{"not_picked":["RefractionSpark+1","DoubleSpark","LuminesStrike"],"picked":"Singing Bowl","floor":31},{"not_picked":["BinaryStars","SuperNova"],"picked":"ManaRampage","floor":33},{"not_picked":["Singularity","DC+1","PropBag"],"picked":"Singing Bowl","floor":35},{"not_picked":["AsteroidBelt","SprinkleStarSeal","ShootTheMoon+1"],"picked":"Singing Bowl","floor":36},{"not_picked":["DoubleSpark","AsteroidBelt+1","IllusionStar"],"picked":"Singing Bowl","floor":39},{"not_picked":["ShootingEcho","EventHorizon+1","6A"],"picked":"Singing Bowl","floor":40},{"not_picked":["GravityBeat+1","EnergyRecoil","GrandCross"],"picked":"Singing Bowl","floor":41},{"not_picked":["UnstableBomb+1","MilkyWay","GasGiant"],"picked":"Singing Bowl","floor":42},{"not_picked":["expansioncontent:DashGenerateEvil","expansioncontent:Torchfire","expansioncontent:HyperBeam"],"picked":"Singing Bowl","floor":44},{"not_picked":["DoubleSpark","NonDirectionalLaser"],"picked":"SatelliteIllusion+1","floor":45},{"not_picked":["SprinkleStarSeal","AsteroidBelt"],"picked":"MillisecondPulsars+1","floor":47},{"not_picked":["AlicesGift+1","MilkyWay","Acceleration"],"picked":"Singing Bowl","floor":48}],"player_experience":29249,"relics_obtained":[{"floor":6.0,"key":"Whetstone"},{"floor":8.0,"key":"AmplifyWand"},{"floor":9.0,"key":"Pear"},{"floor":13.0,"key":"hexamod:BolsterEngine"},{"floor":24.0,"key":"Potion Belt"},{"floor":25.0,"key":"Singing Bowl"},{"floor":25.0,"key":"Tiny Chest"},{"floor":26.0,"key":"Lantern"},{"floor":27.0,"key":"Vajra"},{"floor":27.0,"key":"BookOfRevelations"},{"floor":29.0,"key":"Pocketwatch"},{"floor":29.0,"key":"Darkstone Periapt"},{"floor":30.0,"key":"Akabeko"},{"floor":30.0,"key":"Orichalcum"},{"floor":31,"key":"GuppysTail"},{"floor":31,"key":"Old Coin"},{"floor":35,"key":"MagicBroom"},{"floor":36,"key":"Bottled Tornado"},{"floor":36,"key":"Art of War"},{"floor":37,"key":"Gremlin Horn"},{"floor":40,"key":"Blue Candle"},{"floor":40,"key":"Bag of Preparation"},{"floor":41,"key":"PreservedInsect"},{"floor":41,"key":"Boot"},{"floor":42,"key":"CaptainsWheel"},{"floor":42,"key":"Pantograph"},{"floor":43,"key":"Frozen Egg 2"},{"floor":45,"key":"HowToJump"},{"floor":45,"key":"Ice Cream"},{"floor":46,"key":"Thread and Needle"},{"floor":47,"key":"Gambling Chip"},{"floor":47,"key":"Blood Vial"},{"floor":48,"key":"InkBottle"},{"floor":48,"key":"Bag of Marbles"}],"event_choices":[{"damage_healed":0.0,"max_hp_gain":0.0,"max_hp_loss":0.0,"gold_gain":0.0,"cards_transformed":["Strike_MRS"],"event_name":"Living Wall","player_choice":"Change","floor":2.0,"gold_loss":0.0,"damage_taken":0.0,"cards_obtained":["DoubleSpark"]},{"damage_healed":0.0,"max_hp_gain":0.0,"max_hp_loss":0.0,"gold_gain":0.0,"event_name":"Back to Basics","player_choice":"Simplicity","floor":19.0,"gold_loss":0.0,"damage_taken":0.0,"cards_upgraded":["Strike_MRS","Defend_MRS","Defend_MRS","Defend_MRS","Defend_MRS"]},{"cards_removed":["Defend_MRS"],"damage_healed":0.0,"max_hp_gain":0.0,"max_hp_loss":0.0,"gold_gain":0.0,"event_name":"Beggar","player_choice":"Gave Gold","floor":22.0,"gold_loss":75.0,"damage_taken":0.0},{"damage_healed":0.0,"max_hp_gain":0.0,"max_hp_loss":0.0,"gold_gain":0.0,"event_name":"The Mausoleum","player_choice":"Opened","floor":28.0,"gold_loss":0.0,"damage_taken":0.0,"relics_obtained":["War Paint"]},{"damage_healed":0.0,"max_hp_gain":0.0,"max_hp_loss":0.0,"gold_gain":0.0,"event_name":"Colosseum","player_choice":"Fight","floor":29.0,"gold_loss":0.0,"damage_taken":0.0},{"damage_healed":0.0,"max_hp_gain":0.0,"max_hp_loss":0.0,"gold_gain":0.0,"event_name":"Colosseum","player_choice":"Fought Nobs","floor":29.0,"gold_loss":0.0,"damage_taken":0.0},{"damage_healed":0,"gold_gain":0,"player_choice":"Memory 1","damage_taken":0,"max_hp_gain":0,"max_hp_loss":0,"event_name":"SensoryStone","floor":44,"gold_loss":0}],"is_beta":false,"boss_relics":[{"not_picked":["SacredBark","Empty Cage"],"picked":"Black Star"},{"not_picked":[]},{"not_picked":["Cursed Key","Runic Dome"],"picked":"ChampionBelt"},{"not_picked":[]}],"items_purged_floors":[],"is_endless":false,"potions_floor_spawned":[5,6,8,11,14,18,20,30,31,33,39,45,47],"ascension_level":20}}