{"host":"mjmsgaxkb56jw5c5","time":1609350662,"event":{"mods":["AchievementEnabler","Aspiration","BaseMod","Colored Map","Colored Powertips","Conspire","Downfall","Hubris","Minty Spire (QoL Compilation)","Replay The Spire","StSLib","The Jungle"],"gold_per_floor":[99,118,118,130,40,40,66,83,83,93,93,109,127,139,152,248,248,248,264,275,292,303,303,303,288,298,298,130,150,150,170,186,186,186,186],"floor_reached":33,"playtime":1864,"items_purged":["Guardian:Strike_Guardian","hubris:Wrath"],"score":259,"play_id":"fc2cd67f-702b-4e0e-ae3d-b958f6defb81","local_time":"20201230185102","is_ascension_mode":true,"campfire_choices":[{"data":"Guardian:PrimingBeam","floor":1,"key":"SMITH"},{"data":"Guardian:CrystalBeam","floor":18,"key":"SMITH"},{"floor":27,"key":"REST"}],"circlet_count":0,"master_deck":["Guardian:Defend_Guardian","Guardian:Defend_Guardian","Guardian:CurlUp","Guardian:TwinSlam","Guardian:PrimingBeam+1","Guardian:CrystalBeam+1","Guardian:SentryBeam","Guardian:WalkerClaw","Regret","Guardian:CrystalBeam","Guardian:PrimingBeam","Guardian:ExploitGems","Guardian:ArmoredProtocol+1","Guardian:Orbwalk","Guardian:Gem_Red","Guardian:Gem_Lightblue","Guardian:Gem_Yellow","Guardian:VentSteam","Guardian:PrismaticBeam+1","Guardian:Gem_Green","Guardian:Gem_White","Guardian:PrismaticBeam"],"relics":["Guardian:ModeShifter","Vajra","Letter Opener","Astrolabe","InkBottle","ReplayTheSpireMod:CursedCoin","Blood Vial"],"acts_visited":["Exordium","TheCity"],"potions_floor_usage":[13,16,16,20,22,23,25,28,28,31,33],"damage_taken":[{"damage":0,"enemies":"2 Louse","floor":2,"turns":2},{"damage":0,"enemies":"Small Slimes","floor":4,"turns":3},{"damage":5,"enemies":"downfall:FleeingMerchant","floor":5,"turns":4},{"damage":3,"enemies":"Jaw Worm","floor":8,"turns":2},{"damage":6,"enemies":"Large Slime","floor":10,"turns":4},{"damage":10,"enemies":"Blue Slaver","floor":12,"turns":2},{"damage":8,"enemies":"Gremlin Gang","floor":13,"turns":3},{"damage":4,"enemies":"Red Slaver","floor":14,"turns":2},{"damage":2,"enemies":"Large Slime","floor":15,"turns":3},{"damage":33,"enemies":"downfall:Ironclad","floor":16,"turns":7},{"damage":12,"enemies":"Shell Parasite","floor":19,"turns":5},{"damage":10,"enemies":"Sentry and Sphere","floor":20,"turns":4},{"damage":26,"enemies":"Centurion and Healer","floor":21,"turns":6},{"damage":14,"enemies":"Cultist and Chosen","floor":22,"turns":4},{"damage":7,"enemies":"downfall:FleeingMerchant","floor":25,"turns":4},{"damage":14,"enemies":"conspire:HollyBat","floor":26,"turns":7},{"damage":15,"enemies":"downfall:FleeingMerchant","floor":28,"turns":4},{"damage":0,"enemies":"Snecko","floor":29,"turns":3},{"damage":11,"enemies":"Sentry and Sphere","floor":31,"turns":4},{"damage":2,"enemies":"Chosen and Byrds","floor":32,"turns":4},{"damage":17,"enemies":"downfall:Defect","floor":33,"turns":3}],"seed_played":"-4684955541540856119","potions_obtained":[{"floor":4,"key":"SpeedPotion"},{"floor":8,"key":"Adrenaline Potion"},{"floor":13,"key":"Strength Potion"},{"floor":14,"key":"conspire:TimeTravelPotion"},{"floor":19,"key":"AttackPotion"},{"floor":20,"key":"Milkshake"},{"floor":22,"key":"LiquidMemories"},{"floor":23,"key":"Fruit Juice"},{"floor":23,"key":"FearPotion"},{"floor":23,"key":"Energy Potion"},{"floor":26,"key":"champ:CounterPotion"},{"floor":29,"key":"Adrenaline Potion"}],"is_trial":false,"path_per_floor":["R","M","?","M","$","?","T","M","?","M","?","M","M","M","M","B",null,"R","M","M","M","M","?","T","$","M","R","$","M","?","M","M","B"],"character_chosen":"GUARDIAN","items_purchased":["ReplayTheSpireMod:CursedCoin","Guardian:VentSteam","Blood Vial"],"campfire_rested":1,"item_purchase_floors":[28,28,28],"current_hp_per_floor":[80,80,80,80,75,75,75,72,72,66,66,56,48,44,42,9,80,80,68,58,32,28,33,33,26,12,37,22,24,24,15,15,0,0,0],"gold":186,"neow_bonus":"THREE_CARDS","is_daily":false,"chose_seed":false,"campfire_upgraded":2,"win_rate":0.0,"timestamp":1609350662,"path_taken":["R","M","?","M","$","?","T","M","?","?","?","M","M","M","M","BOSS","R","M","M","M","M","?","T","$","?","R","?","M","?","?","M","BOSS"],"items_purchased_type":["Relic","Card","Relic"],"build_version":"2020-12-22","purchased_purges":2,"victory":false,"max_hp_per_floor":[80,80,80,80,80,80,80,80,80,80,80,80,80,80,80,80,80,80,80,80,80,80,85,85,85,85,85,85,85,85,85,85,85,85,85],"card_choices":[{"not_picked":["Guardian:Gem_Yellow","Guardian:PrismaticBarrier"],"picked":"Guardian:PrimingBeam","floor":0},{"not_picked":["Guardian:TemporalShield","Guardian:FloatingOrbs"],"picked":"Guardian:CrystalBeam","floor":2},{"not_picked":["Guardian:EvasiveProtocol","Guardian:Suspension"],"picked":"Guardian:Gem_White","floor":4},{"not_picked":["Guardian:RollAttack","Guardian:ShieldCharger"],"picked":"Guardian:SentryBeam","floor":5},{"not_picked":["Guardian:TemporalStrike","Guardian:PrismaticBarrier"],"picked":"Guardian:Gem_Blue","floor":8},{"not_picked":["Guardian:Recover","Guardian:VentSteam"],"picked":"Guardian:WalkerClaw","floor":10},{"not_picked":["Guardian:Incinerate","Guardian:VentSteam","Guardian:TemporalShield"],"picked":"SKIP","floor":12},{"not_picked":["Guardian:DonusPower","Guardian:ConstructionForm"],"picked":"Guardian:CrystalBeam","floor":13},{"not_picked":["Guardian:Incinerate","Guardian:ShieldCharger"],"picked":"Guardian:PrimingBeam","floor":14},{"not_picked":["Guardian:WalkerClaw","Guardian:TemporalShield","Guardian:Harden"],"picked":"SKIP","floor":15},{"not_picked":["Guardian:StasisStrike","Guardian:StasisField"],"picked":"Guardian:ExploitGems","floor":16},{"not_picked":["Guardian:TemporalStrike","Guardian:ChargeCore"],"picked":"Guardian:Orbwalk","floor":19},{"not_picked":["Guardian:GuardianWhirl","Guardian:Repulse"],"picked":"Guardian:Gem_Red","floor":20},{"not_picked":["Guardian:ChargeCore","Guardian:Recover","Guardian:Gem_Blue"],"picked":"SKIP","floor":21},{"not_picked":["Guardian:Gem_Lightblue","Guardian:TemporalStrike+1","Guardian:Gem_Green"],"picked":"SKIP","floor":22},{"not_picked":["Guardian:SphericShield","Guardian:Repulse+1"],"picked":"Guardian:Gem_Lightblue","floor":25},{"not_picked":["Guardian:TemporalShield","Guardian:ChargeCore"],"picked":"Guardian:Gem_Yellow","floor":26},{"not_picked":["Guardian:Clone","Guardian:Suspension","Guardian:EvasiveProtocol"],"picked":"SKIP","floor":28},{"not_picked":["Guardian:PiercingHide","Guardian:Reroute"],"picked":"Guardian:PrismaticBeam+1","floor":29},{"not_picked":["Guardian:ChargeCore+1","Guardian:SphericShield"],"picked":"Guardian:PrismaticBeam","floor":31},{"not_picked":["Guardian:ShieldCharger","Guardian:Incinerate+1","Guardian:Preprogram"],"picked":"SKIP","floor":32}],"player_experience":233039,"relics_obtained":[{"floor":7,"key":"Vajra"},{"floor":24,"key":"InkBottle"}],"event_choices":[{"cards_removed":["Guardian:Defend_Guardian"],"damage_healed":0,"gold_gain":0,"player_choice":"Card Removal","damage_taken":0,"max_hp_gain":0,"max_hp_loss":0,"event_name":"The Cleric","floor":6,"gold_loss":0},{"damage_healed":0,"gold_gain":0,"player_choice":"Box","damage_taken":0,"relics_obtained":["Letter Opener"],"max_hp_gain":0,"max_hp_loss":0,"event_name":"Big Fish","floor":11,"gold_loss":0,"cards_obtained":["Regret"]},{"damage_healed":0,"gold_gain":0,"player_choice":"Got Potions","damage_taken":0,"max_hp_gain":0,"max_hp_loss":0,"event_name":"Lab","floor":23,"gold_loss":0}],"is_beta":false,"boss_relics":[{"not_picked":["conspire:RoyalGoblet","hubris:GrandSneckoEye"],"picked":"Astrolabe"}],"items_purged_floors":[5,28],"is_endless":false,"potions_floor_spawned":[4,8,13,14,19,20,22,26,29],"killed_by":"downfall:Defect","ascension_level":1}}