{"host":"fqbvzz8m91xtcrjw","time":1609296621,"event":{"mods":["BaseMod","Better Third Choice","BetterRewards","Displayed Cursed Tome","Downfall","Hermit","Highlight Path","JesterMod","Marisa????????","Minty Spire (QoL Compilation)","READ ME - Snecko Mod","Replay The Spire","Shade Mod","Spicy Shops","StSLib","The Construct","The Cursed","The Hierophant","The Runesmith","The Servant 0.9.4"],"gold_per_floor":[112,128,144,157,171,10,10,25,50,50,60,10,10,39,39,138,138,138,138,155,155,155,155],"floor_reached":22,"playtime":975,"items_purged":[],"score":188,"play_id":"326c4783-65ad-4391-b379-ac77d22c7f35","local_time":"20201229185021","is_ascension_mode":false,"campfire_choices":[{"floor":15,"key":"REST"}],"circlet_count":0,"master_deck":["jesterMod:Strike","jesterMod:Strike","jesterMod:Strike","jesterMod:Strike","jesterMod:Sickle","jesterMod:Defend","jesterMod:Defend","jesterMod:Defend","jesterMod:Dodge+1","jesterMod:RecklessStrike","jesterMod:Arrythmia","jesterMod:Disposophobia","jesterMod:JackInTheBox","jesterMod:JugglerBlade","jesterMod:Flee+1","jesterMod:Disposophobia+1","jesterMod:Procrastination","jesterMod:Prankster","jesterMod:Juggler","Hallucinations","Writhe","ReplayTheSpireMod:Restless Dread","J.A.X.","jesterMod:Inspiration"],"relics":["jesterMod:JesterCap","Orichalcum","War Paint","Replay:Ancient Bell","MealTicket","Mercury Hourglass","Ginger","Replay:Wax Seal"],"acts_visited":["Exordium","TheCity"],"potions_floor_usage":[14,18],"damage_taken":[{"damage":1,"enemies":"Cultist","floor":1,"turns":4},{"damage":1,"enemies":"Jaw Worm","floor":2,"turns":3},{"damage":0,"enemies":"2 Louse","floor":3,"turns":2},{"damage":5,"enemies":"Exordium Wildlife","floor":4,"turns":4},{"damage":5,"enemies":"Red Slaver","floor":5,"turns":4},{"damage":4,"enemies":"Blue Slaver","floor":8,"turns":4},{"damage":24,"enemies":"Large Slime","floor":11,"turns":6},{"damage":23,"enemies":"3 Sentries","floor":14,"turns":9},{"damage":23,"enemies":"Slime Boss","floor":16,"turns":10},{"damage":0,"enemies":"3 Byrds","floor":18,"turns":2},{"damage":46,"enemies":"2 Thieves","floor":20,"turns":4},{"damage":33,"enemies":"Sentry and Sphere","floor":22,"turns":3}],"seed_played":"8761011692682099268","potions_obtained":[{"floor":1,"key":"Elixir"},{"floor":2,"key":"Fire Potion"},{"floor":8,"key":"Venom Potion"},{"floor":16,"key":"SmokeBomb"},{"floor":20,"key":"Dexterity Potion"}],"is_trial":false,"path_per_floor":["M","M","M","M","M","$","?","M","T","$","M","$","$","E","R","B",null,"M","?","M","?","M"],"character_chosen":"THE_JESTER","items_purchased":["jesterMod:JugglerBlade","jesterMod:Flee","jesterMod:Prankster"],"campfire_rested":1,"item_purchase_floors":[6,6,12],"current_hp_per_floor":[69,68,68,63,58,58,58,54,54,54,30,30,30,7,28,5,70,70,70,24,24,0,0],"gold":155,"neow_bonus":"REMOVE_CARD","is_daily":false,"chose_seed":false,"campfire_upgraded":0,"win_rate":0.0,"timestamp":1609296621,"path_taken":["M","?","M","M","M","$","?","?","T","$","M","?","$","E","R","BOSS","M","?","M","?","?"],"items_purchased_type":["Card","Card","Card"],"build_version":"2020-12-22","purchased_purges":0,"victory":false,"max_hp_per_floor":[70,70,70,70,70,70,70,70,70,70,70,70,70,70,70,70,70,70,70,70,70,70,70],"card_choices":[{"not_picked":["jesterMod:Pause","jesterMod:DancingMad"],"picked":"jesterMod:RecklessStrike","floor":1},{"not_picked":["jesterMod:OblivionStrike","jesterMod:QuickStrike"],"picked":"jesterMod:Arrythmia","floor":2},{"not_picked":["jesterMod:JackInTheBox","jesterMod:Patience","jesterMod:Dilapidation"],"picked":"SKIP","floor":3},{"not_picked":["jesterMod:Feint","jesterMod:SelfMockery"],"picked":"jesterMod:Disposophobia","floor":4},{"not_picked":["jesterMod:Rebuff","jesterMod:ButterKnife"],"picked":"jesterMod:JackInTheBox","floor":5},{"not_picked":["jesterMod:Illness","jesterMod:Taunt"],"picked":"jesterMod:Disposophobia","floor":8},{"not_picked":["jesterMod:Patience","jesterMod:JugglerBlade"],"picked":"jesterMod:Procrastination","floor":11},{"not_picked":["jesterMod:DaggerRain","jesterMod:Drunkenness","jesterMod:Loot"],"picked":"SKIP","floor":14},{"not_picked":["jesterMod:HedgehogForm","jesterMod:Drunkenness"],"picked":"jesterMod:Juggler","floor":16},{"not_picked":["hexamod:Haunted","Guardian:Aged"],"picked":"Hallucinations","floor":17},{"not_picked":["ReplayTheSpireMod:IOU","Overencumbered"],"picked":"Writhe","floor":17},{"not_picked":["Replay:Sluggish","Guardian:Aged"],"picked":"ReplayTheSpireMod:Restless Dread","floor":17},{"not_picked":["jesterMod:Finale","jesterMod:RecklessStrike"],"picked":"jesterMod:Inspiration","floor":20}],"player_experience":459832,"relics_obtained":[{"floor":9,"key":"Orichalcum"},{"floor":14,"key":"War Paint"}],"event_choices":[{"damage_healed":0,"gold_gain":0,"player_choice":"Upgraded","damage_taken":0,"max_hp_gain":0,"max_hp_loss":0,"event_name":"Upgrade Shrine","floor":7,"gold_loss":0,"cards_upgraded":["jesterMod:Flee"]},{"damage_healed":0,"gold_gain":0,"player_choice":"Obtain J.A.X.","damage_taken":0,"max_hp_gain":0,"max_hp_loss":0,"event_name":"Drug Dealer","floor":19,"gold_loss":0,"cards_obtained":["J.A.X."]},{"damage_healed":0,"gold_gain":0,"player_choice":"Gave Potion","damage_taken":0,"relics_obtained":["Replay:Wax Seal"],"max_hp_gain":0,"max_hp_loss":0,"event_name":"WeMeetAgain","floor":21,"gold_loss":0}],"is_beta":false,"boss_relics":[{"not_picked":["Snecko Eye","Empty Cage"],"picked":"Replay:Ancient Bell"},{"not_picked":["Bronze Scales","Smiling Mask"],"picked":"MealTicket"},{"not_picked":["HornCleat","Replay:Bottled Flurry"],"picked":"Mercury Hourglass"},{"not_picked":["Replay:Kaleidoscope","Pocketwatch"],"picked":"Ginger"}],"items_purged_floors":[],"is_endless":false,"potions_floor_spawned":[1,2,8,16,20],"killed_by":"Sentry and Sphere","ascension_level":0}}