{"host":"ygfasg9u7olr7skw","time":1609358156,"event":{"mods":["AchievementEnabler","BaseMod","Better Note","Better Vampires","Colored Powertips","Minty Spire (QoL Compilation)","Replay The Spire","Spicy Shops","StSLib","The IronCluck"],"gold_per_floor":[112,130,140,64,81,113,131,131,131,11,11,27,57,76,76,181,181,194,194,207,219,134,134,144,144,144,144,172,172,172],"floor_reached":29,"playtime":1983,"items_purged":["Strike_B"],"score":272,"play_id":"b3e27b1f-5f5a-4394-8b53-6e4f93d6b2d2","local_time":"20201230145556","is_ascension_mode":true,"campfire_choices":[{"floor":8,"key":"REST"},{"floor":11,"key":"REST"},{"floor":15,"key":"REST"},{"floor":23,"key":"REST"},{"floor":25,"key":"REST"},{"floor":27,"key":"REST"}],"circlet_count":0,"master_deck":["Strike_B","Strike_B","Defend_B","Defend_B","Defend_B","Defend_B","Zap","Dualcast","Aggregate","Go for the Eyes","Beam Cell","Sweeping Beam+1","Rainbow+1","Decay","BasicCrystalCard+1"],"relics":["Cracked Core","Centennial Puzzle","Symbiotic Virus","Toxic Egg 2","Inserter","Mummified Hand","White Beast Statue","Happy Flower"],"acts_visited":["Exordium","TheCity"],"potions_floor_usage":[16],"damage_taken":[{"damage":3,"enemies":"2 Louse","floor":1,"turns":3},{"damage":2,"enemies":"Jaw Worm","floor":2,"turns":4},{"damage":7,"enemies":"Small Slimes","floor":3,"turns":3},{"damage":1,"enemies":"Blue Slaver","floor":5,"turns":3},{"damage":45,"enemies":"3 Sentries","floor":6,"turns":10},{"damage":14,"enemies":"Exordium Thugs","floor":7,"turns":4},{"damage":5,"enemies":"Red Slaver","floor":12,"turns":2},{"damage":4,"enemies":"Large Slime","floor":14,"turns":4},{"damage":39,"enemies":"Fading Forest","floor":16,"turns":11},{"damage":4,"enemies":"Spheric Guardian","floor":18,"turns":3},{"damage":4,"enemies":"Chosen","floor":20,"turns":4},{"damage":41,"enemies":"Snake Plant","floor":21,"turns":6},{"damage":18,"enemies":"Snecko","floor":24,"turns":4},{"damage":73,"enemies":"Gremlin Leader","floor":28,"turns":10},{"damage":2,"enemies":"Shelled Parasite and Fungi","floor":29,"turns":1}],"seed_played":"4825945935239126910","potions_obtained":[{"floor":1,"key":"Ancient Potion"},{"floor":3,"key":"GamblersBrew"},{"floor":5,"key":"PowerPotion"},{"floor":21,"key":"GamblersBrew"},{"floor":24,"key":"BlessingOfTheForge"},{"floor":28,"key":"Energy Potion"}],"is_trial":false,"path_per_floor":["M","M","M","$","M","E","M","R","T","$","R","M","?","M","R","B",null,"M","?","M","M","?","R","M","R","T","R","E","M"],"character_chosen":"DEFECT","items_purchased":["Beam Cell","Sweeping Beam+1"],"campfire_rested":6,"item_purchase_floors":[4,10],"current_hp_per_floor":[72,70,63,63,62,17,3,25,25,25,47,42,42,38,60,47,75,71,71,67,26,26,48,30,52,52,74,1,0,0],"gold":172,"neow_bonus":"TRANSFORM_CARD","is_daily":false,"chose_seed":false,"campfire_upgraded":0,"win_rate":0.0,"timestamp":1609358156,"path_taken":["M","M","M","$","M","E","M","R","T","$","R","M","?","M","R","BOSS","M","?","M","M","?","R","M","R","T","R","E","M"],"items_purchased_type":["Card","Card"],"build_version":"2020-12-22","purchased_purges":1,"victory":false,"max_hp_per_floor":[75,75,75,75,75,75,75,75,75,75,75,75,75,75,75,75,75,75,75,75,75,75,75,75,75,75,75,75,75,75],"card_choices":[{"not_picked":["Coolheaded","Streamline","Stack"],"picked":"SKIP","floor":1},{"not_picked":["Time Bomb","Doom and Gloom","Turbo"],"picked":"SKIP","floor":2},{"not_picked":["Compile Driver","ReplayTheSpireMod:Reroute Power"],"picked":"Go for the Eyes","floor":3},{"not_picked":["Beam Cell","Meteor Strike","Cold Snap"],"picked":"SKIP","floor":5},{"not_picked":["Leap","Capacitor","Chill"],"picked":"SKIP","floor":6},{"not_picked":["Loop","Reprogram","Conserve Battery"],"picked":"SKIP","floor":7},{"not_picked":["Heatsinks","Darkness","Defragment"],"picked":"SKIP","floor":12},{"not_picked":["Rebound","Leap+1","ReplayTheSpireMod:Reroute Power+1"],"picked":"SKIP","floor":14},{"not_picked":["Echo Form","Amplify+1"],"picked":"Rainbow+1","floor":16},{"not_picked":["ReplayTheSpireMod:Reroute Power+1","Undo+1","BasicCrystalCard+1"],"picked":"SKIP","floor":18},{"not_picked":["Streamline","Reinforced Body+1","Rebound"],"picked":"SKIP","floor":20},{"not_picked":["Coolheaded+1","ReplaySolidLightProjector+1","BootSequence+1"],"picked":"SKIP","floor":21},{"not_picked":["Conserve Battery+1","Gash+1","Blizzard+1"],"picked":"SKIP","floor":24},{"not_picked":["Streamline","ReplayTheSpireMod:Repulse+1"],"picked":"BasicCrystalCard+1","floor":28}],"player_experience":183770,"relics_obtained":[{"floor":6,"key":"Centennial Puzzle"},{"floor":9,"key":"Symbiotic Virus"},{"floor":26,"key":"White Beast Statue"},{"floor":28,"key":"Happy Flower"}],"event_choices":[{"damage_healed":0,"gold_gain":30,"player_choice":"Searched \u00272\u0027 times","damage_taken":0,"relics_obtained":["Toxic Egg 2"],"max_hp_gain":0,"max_hp_loss":0,"event_name":"Dead Adventurer","floor":13,"gold_loss":0},{"damage_healed":0,"gold_gain":0,"player_choice":"Smashed Altar","damage_taken":0,"max_hp_gain":0,"max_hp_loss":0,"event_name":"Forgotten Altar","floor":19,"gold_loss":0,"cards_obtained":["Decay"]},{"damage_healed":0,"gold_gain":0,"player_choice":"Obtained Relic","damage_taken":0,"relics_obtained":["Mummified Hand"],"max_hp_gain":0,"max_hp_loss":0,"event_name":"Addict","floor":22,"gold_loss":85}],"is_beta":false,"boss_relics":[{"not_picked":["Coffee Dripper","Cursed Key"],"picked":"Inserter"}],"items_purged_floors":[10],"is_endless":false,"potions_floor_spawned":[1,3,5,12,21,24,28],"killed_by":"Shelled Parasite and Fungi","ascension_level":2}}