{"host":"bux1pdxjwq4dkad9","time":1609298539,"event":{"mods":["Arknights The Spire","BaseMod","Colored Map","Evolution","Minty Spire (QoL Compilation)","Quick Restart","StSLib","SuperFastMode","°æ“≈ŒÔMod°øºÚµ•”Œœ∑"],"gold_per_floor":[111,123,123,48,61,86,86,115,115,147,162,179,209,229,229,307,307,327,62,80,95,145,172,172,197,197,197,216,216,91,124,124,202,202,221,63,77,96,396,431,431,465,465,465,484,502,502,521,521,521,521,521,521,172,199,199],"floor_reached":57,"playtime":2129,"items_purged":["Strike_B","Strike_B","Strike_B"],"score":3704,"play_id":"825dfb71-c6aa-49b6-b61e-263cd9f2e514","local_time":"20201230112219","is_ascension_mode":true,"campfire_choices":[{"data":"Recycle","floor":15.0,"key":"SMITH"},{"data":"Zap","floor":24.0,"key":"SMITH"},{"data":"Capacitor","floor":27.0,"key":"SMITH"},{"data":"Consume","floor":32.0,"key":"SMITH"},{"floor":41,"key":"RECALL"},{"data":"Biased Cognition","floor":44,"key":"SMITH"},{"data":"Loop","floor":49,"key":"SMITH"},{"data":"Dualcast","floor":53,"key":"SMITH"}],"circlet_count":0,"master_deck":["AscendersBane","Defend_B","Defend_B","Zap+1","Dualcast+1","Capacitor+1","Recycle+1","Steam","Loop+1","Barrage","Defragment","Biased Cognition+1","Double Energy","Consume+1","Electrodynamics","Meteor Strike+1","Reboot+1","Cold Snap+1","Turbo+1","Capacitor+1","Madness","Madness","Panache","Beam Cell"],"relics":["Cracked Core","EVO:Axolotl","ImprovedEquipment","NeowsBlessing","Eternal Feather","ats:Originium","Matryoshka","Boot","Omamori","Tiny Chest","Singing Bowl","Symbiotic Virus","FossilizedHelix","Inserter","OrangePellets","Vajra","Gremlin Horn","Dream Catcher","Blood Vial","Astrolabe","Lantern","Old Coin","Bronze Scales","Anchor","HornCleat","Runic Capacitor","Du-Vu Doll"],"acts_visited":["Exordium","TheCity","TheBeyond","TheEnding"],"potions_floor_usage":[56,56],"damage_taken":[{"damage":0.0,"enemies":"Jaw Worm","floor":1.0,"turns":1.0},{"damage":0.0,"enemies":"Small Slimes","floor":2.0,"turns":1.0},{"damage":0.0,"enemies":"Cultist","floor":5.0,"turns":1.0},{"damage":17.0,"enemies":"Gremlin Nob","floor":6.0,"turns":4.0},{"damage":0.0,"enemies":"Lagavulin","floor":8.0,"turns":6.0},{"damage":29.0,"enemies":"Gremlin Nob","floor":10.0,"turns":5.0},{"damage":0.0,"enemies":"Large Slime","floor":11.0,"turns":4.0},{"damage":0.0,"enemies":"Looter","floor":12.0,"turns":3.0},{"damage":0.0,"enemies":"3 Sentries","floor":13.0,"turns":5.0},{"damage":0.0,"enemies":"2 Fungi Beasts","floor":14.0,"turns":3.0},{"damage":0.0,"enemies":"Hexaghost","floor":16.0,"turns":4.0},{"damage":0.0,"enemies":"2 Thieves","floor":18.0,"turns":3.0},{"damage":0.0,"enemies":"Shell Parasite","floor":20.0,"turns":3.0},{"damage":0.0,"enemies":"Centurion and Healer","floor":21.0,"turns":4.0},{"damage":0.0,"enemies":"Slavers","floor":23.0,"turns":4.0},{"damage":0.0,"enemies":"Book of Stabbing","floor":25.0,"turns":2.0},{"damage":0.0,"enemies":"Snake Plant","floor":28.0,"turns":2.0},{"damage":0.0,"enemies":"Slavers","floor":31.0,"turns":1.0},{"damage":0.0,"enemies":"Automaton","floor":33.0,"turns":3.0},{"damage":0,"enemies":"3 Darklings","floor":35,"turns":1},{"damage":0,"enemies":"Orb Walker","floor":37,"turns":1},{"damage":0,"enemies":"Transient","floor":38,"turns":3},{"damage":0,"enemies":"Reptomancer","floor":40,"turns":2},{"damage":0,"enemies":"Nemesis","floor":42,"turns":2},{"damage":0,"enemies":"Spire Growth","floor":45,"turns":2},{"damage":0,"enemies":"Maw","floor":46,"turns":1},{"damage":0,"enemies":"3 Darklings","floor":48,"turns":2},{"damage":0,"enemies":"Donu and Deca","floor":50,"turns":2},{"damage":0,"enemies":"Awakened One","floor":51,"turns":3},{"damage":0,"enemies":"Shield and Spear","floor":55,"turns":1},{"damage":0,"enemies":"The Heart","floor":56,"turns":5}],"seed_played":"-218644792103884044","potions_obtained":[{"floor":6.0,"key":"Ancient Potion"},{"floor":8.0,"key":"FairyPotion"},{"floor":11.0,"key":"PotionOfCapacity"},{"floor":14.0,"key":"LiquidMemories"},{"floor":18.0,"key":"Ancient Potion"},{"floor":33.0,"key":"Fruit Juice"},{"floor":38,"key":"PowerPotion"}],"is_trial":false,"path_per_floor":["M","M","?","$","M","E","?","E","T","E","M","M","E","M","R","B",null,"M","$","M","M","?","E","R","E","T","R","M","?","$","E","R","B",null,"M","$","M","M","T","E","R","E","T","R","M","M","?","M","R","B","B",null,"R","$","E","B",null],"character_chosen":"DEFECT","items_purchased":["OrangePellets","Lantern","Runic Capacitor","Panache"],"campfire_rested":0,"item_purchase_floors":[19,36,54,54],"current_hp_per_floor":[64,64,59,59,59,42,42,42,42,13,13,13,15,15,24,24,61,63,63,65,67,67,69,78,80,80,83,83,83,83,83,83,88,88,88,88,90,92,92,94,94,96,96,96,98,98,80,84,96,98,100,100,100,100,100,100],"gold":199,"neow_bonus":"THREE_ENEMY_KILL","is_daily":false,"chose_seed":false,"campfire_upgraded":7,"win_rate":0.0,"timestamp":1609298539,"path_taken":["M","M","?","$","M","E","?","E","T","E","?","M","E","M","R","BOSS","M","$","M","M","?","E","R","E","T","R","M","?","$","E","R","BOSS","M","$","M","M","?","E","R","E","T","R","M","M","?","M","R","BOSS","BOSS","R","$","E","BOSS"],"items_purchased_type":["Relic","Relic","Relic","Card"],"build_version":"2020-12-22","purchased_purges":3,"victory":true,"max_hp_per_floor":[71,71,71,71,71,71,71,71,71,71,71,71,73,73,73,73,73,75,75,77,79,79,81,81,83,83,83,83,83,83,83,83,88,88,88,88,90,92,92,94,94,96,96,96,98,98,98,100,100,100,100,100,100,100,100,100],"card_choices":[{"not_picked":["Redo","Lockon","Sweeping Beam"],"picked":"SKIP","floor":1.0},{"not_picked":["Compile Driver","Leap","Self Repair"],"picked":"SKIP","floor":2.0},{"not_picked":["Streamline","Leap","Beam Cell"],"picked":"SKIP","floor":5.0},{"not_picked":["Consume","Rainbow"],"picked":"Capacitor","floor":6.0},{"not_picked":["Compile Driver","Loop"],"picked":"Recycle","floor":8.0},{"not_picked":["Self Repair","Darkness"],"picked":"Steam","floor":10.0},{"not_picked":["Skim","Chaos"],"picked":"Loop","floor":11.0},{"not_picked":["Coolheaded","Chaos"],"picked":"Barrage","floor":12.0},{"not_picked":["Rip and Tear","Undo","Ball Lightning"],"picked":"Singing Bowl","floor":13.0},{"not_picked":["Hello World","Hologram"],"picked":"Defragment","floor":14.0},{"not_picked":["Thunder Strike","Machine Learning"],"picked":"Biased Cognition","floor":16.0},{"not_picked":["Sweeping Beam","Redo","Barrage"],"picked":"Singing Bowl","floor":18.0},{"not_picked":["Sweeping Beam","Barrage+1","Streamline"],"picked":"Singing Bowl","floor":20.0},{"not_picked":["Sweeping Beam+1","Darkness","Leap"],"picked":"Singing Bowl","floor":21.0},{"not_picked":["Genetic Algorithm","Steam Power","Beam Cell"],"picked":"Singing Bowl","floor":23.0},{"not_picked":["Barrage","Lockon","Go for the Eyes+1"],"picked":"Singing Bowl","floor":25.0},{"not_picked":["Ball Lightning","Sweeping Beam"],"picked":"Double Energy","floor":28.0},{"not_picked":["BootSequence","Capacitor"],"picked":"Consume","floor":31.0},{"not_picked":["Biased Cognition","Thunder Strike"],"picked":"Electrodynamics","floor":33.0},{"not_picked":["Self Repair+1","Compile Driver+1"],"picked":"Turbo+1","floor":35},{"not_picked":["Rebound","Conserve Battery","Ball Lightning"],"picked":"Singing Bowl","floor":37},{"not_picked":["Rebound","Cold Snap","Reinforced Body"],"picked":"Singing Bowl","floor":38},{"not_picked":["Conserve Battery","Compile Driver","Steam Power"],"picked":"Singing Bowl","floor":40},{"not_picked":["Sweeping Beam","Multi-Cast","Hologram"],"picked":"Singing Bowl","floor":42},{"not_picked":["Redo+1","Barrage","Cold Snap+1"],"picked":"Singing Bowl","floor":45},{"not_picked":["Hello World","Blizzard"],"picked":"Capacitor+1","floor":46},{"not_picked":["Sweeping Beam","FTL+1","Darkness"],"picked":"Singing Bowl","floor":48},{"not_picked":["Undo","Compile Driver+1"],"picked":"Beam Cell","floor":55}],"player_experience":2327151,"relics_obtained":[{"floor":6.0,"key":"ats:Originium"},{"floor":6.0,"key":"Matryoshka"},{"floor":8.0,"key":"ats:Originium"},{"floor":8.0,"key":"Omamori"},{"floor":9.0,"key":"Tiny Chest"},{"floor":9.0,"key":"Singing Bowl"},{"floor":10.0,"key":"ats:Originium"},{"floor":10.0,"key":"Symbiotic Virus"},{"floor":13.0,"key":"FossilizedHelix"},{"floor":23.0,"key":"Vajra"},{"floor":25.0,"key":"Gremlin Horn"},{"floor":26.0,"key":"Dream Catcher"},{"floor":31.0,"key":"Blood Vial"},{"floor":39,"key":"Old Coin"},{"floor":40,"key":"Bronze Scales"},{"floor":42,"key":"Anchor"},{"floor":43,"key":"HornCleat"},{"floor":55,"key":"Du-Vu Doll"}],"event_choices":[{"damage_healed":0.0,"max_hp_gain":0.0,"max_hp_loss":0.0,"gold_gain":0.0,"event_name":"Scrap Ooze","player_choice":"Success","floor":3.0,"gold_loss":0.0,"damage_taken":5.0,"relics_obtained":["Eternal Feather"]},{"damage_healed":0.0,"max_hp_gain":0.0,"max_hp_loss":0.0,"gold_gain":0.0,"event_name":"WeMeetAgain","player_choice":"Gave Potion","floor":7.0,"gold_loss":0.0,"damage_taken":0.0,"relics_obtained":["Boot"]},{"damage_healed":0.0,"max_hp_gain":0.0,"max_hp_loss":0.0,"gold_gain":50.0,"event_name":"Nest","player_choice":"Stole From Cult","floor":22.0,"gold_loss":0.0,"damage_taken":0.0},{"damage_healed":0.0,"max_hp_gain":0.0,"max_hp_loss":0.0,"gold_gain":0.0,"event_name":"Ghosts","player_choice":"Ignored","floor":29.0,"gold_loss":0.0,"damage_taken":0.0},{"damage_healed":0,"gold_gain":0,"player_choice":"Embrace Madness","damage_taken":18,"max_hp_gain":0,"max_hp_loss":0,"event_name":"Winding Halls","floor":47,"gold_loss":0,"cards_obtained":["Madness","Madness"]}],"is_beta":false,"boss_relics":[{"not_picked":["FrozenCore","Velvet Choker"],"picked":"Inserter"},{"not_picked":["Fusion Hammer","SacredBark"],"picked":"Astrolabe"}],"items_purged_floors":[4,19,30],"is_endless":false,"potions_floor_spawned":[6,8,11,14,18,21,23,31,33,38,40,46,48,55],"ascension_level":20}}