{"host":"i09pxcjttd31eh4q","time":1609325747,"event":{"mods":["AchievementEnabler","BaseMod","Colored Map","Keyboard Shortcuts","Minty Spire (QoL Compilation)","StSLib","SuperFastMode"],"gold_per_floor":[112,37,37,37,37,63,63,63,63,91,137,148,178,190,190,267,267,286,286,301,301,301,301,16,16,43,43,75,75,75,89,89,89,89],"floor_reached":33,"playtime":639,"items_purged":["Defend_G","Strike_G"],"score":654,"play_id":"1e92e058-f1c7-4eae-b49a-817873c06444","local_time":"20201230195547","is_ascension_mode":true,"campfire_choices":[{"data":"Cloak And Dagger","floor":7.0,"key":"SMITH"},{"data":"Deadly Poison","floor":15.0,"key":"SMITH"},{"data":"Adrenaline","floor":23,"key":"SMITH"},{"data":"Noxious Fumes","floor":25,"key":"SMITH"},{"data":"Adrenaline","floor":27,"key":"SMITH"},{"data":"Well Laid Plans","floor":29,"key":"SMITH"},{"data":"Crippling Poison","floor":32,"key":"SMITH"}],"circlet_count":0,"master_deck":["AscendersBane","Defend_G","Defend_G","Defend_G","Defend_G","Survivor","Neutralize","Leg Sweep","Cloak And Dagger+1","Deadly Poison+1","Deadly Poison","Caltrops","Adrenaline+1","Adrenaline+1","Crippling Poison+1","Noxious Fumes+1","Well Laid Plans+1","Escape Plan","Backflip","PiercingWail"],"relics":["Ring of the Snake","NeowsBlessing","Gremlin Horn","Singing Bowl","Bronze Scales","Regal Pillow","The Courier","Empty Cage","Bag of Preparation"],"acts_visited":["TheCity"],"potions_floor_usage":[28],"damage_taken":[{"damage":0.0,"enemies":"Jaw Worm","floor":1.0,"turns":1.0},{"damage":0.0,"enemies":"Lagavulin","floor":6.0,"turns":1.0},{"damage":0.0,"enemies":"Gremlin Nob","floor":10.0,"turns":1.0},{"damage":0.0,"enemies":"2 Louse","floor":12.0,"turns":4.0},{"damage":27.0,"enemies":"Lagavulin","floor":13.0,"turns":8.0},{"damage":0.0,"enemies":"Cultist","floor":14.0,"turns":3.0},{"damage":5.0,"enemies":"Hexaghost","floor":16.0,"turns":6.0},{"damage":1.0,"enemies":"Spheric Guardian","floor":18.0,"turns":4.0},{"damage":8.0,"enemies":"Chosen","floor":20.0,"turns":5.0},{"damage":9,"enemies":"Gremlin Leader","floor":28,"turns":5},{"damage":6,"enemies":"Snake Plant","floor":31,"turns":4},{"damage":20,"enemies":"Champ","floor":33,"turns":9}],"seed_played":"3943056272793263451","potions_obtained":[{"floor":1.0,"key":"Poison Potion"},{"floor":10.0,"key":"DistilledChaos"},{"floor":14.0,"key":"SkillPotion"},{"floor":16.0,"key":"PowerPotion"},{"floor":31,"key":"LiquidMemories"}],"is_trial":false,"path_per_floor":["M","$","?","?","?","E","R","$","T","E","T","M","E","M","R","B",null,"M","?","M","?","?","R","$","R","T","R","E","R","$","M","R","B"],"character_chosen":"THE_SILENT","items_purchased":["Noxious Fumes","Well Laid Plans","Escape Plan","Backflip"],"campfire_rested":0,"item_purchase_floors":[24,24,24,24],"current_hp_per_floor":[59,59,59,52,52,52,52,52,52,54,54,54,27,27,27,22,57,58,58,52,52,52,52,52,52,52,52,43,43,43,39,39,19,19],"gold":89,"neow_bonus":"THREE_ENEMY_KILL","is_daily":false,"chose_seed":false,"campfire_upgraded":7,"win_rate":0.0,"timestamp":1609325747,"path_taken":["M","$","?","?","?","E","R","?","T","E","?","M","E","?","R","BOSS","M","?","?","?","?","R","$","R","T","R","E","R","$","M","R","BOSS"],"items_purchased_type":["Card","Card","Card","Card"],"build_version":"2020-12-22","purchased_purges":2,"victory":false,"max_hp_per_floor":[66,66,66,66,66,66,66,66,66,68,68,68,68,68,68,68,68,70,70,72,72,72,72,72,72,72,72,72,72,72,74,74,74,74],"card_choices":[{"not_picked":["Dodge and Roll","Prepared"],"picked":"Leg Sweep","floor":1.0},{"not_picked":["Dagger Spray","Quick Slash"],"picked":"Cloak And Dagger","floor":6.0},{"not_picked":["Sucker Punch","Glass Knife","All Out Attack"],"picked":"Singing Bowl","floor":10.0},{"not_picked":["Blur","Outmaneuver"],"picked":"Deadly Poison","floor":12.0},{"not_picked":["Flying Knee","Cloak And Dagger"],"picked":"Deadly Poison","floor":13.0},{"not_picked":["Underhanded Strike","Die Die Die"],"picked":"Caltrops","floor":14.0},{"not_picked":["Phantasmal Killer","Venomology"],"picked":"Adrenaline","floor":16.0},{"not_picked":["Flying Knee","Bane","Concentrate"],"picked":"Singing Bowl","floor":18.0},{"not_picked":["Deadly Poison","Expertise","Deflect"],"picked":"Singing Bowl","floor":20.0},{"not_picked":["Skewer","Slice+1"],"picked":"PiercingWail","floor":28},{"not_picked":["Prepared","Flying Knee+1","Blade Dance"],"picked":"Singing Bowl","floor":31}],"player_experience":796748,"relics_obtained":[{"floor":6.0,"key":"Gremlin Horn"},{"floor":9.0,"key":"Singing Bowl"},{"floor":10.0,"key":"Bronze Scales"},{"floor":11.0,"key":"Regal Pillow"},{"floor":13.0,"key":"The Courier"},{"floor":28,"key":"Bag of Preparation"}],"event_choices":[{"cards_removed":["Strike_G"],"damage_healed":0.0,"max_hp_gain":0.0,"max_hp_loss":0.0,"gold_gain":0.0,"event_name":"Living Wall","player_choice":"Forget","floor":3.0,"gold_loss":0.0,"damage_taken":0.0},{"cards_removed":["Strike_G"],"damage_healed":0.0,"max_hp_gain":0.0,"max_hp_loss":0.0,"gold_gain":0.0,"event_name":"Golden Wing","player_choice":"Card Removal","floor":4.0,"gold_loss":0.0,"damage_taken":7.0},{"damage_healed":0.0,"max_hp_gain":0.0,"max_hp_loss":0.0,"gold_gain":0.0,"event_name":"Liars Game","player_choice":"Ignored","floor":5.0,"gold_loss":0.0,"damage_taken":0.0},{"damage_healed":0.0,"max_hp_gain":0.0,"max_hp_loss":0.0,"gold_gain":0.0,"event_name":"Duplicator","player_choice":"Copied","floor":19.0,"gold_loss":0.0,"damage_taken":0.0,"cards_obtained":["Adrenaline"]},{"damage_healed":0.0,"max_hp_gain":0.0,"max_hp_loss":0.0,"gold_gain":0.0,"event_name":"The Library","player_choice":"Read","floor":21.0,"gold_loss":0.0,"damage_taken":0.0,"cards_obtained":["Crippling Poison"]},{"damage_healed":0,"gold_gain":0,"player_choice":"Ignored","damage_taken":0,"max_hp_gain":0,"max_hp_loss":0,"event_name":"The Mausoleum","floor":22,"gold_loss":0}],"is_beta":false,"boss_relics":[{"not_picked":["Runic Pyramid","Busted Crown"],"picked":"Empty Cage"}],"items_purged_floors":[2,24],"is_endless":false,"potions_floor_spawned":[1,10,14,16,31],"killed_by":"Champ","ascension_level":20}}