{"host":"q9szs7qndgdlcq24","time":1609372504,"event":{"mods":["AchievementEnabler","BaseMod","Bestiary","Colored Powertips","Minty Spire (QoL Compilation)","StSLib"],"gold_per_floor":[114,132,132,147,165,198,198,209,284,295,311,311,311,40,40,143,143,159,174,190,38,55,55,25,25,50,60,60,75,75,75,75,176,176,194,207,35,35,48,48,63,63,86,86,105,105,122,122,122,122],"floor_reached":51,"playtime":8054,"items_purged":["Defend_G","Strike_G","Writhe"],"score":628,"play_id":"a1750efe-eabb-46f9-8854-a832d07b19c6","local_time":"20201231025504","is_ascension_mode":false,"campfire_choices":[{"floor":7.0,"key":"REST"},{"data":"Blade Dance","floor":12.0,"key":"SMITH"},{"data":"Sucker Punch","floor":15.0,"key":"SMITH"},{"data":"Finisher","floor":23,"key":"SMITH"},{"floor":25,"key":"REST"},{"floor":32,"key":"REST"},{"floor":40,"key":"REST"},{"data":"Flying Knee","floor":42,"key":"SMITH"},{"floor":49,"key":"REST"}],"circlet_count":0,"master_deck":["Strike_G","Strike_G","Strike_G","Strike_G","Defend_G","Defend_G","Survivor","Neutralize","Backflip","Sucker Punch+1","Blade Dance+1","Deflect","Deadly Poison","Blur","Dodge and Roll","Finisher+1","Flying Knee+1","Burst","Bouncing Flask+1","Outmaneuver","Distraction","Quick Slash+1","Heel Hook","Die Die Die","Deadly Poison","Deflect+1","Poisoned Stab","Endless Agony+1","Pain","Writhe"],"relics":["Ring of the Serpent","Ancient Tea Set","Shuriken","Bottled Flame","Lee\u0027s Waffle","Strawberry","Regal Pillow","CaptainsWheel","Busted Crown","Happy Flower","WarpedTongs"],"acts_visited":["Exordium","TheCity","TheBeyond"],"potions_floor_usage":[27,33,33,45,47,47,50],"damage_taken":[{"damage":1.0,"enemies":"Jaw Worm","floor":1.0,"turns":4.0},{"damage":0.0,"enemies":"Cultist","floor":2.0,"turns":3.0},{"damage":0.0,"enemies":"2 Louse","floor":4.0,"turns":2.0},{"damage":1.0,"enemies":"Exordium Thugs","floor":5.0,"turns":5.0},{"damage":42.0,"enemies":"Gremlin Nob","floor":6.0,"turns":6.0},{"damage":0.0,"enemies":"Red Slaver","floor":8.0,"turns":2.0},{"damage":8.0,"enemies":"Looter","floor":10.0,"turns":3.0},{"damage":9.0,"enemies":"Blue Slaver","floor":11.0,"turns":3.0},{"damage":31.0,"enemies":"Hexaghost","floor":16.0,"turns":7.0},{"damage":2.0,"enemies":"Chosen","floor":18.0,"turns":4.0},{"damage":37.0,"enemies":"2 Thieves","floor":19.0,"turns":3.0},{"damage":6.0,"enemies":"Snake Plant","floor":20.0,"turns":3.0},{"damage":3,"enemies":"Snecko","floor":22,"turns":4},{"damage":1,"enemies":"3 Cultists","floor":27,"turns":4},{"damage":20,"enemies":"Sentry and Sphere","floor":29,"turns":5},{"damage":45,"enemies":"Collector","floor":33,"turns":10},{"damage":11,"enemies":"Orb Walker","floor":35,"turns":3},{"damage":34,"enemies":"3 Darklings","floor":36,"turns":6},{"damage":19,"enemies":"4 Shapes","floor":39,"turns":4},{"damage":0,"enemies":"Maw","floor":41,"turns":6},{"damage":8,"enemies":"Writhing Mass","floor":45,"turns":6},{"damage":5,"enemies":"Transient","floor":47,"turns":5},{"damage":70,"enemies":"Awakened One","floor":50,"turns":15}],"seed_played":"-1270143267673731686","potions_obtained":[{"floor":2.0,"key":"EssenceOfSteel"},{"floor":5.0,"key":"Explosive Potion"},{"floor":10.0,"key":"BlessingOfTheForge"},{"floor":11.0,"key":"DuplicationPotion"},{"floor":19.0,"key":"Poison Potion"},{"floor":22,"key":"FearPotion"},{"floor":24,"key":"EssenceOfSteel"},{"floor":24,"key":"DistilledChaos"},{"floor":29,"key":"Fire Potion"},{"floor":35,"key":"Dexterity Potion"},{"floor":41,"key":"GhostInAJar"},{"floor":45,"key":"Swift Potion"},{"floor":47,"key":"Fruit Juice"}],"is_trial":false,"path_per_floor":["M","M","?","M","M","E","R","M","T","M","M","R","?","$","R","B",null,"M","M","M","$","M","R","?","R","T","M","T","M","?","?","R","B",null,"M","M","$","?","M","R","M","R","T","?","M","?","M","?","R","B",null],"character_chosen":"THE_SILENT","items_purchased":["Lee\u0027s Waffle","Flying Knee","Deadly Poison","Poisoned Stab"],"campfire_rested":5,"item_purchase_floors":[14,14,21,37],"current_hp_per_floor":[69,69,69,69,68,26,47,47,47,39,30,30,30,77,77,46,77,75,38,32,32,29,29,29,52,59,58,58,38,38,38,78,33,84,73,39,39,39,20,60,60,60,60,60,52,73,73,73,89,19],"gold":122,"neow_bonus":"RANDOM_COMMON_RELIC","is_daily":false,"chose_seed":false,"campfire_upgraded":4,"win_rate":0.0,"timestamp":1609372504,"path_taken":["M","M","?","M","M","E","R","?","T","M","M","R","?","$","R","BOSS","M","M","M","$","M","R","?","R","T","?","?","M","?","?","R","BOSS","M","M","$","?","M","R","M","R","T","?","?","?","M","?","R","BOSS"],"items_purchased_type":["Relic","Card","Card","Card"],"build_version":"2020-12-22","purchased_purges":3,"victory":true,"max_hp_per_floor":[70,70,70,70,70,70,70,70,70,70,70,70,70,77,77,77,77,77,77,77,77,77,77,77,77,84,84,84,84,84,84,84,84,84,84,84,84,84,84,84,84,84,84,84,84,84,89,89,89,89],"card_choices":[{"not_picked":["Acrobatics","Predator"],"picked":"Backflip","floor":1.0},{"not_picked":["Outmaneuver","Eviscerate"],"picked":"Sucker Punch","floor":2.0},{"not_picked":["Dagger Throw","Backflip"],"picked":"Blade Dance","floor":4.0},{"not_picked":["Venomology","Acrobatics"],"picked":"Deflect","floor":5.0},{"not_picked":["Dagger Throw","Terror"],"picked":"Deadly Poison","floor":6.0},{"not_picked":["All Out Attack","Quick Slash"],"picked":"Blur","floor":8.0},{"not_picked":["Acrobatics","Venomology"],"picked":"Dodge and Roll","floor":10.0},{"not_picked":["Dodge and Roll","Dagger Spray"],"picked":"Finisher","floor":11.0},{"not_picked":["Tools of the Trade","Malaise"],"picked":"Burst","floor":16.0},{"not_picked":["Bane","Flechettes"],"picked":"Bouncing Flask+1","floor":18.0},{"not_picked":["Deflect","Blur"],"picked":"Outmaneuver","floor":19.0},{"not_picked":["Deadly Poison","Flying Knee"],"picked":"Distraction","floor":20.0},{"not_picked":["Bouncing Flask+1","Prepared"],"picked":"Quick Slash+1","floor":22},{"not_picked":["Expertise","Escape Plan"],"picked":"Heel Hook","floor":27},{"not_picked":["Tools of the Trade","Deflect","Acrobatics"],"picked":"SKIP","floor":29},{"not_picked":["Venomology","Wraith Form v2"],"picked":"Die Die Die","floor":33},{"not_picked":[],"picked":"Deadly Poison","floor":35},{"not_picked":[],"picked":"Deflect+1","floor":36},{"not_picked":["Prepared+1"],"picked":"SKIP","floor":39},{"not_picked":[],"picked":"Endless Agony+1","floor":41},{"not_picked":["Deflect+1"],"picked":"SKIP","floor":45},{"not_picked":["Acrobatics+1"],"picked":"SKIP","floor":47}],"player_experience":11484,"relics_obtained":[{"floor":6.0,"key":"Shuriken"},{"floor":9.0,"key":"Bottled Flame"},{"floor":26,"key":"Strawberry"},{"floor":28,"key":"Regal Pillow"},{"floor":43,"key":"Happy Flower"}],"event_choices":[{"cards_removed":["Defend_G"],"damage_healed":0.0,"max_hp_gain":0.0,"max_hp_loss":0.0,"gold_gain":0.0,"event_name":"Bonfire Elementals","player_choice":"Offered Basic","floor":3.0,"gold_loss":0.0,"damage_taken":0.0},{"cards_removed":["Defend_G"],"damage_healed":0.0,"max_hp_gain":0.0,"max_hp_loss":0.0,"gold_gain":0.0,"event_name":"Purifier","player_choice":"Purged","floor":13.0,"gold_loss":0.0,"damage_taken":0.0},{"damage_healed":0,"gold_gain":0,"player_choice":"Bought 2 Potions","damage_taken":0,"max_hp_gain":0,"max_hp_loss":0,"event_name":"The Woman in Blue","floor":24,"gold_loss":0},{"damage_healed":0,"gold_gain":0,"player_choice":"Opened","damage_taken":0,"relics_obtained":["CaptainsWheel"],"max_hp_gain":0,"max_hp_loss":0,"event_name":"The Mausoleum","floor":30,"gold_loss":0,"cards_obtained":["Writhe"]},{"damage_healed":0,"gold_gain":0,"player_choice":"Ignored","damage_taken":0,"max_hp_gain":0,"max_hp_loss":0,"event_name":"Ghosts","floor":31,"gold_loss":0},{"damage_healed":0,"gold_gain":0,"player_choice":"Ignored","damage_taken":0,"max_hp_gain":0,"max_hp_loss":0,"event_name":"The Moai Head","floor":38,"gold_loss":0},{"damage_healed":0,"gold_gain":0,"player_choice":"Rummage","damage_taken":0,"relics_obtained":["WarpedTongs"],"max_hp_gain":0,"max_hp_loss":0,"event_name":"Accursed Blacksmith","floor":44,"gold_loss":0,"cards_obtained":["Pain"]},{"damage_healed":21,"gold_gain":0,"player_choice":"Writhe","damage_taken":0,"max_hp_gain":0,"max_hp_loss":0,"event_name":"Winding Halls","floor":46,"gold_loss":0,"cards_obtained":["Writhe"]},{"cards_removed":["Deadly Poison"],"damage_healed":0,"gold_gain":0,"player_choice":"Removed Skill","damage_taken":0,"max_hp_gain":0,"max_hp_loss":0,"event_name":"Falling","floor":48,"gold_loss":0}],"is_beta":false,"boss_relics":[{"not_picked":["Ectoplasm","Fusion Hammer"],"picked":"Ring of the Serpent"},{"not_picked":["Snecko Eye","HoveringKite"],"picked":"Busted Crown"}],"items_purged_floors":[14,21,37],"is_endless":false,"potions_floor_spawned":[2,5,10,11,19,22,29,35,41,45,47],"ascension_level":0}}