{"host":"7khtwbkyze7y134w","time":1609326604,"event":{"mods":["AchievementEnabler","BaseMod","Bestiary","Colored Map","Colored Powertips","Highlight Path","Minty Spire (QoL Compilation)","Quick Restart","Relic Stats","Slay-I","StSLib","SuperFastMode"],"gold_per_floor":[111,127,140,140,161,161,177,105,105,180,355,378,397,412,412,412,412],"floor_reached":16,"playtime":409,"items_purged":[],"score":96,"play_id":"a9dceef5-1f39-4c19-be23-9bb64bfe4acf","local_time":"20201230111004","is_ascension_mode":false,"campfire_choices":[{"data":"Eruption","floor":6,"key":"SMITH"},{"floor":15,"key":"REST"}],"circlet_count":0,"master_deck":["Strike_P","Strike_P","Strike_P","Strike_P","Defend_P","Defend_P","Defend_P","Defend_P","Eruption+1","Vigilance","Brilliance","ReachHeaven","Fasting2","Doubt"],"relics":["PureWater","Golden Idol","Letter Opener"],"acts_visited":["Exordium"],"potions_floor_usage":[14,16],"damage_taken":[{"damage":0,"enemies":"Cultist","floor":1,"turns":2},{"damage":0,"enemies":"2 Louse","floor":2,"turns":1},{"damage":10,"enemies":"Small Slimes","floor":3,"turns":2},{"damage":2,"enemies":"Looter","floor":5,"turns":2},{"damage":0,"enemies":"Exordium Wildlife","floor":7,"turns":3},{"damage":1,"enemies":"2 Fungi Beasts","floor":12,"turns":4},{"damage":7,"enemies":"Exordium Thugs","floor":13,"turns":3},{"damage":0,"enemies":"Red Slaver","floor":14,"turns":4},{"damage":51,"enemies":"The Guardian","floor":16,"turns":7}],"seed_played":"-9060095217465658642","potions_obtained":[{"floor":1,"key":"SneckoOil"},{"floor":12,"key":"SpeedPotion"}],"is_trial":false,"path_per_floor":["M","M","M","?","M","R","M","$","T","?","?","M","M","M","R","B"],"character_chosen":"WATCHER","items_purchased":["Fasting2"],"campfire_rested":1,"item_purchase_floors":[8],"current_hp_per_floor":[72,72,62,44,42,42,42,42,42,31,31,30,23,23,44,0,0],"gold":412,"neow_bonus":"ONE_RANDOM_RARE_CARD","is_daily":false,"chose_seed":false,"campfire_upgraded":1,"win_rate":0.0,"timestamp":1609326604,"path_taken":["M","?","M","?","M","R","M","$","T","?","?","M","M","M","R","BOSS"],"items_purchased_type":["Card"],"build_version":"2020-12-22","purchased_purges":0,"victory":false,"max_hp_per_floor":[72,72,72,72,72,72,72,72,72,72,72,72,72,72,72,72,72],"relic_stats":{"counters":[9,28],"Golden Idol":19,"Letter Opener":[5],"obtain_stats":[{"Golden Idol":4,"Letter Opener":9,"PureWater":0},{"Golden Idol":3,"Letter Opener":5,"PureWater":0},{"Golden Idol":5,"Letter Opener":10,"PureWater":0}]},"card_choices":[{"not_picked":["WindmillStrike","Protect","JustLucky"],"picked":"SKIP","floor":1},{"not_picked":["FearNoEvil","Consecrate","Tantrum"],"picked":"SKIP","floor":2},{"not_picked":["WindmillStrike","Weave","FollowUp"],"picked":"SKIP","floor":3},{"not_picked":["Halt","EmptyBody","ThirdEye"],"picked":"SKIP","floor":5},{"not_picked":["JustLucky","Evaluate"],"picked":"ReachHeaven","floor":7},{"not_picked":["Weave","DevaForm","Protect"],"picked":"SKIP","floor":12},{"not_picked":["Fasting2","ThirdEye","FollowUp"],"picked":"SKIP","floor":13},{"not_picked":["EmptyBody","Perseverance","ClearTheMind"],"picked":"SKIP","floor":14}],"player_experience":32649,"relics_obtained":[{"floor":9,"key":"Letter Opener"}],"event_choices":[{"damage_healed":0,"gold_gain":0,"player_choice":"Take Damage","damage_taken":18,"relics_obtained":["Golden Idol"],"max_hp_gain":0,"max_hp_loss":0,"event_name":"Golden Idol","floor":4,"gold_loss":0},{"damage_healed":0,"gold_gain":75,"player_choice":"Gather Gold","damage_taken":11,"max_hp_gain":0,"max_hp_loss":0,"event_name":"World of Goop","floor":10,"gold_loss":0},{"damage_healed":0,"gold_gain":175,"player_choice":"AGREE","damage_taken":0,"max_hp_gain":0,"max_hp_loss":0,"event_name":"Liars Game","floor":11,"gold_loss":0,"cards_obtained":["Doubt"]}],"is_beta":false,"boss_relics":[],"items_purged_floors":[],"is_endless":false,"potions_floor_spawned":[1,12],"killed_by":"The Guardian","ascension_level":0}}