{"host":"atc9njsbcy6dgluf","time":1609349396,"event":{"mods":["BaseMod","Minty Spire (QoL Compilation)","StSLib","The Marked"],"gold_per_floor":[111,111,123,43,62,95,106,106,106,106,137,137,212,222,222,320,320,338,437,68,68,82,109,109,123,123,158,174,189,189,207,207,307,307,325,325,339,99,113,113,132,145,145,145,173,219,248,258,258,258,258],"floor_reached":50,"playtime":5596,"items_purged":["theMarked:WastefulAttack"],"score":604,"play_id":"337ef5ec-7cd4-49f9-acc1-f4ebf4fb8ec1","local_time":"20201230182956","is_ascension_mode":false,"campfire_choices":[{"floor":10.0,"key":"REST"},{"floor":12.0,"key":"RECALL"},{"data":"theMarked:SoldierOfQuellstein","floor":15.0,"key":"SMITH"},{"floor":24.0,"key":"REST"},{"data":"theMarked:HeritageOfTheMarked","floor":30.0,"key":"SMITH"},{"floor":32.0,"key":"REST"},{"data":"theMarked:ComboAttacks","floor":40.0,"key":"SMITH"},{"floor":49,"key":"REST"}],"circlet_count":0,"master_deck":["theMarked:SoldierOfQuellstein+1","theMarked:Seal+1","theMarked:WardOff","theMarked:RogueSparks","theMarked:BanishingWave","theMarked:DeterminationOfTheMarked","theMarked:HeightenedSenses+1","theMarked:WardOff+1","theMarked:TakeOffHeels+1","theMarked:Overthink+1","theMarked:Levitate+1","theMarked:ComboAttacks","theMarked:Snap","theMarked:ComboAttacks+1","theMarked:RogueSparks","theMarked:HeightenedSenses+1","theMarked:Seal+1","theMarked:Opportunist","theMarked:HeritageOfTheMarked+1","theMarked:WastefulDefense+1","theMarked:Opportunist+1","theMarked:HeightenedSenses+1","theMarked:RogueSparks+1","theMarked:SummonStrength"],"relics":["theMarked:ArtifactOfAir","Dream Catcher","Toxic Egg 2","Gremlin Horn","Ornamental Fan","Pandora\u0027s Box","Medical Kit","InkBottle","HornCleat","Mango","Busted Crown","Singing Bowl","Unceasing Top","Du-Vu Doll","Oddly Smooth Stone"],"acts_visited":["Exordium","TheCity","TheBeyond"],"potions_floor_usage":[47,47,47,47,47,48],"damage_taken":[{"damage":3.0,"enemies":"Jaw Worm","floor":1.0,"turns":4.0},{"damage":1.0,"enemies":"Cultist","floor":3.0,"turns":4.0},{"damage":11.0,"enemies":"Small Slimes","floor":5.0,"turns":4.0},{"damage":10.0,"enemies":"Lagavulin","floor":6.0,"turns":5.0},{"damage":7.0,"enemies":"Blue Slaver","floor":7.0,"turns":3.0},{"damage":6.0,"enemies":"Gremlin Nob","floor":11.0,"turns":3.0},{"damage":8.0,"enemies":"Exordium Wildlife","floor":14.0,"turns":3.0},{"damage":1.0,"enemies":"The Guardian","floor":16.0,"turns":7.0},{"damage":3.0,"enemies":"Shell Parasite","floor":18.0,"turns":2.0},{"damage":7.0,"enemies":"Chosen","floor":22.0,"turns":5.0},{"damage":31.0,"enemies":"Book of Stabbing","floor":23.0,"turns":5.0},{"damage":4.0,"enemies":"Centurion and Healer","floor":25.0,"turns":4.0},{"damage":9.0,"enemies":"Slavers","floor":27.0,"turns":4.0},{"damage":2.0,"enemies":"Snake Plant","floor":28.0,"turns":3.0},{"damage":11.0,"enemies":"Sentry and Sphere","floor":29.0,"turns":8.0},{"damage":20.0,"enemies":"Centurion and Healer","floor":31.0,"turns":5.0},{"damage":30.0,"enemies":"Champ","floor":33.0,"turns":10.0},{"damage":22.0,"enemies":"3 Darklings","floor":35.0,"turns":3.0},{"damage":5.0,"enemies":"Orb Walker","floor":37.0,"turns":3.0},{"damage":0.0,"enemies":"Sphere and 2 Shapes","floor":39.0,"turns":5.0},{"damage":0.0,"enemies":"4 Shapes","floor":41.0,"turns":2.0},{"damage":0.0,"enemies":"Maw","floor":42.0,"turns":7.0},{"damage":2.0,"enemies":"Giant Head","floor":45.0,"turns":7.0},{"damage":5.0,"enemies":"2 Orb Walkers","floor":46.0,"turns":4.0},{"damage":24,"enemies":"Nemesis","floor":47,"turns":9},{"damage":12,"enemies":"3 Darklings","floor":48,"turns":4},{"damage":63,"enemies":"Awakened One","floor":50,"turns":9}],"seed_played":"-3414522335227760016","potions_obtained":[{"floor":1.0,"key":"AttackPotion"},{"floor":6.0,"key":"PowerPotion"},{"floor":11.0,"key":"Ancient Potion"},{"floor":16.0,"key":"Strength Potion"},{"floor":18.0,"key":"PowerPotion"},{"floor":22.0,"key":"Block Potion"},{"floor":27.0,"key":"Explosive Potion"},{"floor":31.0,"key":"PowerPotion"},{"floor":35.0,"key":"Dexterity Potion"},{"floor":41.0,"key":"SkillPotion"},{"floor":46.0,"key":"EntropicBrew"}],"is_trial":false,"path_per_floor":["M","?","M","$","M","E","M","?","T","R","E","R","?","M","R","B",null,"M","?","$","?","M","E","R","M","T","E","M","M","R","M","R","B",null,"M","?","M","$","M","R","M","M","T","$","E","?","E","M","R","B"],"character_chosen":"THE_DEFAULT","items_purchased":["theMarked:RogueSparks","theMarked:Seal+1","Medical Kit","theMarked:Opportunist","Singing Bowl"],"campfire_rested":4,"item_purchase_floors":[4,20,20,20,38],"current_hp_per_floor":[67,67,66,66,55,45,38,31,31,52,46,46,35,27,27,26,70,67,67,67,67,60,29,50,46,46,51,49,38,38,18,43,13,84,62,62,57,57,59,59,61,63,63,63,63,60,38,28,59,0,0],"gold":258,"neow_bonus":"RANDOM_COMMON_RELIC","is_daily":false,"chose_seed":false,"campfire_upgraded":3,"win_rate":0.0,"timestamp":1609349396,"path_taken":["M","?","M","?","M","E","?","?","T","R","E","R","?","M","R","BOSS","M","?","$","?","M","E","R","M","T","E","M","M","R","M","R","BOSS","M","?","?","$","M","R","?","M","T","$","E","?","E","M","R","BOSS"],"items_purchased_type":["Card","Card","Relic","Card","Relic"],"build_version":"2020-12-22","purchased_purges":1,"victory":false,"max_hp_per_floor":[70,70,70,70,70,70,70,70,70,70,70,70,70,70,70,70,70,70,70,70,70,70,70,70,70,70,84,84,84,84,84,84,84,84,84,84,84,84,86,86,88,90,90,90,92,94,96,98,100,100,100],"card_choices":[{"not_picked":["theMarked:SwordAndMagic","theMarked:Improvise"],"picked":"theMarked:Seal","floor":1.0},{"not_picked":["theMarked:WastefulAttack","theMarked:Electrocute"],"picked":"theMarked:WardOff","floor":3.0},{"not_picked":["theMarked:Reabsorb","theMarked:RogueSparks"],"picked":"theMarked:BanishingWave","floor":5.0},{"not_picked":["theMarked:TunnelVision","theMarked:ShockingTouch","theMarked:StartUp"],"picked":"SKIP","floor":6.0},{"not_picked":["theMarked:WastefulDefense+1","theMarked:TwofoldDefense+1"],"picked":"theMarked:DeterminationOfTheMarked","floor":7.0},{"not_picked":["theMarked:BanishingStrike","theMarked:BanishingWave"],"picked":"theMarked:HeightenedSenses+1","floor":10.0},{"not_picked":["theMarked:BanishingStrike","theMarked:ReduceFriction+1","theMarked:Parkour"],"picked":"SKIP","floor":11.0},{"not_picked":["theMarked:Parkour","theMarked:HeightenedSenses+1"],"picked":"theMarked:WardOff+1","floor":14.0},{"not_picked":["theMarked:UnarmedFury","theMarked:ChannelForce+1"],"picked":"theMarked:TakeOffHeels+1","floor":16.0},{"not_picked":["theMarked:Static+1","theMarked:ElectricStrings"],"picked":"theMarked:HeightenedSenses+1","floor":18.0},{"not_picked":["theMarked:Electrify+1","theMarked:ParalyzingBlade+1"],"picked":"theMarked:HeritageOfTheMarked","floor":22.0},{"not_picked":["theMarked:Polarize+1","theMarked:Seal+1"],"picked":"theMarked:WastefulDefense+1","floor":23.0},{"not_picked":["theMarked:ReduceFriction+1","theMarked:StartUp+1"],"picked":"theMarked:Opportunist+1","floor":25.0},{"not_picked":["theMarked:Snap","theMarked:EmpowerWeapon+1"],"picked":"theMarked:HeightenedSenses+1","floor":27.0},{"not_picked":["theMarked:ElectricStrings+1","theMarked:Polarize+1"],"picked":"theMarked:RogueSparks+1","floor":28.0},{"not_picked":["theMarked:GodGivenPower","theMarked:EmpowerWeapon+1","theMarked:EnhanceMovement+1"],"picked":"SKIP","floor":29.0},{"not_picked":["theMarked:Electrocute+1","theMarked:EmpowerWeapon+1","theMarked:ChainLightning"],"picked":"SKIP","floor":31.0},{"not_picked":["theMarked:Challenge+1","theMarked:UnarmedFury"],"picked":"theMarked:SummonStrength","floor":33.0},{"not_picked":["theMarked:ElectricStrings"],"picked":"SKIP","floor":35.0},{"not_picked":["theMarked:ChainLightning+1"],"picked":"SKIP","floor":37.0},{"not_picked":["theMarked:ResourceFulStrike+1"],"picked":"Singing Bowl","floor":39.0},{"not_picked":["theMarked:GodGivenPower+1"],"picked":"Singing Bowl","floor":41.0},{"not_picked":["theMarked:Seal+1"],"picked":"Singing Bowl","floor":42.0},{"not_picked":["theMarked:ResourceFulStrike"],"picked":"Singing Bowl","floor":45.0},{"not_picked":["theMarked:ResourceFulStrike"],"picked":"Singing Bowl","floor":46.0},{"not_picked":["theMarked:Panic+1"],"picked":"Singing Bowl","floor":47},{"not_picked":["theMarked:WastefulAttack+1"],"picked":"Singing Bowl","floor":48},{"not_picked":["theMarked:LightningStrikesTwice+1"],"picked":"Singing Bowl","floor":49}],"player_experience":570587,"relics_obtained":[{"floor":6.0,"key":"Toxic Egg 2"},{"floor":9.0,"key":"Gremlin Horn"},{"floor":11.0,"key":"Ornamental Fan"},{"floor":23.0,"key":"InkBottle"},{"floor":26.0,"key":"HornCleat"},{"floor":27.0,"key":"Mango"},{"floor":45.0,"key":"Unceasing Top"},{"floor":46.0,"key":"Du-Vu Doll"},{"floor":47,"key":"Oddly Smooth Stone"}],"event_choices":[{"damage_healed":0.0,"max_hp_gain":0.0,"max_hp_loss":0.0,"gold_gain":0.0,"event_name":"Upgrade Shrine","player_choice":"Upgraded","floor":2.0,"gold_loss":0.0,"damage_taken":0.0,"cards_upgraded":["theMarked:Seal"]},{"cards_removed":["theMarked:Strike"],"damage_healed":0.0,"max_hp_gain":0.0,"max_hp_loss":0.0,"gold_gain":0.0,"event_name":"Golden Wing","player_choice":"Card Removal","floor":8.0,"gold_loss":0.0,"damage_taken":7.0},{"damage_healed":0.0,"max_hp_gain":0.0,"max_hp_loss":0.0,"gold_gain":75.0,"event_name":"World of Goop","player_choice":"Gather Gold","floor":13.0,"gold_loss":0.0,"damage_taken":11.0},{"damage_healed":0.0,"max_hp_gain":0.0,"max_hp_loss":0.0,"gold_gain":99.0,"event_name":"Nest","player_choice":"Stole From Cult","floor":19.0,"gold_loss":0.0,"damage_taken":0.0},{"damage_healed":0.0,"max_hp_gain":0.0,"max_hp_loss":0.0,"gold_gain":0.0,"event_name":"Ghosts","player_choice":"Ignored","floor":21.0,"gold_loss":0.0,"damage_taken":0.0},{"cards_removed":["theMarked:Reabsorb"],"damage_healed":0.0,"max_hp_gain":0.0,"max_hp_loss":0.0,"gold_gain":0.0,"event_name":"Purifier","player_choice":"Purged","floor":36.0,"gold_loss":0.0,"damage_taken":0.0},{"damage_healed":0.0,"max_hp_gain":0.0,"max_hp_loss":0.0,"gold_gain":0.0,"event_name":"Mysterious Sphere","player_choice":"Fight","floor":46.0,"gold_loss":0.0,"damage_taken":0.0}],"is_beta":false,"boss_relics":[{"not_picked":["Ectoplasm","Velvet Choker"],"picked":"Pandora\u0027s Box"},{"not_picked":["Black Star","Empty Cage"],"picked":"Busted Crown"}],"items_purged_floors":[20],"is_endless":false,"potions_floor_spawned":[1,6,11,16,18,22,27,31,35,41,45,46],"killed_by":"Awakened One","ascension_level":0}}