{"host":"hfxp6ue4pvwo3fit","time":1609295319,"event":{"mods":["AchievementEnabler","BaseMod","Colored Map","Colored Powertips","Highlight Path","Minty Spire (QoL Compilation)","Relic Stats","StSLib","SuperFastMode"],"gold_per_floor":[119,194,210,210,220,220,232,264,315,335,335,144,183,203,203,283,283,308,318,73,53,53,53],"floor_reached":22,"playtime":646,"items_purged":["Strike_B"],"score":392,"play_id":"4c9d8aa0-940d-4771-9fa4-79961749a8e6","local_time":"20201229202839","is_ascension_mode":true,"campfire_choices":[{"data":"Zap","floor":6,"key":"SMITH"},{"data":"Defragment","floor":11,"key":"SMITH"},{"data":"Defragment","floor":15,"key":"SMITH"}],"circlet_count":0,"master_deck":["AscendersBane","Strike_B","Strike_B","Strike_B","Defend_B","Defend_B","Defend_B","Defend_B","Zap+1","Dualcast","Streamline+1","Reinforced Body","Hologram","Defragment+1","Capacitor","Recycle","Sweeping Beam","Compile Driver","Defragment+1","Biased Cognition","Cold Snap","Barrage","Gash","Capacitor"],"relics":["Busted Crown","Meat on the Bone","CeramicFish","Vajra","Sozu"],"acts_visited":["Exordium","TheCity"],"potions_floor_usage":[8,8,16],"damage_taken":[{"damage":0,"enemies":"2 Louse","floor":1,"turns":2},{"damage":7,"enemies":"Cultist","floor":3,"turns":4},{"damage":2,"enemies":"Small Slimes","floor":5,"turns":3},{"damage":7,"enemies":"Gremlin Gang","floor":7,"turns":5},{"damage":22,"enemies":"3 Sentries","floor":8,"turns":8},{"damage":2,"enemies":"3 Louse","floor":10,"turns":3},{"damage":17,"enemies":"Lagavulin","floor":13,"turns":7},{"damage":0,"enemies":"Blue Slaver","floor":14,"turns":2},{"damage":21,"enemies":"Slime Boss","floor":16,"turns":10},{"damage":47,"enemies":"2 Thieves","floor":18,"turns":5},{"damage":24,"enemies":"Shell Parasite","floor":19,"turns":6},{"damage":19,"enemies":"Cultist and Chosen","floor":22,"turns":4}],"seed_played":"905039075007489993","potions_obtained":[{"floor":3,"key":"SkillPotion"},{"floor":5,"key":"EssenceOfSteel"},{"floor":13,"key":"Explosive Potion"},{"floor":16,"key":"Strength Potion"}],"is_trial":false,"path_per_floor":["M","?","M","?","M","R","M","E","T","M","R","$","E","M","R","B",null,"M","M","$","?","M"],"character_chosen":"DEFECT","items_purchased":["Capacitor","Recycle","Sweeping Beam","Barrage","Gash","Capacitor"],"campfire_rested":0,"item_purchase_floors":[12,12,12,20,20,20],"current_hp_per_floor":[64,64,57,57,55,55,48,26,26,36,36,36,31,43,43,34,62,27,15,15,15,0,0],"gold":53,"neow_bonus":"BOSS_RELIC","is_daily":false,"chose_seed":false,"campfire_upgraded":3,"win_rate":0.0,"timestamp":1609295319,"path_taken":["M","?","M","?","?","R","M","E","T","M","R","$","E","M","R","BOSS","M","M","$","?","M"],"items_purchased_type":["Card","Card","Card","Card","Card","Card"],"build_version":"2020-12-22","purchased_purges":1,"victory":false,"max_hp_per_floor":[71,71,71,71,71,71,71,71,71,71,71,71,71,71,71,71,71,71,71,71,71,71,71],"relic_stats":{"Sozu":1,"Busted Crown":22,"counters":[12,59],"CeramicFish":99,"obtain_stats":[{"Sozu":17,"Busted Crown":0,"CeramicFish":9,"Vajra":13,"Cracked Core":0,"Meat on the Bone":8},{"Sozu":9,"Busted Crown":0,"CeramicFish":5,"Vajra":7,"Cracked Core":0,"Meat on the Bone":5},{"Sozu":44,"Busted Crown":0,"CeramicFish":22,"Vajra":32,"Cracked Core":0,"Meat on the Bone":22}],"Meat on the Bone":72},"card_choices":[{"not_picked":[],"picked":"Streamline","floor":1},{"not_picked":[],"picked":"Reinforced Body","floor":3},{"not_picked":["Consume"],"picked":"SKIP","floor":5},{"not_picked":[],"picked":"Hologram","floor":7},{"not_picked":["Rebound"],"picked":"SKIP","floor":8},{"not_picked":[],"picked":"Defragment","floor":10},{"not_picked":[],"picked":"Compile Driver","floor":13},{"not_picked":[],"picked":"Defragment","floor":14},{"not_picked":[],"picked":"Biased Cognition","floor":16},{"not_picked":[],"picked":"Cold Snap","floor":18},{"not_picked":["Consume"],"picked":"SKIP","floor":19}],"player_experience":451991,"relics_obtained":[{"floor":8,"key":"Meat on the Bone"},{"floor":9,"key":"CeramicFish"},{"floor":13,"key":"Vajra"}],"event_choices":[{"damage_healed":0,"gold_gain":75,"player_choice":"Gained Gold","damage_taken":0,"max_hp_gain":0,"max_hp_loss":0,"event_name":"Golden Wing","floor":2,"gold_loss":0},{"damage_healed":0,"gold_gain":0,"player_choice":"Upgraded","damage_taken":0,"max_hp_gain":0,"max_hp_loss":0,"event_name":"Upgrade Shrine","floor":4,"gold_loss":0,"cards_upgraded":["Streamline"]},{"damage_healed":0,"gold_gain":0,"player_choice":"Bought 1 Potion","damage_taken":0,"max_hp_gain":0,"max_hp_loss":0,"event_name":"The Woman in Blue","floor":21,"gold_loss":0}],"is_beta":false,"boss_relics":[{"not_picked":["SlaversCollar","Nuclear Battery"],"picked":"Sozu"}],"items_purged_floors":[20],"is_endless":false,"potions_floor_spawned":[3,5,13,16],"killed_by":"Cultist and Chosen","ascension_level":20}}