{"host":"bnl7o5cb2omwu7ka","time":1609316365,"event":{"mods":["AchievementEnabler","Alarm Clock","BaseMod","BetterRewards","Block Reminder","Colored Map","Colored Powertips","Conspire","Curses Come First","Defective Defect","Downfall","Energized Spire","Googly Eyes","Highlight Path","Hyrulean Relics","Infinite Spire","Ironclad Rager","Jedi Mod","Jess\u0027s Bottle","Mimic Mod","Minty Spire (QoL Compilation)","Permanent Neow","Quick Restart","Rare Cards Sparkle","Relic Stats","Replay The Spire","Spicy Shops","Spikes Relics","Spire Birthday Party","StSLib","The IronCluck","Wandering Minibosses","egg","everything is the same but u backflip on backflip","slay the spire mod where everything is the same but ironclad has a cowboy hat"],"gold_per_floor":[99,112,128,37,48,79,112,112,112,143,161,188,208,46,58,58,58,58],"floor_reached":16,"playtime":3785,"items_purged":["champ:Strike"],"score":122,"play_id":"81477551-d324-4da8-91cb-85e407cb838b","local_time":"20201230031925","is_ascension_mode":false,"campfire_choices":[{"data":"champ:Improvising","floor":1,"key":"SMITH"},{"data":"champ:StanceDance","floor":9,"key":"SMITH"}],"circlet_count":0,"master_deck":["champ:Strike","champ:Strike","champ:Strike","champ:Defend","champ:Defend","champ:Defend","champ:Defend","champ:Execute","champ:Taunt","champ:Improvising+1","champ:StanceDance+1","champ:BringItOn","champ:FlashCut","champ:DeathBlow","champ:GutPunch","champ:DefensiveShout","champ:AdrenalArmor","champ:FocusedBerserking","champ:DefensiveStyle","champ:CrookedStrike","champ:HoldFirm","champ:GladiatorsShout","champ:Encircle","champ:CalledShot","champ:SkillfulDodge","champ:FanOfKnives"],"relics":["champ:ChampionCrown","Kunai","RollingBoulder","downfall:BrokenWingStatue","Prayer Wheel","GiantMaggot"],"acts_visited":["Exordium"],"potions_floor_usage":[],"damage_taken":[{"damage":16,"enemies":"Cultist","floor":2,"turns":3},{"damage":8,"enemies":"Small Slimes","floor":3,"turns":4},{"damage":10,"enemies":"downfall:FleeingMerchant","floor":4,"turns":4},{"damage":0,"enemies":"2 Louse","floor":5,"turns":3},{"damage":31,"enemies":"Gremlin Nob","floor":6,"turns":5},{"damage":23,"enemies":"Blue Slaver","floor":7,"turns":4},{"damage":49,"enemies":"3 Sentries","floor":10,"turns":6},{"damage":14,"enemies":"Blue Slaver","floor":11,"turns":3},{"damage":27,"enemies":"Lagavulin","floor":12,"turns":5},{"damage":17,"enemies":"Large Slime","floor":13,"turns":3},{"damage":33,"enemies":"downfall:FleeingMerchant","floor":14,"turns":4},{"damage":13,"enemies":"Exordium Wildlife","floor":15,"turns":4},{"damage":22,"enemies":"downfall:Silent","floor":16,"turns":6}],"seed_played":"-4322022336135999236","potions_obtained":[{"floor":3,"key":"LifebloodPotion"},{"floor":6,"key":"Strength Potion"},{"floor":10,"key":"Swift Potion"}],"is_trial":false,"path_per_floor":["R","M","M","$","M","E","MIM","?","R","E","M","E","M","$","M","B"],"character_chosen":"THE_CHAMP","items_purchased":["champ:DeathBlow","champ:CalledShot"],"campfire_rested":0,"item_purchase_floors":[4,14],"current_hp_per_floor":[90,84,81,81,81,55,52,52,52,35,30,29,29,24,21,0,0,0],"gold":58,"neow_bonus":"ONE_RANDOM_RARE_CARD","is_daily":false,"chose_seed":false,"campfire_upgraded":2,"win_rate":0.0,"timestamp":1609316365,"path_taken":["R","M","M","$","M","E","MIM","?","R","E","M","E","M","$","M","BOSS"],"items_purchased_type":["Card","Card"],"build_version":"2020-12-22","purchased_purges":1,"victory":false,"max_hp_per_floor":[90,90,90,90,90,90,90,90,90,90,90,90,90,90,90,90,90,90],"relic_stats":{"counters":[13,54],"Prayer Wheel":3,"Kunai":[4],"obtain_stats":[{"downfall:BrokenWingStatue":8,"GiantMaggot":12,"champ:ChampionCrown":0,"RollingBoulder":7,"Prayer Wheel":10,"Kunai":6},{"downfall:BrokenWingStatue":6,"GiantMaggot":9,"champ:ChampionCrown":0,"RollingBoulder":6,"Prayer Wheel":7,"Kunai":5},{"downfall:BrokenWingStatue":23,"GiantMaggot":37,"champ:ChampionCrown":0,"RollingBoulder":23,"Prayer Wheel":29,"Kunai":19}]},"card_choices":[{"not_picked":["champ:PerfectedStrike","champ:BringItOn"],"picked":"champ:StanceDance","floor":2},{"not_picked":["champ:BerserkersShout","champ:EnGarde"],"picked":"champ:BringItOn","floor":3},{"not_picked":["champ:Circumvent","champ:Riposte"],"picked":"champ:FlashCut","floor":4},{"not_picked":["champ:FocusedGladiator","champ:PerfectedStrike"],"picked":"champ:GutPunch","floor":5},{"not_picked":["champ:ShieldWall","champ:BringItOn"],"picked":"champ:DefensiveShout","floor":6},{"not_picked":["champ:EnragedBash","champ:SwordThrow"],"picked":"champ:AdrenalArmor","floor":7},{"not_picked":["champ:Riposte","champ:TornadoPunch"],"picked":"champ:FocusedBerserking","floor":10},{"not_picked":["champ:StanceDance","champ:Haymaker"],"picked":"champ:DefensiveStyle","floor":11},{"not_picked":["champ:BladeFlurry","champ:DefensiveShout"],"picked":"champ:CrookedStrike","floor":11},{"not_picked":["champ:FocusedBerserking","champ:BerserkersShout"],"picked":"champ:HoldFirm","floor":12},{"not_picked":["champ:TornadoPunch","champ:PerfectedStrike"],"picked":"champ:GladiatorsShout","floor":13},{"not_picked":["champ:DeathBlow","champ:EndlessRage"],"picked":"champ:Encircle","floor":13},{"not_picked":["champ:FalseCounter","champ:GladiatorsShout","champ:BringItOn"],"picked":"SKIP","floor":14},{"not_picked":["champ:IronFortress","champ:FlashCut"],"picked":"champ:SkillfulDodge","floor":15},{"not_picked":["champ:DeathBlow","champ:Shatter"],"picked":"champ:FanOfKnives","floor":15}],"player_experience":191559,"relics_obtained":[{"floor":6,"key":"Kunai"},{"floor":7,"key":"RollingBoulder"},{"floor":10,"key":"Prayer Wheel"},{"floor":12,"key":"GiantMaggot"}],"event_choices":[],"is_beta":false,"boss_relics":[],"items_purged_floors":[14],"is_endless":false,"potions_floor_spawned":[3,6,10,11,12,15],"killed_by":"downfall:Silent","ascension_level":0}}