{"host":"88q0baq93r2cvn7j","time":1609349512,"event":{"mods":["AchievementEnabler","Act Like it!","Arknights The Spire","BaseMod","Minty Spire (QoL Compilation)","StSLib"],"gold_per_floor":[360,360,310,326,339,339,350,369,394,413,474,503,513,513,513,614,614,625,642,567,587,587,615,635,635,635,101,101,201,201,201],"floor_reached":30,"playtime":2031,"items_purged":["ats:Emotion Absorption"],"score":277,"play_id":"7ed2bf87-142a-4bed-809d-b4f19b929115","local_time":"20201231013152","is_ascension_mode":false,"campfire_choices":[{"data":"ats:Ignite","floor":6,"key":"SMITH"},{"floor":15,"key":"REST"},{"data":"ats:Ambush","floor":28,"key":"SMITH"}],"circlet_count":0,"master_deck":["ats:Armor Crushing Shot+1","ats:Defend+1","ats:Defend","ats:Charging Defense","ats:Ignite+1","ats:Neurotoxin","ats:Burning Ground","ats:Overload","ats:Sword Rain","ats:Thorns","ats:Support Order","ats:Ambush+1","ats:Powerful Strike+1","ats:Nebulous Foxfire+1","ats:Sword Rain+1","ats:Ignite","ats:Spore Proliferation+1","ats:Calcification+1","ats:Apocalypse","ats:Closed Bolt Burst Fire","ats:Thermite Blade"],"relics":["ats:Sanity","ats:Originium","Bag of Marbles","ats:Ability Aura","Astrolabe","Meat on the Bone","StoneCalendar","Happy Flower","Ice Cream","War Paint","TungstenRod","Shuriken"],"acts_visited":["Exordium","TheCity"],"potions_floor_usage":[12,12,12,12,16,19,23,23,29],"damage_taken":[{"damage":2,"enemies":"Small Slimes","floor":1,"turns":4},{"damage":2,"enemies":"2 Louse","floor":4,"turns":3},{"damage":0,"enemies":"Jaw Worm","floor":5,"turns":3},{"damage":12,"enemies":"Blue Slaver","floor":7,"turns":4},{"damage":10,"enemies":"3 Louse","floor":8,"turns":4},{"damage":8,"enemies":"Looter","floor":10,"turns":3},{"damage":0,"enemies":"Gremlin Nob","floor":12,"turns":2},{"damage":8,"enemies":"Gremlin Gang","floor":13,"turns":4},{"damage":27,"enemies":"Hexaghost","floor":16,"turns":8},{"damage":0,"enemies":"3 Byrds","floor":18,"turns":3},{"damage":5,"enemies":"Spheric Guardian","floor":19,"turns":4},{"damage":22,"enemies":"Snecko","floor":21,"turns":6},{"damage":23,"enemies":"Gremlin Leader","floor":23,"turns":6},{"damage":18,"enemies":"3 Cultists","floor":24,"turns":4},{"damage":18,"enemies":"Colosseum Slavers","floor":29,"turns":5},{"damage":19,"enemies":"Colosseum Nobs","floor":29,"turns":4},{"damage":49,"enemies":"Slavers","floor":30,"turns":3}],"seed_played":"-8422768960515962976","potions_obtained":[{"floor":1,"key":"SneckoOil"},{"floor":8,"key":"PowerPotion"},{"floor":10,"key":"EntropicBrew"},{"floor":12,"key":"AttackPotion"},{"floor":19,"key":"DuplicationPotion"},{"floor":23,"key":"Block Potion"}],"is_trial":false,"path_per_floor":["M","?","?","M","M","R","M","M","T","M","?","E","M","?","R","B",null,"M","M","?","M","?","E","M","?","T","$","R","?","E"],"character_chosen":"DOCTOR_CLASS","items_purchased":["Ice Cream","War Paint"],"campfire_rested":1,"item_purchase_floors":[27,27],"current_hp_per_floor":[70,56,56,54,54,54,42,32,32,24,24,24,16,16,37,10,72,72,67,67,48,48,42,40,40,40,40,40,42,0,0],"gold":201,"neow_bonus":"TWO_FIFTY_GOLD","is_daily":false,"chose_seed":false,"campfire_upgraded":2,"win_rate":0.0,"timestamp":1609349512,"path_taken":["M","?","?","M","M","R","M","M","T","M","?","E","?","?","R","BOSS","M","M","?","M","?","E","M","?","T","$","R","?","E"],"items_purchased_type":["Relic","Relic"],"build_version":"2020-12-22","purchased_purges":1,"victory":false,"max_hp_per_floor":[72,72,72,72,72,72,72,72,72,72,72,72,72,72,72,72,72,72,72,72,72,72,72,72,72,72,72,72,72,72,72],"card_choices":[{"not_picked":["ats:Flexible Camouflage","ats:Consecutive Shot Auto"],"picked":"ats:Charging Defense","floor":1},{"not_picked":["ats:Demon Strength","ats:Revitalization"],"picked":"ats:Ignite","floor":4},{"not_picked":["ats:Cat Scratch","ats:Song Of Battle"],"picked":"ats:Neurotoxin","floor":5},{"not_picked":["ats:Ignite","ats:Magnetic Hammer"],"picked":"ats:Burning Ground","floor":7},{"not_picked":["ats:Ignite","ats:Consecutive Shot Auto"],"picked":"ats:Overload","floor":8},{"not_picked":["ats:Leaping Hammer","ats:Explosion Area Strengthen"],"picked":"ats:Sword Rain","floor":10},{"not_picked":["ats:Wolf Pack","ats:Closed Bolt Burst Fire"],"picked":"ats:Thorns","floor":12},{"not_picked":["ats:Flexible Camouflage","ats:Thermite Blade"],"picked":"ats:Support Order","floor":13},{"not_picked":["ats:Soul Rend","ats:Fractured Body"],"picked":"ats:Ambush","floor":16},{"not_picked":["ats:Shell Defense","ats:Thermite Blade"],"picked":"ats:Ignite","floor":18},{"not_picked":["ats:Flexible Camouflage","ats:Hammer On+1"],"picked":"ats:Spore Proliferation","floor":19},{"not_picked":["ats:Cat Scratch","ats:Consecutive Shot Auto","ats:Curse Doll"],"picked":"SKIP","floor":21},{"not_picked":["ats:Consecutive Shot Auto","ats:Beaten Up"],"picked":"ats:Calcification","floor":23},{"not_picked":["ats:Collapsing Strike","ats:Song Of Battle"],"picked":"ats:Apocalypse","floor":24}],"player_experience":318577,"relics_obtained":[{"floor":12,"key":"ats:Originium"},{"floor":12,"key":"Bag of Marbles"},{"floor":23,"key":"ats:Originium"},{"floor":23,"key":"StoneCalendar"},{"floor":26,"key":"Happy Flower"},{"floor":29,"key":"TungstenRod"},{"floor":29,"key":"Shuriken"}],"event_choices":[{"damage_healed":0,"gold_gain":0,"player_choice":"Entered Light","damage_taken":14,"max_hp_gain":0,"max_hp_loss":0,"event_name":"Shining Light","floor":2,"gold_loss":0,"cards_upgraded":["ats:Armor Crushing Shot","ats:Defend"]},{"cards_removed":["Doubt"],"damage_healed":0,"gold_gain":0,"player_choice":"Card Removal","damage_taken":0,"max_hp_gain":0,"max_hp_loss":0,"event_name":"The Cleric","floor":3,"gold_loss":50},{"damage_healed":0,"gold_gain":61,"player_choice":"Gained Gold","damage_taken":0,"max_hp_gain":0,"max_hp_loss":0,"event_name":"Golden Wing","floor":11,"gold_loss":0},{"damage_healed":0,"gold_gain":0,"player_choice":"Searched \u00271\u0027 times","damage_taken":0,"relics_obtained":["ats:Ability Aura"],"max_hp_gain":0,"max_hp_loss":0,"event_name":"Dead Adventurer","floor":14,"gold_loss":0},{"cards_removed":["ats:Defend"],"damage_healed":0,"gold_gain":0,"player_choice":"Gave Gold","damage_taken":0,"max_hp_gain":0,"max_hp_loss":0,"event_name":"Beggar","floor":20,"gold_loss":75},{"damage_healed":0,"gold_gain":0,"player_choice":"Opened","damage_taken":0,"relics_obtained":["Meat on the Bone"],"max_hp_gain":0,"max_hp_loss":0,"event_name":"The Mausoleum","floor":22,"gold_loss":0},{"damage_healed":0,"gold_gain":0,"cards_transformed":["ats:Strike C","ats:Strike S"],"player_choice":"Became Test Subject","damage_taken":0,"max_hp_gain":0,"max_hp_loss":0,"event_name":"Drug Dealer","floor":25,"gold_loss":0,"cards_obtained":["ats:Closed Bolt Burst Fire","ats:Thermite Blade"]},{"damage_healed":0,"gold_gain":0,"player_choice":"Fight","damage_taken":0,"max_hp_gain":0,"max_hp_loss":0,"event_name":"Colosseum","floor":29,"gold_loss":0},{"damage_healed":0,"gold_gain":0,"player_choice":"Fought Nobs","damage_taken":0,"max_hp_gain":0,"max_hp_loss":0,"event_name":"Colosseum","floor":29,"gold_loss":0}],"is_beta":false,"boss_relics":[{"not_picked":["Tiny House","Runic Dome"],"picked":"Astrolabe"}],"items_purged_floors":[27],"is_endless":false,"potions_floor_spawned":[1,8,10,12,13,19,23],"killed_by":"Slavers","ascension_level":0}}