{"host":"7mrmd33mpx7q5wx9","time":1609318138,"event":{"mods":["AchievementEnabler","BaseMod","BetterRewards","Colored Map","Defuse TimeMaze Blight","Infinite Spire","Minty Spire (QoL Compilation)","Permanent Neow","Quick Restart","StSLib"],"gold_per_floor":[113,126,137,212,212,237,263,263,286,297,315,329,329,662,662,759,759,779,789,428,428,428,463,463,476,503,518,518,518,518,534,534,636,636,655,655,655,674,674,700,720,720,720,732,760,312,312,335,335,439,439,453,453],"floor_reached":52,"playtime":2755,"items_purged":["Strike_R","Strike_R","Defend_R+1"],"score":1274,"play_id":"4da3f948-117d-4de3-87e6-39a9bc572a43","local_time":"20201230024858","is_ascension_mode":true,"campfire_choices":[{"data":"Metallicize","floor":8,"key":"SMITH"},{"data":"Fiend Fire","floor":13,"key":"SMITH"},{"data":"Uppercut","floor":15,"key":"SMITH"},{"data":"Ghostly","floor":24,"key":"SMITH"},{"data":"infinitespire:Execution","floor":29,"key":"SMITH"},{"data":"Ghostly","floor":32,"key":"SMITH"},{"floor":49,"key":"RECALL"}],"circlet_count":0,"master_deck":["Strike_R+1","Strike_R+1","Defend_R+1","Defend_R+1","Bash+1","Metallicize+1","Shrug It Off+1","Cleave+1","Iron Wave+1","Impervious+1","Clothesline+1","Fiend Fire+1","Uppercut+1","Immolate+1","Feel No Pain+1","Anger+1","Ghostly+1","Ghostly+1","Ghostly+1","Ghostly+1","Ghostly+1","Headbutt+1","Body Slam+1","infinitespire:Execution+1","infinitespire:SevenWalls+1","Seeing Red+1","Exhume+1","Feel No Pain"],"relics":["Burning Blood","StrikeDummy","Gambling Chip","infinitespire:PuzzleCube","Smiling Mask","Bag of Preparation","Old Coin","Empty Cage","Champion Belt","Nilry\u0027s Codex","Oddly Smooth Stone","Pen Nib","infinitespire:Golems Mask","infinitespire:Cupcake","Busted Crown","Mark of the Bloom","Anchor","infinitespire:Beetle Shell","Mummified Hand","War Paint","infinitespire:Midas Blood","Velvet Choker"],"acts_visited":["Exordium","TheCity","TheBeyond","Exordium"],"potions_floor_usage":[14,23,27,33,48],"damage_taken":[{"damage":3,"enemies":"Jaw Worm","floor":1,"turns":4},{"damage":1,"enemies":"2 Louse","floor":2,"turns":2},{"damage":0,"enemies":"Cultist","floor":3,"turns":3},{"damage":11,"enemies":"3 Sentries","floor":6,"turns":9},{"damage":7,"enemies":"Exordium Wildlife","floor":10,"turns":6},{"damage":4,"enemies":"Looter","floor":11,"turns":3},{"damage":5,"enemies":"3 Louse","floor":12,"turns":2},{"damage":0,"enemies":"Gremlin Nob","floor":14,"turns":2},{"damage":16,"enemies":"Slime Boss","floor":16,"turns":8},{"damage":18,"enemies":"Spheric Guardian","floor":18,"turns":4},{"damage":8,"enemies":"Shell Parasite","floor":19,"turns":8},{"damage":30,"enemies":"Book of Stabbing","floor":23,"turns":7},{"damage":2,"enemies":"Centurion and Healer","floor":25,"turns":7},{"damage":0,"enemies":"Cultist and Chosen","floor":27,"turns":6},{"damage":0,"enemies":"3 Cultists","floor":31,"turns":3},{"damage":0,"enemies":"Champ","floor":33,"turns":8},{"damage":0,"enemies":"Orb Walker","floor":35,"turns":2},{"damage":0,"enemies":"3 Darklings","floor":38,"turns":3},{"damage":0,"enemies":"Nightmare","floor":40,"turns":6},{"damage":0,"enemies":"Transient","floor":41,"turns":5},{"damage":0,"enemies":"Writhing Mass","floor":44,"turns":6},{"damage":0,"enemies":"Giant Head","floor":45,"turns":6},{"damage":29,"enemies":"4 Shapes","floor":48,"turns":6},{"damage":6,"enemies":"Awakened One","floor":50,"turns":11},{"damage":0,"enemies":"Jaw Worm","floor":52,"turns":1}],"seed_played":"-1537277200250885451","potions_obtained":[{"floor":3,"key":"SneckoOil"},{"floor":11,"key":"SpeedPotion"},{"floor":14,"key":"CultistPotion"},{"floor":16,"key":"SpeedPotion"},{"floor":19,"key":"Dexterity Potion"},{"floor":23,"key":"BlessingOfTheForge"},{"floor":31,"key":"LiquidBronze"},{"floor":38,"key":"EssenceOfSteel"},{"floor":40,"key":"Dexterity Potion"}],"is_trial":false,"path_per_floor":["M","M","M","?","?","E","T","R","T","M","M","M","R","E","R","B",null,"M","M","$","?","?","E","R","M","T","M","AVR","R","?","M","R","B",null,"M","?","?","M","?","NM","M","AVR","T","M","E","$","?","M","R","B",null,"M"],"character_chosen":"IRONCLAD","items_purchased":["StrikeDummy","Metallicize","Champion Belt","War Paint","infinitespire:Midas Blood"],"campfire_rested":0,"item_purchase_floors":[0,0,20,46,46],"current_hp_per_floor":[59,64,70,59,64,59,59,59,59,58,60,61,61,67,67,57,78,66,64,64,48,42,18,18,22,22,28,28,28,28,34,34,40,42,42,42,42,42,40,40,40,40,40,40,40,40,40,11,11,5,5,5,5],"gold":453,"neow_bonus":"","is_daily":false,"chose_seed":false,"campfire_upgraded":6,"win_rate":0.0,"timestamp":1609318138,"path_taken":["M","M","M","?","?","E","?","R","T","?","M","M","R","E","R","BOSS","M","M","$","?","?","E","R","M","T","M","AVR","R","?","M","R","BOSS","M","?","?","?","?","NM","M","AVR","T","M","E","$","?","M","R","BOSS","M"],"items_purchased_type":["Relic","Card","Relic","Relic","Relic"],"build_version":"2020-12-22","purchased_purges":3,"victory":false,"max_hp_per_floor":[80,80,80,80,85,85,85,85,85,85,85,85,85,85,85,85,85,85,85,85,85,42,42,42,42,42,42,42,42,42,42,42,42,42,42,42,42,42,40,40,40,40,40,40,40,40,40,40,40,40,40,40,40],"card_choices":[{"not_picked":["Warcry","Thunderclap"],"picked":"Shrug It Off","floor":1},{"not_picked":["Anger","Blood for Blood"],"picked":"Cleave","floor":2},{"not_picked":["Cleave","True Grit"],"picked":"Iron Wave","floor":3},{"not_picked":["Clothesline","Burning Pact"],"picked":"Impervious","floor":6},{"not_picked":["Headbutt","Reckless Charge"],"picked":"Clothesline","floor":10},{"not_picked":["Perfected Strike","Dark Embrace","Fire Breathing"],"picked":"SKIP","floor":11},{"not_picked":["Rage","Havoc"],"picked":"Fiend Fire","floor":12},{"not_picked":["Bloodletting","Entrench"],"picked":"Uppercut","floor":14},{"not_picked":["Barricade","Fiend Fire"],"picked":"Immolate","floor":16},{"not_picked":["Wild Strike","Shrug It Off"],"picked":"Feel No Pain","floor":18},{"not_picked":["Rampage+1","Clothesline"],"picked":"Anger+1","floor":19},{"not_picked":["Thunderclap","Entrench"],"picked":"Headbutt","floor":23},{"not_picked":["Cleave","True Grit","Wild Strike+1"],"picked":"SKIP","floor":25},{"not_picked":["Havoc","Dropkick"],"picked":"Body Slam","floor":27},{"not_picked":["Flame Barrier","Pummel"],"picked":"Seeing Red+1","floor":31},{"not_picked":["Brutality","Feed"],"picked":"Exhume","floor":33},{"not_picked":["Anger+1"],"picked":"SKIP","floor":35},{"not_picked":["Clothesline"],"picked":"SKIP","floor":38},{"not_picked":["Clash+1"],"picked":"SKIP","floor":40},{"not_picked":["Warcry+1"],"picked":"SKIP","floor":41},{"not_picked":["Iron Wave"],"picked":"SKIP","floor":44},{"not_picked":[],"picked":"Feel No Pain","floor":45},{"not_picked":["Iron Wave"],"picked":"SKIP","floor":48},{"not_picked":["Whirlwind"],"picked":"SKIP","floor":52}],"player_experience":365710,"relics_obtained":[{"floor":6,"key":"infinitespire:PuzzleCube"},{"floor":7,"key":"Smiling Mask"},{"floor":9,"key":"Bag of Preparation"},{"floor":14,"key":"Old Coin"},{"floor":21,"key":"Nilry\u0027s Codex"},{"floor":23,"key":"Oddly Smooth Stone"},{"floor":26,"key":"Pen Nib"},{"floor":40,"key":"Anchor"},{"floor":45,"key":"Mummified Hand"}],"event_choices":[{"damage_healed":0,"gold_gain":75,"player_choice":"Gather Gold","damage_taken":11,"max_hp_gain":0,"max_hp_loss":0,"event_name":"World of Goop","floor":4,"gold_loss":0},{"damage_healed":0,"gold_gain":0,"player_choice":"Donut","damage_taken":0,"max_hp_gain":5,"max_hp_loss":0,"event_name":"Big Fish","floor":5,"gold_loss":0},{"damage_healed":0,"gold_gain":0,"player_choice":"Obtained Book","damage_taken":16,"max_hp_gain":0,"max_hp_loss":0,"event_name":"Cursed Tome","floor":21,"gold_loss":0},{"damage_healed":0,"gold_gain":0,"player_choice":"Became a Ghost","damage_taken":0,"max_hp_gain":0,"max_hp_loss":43,"event_name":"Ghosts","floor":22,"gold_loss":0,"cards_obtained":["Ghostly","Ghostly","Ghostly","Ghostly","Ghostly"]},{"damage_healed":0,"gold_gain":0,"player_choice":"Upgrade","damage_taken":0,"relics_obtained":["Mark of the Bloom"],"max_hp_gain":0,"max_hp_loss":0,"event_name":"MindBloom","floor":36,"gold_loss":0,"cards_upgraded":["Strike_R","Strike_R","Defend_R","Defend_R","Defend_R","Bash","Shrug It Off","Cleave","Iron Wave","Impervious","Clothesline","Immolate","Feel No Pain","Ghostly","Ghostly","Ghostly","Headbutt","Body Slam","infinitespire:SevenWalls","Exhume"]},{"damage_healed":0,"gold_gain":0,"player_choice":"Bought 0 Potions","damage_taken":0,"max_hp_gain":0,"max_hp_loss":0,"event_name":"The Woman in Blue","floor":37,"gold_loss":0},{"damage_healed":0,"gold_gain":0,"player_choice":"Max HP","damage_taken":0,"max_hp_gain":0,"max_hp_loss":2,"event_name":"Winding Halls","floor":39,"gold_loss":0},{"damage_healed":0,"gold_gain":0,"player_choice":"Memory 1","damage_taken":0,"max_hp_gain":0,"max_hp_loss":0,"event_name":"SensoryStone","floor":47,"gold_loss":0}],"is_beta":false,"boss_relics":[{"not_picked":["Tiny House","Runic Cube"],"picked":"Empty Cage"},{"not_picked":["Runic Dome","Cursed Key"],"picked":"Busted Crown"},{"not_picked":["Black Blood","Pandora\u0027s Box"],"picked":"Velvet Choker"}],"items_purged_floors":[0,20,46],"is_endless":true,"potions_floor_spawned":[3,11,14,16,19,23,31,38,40],"killed_by":"Jaw Worm","ascension_level":9}}