{"host":"Sumable","time":1609355535,"event":{"mods":["AchievementEnabler","BaseMod","Better Note","BetterRewards","Googly Eyes","Hermit","Minty Spire (QoL Compilation)","Quick Restart","Shop Mod","StSLib","The Cursed","everything is the same but u backflip on backflip","slay the spire mod where everything is the same but ironclad has a cowboy hat"],"gold_per_floor":[113,113,93,93,93,128,146,22,22,22,38,3,37,62,62,181,181,205,205,218,232,80,80,118,118,118,118,143,68,68,101,101,232,232,252,40,56,81,97,97,97,97],"floor_reached":41,"playtime":1330,"items_purged":["Strike_R"],"score":767,"play_id":"5367fd70-676d-445c-a120-803f5416d7f1","local_time":"20201230121215","is_ascension_mode":true,"campfire_choices":[{"floor":15,"key":"REST"},{"data":"Seeing Red","floor":23,"key":"SMITH"},{"data":"Fire Breathing","floor":25,"key":"SMITH"},{"floor":27,"key":"REST"},{"floor":32,"key":"REST"},{"floor":40,"key":"REST"}],"circlet_count":0,"master_deck":["AscendersBane","Strike_R","Strike_R","Strike_R","Defend_R","Defend_R","Defend_R","Defend_R","Bash","Pommel Strike","Injury","Immolate","Pommel Strike","Seeing Red+1","Shrug It Off","Blind","Wild Strike+1","Spot Weakness","Demon Form","Cleave+1","Immolate+1","Cleave+1","Fire Breathing+1","J.A.X.","Fiend Fire+1","Burning Pact","Offering","Thunderclap+1","Reaper+1","Parasite","Cleave+1"],"relics":["Burning Blood","NeowsBlessing","Oddly Smooth Stone","Golden Idol","Meat on the Bone","Molten Egg 2","Singing Bowl","Velvet Choker","Dream Catcher","Strawberry","Blue Candle","Lizard Tail","Runic Cube"],"acts_visited":["Exordium","TheCity","TheBeyond"],"potions_floor_usage":[16,18,18,24,28,35,37,38,39,41],"damage_taken":[{"damage":0,"enemies":"2 Louse","floor":1,"turns":1},{"damage":0,"enemies":"Lagavulin","floor":6,"turns":1},{"damage":0,"enemies":"Small Slimes","floor":7,"turns":1},{"damage":0,"enemies":"Cultist","floor":11,"turns":3},{"damage":51,"enemies":"Gremlin Nob","floor":13,"turns":6},{"damage":7,"enemies":"2 Fungi Beasts","floor":14,"turns":3},{"damage":38,"enemies":"The Guardian","floor":16,"turns":10},{"damage":6,"enemies":"Chosen","floor":18,"turns":6},{"damage":17,"enemies":"Shell Parasite","floor":20,"turns":3},{"damage":0,"enemies":"Centurion and Healer","floor":21,"turns":4},{"damage":41,"enemies":"Slavers","floor":24,"turns":4},{"damage":15,"enemies":"Snake Plant","floor":28,"turns":2},{"damage":35,"enemies":"Book of Stabbing","floor":31,"turns":4},{"damage":129,"enemies":"Automaton","floor":33,"turns":9},{"damage":33,"enemies":"3 Shapes","floor":35,"turns":2},{"damage":18,"enemies":"3 Darklings","floor":37,"turns":3},{"damage":29,"enemies":"Jaw Worm Horde","floor":38,"turns":3},{"damage":57,"enemies":"Writhing Mass","floor":39,"turns":6},{"damage":98,"enemies":"Nemesis","floor":41,"turns":5}],"seed_played":"3971659742928403959","potions_obtained":[{"floor":1,"key":"GamblersBrew"},{"floor":13,"key":"Ancient Potion"},{"floor":14,"key":"Block Potion"},{"floor":16,"key":"Block Potion"},{"floor":20,"key":"Regen Potion"},{"floor":24,"key":"SteroidPotion"},{"floor":33,"key":"BloodPotion"},{"floor":35,"key":"Swift Potion"},{"floor":38,"key":"SkillPotion"},{"floor":39,"key":"Dexterity Potion"}],"is_trial":false,"path_per_floor":["M","?","?","?","?","E","M","$","T","$","M","?","E","M","R","B",null,"M","?","M","M","$","R","E","R","T","R","M","$","?","E","R","B",null,"M","$","M","M","M","R","E"],"character_chosen":"IRONCLAD","items_purchased":["Shrug It Off","Blind","Dream Catcher","Reaper+1","DuplicationPotion"],"campfire_rested":4,"item_purchase_floors":[8,8,22,36,36],"current_hp_per_floor":[78,45,45,45,45,51,57,57,57,57,63,80,49,48,72,52,75,75,75,66,72,72,72,56,56,56,85,78,78,78,61,89,36,80,72,72,62,71,49,79,0,0],"gold":97,"neow_bonus":"THREE_ENEMY_KILL","is_daily":false,"chose_seed":false,"campfire_upgraded":2,"win_rate":0.0,"timestamp":1609355535,"path_taken":["M","?","?","?","?","E","M","$","T","$","?","?","E","M","R","BOSS","M","?","?","M","$","R","E","R","T","R","M","$","?","E","R","BOSS","M","$","M","M","M","R","E"],"items_purchased_type":["Card","Card","Relic","Card","Potion"],"build_version":"2020-12-18","purchased_purges":1,"victory":false,"max_hp_per_floor":[80,80,80,80,80,80,80,80,80,80,80,80,82,82,82,82,82,82,82,84,84,84,84,91,91,91,93,95,95,95,95,95,95,95,95,95,97,99,101,101,101,101],"card_choices":[{"not_picked":["Searing Blow","Sentinel"],"picked":"Pommel Strike","floor":1},{"not_picked":["Iron Wave","Perfected Strike"],"picked":"Pommel Strike","floor":6},{"not_picked":["Shrug It Off","Rage"],"picked":"Seeing Red","floor":7},{"not_picked":["Flex","Uppercut+1"],"picked":"Wild Strike+1","floor":11},{"not_picked":["Clothesline+1","Seeing Red","Shockwave"],"picked":"Singing Bowl","floor":13},{"not_picked":["Headbutt+1","Feel No Pain"],"picked":"Spot Weakness","floor":14},{"not_picked":["Juggernaut","Double Tap"],"picked":"Demon Form","floor":16},{"not_picked":["Clash+1","Havoc+1"],"picked":"Cleave+1","floor":18},{"not_picked":["Headbutt+1","Entrench","Flex"],"picked":"Singing Bowl","floor":20},{"not_picked":["True Grit+1","Ghostly Armor"],"picked":"Cleave+1","floor":21},{"not_picked":["Berserk","Twin Strike+1"],"picked":"Fire Breathing","floor":24},{"not_picked":["Entrench","Clash+1","Disarm"],"picked":"Singing Bowl","floor":27},{"not_picked":["Perfected Strike+1","Thunderclap+1","Twin Strike+1"],"picked":"Singing Bowl","floor":28},{"not_picked":["Infernal Blade+1","Shockwave"],"picked":"Fiend Fire+1","floor":31},{"not_picked":["Pommel Strike+1","Armaments"],"picked":"Burning Pact","floor":32},{"not_picked":["Limit Break","Bludgeon+1"],"picked":"Offering","floor":33},{"not_picked":["Intimidate","Havoc+1"],"picked":"Thunderclap+1","floor":35},{"not_picked":["Second Wind","Armaments+1","Headbutt+1"],"picked":"Singing Bowl","floor":37},{"not_picked":["Anger+1","Pummel+1","Headbutt+1"],"picked":"Singing Bowl","floor":38},{"not_picked":["Clash+1","Anger+1","Twin Strike+1"],"picked":"Singing Bowl","floor":39},{"not_picked":["Clothesline+1","Reckless Charge+1"],"picked":"Cleave+1","floor":40}],"player_experience":1009370,"relics_obtained":[{"floor":6,"key":"Meat on the Bone"},{"floor":9,"key":"Molten Egg 2"},{"floor":13,"key":"Singing Bowl"},{"floor":24,"key":"Strawberry"},{"floor":26,"key":"Blue Candle"},{"floor":31,"key":"Lizard Tail"}],"event_choices":[{"damage_healed":0,"gold_gain":0,"player_choice":"Success","damage_taken":33,"relics_obtained":["Oddly Smooth Stone"],"max_hp_gain":0,"max_hp_loss":0,"event_name":"Scrap Ooze","floor":2,"gold_loss":0},{"damage_healed":0,"gold_gain":0,"player_choice":"Left Gold","damage_taken":0,"max_hp_gain":0,"max_hp_loss":0,"event_name":"World of Goop","floor":3,"gold_loss":20},{"damage_healed":0,"gold_gain":0,"player_choice":"Take Wound","damage_taken":0,"relics_obtained":["Golden Idol"],"max_hp_gain":0,"max_hp_loss":0,"event_name":"Golden Idol","floor":4,"gold_loss":0,"cards_obtained":["Injury"]},{"damage_healed":0,"gold_gain":0,"cards_transformed":["Strike_R"],"player_choice":"Transformed","damage_taken":0,"max_hp_gain":0,"max_hp_loss":0,"event_name":"Transmorgrifier","floor":5,"gold_loss":0,"cards_obtained":["Immolate"]},{"damage_healed":20,"gold_gain":0,"player_choice":"Healed","damage_taken":0,"max_hp_gain":0,"max_hp_loss":0,"event_name":"The Cleric","floor":12,"gold_loss":35},{"damage_healed":0,"gold_gain":0,"player_choice":"Copied","damage_taken":0,"max_hp_gain":0,"max_hp_loss":0,"event_name":"Duplicator","floor":19,"gold_loss":0,"cards_obtained":["Immolate"]},{"damage_healed":0,"gold_gain":0,"player_choice":"Obtain J.A.X.","damage_taken":0,"max_hp_gain":0,"max_hp_loss":0,"event_name":"Drug Dealer","floor":30,"gold_loss":0,"cards_obtained":["J.A.X."]}],"is_beta":true,"boss_relics":[{"not_picked":["Coffee Dripper","Runic Dome"],"picked":"Velvet Choker"},{"not_picked":["Fusion Hammer","Astrolabe"],"picked":"Runic Cube"}],"items_purged_floors":[29],"is_endless":false,"potions_floor_spawned":[1,13,14,16,20,24,33,35,38,39],"killed_by":"Nemesis","ascension_level":12}}