{"host":"o54aw4mfims5m8ve","time":1609353916,"event":{"mods":["BaseMod","Downfall","Minty Spire (QoL Compilation)","StSLib","The Cursed","The Saiyan","The Senshi"],"gold_per_floor":[99,113,129,147,166,176,176,196,216,235,251,268,285,313,329,329,329,329],"floor_reached":16,"playtime":1962,"items_purged":[],"score":114,"play_id":"3b4bdea8-033b-422e-a718-bf2b2208648e","local_time":"20201230184516","is_ascension_mode":false,"campfire_choices":[{"data":"champ:Execute","floor":1,"key":"SMITH"}],"circlet_count":0,"master_deck":["champ:Strike","champ:Strike","champ:Strike","champ:Strike","champ:Defend","champ:Defend","champ:Defend","champ:Defend","champ:Execute+1","champ:Taunt","champ:StanceDance","champ:Backstep","champ:AdrenalArmor","champ:BringItOn","champ:FlashCut","champ:RisingSlash","champ:HoldFirm","champ:BerserkersShout","champ:RecklessLeap","champ:TornadoPunch","champ:FalseCounter","champ:FlashCut"],"relics":["champ:ChampionCrown","Vajra","Oddly Smooth Stone"],"acts_visited":["Exordium"],"potions_floor_usage":[9,16],"damage_taken":[{"damage":17,"enemies":"Cultist","floor":2,"turns":5},{"damage":5,"enemies":"Small Slimes","floor":3,"turns":2},{"damage":5,"enemies":"Jaw Worm","floor":4,"turns":3},{"damage":16,"enemies":"Exordium Thugs","floor":5,"turns":6},{"damage":26,"enemies":"Red Slaver","floor":6,"turns":5},{"damage":5,"enemies":"Blue Slaver","floor":8,"turns":2},{"damage":27,"enemies":"Large Slime","floor":9,"turns":4},{"damage":9,"enemies":"3 Louse","floor":10,"turns":4},{"damage":8,"enemies":"Blue Slaver","floor":11,"turns":3},{"damage":22,"enemies":"Lots of Slimes","floor":12,"turns":4},{"damage":20,"enemies":"2 Fungi Beasts","floor":13,"turns":2},{"damage":27,"enemies":"Lagavulin","floor":14,"turns":7},{"damage":13,"enemies":"3 Louse","floor":15,"turns":4},{"damage":71,"enemies":"downfall:Defect","floor":16,"turns":6}],"seed_played":"4003303628203421886","potions_obtained":[{"floor":3,"key":"SpeedPotion"},{"floor":5,"key":"SpeedPotion"},{"floor":6,"key":"Weak Potion"},{"floor":11,"key":"SteroidPotion"},{"floor":15,"key":"SkillPotion"}],"is_trial":false,"path_per_floor":["R","M","M","M","M","M","T","M","M","M","M","M","M","E","M","B"],"character_chosen":"THE_CHAMP","items_purchased":[],"campfire_rested":0,"item_purchase_floors":[],"current_hp_per_floor":[99,87,87,87,87,73,73,73,61,61,61,48,48,44,44,0,0,0],"gold":329,"neow_bonus":"TEN_PERCENT_HP_BONUS","is_daily":false,"chose_seed":false,"campfire_upgraded":1,"win_rate":0.0,"timestamp":1609353916,"path_taken":["R","M","M","M","M","M","T","M","M","M","M","M","M","E","M","BOSS"],"items_purchased_type":[],"build_version":"2020-12-22","purchased_purges":0,"victory":false,"max_hp_per_floor":[99,99,99,99,99,99,99,99,99,99,99,99,99,99,99,99,99,99],"card_choices":[{"not_picked":["champ:Encircle","champ:PerfectedStrike"],"picked":"champ:StanceDance","floor":2},{"not_picked":["champ:ShieldThrow","champ:CrookedStrike"],"picked":"champ:Backstep","floor":3},{"not_picked":["champ:Circumvent","champ:Lariat"],"picked":"champ:AdrenalArmor","floor":4},{"not_picked":["champ:Backstep","champ:Haymaker"],"picked":"champ:BringItOn","floor":5},{"not_picked":["champ:FocusedBerserking","champ:FalseCounter"],"picked":"champ:FlashCut","floor":6},{"not_picked":["champ:CrookedStrike","champ:BringItOn"],"picked":"champ:RisingSlash","floor":8},{"not_picked":["champ:FaceSlap","champ:Backstep"],"picked":"champ:HoldFirm","floor":9},{"not_picked":["champ:FlashCut","champ:BringItOn"],"picked":"champ:BerserkersShout","floor":10},{"not_picked":["champ:Circumvent","champ:Lariat"],"picked":"champ:RecklessLeap","floor":11},{"not_picked":["champ:Haymaker","champ:PerfectedStrike","champ:FocusedBerserking"],"picked":"SKIP","floor":12},{"not_picked":["champ:BladeFlurry","champ:BerserkersShout"],"picked":"champ:TornadoPunch","floor":13},{"not_picked":["champ:TornadoPunch","champ:AdrenalArmor"],"picked":"champ:FalseCounter","floor":14},{"not_picked":["champ:FaceSlap","champ:TornadoPunch"],"picked":"champ:FlashCut","floor":15}],"player_experience":186491,"relics_obtained":[{"floor":7,"key":"Vajra"},{"floor":14,"key":"Oddly Smooth Stone"}],"event_choices":[],"is_beta":false,"boss_relics":[],"items_purged_floors":[],"is_endless":false,"potions_floor_spawned":[3,5,6,11,12,15],"killed_by":"downfall:Defect","ascension_level":0}}