{"host":"vtat3rddyckbno30","time":1609357634,"event":{"mods":["AchievementEnabler","BaseMod","BetterRewards","Colored Map","Downfall","Highlight Path","Minty Spire (QoL Compilation)","Replay The Spire","StSLib","everything is the same but u backflip on backflip"],"gold_per_floor":[117,42,57,57,68,68,21,21,21,21,41,58,58,132,132,228,228,246,246,158,31,43,43,78,78,78,110,110,138,154,174,174,279,279,293,293,293,180,199,234,250,250,303,318,318,318,193,263,263,263,263,263,3,28,28],"floor_reached":56,"playtime":4479,"items_purged":["Strike_G","Strike_G","Strike_G","Neutralize","Strike_G","Defend_G","Finisher+1","Survivor+1","Pot Of Greed+1"],"score":1471,"play_id":"852fe51c-f172-42b6-ba5e-177e65c3c17d","local_time":"20201230204714","is_ascension_mode":false,"campfire_choices":[{"data":"ReplayTheSpireMod:Scrap Shanks","floor":6,"key":"SMITH"},{"data":"Accuracy","floor":6,"key":"SMITH"},{"data":"Burst","floor":13,"key":"SMITH"},{"data":"Burst","floor":13,"key":"SMITH"},{"data":"Survivor","floor":15,"key":"SMITH"},{"data":"Prepared","floor":15,"key":"SMITH"},{"data":"Underhanded Strike","floor":23,"key":"SMITH"},{"data":"Blur","floor":23,"key":"SMITH"},{"floor":25,"key":"RECALL"},{"data":"After Image","floor":32,"key":"SMITH"},{"data":"Finisher","floor":32,"key":"SMITH"},{"floor":42,"key":"REST"},{"floor":46,"key":"REST"},{"floor":49,"key":"REST"},{"floor":52,"key":"REST"}],"circlet_count":0,"master_deck":["Prepared+1","ReplayTheSpireMod:Scrap Shanks+1","Underhanded Strike+1","Pot Of Greed+1","Pot Of Greed+1","ReplayTheSpireMod:Scrap Shanks+1","Burst+1","Accuracy+1","Blur+1","Dagger Throw+1","Acrobatics+1","Acrobatics+1","Outmaneuver+1","Hidden Blade+1","ReplayTheSpireMod:Shiv Toss+1","Cloak And Dagger+1","Concentrate+1","Calculated Gamble+1","Sneak Up+1","CurseOfTheBell","Blade Dance+1","Cloak And Dagger+1","ReplayTheSpireMod:Shiv Toss+1","After Image+1","Phantasmal Killer+1","Pot Of Greed+1"],"relics":["Ring of the Snake","Replay:Wax Seal","Replay:Arrowhead","Grinning Jar","Vampiric Spirits","Ice Cream","Membership Card","Toxic Egg 2","DollysMirror","BargainBundle","Replay:Baseball","Replay:Bottled Eggs","StrikeDummy","Calling Bell","PreservedInsect","Singing Bowl","Calipers","Bag of Preparation","Dream Catcher","Mummified Hand","Thread and Needle","Replay:Grab Bag","Replay:Bronze Core","Fusion Hammer","Replay:Drink Me","HoveringKite","Akabeko","Boot","Replay:Bottled Flurry","Bottled Tornado","Eternal Feather"],"acts_visited":["Exordium","TheCity","TheBeyond","TheEnding"],"potions_floor_usage":[],"damage_taken":[{"damage":0,"enemies":"Cultist","floor":1,"turns":3},{"damage":1,"enemies":"Jaw Worm","floor":3,"turns":2},{"damage":0,"enemies":"Small Slimes","floor":5,"turns":1},{"damage":0,"enemies":"Gremlin Gang","floor":11,"turns":3},{"damage":0,"enemies":"Exordium Wildlife","floor":12,"turns":2},{"damage":1,"enemies":"Hexaghost","floor":16,"turns":4},{"damage":0,"enemies":"Spheric Guardian","floor":18,"turns":1},{"damage":1,"enemies":"2 Thieves","floor":22,"turns":2},{"damage":0,"enemies":"Replay:Snechameleon","floor":24,"turns":2},{"damage":0,"enemies":"Gremlin Leader","floor":27,"turns":1},{"damage":0,"enemies":"Replay:Snechameleon","floor":29,"turns":1},{"damage":0,"enemies":"Centurion and Healer","floor":30,"turns":1},{"damage":0,"enemies":"Snake Plant","floor":31,"turns":2},{"damage":0,"enemies":"Automaton","floor":33,"turns":2},{"damage":0,"enemies":"3 Darklings","floor":35,"turns":2},{"damage":0,"enemies":"3 Shapes","floor":39,"turns":2},{"damage":0,"enemies":"Reptomancer","floor":40,"turns":2},{"damage":0,"enemies":"Maw","floor":41,"turns":1},{"damage":0,"enemies":"Spire Growth","floor":44,"turns":1},{"damage":0,"enemies":"Awakened One","floor":50,"turns":3},{"damage":0,"enemies":"Shield and Spear","floor":54,"turns":1},{"damage":9,"enemies":"The Heart","floor":55,"turns":3}],"seed_played":"-8828438197608814205","potions_obtained":[{"floor":11,"key":"sneckomod:MuddlingPotion"},{"floor":27,"key":"AttackPotion"},{"floor":29,"key":"Energy Potion"}],"is_trial":false,"path_per_floor":["M","$","M","?","M","R","?","$","T","?","M","M","R","T","R","B",null,"M","?","$","$","M","R","E","R","T","E","?","E","M","M","R","B",null,"M","?","?","$","M","E","M","R","T","M","?","R","$","T","R","B",null,"R","$","E","B",null],"character_chosen":"THE_SILENT","items_purchased":["Replay:Wax Seal","Prepared","ReplayTheSpireMod:Scrap Shanks","Underhanded Strike","Grinning Jar","ReplayTheSpireMod:Scrap Shanks","Vampiric Spirits","Burst","Accuracy","Ice Cream","Membership Card","Blur","Toxic Egg 2","Dagger Throw+1","Acrobatics+1","DollysMirror","Outmaneuver+1","Finisher","BargainBundle","Hidden Blade+1","Replay:Baseball","Replay:Bottled Eggs","ReplayTheSpireMod:Shiv Toss+1","Cloak And Dagger+1","Cloak And Dagger+1","Bottled Tornado"],"campfire_rested":4,"item_purchase_floors":[0,0,0,0,0,0,0,0,0,0,0,0,0,0,0,0,0,0,0,0,0,0,0,0,21,53],"current_hp_per_floor":[70,70,69,69,70,70,70,70,70,70,70,70,70,70,70,69,70,70,70,70,70,71,71,72,72,72,72,72,74,76,78,78,78,59,61,61,61,61,63,65,67,69,69,71,71,73,73,73,75,75,75,77,77,79,71],"gold":28,"neow_bonus":"","is_daily":false,"chose_seed":false,"campfire_upgraded":10,"win_rate":0.0,"timestamp":1609357634,"path_taken":["M","?","?","?","M","R","?","$","T","?","?","M","R","?","R","BOSS","M","?","?","$","M","R","E","R","T","E","?","E","M","M","R","BOSS","M","?","?","$","M","E","M","R","T","?","?","R","$","?","R","BOSS","R","$","E","BOSS"],"items_purchased_type":["Relic","Card","Card","Card","Relic","Card","Relic","Card","Card","Relic","Relic","Card","Relic","Card","Card","Relic","Card","Card","Relic","Card","Relic","Relic","Card","Card","Card","Relic"],"build_version":"2020-12-22","purchased_purges":9,"victory":true,"max_hp_per_floor":[70,70,70,70,70,70,70,70,70,70,70,70,70,70,70,70,70,70,70,70,70,72,72,72,72,72,72,72,74,76,78,78,78,59,61,61,61,61,63,65,67,69,69,71,71,73,73,73,75,75,75,77,77,79,79],"card_choices":[{"not_picked":["Escape Plan+1","Skewer"],"picked":"Concentrate+1","floor":1},{"not_picked":["Poisoned Stab","Hidden Blade+1","Dagger Spray"],"picked":"SKIP","floor":3},{"not_picked":["Acrobatics+1","Prepared+1","Sucker Punch"],"picked":"SKIP","floor":5},{"not_picked":["Catalyst+1","Flying Knee"],"picked":"Calculated Gamble+1","floor":11},{"not_picked":["PiercingWail+1","Dash"],"picked":"Sneak Up+1","floor":12},{"not_picked":["Outmaneuver+1","Hidden Blade+1"],"picked":"Blade Dance+1","floor":18},{"not_picked":["Toxin Wave+1","Poisoned Stab","PiercingWail+1"],"picked":"Singing Bowl","floor":22},{"not_picked":["Bane","Fluid Movement+1"],"picked":"ReplayTheSpireMod:Shiv Toss+1","floor":24},{"not_picked":["Footwork","Hidden Blade+1"],"picked":"After Image","floor":27},{"not_picked":["Cloak And Dagger+1","Underhanded Strike","Prepared+1"],"picked":"Singing Bowl","floor":29},{"not_picked":["Deflect+1","Flechettes","Quick Slash+1"],"picked":"Singing Bowl","floor":30},{"not_picked":["Deflect+1","Reflex+1","Sucker Punch"],"picked":"Singing Bowl","floor":31},{"not_picked":["Wraith Form v2","Doppelganger+1"],"picked":"Phantasmal Killer+1","floor":33},{"not_picked":["Dagger Spray","Quick Slash+1","Hidden Blade+1"],"picked":"Singing Bowl","floor":35},{"not_picked":["Hidden Blade+1","Quick Slash","Dagger Spray+1"],"picked":"Singing Bowl","floor":39},{"not_picked":["Outmaneuver+1","Infinite Blades+1","Choke"],"picked":"Singing Bowl","floor":40},{"not_picked":["Outmaneuver+1","PiercingWail+1","Predator+1"],"picked":"Singing Bowl","floor":41},{"not_picked":["Dagger Spray+1","Cloak And Dagger+1","Dodge and Roll+1"],"picked":"Singing Bowl","floor":42},{"not_picked":["ReplayTheSpireMod:Shiv Toss+1","Bane+1","Toxin Wave+1"],"picked":"Singing Bowl","floor":44},{"not_picked":["Deflect+1","Backflip+1","Corpse Explosion+1"],"picked":"Singing Bowl","floor":46},{"not_picked":["Draining Mist+1","Hidden Blade+1","Dodge and Roll+1"],"picked":"Singing Bowl","floor":49},{"not_picked":["Dagger Spray+1","Quick Slash+1","Flechettes+1"],"picked":"Singing Bowl","floor":52},{"not_picked":["Catalyst+1","Outmaneuver+1","Calculated Gamble+1"],"picked":"Singing Bowl","floor":54}],"player_experience":554369,"relics_obtained":[{"floor":14,"key":"StrikeDummy"},{"floor":17,"key":"PreservedInsect"},{"floor":17,"key":"Singing Bowl"},{"floor":17,"key":"Calipers"},{"floor":24,"key":"Bag of Preparation"},{"floor":26,"key":"Dream Catcher"},{"floor":27,"key":"Mummified Hand"},{"floor":29,"key":"Thread and Needle"},{"floor":40,"key":"Akabeko"},{"floor":43,"key":"Boot"},{"floor":48,"key":"Replay:Bottled Flurry"},{"floor":54,"key":"Eternal Feather"}],"event_choices":[{"damage_healed":0,"gold_gain":0,"player_choice":"Grow","damage_taken":0,"max_hp_gain":0,"max_hp_loss":0,"event_name":"Living Wall","floor":4,"gold_loss":0,"cards_upgraded":["ReplayTheSpireMod:Scrap Shanks"]},{"damage_healed":0,"gold_gain":0,"player_choice":"Left Gold","damage_taken":0,"max_hp_gain":0,"max_hp_loss":0,"event_name":"World of Goop","floor":7,"gold_loss":47},{"cards_removed":["Defend_G"],"damage_healed":0,"gold_gain":0,"player_choice":"Card Removal","damage_taken":0,"max_hp_gain":0,"max_hp_loss":0,"event_name":"Wheel of Change","floor":10,"gold_loss":0},{"cards_removed":["Defend_G"],"damage_healed":0,"gold_gain":0,"player_choice":"Purged","damage_taken":0,"max_hp_gain":0,"max_hp_loss":0,"event_name":"Purifier","floor":19,"gold_loss":0},{"cards_removed":["Burst"],"damage_healed":0,"gold_gain":0,"player_choice":"Removed Skill","damage_taken":0,"max_hp_gain":0,"max_hp_loss":0,"event_name":"Falling","floor":36,"gold_loss":0},{"damage_healed":0,"gold_gain":0,"player_choice":"Ignored","damage_taken":0,"max_hp_gain":0,"max_hp_loss":0,"event_name":"NoteForYourself","floor":37,"gold_loss":0},{"damage_healed":0,"gold_gain":0,"player_choice":"Ignored","damage_taken":0,"max_hp_gain":0,"max_hp_loss":0,"event_name":"Upgrade Shrine","floor":45,"gold_loss":0}],"is_beta":false,"boss_relics":[{"not_picked":["ChewingGum","Coffee Dripper"],"picked":"Calling Bell"},{"not_picked":["Empty Cage","Painkiller Herb"],"picked":"Replay:Grab Bag"},{"not_picked":["ReplayTheSpireMod:DimensionalGlitch","Abe\u0027s Treasure"],"picked":"Replay:Bronze Core"},{"not_picked":["Sozu","Replay:Wanted Poster"],"picked":"Fusion Hammer"},{"not_picked":["SacredBark","Pandora\u0027s Box"],"picked":"Replay:Drink Me"},{"not_picked":["SlaversCollar","Snecko Scales"],"picked":"HoveringKite"}],"items_purged_floors":[0,0,0,2,20,21,38,47,53],"is_endless":false,"potions_floor_spawned":[11,27,29,30,33,39,41],"ascension_level":0}}