{"host":"o5or1zybx7au40zl","time":1609339470,"event":{"mods":["Act Like it!","BaseMod","Better Third Choice","Conspire","Dota2Spire","Hubris","Minty Spire (QoL Compilation)","Replay The Spire","StSLib"],"gold_per_floor":[110,110,121,121,139,139,156,156,179,191,219,231,242,257,257,358,358,358,358,358,358,358,358,358,358,358,133,133,133,133,133,133,133,133,133,133,133,133,133,133],"floor_reached":39,"playtime":1196,"items_purged":["Strike_R"],"score":472,"play_id":"cf4ee1d5-0a00-473f-becf-30ad74510b18","local_time":"20201230154430","is_ascension_mode":false,"campfire_choices":[{"floor":6,"key":"RECALL"},{"data":"Uppercut","floor":8,"key":"SMITH"},{"floor":15,"key":"REST"},{"floor":24,"key":"REST"},{"floor":30,"key":"REST"},{"floor":32,"key":"REST"}],"circlet_count":0,"master_deck":["Strike_R","Strike_R","Strike_R","Strike_R","Defend_R","Defend_R","Defend_R","Defend_R","Bash","Juggernaut","Twin Strike","Uppercut+1","Armaments","Flame Barrier","Armaments","Heavy Blade","Offering","Pummel","ReplayTheSpireMod:Muscle Training","Juggernaut","Shockwave","Heavy Blade","Whirlwind+1","Disarm+1","Iron Wave+1","Sword Boomerang+1","Sword Boomerang+1","Limit Break","Infernal Blade","Sword Boomerang+1","Cleave","Parasite"],"relics":["Burning Blood","Replay:PocketPolymizer","Ectoplasm","Dota2Spire:BlackKingBar","Dota2Spire:BladeMail","conspire:DecoderRing","Meat on the Bone","Sling","Dota2Spire:MantaStyle","CultistMask","Runic Dome"],"acts_visited":["Exordium","TheCity","TheBeyond"],"potions_floor_usage":[16,23,23,23,33],"damage_taken":[{"damage":0,"enemies":"Small Slimes","floor":1,"turns":3},{"damage":6,"enemies":"conspire:RoseBush","floor":3,"turns":3},{"damage":1,"enemies":"Cultist","floor":5,"turns":4},{"damage":22,"enemies":"Exordium Thugs","floor":7,"turns":6},{"damage":11,"enemies":"Lots of Slimes","floor":10,"turns":6},{"damage":28,"enemies":"Gremlin Nob","floor":11,"turns":5},{"damage":8,"enemies":"Large Slime","floor":12,"turns":7},{"damage":10,"enemies":"Gremlin Gang","floor":13,"turns":5},{"damage":5,"enemies":"2 Fungi Beasts","floor":14,"turns":4},{"damage":43,"enemies":"Hexaghost","floor":16,"turns":10},{"damage":28,"enemies":"Spheric Guardian","floor":18,"turns":4},{"damage":17,"enemies":"Shell Parasite","floor":19,"turns":7},{"damage":1,"enemies":"Snecko","floor":21,"turns":4},{"damage":27,"enemies":"conspire:HollyBat","floor":22,"turns":7},{"damage":26,"enemies":"Slavers","floor":23,"turns":4},{"damage":23,"enemies":"Replay:Snechameleon","floor":25,"turns":6},{"damage":7,"enemies":"conspire:Head Lice","floor":28,"turns":4},{"damage":19,"enemies":"Cultist and Chosen","floor":31,"turns":5},{"damage":52,"enemies":"Collector","floor":33,"turns":10},{"damage":48,"enemies":"3 Shapes","floor":35,"turns":4},{"damage":16,"enemies":"Orb Walker","floor":36,"turns":3},{"damage":43,"enemies":"Jaw Worm Horde","floor":38,"turns":3},{"damage":34,"enemies":"Writhing Mass","floor":39,"turns":4}],"seed_played":"7647100418475221314","potions_obtained":[{"floor":10,"key":"SpeedPotion"},{"floor":11,"key":"AttackPotion"},{"floor":12,"key":"PowerPotion"},{"floor":19,"key":"Fire Potion"},{"floor":25,"key":"HeartOfIron"},{"floor":28,"key":"GamblersBrew"},{"floor":38,"key":"SteroidPotion"}],"is_trial":false,"path_per_floor":["M","?","M","?","M","R","M","R","T","M","E","M","M","M","R","B",null,"M","M","T","M","M","E","R","E","T","$","E","?","R","M","R","B",null,"M","M","?","M","M"],"character_chosen":"IRONCLAD","items_purchased":["Sling"],"campfire_rested":4,"item_purchase_floors":[27],"current_hp_per_floor":[80,80,80,80,80,80,64,64,64,59,37,35,31,32,56,19,80,58,47,47,52,31,11,35,18,18,18,29,29,53,52,76,42,80,50,52,52,27,0,0],"gold":133,"neow_bonus":"ONE_RANDOM_RARE_CARD","is_daily":false,"chose_seed":false,"campfire_upgraded":1,"win_rate":0.0,"timestamp":1609339470,"path_taken":["M","?","M","?","M","R","M","R","T","M","E","M","M","M","R","BOSS","M","?","?","M","?","E","R","E","T","$","E","?","R","?","R","BOSS","M","M","?","M","M"],"items_purchased_type":["Relic"],"build_version":"2020-12-22","purchased_purges":1,"victory":false,"max_hp_per_floor":[80,80,80,80,80,80,80,80,80,80,80,80,80,80,80,80,80,80,80,80,80,80,80,80,80,80,80,80,80,80,80,80,80,80,80,80,80,80,80,80],"card_choices":[{"not_picked":["hubris:ReadiedAction","ReplayTheSpireMod:Corrosion Curse"],"picked":"Twin Strike","floor":1},{"not_picked":["True Grit","Bloodletting"],"picked":"Armaments","floor":3},{"not_picked":["Run Through","Armaments"],"picked":"Flame Barrier","floor":5},{"not_picked":["True Grit","Anger"],"picked":"Armaments","floor":7},{"not_picked":["Body Slam","Fire Breathing"],"picked":"Heavy Blade","floor":10},{"not_picked":["Shrug It Off","Cleave"],"picked":"Offering","floor":11},{"not_picked":["Warcry","Rampage"],"picked":"Pummel","floor":12},{"not_picked":["Flex","Dark Embrace","Abandon"],"picked":"SKIP","floor":13},{"not_picked":["Sword Boomerang","Burning Pact"],"picked":"ReplayTheSpireMod:Muscle Training","floor":14},{"not_picked":["Eclipse","Exhume"],"picked":"Juggernaut","floor":16},{"not_picked":["Flex","Armaments"],"picked":"Shockwave","floor":18},{"not_picked":["Flex","hubris:CleavingFinish","Shrug It Off"],"picked":"SKIP","floor":19},{"not_picked":["Run Through","Dark Embrace"],"picked":"Heavy Blade","floor":21},{"not_picked":["Sword Boomerang","Shrug It Off+1"],"picked":"Whirlwind+1","floor":22},{"not_picked":["Brutality","hubris:ReadiedAction"],"picked":"Disarm+1","floor":23},{"not_picked":["ReplayTheSpireMod:Strike From Hell+1","Blood for Blood"],"picked":"Iron Wave+1","floor":25},{"not_picked":["Anger","Pummel"],"picked":"Sword Boomerang+1","floor":28},{"not_picked":["Headbutt+1","Replay:Undeath\u0027s Touch"],"picked":"Sword Boomerang+1","floor":31},{"not_picked":["Reaper","Immolate"],"picked":"Limit Break","floor":33},{"not_picked":["Warcry","ReplayTheSpireMod:Strike From Hell+1"],"picked":"Infernal Blade","floor":35},{"not_picked":["Body Slam","Cleave"],"picked":"Sword Boomerang+1","floor":36},{"not_picked":["Bloodletting","Headbutt"],"picked":"Cleave","floor":38}],"player_experience":908157,"relics_obtained":[{"floor":11,"key":"Replay:PocketPolymizer"},{"floor":20,"key":"Dota2Spire:BlackKingBar"},{"floor":23,"key":"Dota2Spire:BladeMail"},{"floor":25,"key":"conspire:DecoderRing"},{"floor":26,"key":"Meat on the Bone"},{"floor":28,"key":"Dota2Spire:MantaStyle"}],"event_choices":[{"damage_healed":0,"gold_gain":0,"player_choice":"Bought 0 Potions","damage_taken":0,"max_hp_gain":0,"max_hp_loss":0,"event_name":"The Woman in Blue","floor":4,"gold_loss":0},{"damage_healed":0,"gold_gain":0,"player_choice":"Trade","damage_taken":0,"relics_obtained":["CultistMask"],"max_hp_gain":0,"max_hp_loss":0,"event_name":"FaceTrader","floor":29,"gold_loss":0},{"damage_healed":0,"gold_gain":0,"player_choice":"Leave","damage_taken":0,"max_hp_gain":0,"max_hp_loss":0,"event_name":"conspire:Investor","floor":37,"gold_loss":0}],"is_beta":false,"boss_relics":[{"not_picked":["Snecko Eye","Velvet Choker"],"picked":"Ectoplasm"},{"not_picked":["hubris:Backtick","Cursed Key"],"picked":"Runic Dome"}],"items_purged_floors":[27],"is_endless":false,"potions_floor_spawned":[10,11,12,14,19,25,28,38],"killed_by":"Writhing Mass","ascension_level":0}}