{"host":"appz8zkad29u9482","time":1609295469,"event":{"mods":["2.2 Compatiblity","Act Like it!","Aspiration","BaseMod","Better Altar","Better Match","Better Note","Better Skull","Better Third Choice","BetterRewards","CapriCore","Chen","Conspire","Disable Question Mark Monsters","Energized Spire","Gensokyo","GifTheSpireLib","Gold Saver","Halation","Hermit","Hubris","Infinite Spire","Jedi Mod","Marisa????????","Minty Spire (QoL Compilation)","Permanent Neow","Reimu??????","Replay The Spire","Spicy Shops","StSLib","Strawberry Spire","Stuff the Spire","The Immortal","The Servant 0.9.4","Yakumo Yukari mod","yUi"],"gold_per_floor":[241,256,282,282,292,292,312,337,337,337,371,4,4,141,141,141,141,141,81,81,81,81,81,81,81,81,81,81,31,31,31,31,31,31],"floor_reached":33,"playtime":2657,"items_purged":["hermit:Defend_Hermit"],"score":295,"play_id":"87d5bad1-021f-4365-afc2-130bca880c2b","local_time":"20201229163109","is_ascension_mode":false,"campfire_choices":[{"data":"hermit:CalledShot","floor":6,"key":"SMITH"},{"data":"hermit:Combo","floor":10,"key":"SMITH"},{"data":"hermit:BigShot","floor":13,"key":"SMITH"},{"data":"hermit:Combo","floor":15,"key":"SMITH"},{"floor":25,"key":"REST"},{"floor":27,"key":"RECALL"},{"data":"hermit:EternalForm","floor":30,"key":"SMITH"}],"circlet_count":0,"master_deck":["hermit:Strike_Hermit","hermit:Strike_Hermit","hermit:Strike_Hermit","hermit:Strike_Hermit","hermit:Defend_Hermit","hermit:Defend_Hermit","hermit:Defend_Hermit","hermit:Snapshot","hermit:Covet+1","hermit:Desperado","hermit:Vantage","hermit:CalledShot+1","hermit:Combo+1","hermit:Ricochet","hermit:BigShot+1","Parasite","hermit:Combo+1","Pain","hermit:EternalForm+1","hermit:Grudge+1","hermit:Snipe","hermit:Showdown","hermit:CalledShot+1","hermit:Spite+1","hermit:Deadeye","hermit:GhostlyPresence+1"],"relics":["hermit:Momento","StuffTheSpire:HeavyRock","ReplayTheSpireMod:Shallot","StuffTheSpire:GrapeVine","Replay:Rubber Ducky","halation:PromiseList","Lee\u0027s Waffle","jedi:ominousloannote","aspiration:TomeofQuesting","halation:PeacePiece","RedLine:ReiMu","halation:LettersToHer","hubris:SphereOfDissonance","Replay:Kaleidoscope","Replay:Grab Bag"],"acts_visited":["Exordium","TheCity"],"potions_floor_usage":[22],"damage_taken":[{"damage":0,"enemies":"Cultist","floor":1,"turns":3},{"damage":0,"enemies":"Small Slimes","floor":2,"turns":3},{"damage":0,"enemies":"2 Louse","floor":5,"turns":2},{"damage":0,"enemies":"Exordium Wildlife","floor":7,"turns":3},{"damage":21,"enemies":"strawberrySpire:EnergyPylons","floor":8,"turns":6},{"damage":12,"enemies":"Gremlin Nob","floor":11,"turns":4},{"damage":7,"enemies":"Slime Boss","floor":16,"turns":8},{"damage":27,"enemies":"conspire:FuzzyDice","floor":18,"turns":10},{"damage":0,"enemies":"2 Thieves","floor":19,"turns":4},{"damage":12,"enemies":"conspire:HollyBat","floor":21,"turns":10},{"damage":0,"enemies":"Snake Plant","floor":22,"turns":5},{"damage":19,"enemies":"Book of Stabbing","floor":23,"turns":5},{"damage":8,"enemies":"Sentry and Sphere","floor":24,"turns":5},{"damage":6,"enemies":"Gremlin Leader","floor":28,"turns":4},{"damage":0,"enemies":"conspire:HollyBat","floor":31,"turns":7},{"damage":0,"enemies":"Champ","floor":33,"turns":1}],"seed_played":"-1235758460278616602","potions_obtained":[{"floor":2,"key":"SkillPotion"},{"floor":8,"key":"Languid Potion"},{"floor":11,"key":"SpeedPotion"},{"floor":16,"key":"Dexterity Potion"},{"floor":23,"key":"Swift Potion"}],"is_trial":false,"path_per_floor":["M","M","T","?","M","R","M","E","T","R","E","$","R","$","R","B",null,"M","M","?","M","M","E","M","R","T","R","E","?","R","M","R","B"],"character_chosen":"HERMIT","items_purchased":["hermit:BigShot","halation:PromiseList","Lee\u0027s Waffle","jedi:ominousloannote","aspiration:TomeofQuesting","hermit:Combo","halation:PeacePiece"],"campfire_rested":1,"item_purchase_floors":[12,12,12,14,14,14,14],"current_hp_per_floor":[75,75,75,75,75,75,75,54,54,54,42,82,82,82,82,75,82,55,55,55,43,43,24,16,40,40,40,34,34,34,34,34,34,34],"gold":31,"neow_bonus":"RANDOM_EVENT","is_daily":false,"chose_seed":false,"campfire_upgraded":5,"win_rate":0.0,"timestamp":1609295469,"path_taken":["M","M","?","?","?","R","M","E","T","R","E","$","R","?","R","BOSS","M","M","?","?","M","E","M","R","T","R","E","?","R","M","R","BOSS"],"items_purchased_type":["Card","Relic","Relic","Relic","Relic","Card","Relic"],"build_version":"2020-12-22","purchased_purges":1,"victory":false,"max_hp_per_floor":[75,75,75,75,75,75,75,75,75,75,75,82,82,82,82,82,82,82,82,82,82,82,82,82,82,82,82,82,82,82,82,62,62,62],"card_choices":[{"not_picked":["hermit:Cheat","hermit:Headshot"],"picked":"hermit:Desperado","floor":1},{"not_picked":["hermit:Desperado","hermit:Manifest"],"picked":"hermit:Vantage","floor":2},{"not_picked":["hermit:Manifest","hermit:HighCaliber"],"picked":"hermit:CalledShot","floor":5},{"not_picked":["hermit:FullyLoaded","hermit:Misfire","hermit:SprayPray"],"picked":"SKIP","floor":7},{"not_picked":["hermit:Misfire","hermit:CalledShot"],"picked":"hermit:Combo","floor":8},{"not_picked":["hermit:Shortfuse","hermit:Adapt"],"picked":"hermit:Ricochet","floor":11},{"not_picked":["hermit:Dissolve","hermit:Adapt"],"picked":"hermit:EternalForm","floor":16},{"not_picked":["hermit:NoHoldsBarred","hermit:Vantage"],"picked":"hermit:Grudge+1","floor":18},{"not_picked":["hermit:Ricochet+1","hermit:Coalescence+1"],"picked":"hermit:Snipe","floor":19},{"not_picked":["hermit:Virtue","hermit:TakeCover"],"picked":"hermit:Showdown","floor":21},{"not_picked":["hermit:Midnight+1","hermit:TrackingShot"],"picked":"hermit:CalledShot+1","floor":22},{"not_picked":["hermit:Virtue","hermit:Coalescence"],"picked":"hermit:Spite+1","floor":23},{"not_picked":["hermit:Malice+1","hermit:Glare"],"picked":"hermit:Deadeye","floor":24},{"not_picked":["hermit:BodyArmor","hermit:HoleUp+1"],"picked":"hermit:GhostlyPresence+1","floor":28},{"not_picked":["hermit:Virtue","hermit:BodyArmor","hermit:Headshot"],"picked":"SKIP","floor":31}],"player_experience":383091,"relics_obtained":[{"floor":3,"key":"StuffTheSpire:HeavyRock"},{"floor":8,"key":"StuffTheSpire:GrapeVine"},{"floor":11,"key":"Replay:Rubber Ducky"},{"floor":23,"key":"halation:LettersToHer"},{"floor":26,"key":"halation:LettersToHer"},{"floor":26,"key":"hubris:SphereOfDissonance"},{"floor":28,"key":"Replay:Kaleidoscope"}],"event_choices":[{"damage_healed":0,"gold_gain":0,"player_choice":"Gave Potion","damage_taken":0,"relics_obtained":["ReplayTheSpireMod:Shallot"],"max_hp_gain":0,"max_hp_loss":0,"event_name":"WeMeetAgain","floor":4,"gold_loss":0},{"cards_removed":["hermit:EternalForm"],"damage_healed":0,"gold_gain":0,"player_choice":"Give","damage_taken":0,"max_hp_gain":0,"max_hp_loss":0,"event_name":"betterNote:BetterNote","floor":20,"gold_loss":0,"cards_obtained":["MokouMod:IllusoryBattlefield"]},{"damage_healed":0,"gold_gain":100,"player_choice":"Bet on Murderer","damage_taken":0,"max_hp_gain":0,"max_hp_loss":0,"event_name":"The Joust","floor":29,"gold_loss":50}],"is_beta":false,"boss_relics":[{"not_picked":["hubris:Backtick","hubris:HollowSoul"],"picked":"RedLine:ReiMu"}],"items_purged_floors":[12],"is_endless":false,"potions_floor_spawned":[2,8,11,16,19,23,28],"killed_by":"Champ","ascension_level":0}}