{"host":"dw0lfiijjtrmelew","time":1609289916,"event":{"mods":["BaseMod","Minty Spire (QoL Compilation)","Relic Stats","StSLib"],"gold_per_floor":[110,128,178,195,21,21,39,39,39,39,72,86,42,53,53,53,53],"floor_reached":16,"playtime":456,"items_purged":[],"score":204,"play_id":"aac378c8-82dc-4584-ae55-cf976c799055","local_time":"20201229185836","is_ascension_mode":true,"campfire_choices":[{"data":"Adrenaline","floor":6,"key":"SMITH"},{"data":"Neutralize","floor":8,"key":"SMITH"},{"data":"Die Die Die","floor":10,"key":"SMITH"},{"data":"Tactician","floor":15,"key":"SMITH"}],"circlet_count":0,"master_deck":["AscendersBane","Strike_G","Strike_G","Strike_G","Strike_G","Strike_G","Defend_G","Defend_G","Defend_G","Defend_G","Defend_G","Survivor","Neutralize+1","All Out Attack","Adrenaline+1","Die Die Die+1","Tactician+1","Well Laid Plans+1","PiercingWail"],"relics":["Ring of the Snake","Frozen Egg 2","FossilizedHelix"],"acts_visited":["Exordium"],"potions_floor_usage":[16],"damage_taken":[{"damage":0,"enemies":"Small Slimes","floor":1,"turns":4},{"damage":1,"enemies":"Cultist","floor":2,"turns":5},{"damage":1,"enemies":"2 Louse","floor":4,"turns":2},{"damage":14,"enemies":"Exordium Thugs","floor":7,"turns":6},{"damage":24,"enemies":"Gremlin Nob","floor":11,"turns":4},{"damage":0,"enemies":"Lots of Slimes","floor":12,"turns":2},{"damage":0,"enemies":"Red Slaver","floor":14,"turns":2},{"damage":7,"enemies":"Hexaghost","floor":16,"turns":9}],"seed_played":"-1512044215709613629","potions_obtained":[{"floor":1,"key":"Dexterity Potion"},{"floor":12,"key":"LiquidBronze"}],"is_trial":false,"path_per_floor":["M","M","?","M","$","R","M","R","T","R","E","M","$","M","R","B"],"character_chosen":"THE_SILENT","items_purchased":["Die Die Die","Well Laid Plans+1"],"campfire_rested":0,"item_purchase_floors":[5,13],"current_hp_per_floor":[65,64,57,56,56,56,42,42,42,42,18,18,18,18,18,11,11],"gold":53,"neow_bonus":"TEN_PERCENT_HP_BONUS","is_daily":false,"chose_seed":false,"campfire_upgraded":4,"win_rate":0.0,"timestamp":1609289916,"path_taken":["M","M","?","M","$","R","M","R","T","R","E","M","?","?","R","BOSS"],"items_purchased_type":["Card","Card"],"build_version":"2020-12-22","purchased_purges":0,"victory":false,"max_hp_per_floor":[72,72,72,72,72,72,72,72,72,72,72,72,72,72,72,72,72],"relic_stats":{"counters":[8,34],"obtain_stats":[{"Frozen Egg 2":9,"FossilizedHelix":11,"Ring of the Snake":0},{"Frozen Egg 2":4,"FossilizedHelix":5,"Ring of the Snake":0},{"Frozen Egg 2":17,"FossilizedHelix":21,"Ring of the Snake":0}],"Ring of the Snake":[16]},"card_choices":[{"not_picked":["Setup","PiercingWail","Concentrate"],"picked":"SKIP","floor":1},{"not_picked":["Underhanded Strike","Choke"],"picked":"All Out Attack","floor":2},{"not_picked":["Deadly Poison","Bane"],"picked":"Adrenaline","floor":4},{"not_picked":["Underhanded Strike","Deflect","Catalyst"],"picked":"SKIP","floor":7},{"not_picked":["Slice","Reflex"],"picked":"Tactician","floor":11},{"not_picked":["Underhanded Strike","All Out Attack","Cloak And Dagger"],"picked":"SKIP","floor":12},{"not_picked":["Quick Slash","Deflect"],"picked":"PiercingWail","floor":14}],"player_experience":1180167,"relics_obtained":[{"floor":9,"key":"Frozen Egg 2"},{"floor":11,"key":"FossilizedHelix"}],"event_choices":[{"damage_healed":0,"gold_gain":50,"player_choice":"Touch","damage_taken":7,"max_hp_gain":0,"max_hp_loss":0,"event_name":"FaceTrader","floor":3,"gold_loss":0}],"is_beta":false,"boss_relics":[],"items_purged_floors":[],"is_endless":false,"potions_floor_spawned":[1,12],"killed_by":"Hexaghost","ascension_level":20}}