{"host":"3uh4svysx4b5eexl","time":1609351616,"event":{"mods":["AchievementEnabler","Aspiration","BaseMod","Better Third Choice","BetterRewards","Colored Powertips","Downfall","Minty Spire (QoL Compilation)","Quick Restart","Shop Mod","StSLib"],"gold_per_floor":[115,115,115,115,130,165,165,195,195,227,240,240,250,175,175,278,278,290,301,301,301,319,319,346,246,270,107,107,107,107,107],"floor_reached":30,"playtime":1813,"items_purged":["Strike_R","Regret","Decay"],"score":303,"play_id":"cb00c6bf-f8b8-4b13-86c1-24a1f70df708","local_time":"20201230190656","is_ascension_mode":true,"campfire_choices":[{"data":"Rupture","floor":7.0,"key":"SMITH"},{"floor":12.0,"key":"REST"},{"data":"Bash","floor":15.0,"key":"SMITH"},{"floor":23,"key":"REST"}],"circlet_count":0,"master_deck":["Strike_R","Strike_R","Strike_R","Strike_R","Defend_R","Defend_R","Defend_R","Defend_R","Bash+1","Cleave","Rupture+1","Flex","Flex","Iron Wave","Brutality+1","Necronomicurse","Inflame+1","Inflame+1","Shame"],"relics":["Burning Blood","NeowsBlessing","aspiration:ChemicalBlood","Sundial","aspiration:Lifesprig","Frozen Egg 2","Vajra","Black Star","Necronomicon","Nunchaku","Boot","Juzu Bracelet"],"acts_visited":["Exordium","TheCity"],"potions_floor_usage":[16,16,16,16,19,22,22,22,24,24,30,30],"damage_taken":[{"damage":0.0,"enemies":"2 Louse","floor":1.0,"turns":1.0},{"damage":0.0,"enemies":"Jaw Worm","floor":5.0,"turns":1.0},{"damage":0.0,"enemies":"3 Sentries","floor":6.0,"turns":1.0},{"damage":43.0,"enemies":"Lagavulin","floor":8.0,"turns":6.0},{"damage":38.0,"enemies":"3 Sentries","floor":10.0,"turns":7.0},{"damage":0.0,"enemies":"Cultist","floor":11.0,"turns":2.0},{"damage":5.0,"enemies":"Looter","floor":13.0,"turns":2.0},{"damage":41,"enemies":"The Guardian","floor":16,"turns":8},{"damage":17,"enemies":"3 Byrds","floor":18,"turns":5},{"damage":22,"enemies":"Shell Parasite","floor":19,"turns":4},{"damage":15,"enemies":"Sentry and Sphere","floor":22,"turns":5},{"damage":35,"enemies":"Slavers","floor":24,"turns":3},{"damage":43,"enemies":"Cultist and Chosen","floor":30,"turns":6}],"seed_played":"-2676911248689360802","potions_obtained":[{"floor":6.0,"key":"Energy Potion"},{"floor":8.0,"key":"Weak Potion"},{"floor":11.0,"key":"BlessingOfTheForge"},{"floor":16,"key":"Guardian:BlockOnCardUsePotion"},{"floor":19,"key":"SteroidPotion"},{"floor":24,"key":"LiquidMemories"}],"is_trial":false,"path_per_floor":["M","?","?","?","M","E","R","E","T","E","M","R","M","$","R","B",null,"M","M","?","?","M","R","E","$","T","$","?","?","M"],"character_chosen":"IRONCLAD","items_purchased":["Inflame+1"],"campfire_rested":2,"item_purchase_floors":[27],"current_hp_per_floor":[80,80,80,72,78,80,80,43,43,11,17,41,42,42,42,21,80,69,53,37,37,28,52,23,23,23,23,23,23,0,0],"gold":107,"neow_bonus":"THREE_ENEMY_KILL","is_daily":false,"chose_seed":false,"campfire_upgraded":2,"win_rate":0.0,"timestamp":1609351616,"path_taken":["M","?","?","?","M","E","R","E","T","E","M","R","M","$","R","BOSS","M","M","?","?","M","R","E","$","T","$","?","?","M"],"items_purchased_type":["Card"],"build_version":"2020-12-22","purchased_purges":3,"victory":false,"max_hp_per_floor":[80,80,80,80,80,80,80,80,80,80,80,80,80,80,80,80,80,80,80,80,80,80,80,80,80,80,80,80,80,80,80],"card_choices":[{"not_picked":["Sword Boomerang","Clash"],"picked":"Cleave","floor":1.0},{"not_picked":["Twin Strike","Clash"],"picked":"Rupture","floor":5.0},{"not_picked":["Carnage","Pommel Strike"],"picked":"Flex","floor":6.0},{"not_picked":["Whirlwind","Perfected Strike"],"picked":"Flex","floor":8.0},{"not_picked":["Warcry","Headbutt"],"picked":"Iron Wave","floor":10.0},{"not_picked":["Body Slam","Havoc","Twin Strike"],"picked":"SKIP","floor":11.0},{"not_picked":["Bludgeon","Flex","Clash"],"picked":"SKIP","floor":13.0},{"not_picked":["Reaper","Offering"],"picked":"Brutality+1","floor":16},{"not_picked":["Dropkick","Second Wind+1","Havoc"],"picked":"SKIP","floor":18},{"not_picked":["Uppercut+1","Entrench","Intimidate"],"picked":"SKIP","floor":19},{"not_picked":["Dual Wield","Pummel","Evolve+1"],"picked":"SKIP","floor":22},{"not_picked":["Double Tap","Battle Trance"],"picked":"Inflame+1","floor":24}],"player_experience":389335,"relics_obtained":[{"floor":6.0,"key":"Sundial"},{"floor":8.0,"key":"aspiration:Lifesprig"},{"floor":9.0,"key":"Frozen Egg 2"},{"floor":10.0,"key":"Vajra"},{"floor":20,"key":"Necronomicon"},{"floor":24,"key":"Nunchaku"},{"floor":24,"key":"Boot"},{"floor":26,"key":"Juzu Bracelet"}],"event_choices":[{"damage_healed":0.0,"max_hp_gain":0.0,"max_hp_loss":0.0,"gold_gain":0.0,"event_name":"Big Fish","player_choice":"Box","floor":3.0,"gold_loss":0.0,"damage_taken":0.0,"relics_obtained":["aspiration:ChemicalBlood"],"cards_obtained":["Regret"]},{"damage_healed":0.0,"max_hp_gain":0.0,"max_hp_loss":0.0,"gold_gain":0.0,"event_name":"Wheel of Change","player_choice":"Damaged","floor":4.0,"gold_loss":0.0,"damage_taken":8.0},{"damage_healed":0,"gold_gain":0,"player_choice":"Obtained Book","damage_taken":16,"max_hp_gain":0,"max_hp_loss":0,"event_name":"Cursed Tome","floor":20,"gold_loss":0},{"damage_healed":0,"gold_gain":0,"player_choice":"Smashed Altar","damage_taken":0,"max_hp_gain":0,"max_hp_loss":0,"event_name":"Forgotten Altar","floor":21,"gold_loss":0,"cards_obtained":["Decay"]}],"is_beta":false,"boss_relics":[{"not_picked":["Runic Pyramid","Pandora\u0027s Box"],"picked":"Black Star"}],"items_purged_floors":[14,25,27],"is_endless":false,"potions_floor_spawned":[6,8,11,16,19,24],"killed_by":"Cultist and Chosen","ascension_level":1}}