{"host":"pyvkqaq4yb2dtxwu","time":1609324037,"event":{"mods":["AchievementEnabler","BaseMod","Colored Map","Colored Powertips","DeckTracker","Minty Spire (QoL Compilation)"],"gold_per_floor":[119,130,55,66,66,66,99,111,123,148,189,201,239,261,273,381,393,420,451,477,414,441,484,531,543,555,567,597,637,666,678,690,807,819,843,870,896,135,147,147,177,177,177,399,411,461,478,30,30,30],"floor_reached":51,"playtime":4215,"items_purged":["Strike_R","Strike_R","Defend_R"],"score":826,"play_id":"67305fb7-6feb-431c-a75b-a6f1656a6ef2","local_time":"20201230022717","is_ascension_mode":true,"campfire_choices":[{"data":"Twin Strike","floor":6,"key":"SMITH"},{"data":"Heavy Blade","floor":8,"key":"SMITH"},{"data":"Bash","floor":12,"key":"SMITH"},{"data":"Flame Barrier","floor":15,"key":"SMITH"},{"data":"Immolate","floor":25,"key":"SMITH"},{"floor":27,"key":"REST"},{"floor":32,"key":"REST"},{"floor":40,"key":"REST"},{"data":"Demon Form","floor":42,"key":"SMITH"},{"floor":49,"key":"REST"}],"circlet_count":0,"master_deck":["Strike_R","Defend_R","Defend_R","Defend_R","Bash+1","Twin Strike+1","Heavy Blade+1","Warcry","Limit Break","Rampage","Rampage","Flame Barrier+1","Flex","Offering","Flex","Twin Strike","Rupture+1","Spot Weakness","Immolate+1","Hemokinesis+1","Regret","Carnage","Battle Trance","Necronomicurse","Demon Form+1","CurseOfTheBell","Twin Strike+1","Shrug It Off+1","Carnage","Offering","HandOfGreed","Shame"],"relics":["Burning Blood","MawBank","HornCleat","Pear","Bronze Scales","Cursed Key","InkBottle","Red Mask","Ornamental Fan","Meat on the Bone","Necronomicon","Calling Bell","Lizard Tail","Darkstone Periapt","Tiny Chest","Sling","Self Forming Clay","Question Card","Molten Egg 2","Torii","Mummified Hand"],"acts_visited":["Exordium","TheCity","TheBeyond"],"potions_floor_usage":[11,11,16,23,29,33,41,50,50,50],"damage_taken":[{"damage":0,"enemies":"2 Louse","floor":1,"turns":4},{"damage":6,"enemies":"Cultist","floor":2,"turns":3},{"damage":5,"enemies":"Small Slimes","floor":4,"turns":3},{"damage":46,"enemies":"Lagavulin","floor":7,"turns":9},{"damage":4,"enemies":"2 Fungi Beasts","floor":10,"turns":4},{"damage":14,"enemies":"3 Sentries","floor":11,"turns":9},{"damage":14,"enemies":"Lagavulin","floor":13,"turns":6},{"damage":3,"enemies":"Exordium Wildlife","floor":14,"turns":4},{"damage":19,"enemies":"Slime Boss","floor":16,"turns":9},{"damage":6,"enemies":"Shell Parasite","floor":18,"turns":3},{"damage":6,"enemies":"3 Byrds","floor":19,"turns":3},{"damage":11,"enemies":"Cultist and Chosen","floor":20,"turns":4},{"damage":6,"enemies":"Shelled Parasite and Fungi","floor":22,"turns":3},{"damage":52,"enemies":"Slavers","floor":23,"turns":5},{"damage":0,"enemies":"Masked Bandits","floor":24,"turns":2},{"damage":2,"enemies":"Snecko","floor":28,"turns":4},{"damage":28,"enemies":"Gremlin Leader","floor":29,"turns":4},{"damage":18,"enemies":"Snake Plant","floor":30,"turns":2},{"damage":77,"enemies":"Automaton","floor":33,"turns":7},{"damage":21,"enemies":"3 Darklings","floor":35,"turns":5},{"damage":1,"enemies":"3 Shapes","floor":36,"turns":2},{"damage":30,"enemies":"3 Darklings","floor":37,"turns":3},{"damage":0,"enemies":"Sphere and 2 Shapes","floor":39,"turns":1},{"damage":6,"enemies":"Giant Head","floor":41,"turns":5},{"damage":14,"enemies":"Spire Growth","floor":45,"turns":3},{"damage":38,"enemies":"Mind Bloom Boss Battle","floor":46,"turns":4},{"damage":29,"enemies":"Maw","floor":47,"turns":5},{"damage":37,"enemies":"Donu and Deca","floor":50,"turns":6}],"seed_played":"-1516359123183885789","potions_obtained":[{"floor":1,"key":"AttackPotion"},{"floor":4,"key":"SkillPotion"},{"floor":7,"key":"SkillPotion"},{"floor":14,"key":"ElixirPotion"},{"floor":19,"key":"BloodPotion"},{"floor":20,"key":"LiquidMemories"},{"floor":28,"key":"BloodPotion"},{"floor":29,"key":"FearPotion"},{"floor":35,"key":"ColorlessPotion"},{"floor":37,"key":"EssenceOfSteel"},{"floor":46,"key":"Energy Potion"},{"floor":47,"key":"Strength Potion"}],"is_trial":false,"path_per_floor":["M","M","$","M","?","R","E","R","T","M","E","R","E","M","R","B",null,"M","M","M","?","M","E","?","R","T","R","M","E","M","?","R","B",null,"M","M","M","$","M","R","E","R","T","?","M","?","M","$","R","B",null],"character_chosen":"IRONCLAD","items_purchased":["Offering","HandOfGreed","Sling","Self Forming Clay","Mummified Hand","LiquidBronze"],"campfire_rested":4,"item_purchase_floors":[38,38,38,38,48,48],"current_hp_per_floor":[88,88,88,88,88,88,48,48,48,50,52,52,44,47,47,34,98,98,98,93,93,93,47,53,53,53,82,86,83,71,55,84,44,98,83,88,64,64,70,98,98,98,104,104,96,64,53,53,84,65],"gold":30,"neow_bonus":"TEN_PERCENT_HP_BONUS","is_daily":false,"chose_seed":false,"campfire_upgraded":6,"win_rate":0.0,"timestamp":1609324037,"path_taken":["M","M","$","M","?","R","E","R","T","M","E","R","E","M","R","BOSS","M","M","?","?","M","E","?","R","T","R","M","E","M","?","R","BOSS","M","M","M","$","M","R","E","R","T","?","M","?","?","$","R","BOSS"],"items_purchased_type":["Card","Card","Relic","Relic","Relic","Potion"],"build_version":"2020-12-22","purchased_purges":3,"victory":true,"max_hp_per_floor":[88,88,88,88,88,88,88,88,88,88,98,98,98,98,98,98,98,98,98,98,98,98,98,98,98,98,98,98,98,98,98,98,98,98,98,98,98,98,98,98,98,98,104,104,104,104,104,104,104,104],"card_choices":[{"not_picked":["Anger","Flex"],"picked":"Twin Strike","floor":1},{"not_picked":["Body Slam","Warcry"],"picked":"Heavy Blade","floor":2},{"not_picked":["Iron Wave","Pommel Strike"],"picked":"Warcry","floor":4},{"not_picked":["Body Slam","Heavy Blade"],"picked":"Limit Break","floor":7},{"not_picked":["Heavy Blade","True Grit"],"picked":"Rampage","floor":10},{"not_picked":["Brutality","Sever Soul"],"picked":"Rampage","floor":11},{"not_picked":["Twin Strike","Dark Embrace"],"picked":"Flame Barrier","floor":13},{"not_picked":["Feel No Pain","Clash"],"picked":"Flex","floor":14},{"not_picked":["Fiend Fire","Limit Break"],"picked":"Offering","floor":16},{"not_picked":["True Grit","Rampage"],"picked":"Flex","floor":18},{"not_picked":["Iron Wave","Warcry"],"picked":"Twin Strike","floor":19},{"not_picked":["Perfected Strike","Heavy Blade"],"picked":"Rupture+1","floor":20},{"not_picked":["Armaments","Pommel Strike+1"],"picked":"Spot Weakness","floor":22},{"not_picked":["Reaper","Armaments"],"picked":"Immolate","floor":23},{"not_picked":["Cleave+1","Clothesline"],"picked":"Hemokinesis+1","floor":24},{"not_picked":["Sword Boomerang","Entrench+1","Perfected Strike"],"picked":"SKIP","floor":28},{"not_picked":["Headbutt","Twin Strike"],"picked":"Carnage","floor":29},{"not_picked":["Body Slam","Iron Wave"],"picked":"Battle Trance","floor":30},{"not_picked":["Double Tap","Brutality"],"picked":"Demon Form","floor":33},{"not_picked":["Armaments","Clothesline"],"picked":"Twin Strike+1","floor":35},{"not_picked":["Whirlwind+1","Wild Strike+1"],"picked":"Shrug It Off+1","floor":36},{"not_picked":["True Grit","Body Slam+1"],"picked":"Carnage","floor":37},{"not_picked":["Clothesline","Entrench","Heavy Blade+1"],"picked":"SKIP","floor":39},{"not_picked":["Cleave+1","Juggernaut","Power Through"],"picked":"SKIP","floor":41},{"not_picked":["Anger+1","Headbutt+1","True Grit+1","Reckless Charge+1"],"picked":"SKIP","floor":45},{"not_picked":["Rampage+1","Clothesline+1","Thunderclap+1","Shrug It Off"],"picked":"SKIP","floor":47}],"player_experience":76697,"relics_obtained":[{"floor":7,"key":"MawBank"},{"floor":9,"key":"HornCleat"},{"floor":11,"key":"Pear"},{"floor":13,"key":"Bronze Scales"},{"floor":23,"key":"InkBottle"},{"floor":24,"key":"Red Mask"},{"floor":26,"key":"Ornamental Fan"},{"floor":29,"key":"Meat on the Bone"},{"floor":31,"key":"Necronomicon"},{"floor":34,"key":"Lizard Tail"},{"floor":34,"key":"Darkstone Periapt"},{"floor":34,"key":"Tiny Chest"},{"floor":41,"key":"Question Card"},{"floor":43,"key":"Molten Egg 2"},{"floor":46,"key":"Torii"}],"event_choices":[{"cards_removed":["Strike_R"],"damage_healed":0,"gold_gain":0,"player_choice":"Purged","damage_taken":0,"max_hp_gain":0,"max_hp_loss":0,"event_name":"Purifier","floor":5,"gold_loss":0},{"cards_removed":["Strike_R"],"damage_healed":0,"gold_gain":0,"player_choice":"Gave Gold","damage_taken":0,"max_hp_gain":0,"max_hp_loss":0,"event_name":"Beggar","floor":21,"gold_loss":75},{"damage_healed":0,"gold_gain":0,"player_choice":"Fought Bandits","damage_taken":0,"max_hp_gain":0,"max_hp_loss":0,"event_name":"Masked Bandits","floor":24,"gold_loss":0},{"damage_healed":0,"gold_gain":0,"player_choice":"Obtained Book","damage_taken":16,"max_hp_gain":0,"max_hp_loss":0,"event_name":"Cursed Tome","floor":31,"gold_loss":0},{"damage_healed":0,"gold_gain":222,"player_choice":"Wore Mask","damage_taken":0,"max_hp_gain":0,"max_hp_loss":0,"event_name":"Tomb of Lord Red Mask","floor":44,"gold_loss":0},{"damage_healed":0,"gold_gain":0,"player_choice":"Fight","damage_taken":0,"max_hp_gain":0,"max_hp_loss":0,"event_name":"MindBloom","floor":46,"gold_loss":0}],"is_beta":false,"boss_relics":[{"not_picked":["SlaversCollar","Tiny House"],"picked":"Cursed Key"},{"not_picked":["Snecko Eye","Fusion Hammer"],"picked":"Calling Bell"}],"items_purged_floors":[3,38,48],"is_endless":false,"potions_floor_spawned":[1,4,7,14,19,20,22,28,29,35,36,37,46,47],"ascension_level":1}}