{"host":"udyc8f81k2jocuhg","time":1609335191,"event":{"mods":["2.2 Compatiblity","BaseMod","Better Third Choice","Colored Powertips","Conspire","Custom Start","GifTheSpireLib","Hermit","Minty Spire (QoL Compilation)","Permanent Neow","Quick Restart","Relic Filter","Relic Stats","Replay The Spire","Shop Mod","Spikes Relics","StSLib","Stuff the Spire"],"gold_per_floor":[360,24,38,38,38,38,38],"floor_reached":6,"playtime":159,"items_purged":["Strike_B"],"score":60,"play_id":"974a8831-b0a6-4d49-869c-75532b742efd","local_time":"20201230143311","is_ascension_mode":true,"campfire_choices":[],"circlet_count":0,"master_deck":["AscendersBane","Strike_B","Strike_B","Strike_B","Defend_B","Defend_B","Defend_B","Defend_B","Zap","Dualcast","Conserve Battery","Conserve Battery","Doom and Gloom+1","Capacitor"],"relics":["Cracked Core","Replay:Antivirus Software"],"acts_visited":["Exordium"],"potions_floor_usage":[],"damage_taken":[{"damage":9,"enemies":"Small Slimes","floor":1,"turns":4},{"damage":10,"enemies":"2 Louse","floor":3,"turns":2},{"damage":24,"enemies":"Lagavulin","floor":6,"turns":6}],"seed_played":"5124842458723865470","potions_obtained":[{"floor":3,"key":"ColorlessPotion"}],"is_trial":false,"path_per_floor":["M","$","M","$","?","E"],"character_chosen":"DEFECT","items_purchased":["Replay:Antivirus Software","Conserve Battery","Doom and Gloom+1"],"campfire_rested":0,"item_purchase_floors":[2,2,2],"current_hp_per_floor":[37,37,27,27,23,0,0],"gold":38,"neow_bonus":"TWO_FIFTY_GOLD","is_daily":false,"chose_seed":false,"campfire_upgraded":0,"win_rate":0.0,"timestamp":1609335191,"path_taken":["M","$","M","$","?","E"],"items_purchased_type":["Relic","Card","Card"],"build_version":"2020-12-22","purchased_purges":1,"victory":false,"max_hp_per_floor":[71,71,71,71,71,71,71],"relic_stats":{"counters":[3,12],"obtain_stats":[{"Replay:Antivirus Software":2,"Cracked Core":0},{"Replay:Antivirus Software":1,"Cracked Core":0},{"Replay:Antivirus Software":4,"Cracked Core":0}]},"card_choices":[{"not_picked":["Barrage","StuffTheSpire:Plugnplay"],"picked":"Conserve Battery","floor":1},{"not_picked":["Redo","Barrage"],"picked":"Capacitor","floor":3}],"player_experience":1938479,"relics_obtained":[],"event_choices":[{"damage_healed":0,"gold_gain":0,"player_choice":"Leave","damage_taken":0,"max_hp_gain":0,"max_hp_loss":0,"event_name":"conspire:Investor","floor":5,"gold_loss":0}],"is_beta":false,"boss_relics":[],"items_purged_floors":[2],"is_endless":false,"potions_floor_spawned":[3],"killed_by":"Lagavulin","ascension_level":15}}