{"host":"x5anfo2w8aotfuta","time":1609322995,"event":{"mods":["AchievementEnabler","BaseMod","Bestiary","Block Reminder","Colored Map","Colored Powertips","DeckTracker","Highlight Path","Minty Spire (QoL Compilation)","Quick Restart","Rare Cards Sparkle","Relic Stats","StSLib"],"gold_per_floor":[117,16,35,35,35,35,45,76,76,92,111,111,111,131,131,226,226,241,221,252,252,270,270,270,270,321,355,374,393,424,424,424,520,520,533,18,18,31,44,73,73,104,104,104,114,114,128,157,157,157,157,157,28,55,55,55],"floor_reached":55,"playtime":5121,"items_purged":["Writhe"],"score":1156,"play_id":"60a11646-f6f9-4216-a013-7c0662c75213","local_time":"20201230020955","is_ascension_mode":true,"campfire_choices":[{"data":"Neutralize","floor":6,"key":"SMITH"},{"data":"Dagger Spray","floor":15,"key":"SMITH"},{"floor":23,"key":"REST"},{"floor":25,"key":"REST"},{"floor":32,"key":"RECALL"},{"floor":41,"key":"REST"},{"floor":44,"key":"REST"},{"floor":49,"key":"REST"},{"floor":52,"key":"REST"}],"circlet_count":0,"master_deck":["Defend_G","Defend_G","Survivor","Neutralize+1","Deadly Poison","Cloak And Dagger","Crippling Poison+1","Sucker Punch","Footwork+1","Backstab","Poisoned Stab","Dagger Spray+1","Malaise","Dodge and Roll","Bane+1","Blur+1","Catalyst+1","Footwork+1","Flying Knee","Corpse Explosion","Prepared+1","Distraction+1","Sucker Punch+1","Glass Knife","Dagger Throw+1","Catalyst+1","Caltrops","Noxious Fumes"],"relics":["Ring of the Snake","Pear","Centennial Puzzle","Fusion Hammer","Red Mask","Ancient Tea Set","Pocketwatch","Tingsha","Astrolabe","Blood Vial","Thread and Needle","Akabeko","Boot","Art of War","Mercury Hourglass"],"acts_visited":["Exordium","TheCity","TheBeyond","TheEnding"],"potions_floor_usage":[14,16,16,22,30,33,40,48,54,55,55],"damage_taken":[{"damage":1,"enemies":"2 Louse","floor":1,"turns":3},{"damage":4,"enemies":"Small Slimes","floor":3,"turns":5},{"damage":0,"enemies":"Cultist","floor":7,"turns":4},{"damage":21,"enemies":"3 Sentries","floor":8,"turns":14},{"damage":8,"enemies":"Exordium Wildlife","floor":10,"turns":4},{"damage":2,"enemies":"Large Slime","floor":11,"turns":9},{"damage":10,"enemies":"Exordium Thugs","floor":14,"turns":4},{"damage":8,"enemies":"Hexaghost","floor":16,"turns":7},{"damage":0,"enemies":"3 Byrds","floor":18,"turns":4},{"damage":2,"enemies":"2 Thieves","floor":19,"turns":4},{"damage":23,"enemies":"Masked Bandits","floor":20,"turns":7},{"damage":13,"enemies":"3 Cultists","floor":22,"turns":6},{"damage":17,"enemies":"Slavers","floor":27,"turns":6},{"damage":3,"enemies":"Snake Plant","floor":28,"turns":5},{"damage":4,"enemies":"Shelled Parasite and Fungi","floor":29,"turns":5},{"damage":0,"enemies":"Gremlin Leader","floor":30,"turns":3},{"damage":27,"enemies":"Collector","floor":33,"turns":9},{"damage":16,"enemies":"3 Darklings","floor":35,"turns":4},{"damage":8,"enemies":"Orb Walker","floor":38,"turns":3},{"damage":0,"enemies":"3 Darklings","floor":39,"turns":4},{"damage":18,"enemies":"Giant Head","floor":40,"turns":8},{"damage":38,"enemies":"Nemesis","floor":42,"turns":9},{"damage":0,"enemies":"Sphere and 2 Shapes","floor":45,"turns":4},{"damage":0,"enemies":"4 Shapes","floor":47,"turns":4},{"damage":18,"enemies":"Reptomancer","floor":48,"turns":6},{"damage":15,"enemies":"Time Eater","floor":50,"turns":9},{"damage":18,"enemies":"Shield and Spear","floor":54,"turns":5},{"damage":64,"enemies":"The Heart","floor":55,"turns":6}],"seed_played":"6279501534208187303","potions_obtained":[{"floor":8,"key":"PowerPotion"},{"floor":10,"key":"Poison Potion"},{"floor":14,"key":"PowerPotion"},{"floor":20,"key":"Energy Potion"},{"floor":28,"key":"GhostInAJar"},{"floor":29,"key":"DuplicationPotion"},{"floor":35,"key":"Dexterity Potion"},{"floor":45,"key":"CunningPotion"},{"floor":48,"key":"Ancient Potion"}],"is_trial":false,"path_per_floor":["M","$","M","?","$","R","M","E","T","M","M","?","?","M","R","B",null,"M","M","?","?","M","R","?","R","T","E","M","M","E","?","R","B",null,"M","$","?","M","M","E","R","E","T","R","M","?","M","E","R","B",null,"R","$","E","B"],"character_chosen":"THE_SILENT","items_purchased":["Sucker Punch","Blood Vial","Thread and Needle","Fire Potion","Caltrops","Block Potion"],"campfire_rested":6,"item_purchase_floors":[2,36,36,36,53,53],"current_hp_per_floor":[62,62,58,58,58,58,58,47,47,39,37,30,30,20,20,12,63,63,61,38,38,25,49,49,73,73,56,53,49,49,49,49,22,66,50,50,50,44,46,30,54,18,18,42,44,44,46,30,54,41,70,80,80,62,0,0],"gold":55,"neow_bonus":"TRANSFORM_TWO_CARDS","is_daily":false,"chose_seed":false,"campfire_upgraded":2,"win_rate":0.0,"timestamp":1609322995,"path_taken":["M","$","M","?","$","R","M","E","T","M","M","?","?","M","R","BOSS","M","M","?","?","M","R","?","R","T","E","M","?","E","?","R","BOSS","M","$","?","M","M","E","R","E","T","R","?","?","M","E","R","BOSS","R","$","E","BOSS"],"items_purchased_type":["Card","Relic","Relic","Potion","Card","Potion"],"build_version":"2020-12-22","purchased_purges":1,"victory":false,"max_hp_per_floor":[70,70,70,70,70,70,70,80,80,80,80,80,80,80,80,80,80,80,80,80,80,80,80,80,80,80,80,80,80,80,80,80,80,80,80,80,80,80,80,80,80,80,80,80,80,80,80,80,80,80,80,80,80,80,80,80],"relic_stats":{"Blood Vial":18,"Centennial Puzzle":[57],"counters":[28,161],"Astrolabe":["Prepared","Distraction","Sucker Punch"],"Tingsha":[113],"Art of War":[6],"Boot":[17],"obtain_stats":[{"Pear":8,"Astrolabe":34,"Tingsha":30,"Thread and Needle":36,"Ancient Tea Set":26,"Boot":42,"Akabeko":40,"Mercury Hourglass":54,"Blood Vial":36,"Centennial Puzzle":9,"Fusion Hammer":17,"Red Mask":20,"Art of War":48,"Ring of the Snake":0,"Pocketwatch":27},{"Pear":4,"Astrolabe":17,"Tingsha":16,"Thread and Needle":18,"Ancient Tea Set":12,"Boot":22,"Akabeko":21,"Mercury Hourglass":27,"Blood Vial":18,"Centennial Puzzle":4,"Fusion Hammer":8,"Red Mask":11,"Art of War":25,"Ring of the Snake":0,"Pocketwatch":13},{"Pear":26,"Astrolabe":99,"Tingsha":90,"Thread and Needle":103,"Ancient Tea Set":71,"Boot":127,"Akabeko":118,"Mercury Hourglass":155,"Blood Vial":103,"Centennial Puzzle":26,"Fusion Hammer":50,"Red Mask":65,"Art of War":141,"Ring of the Snake":0,"Pocketwatch":77}],"Ring of the Snake":[56],"Pocketwatch":[67],"Mercury Hourglass":[18]},"card_choices":[{"not_picked":["Dagger Throw","Cloak And Dagger"],"picked":"Crippling Poison","floor":1},{"not_picked":["Accuracy","Sucker Punch"],"picked":"Footwork","floor":3},{"not_picked":["Terror","Calculated Gamble","Outmaneuver"],"picked":"SKIP","floor":7},{"not_picked":["Terror","Underhanded Strike"],"picked":"Backstab","floor":8},{"not_picked":["Underhanded Strike","Prepared","Sucker Punch"],"picked":"SKIP","floor":10},{"not_picked":["PiercingWail","Flying Knee"],"picked":"Poisoned Stab","floor":11},{"not_picked":["Cloak And Dagger","Sucker Punch"],"picked":"Dagger Spray","floor":14},{"not_picked":["Wraith Form v2","Night Terror"],"picked":"Malaise","floor":16},{"not_picked":["Deflect","Slice+1"],"picked":"Dodge and Roll","floor":18},{"not_picked":["Concentrate","Skewer","Deflect"],"picked":"SKIP","floor":19},{"not_picked":["Sucker Punch","Blade Dance"],"picked":"Bane+1","floor":22},{"not_picked":["Flying Knee","Quick Slash"],"picked":"Blur+1","floor":27},{"not_picked":["Slice","Choke"],"picked":"Catalyst+1","floor":28},{"not_picked":["Underhanded Strike+1","Calculated Gamble+1"],"picked":"Footwork","floor":29},{"not_picked":["Bullet Time","Poisoned Stab","Deadly Poison"],"picked":"SKIP","floor":30},{"not_picked":["Phantasmal Killer","Storm of Steel"],"picked":"Corpse Explosion","floor":33},{"not_picked":["Sucker Punch","Blade Dance+1","Bane"],"picked":"SKIP","floor":35},{"not_picked":["Underhanded Strike","Quick Slash","Poisoned Stab"],"picked":"SKIP","floor":38},{"not_picked":["All Out Attack+1","Finisher","Eviscerate+1"],"picked":"SKIP","floor":39},{"not_picked":["Quick Slash","Dodge and Roll"],"picked":"Dagger Throw+1","floor":40},{"not_picked":["Prepared+1","Outmaneuver+1","Storm of Steel"],"picked":"SKIP","floor":42},{"not_picked":["Crippling Poison","Flechettes"],"picked":"Catalyst+1","floor":45},{"not_picked":["Sucker Punch","Dagger Spray+1","Flying Knee+1"],"picked":"SKIP","floor":47},{"not_picked":["Deflect","Sucker Punch","Cloak And Dagger+1"],"picked":"SKIP","floor":48},{"not_picked":["Poisoned Stab+1","Sucker Punch+1"],"picked":"Noxious Fumes","floor":54}],"player_experience":408729,"relics_obtained":[{"floor":8,"key":"Pear"},{"floor":9,"key":"Centennial Puzzle"},{"floor":20,"key":"Red Mask"},{"floor":26,"key":"Ancient Tea Set"},{"floor":27,"key":"Pocketwatch"},{"floor":30,"key":"Tingsha"},{"floor":40,"key":"Akabeko"},{"floor":42,"key":"Boot"},{"floor":48,"key":"Art of War"},{"floor":54,"key":"Mercury Hourglass"}],"event_choices":[{"damage_healed":0,"gold_gain":0,"player_choice":"Grow","damage_taken":0,"max_hp_gain":0,"max_hp_loss":0,"event_name":"Living Wall","floor":4,"gold_loss":0,"cards_upgraded":["Footwork"]},{"cards_removed":["Strike_G"],"damage_healed":0,"gold_gain":0,"player_choice":"Card Removal","damage_taken":7,"max_hp_gain":0,"max_hp_loss":0,"event_name":"Golden Wing","floor":12,"gold_loss":0},{"cards_removed":["Strike_G"],"damage_healed":0,"gold_gain":0,"player_choice":"Purged","damage_taken":0,"max_hp_gain":0,"max_hp_loss":0,"event_name":"Purifier","floor":13,"gold_loss":0},{"damage_healed":0,"gold_gain":0,"player_choice":"Fought Bandits","damage_taken":0,"max_hp_gain":0,"max_hp_loss":0,"event_name":"Masked Bandits","floor":20,"gold_loss":0},{"damage_healed":0,"gold_gain":0,"player_choice":"Ignored","damage_taken":0,"max_hp_gain":0,"max_hp_loss":0,"event_name":"Ghosts","floor":21,"gold_loss":0},{"damage_healed":0,"gold_gain":0,"player_choice":"Forge","damage_taken":0,"max_hp_gain":0,"max_hp_loss":0,"event_name":"Accursed Blacksmith","floor":24,"gold_loss":0,"cards_upgraded":["Crippling Poison"]},{"damage_healed":0,"gold_gain":0,"cards_transformed":["Strike_G","Strike_G"],"player_choice":"Became Test Subject","damage_taken":0,"max_hp_gain":0,"max_hp_loss":0,"event_name":"Drug Dealer","floor":31,"gold_loss":0,"cards_obtained":["Flying Knee","Accuracy"]},{"damage_healed":0,"gold_gain":0,"player_choice":"1 cards matched","damage_taken":0,"max_hp_gain":0,"max_hp_loss":0,"event_name":"Match and Keep!","floor":37,"gold_loss":0,"cards_obtained":["Glass Knife"]},{"damage_healed":0,"gold_gain":0,"player_choice":"Upgraded","damage_taken":0,"max_hp_gain":0,"max_hp_loss":0,"event_name":"Upgrade Shrine","floor":46,"gold_loss":0,"cards_upgraded":["Footwork"]}],"is_beta":false,"boss_relics":[{"not_picked":["Coffee Dripper","Empty Cage"],"picked":"Fusion Hammer"},{"not_picked":["Busted Crown","Tiny House"],"picked":"Astrolabe"}],"items_purged_floors":[2],"is_endless":false,"potions_floor_spawned":[8,10,14,20,28,29,35,45,48],"killed_by":"The Heart","ascension_level":9}}