{"host":"wha9hktbkslqvblg","time":1609303372,"event":{"mods":["BaseMod","Colored Map","Minty Spire (QoL Compilation)","Relic Stats","SuperFastMode","everything is the same but u backflip on backflip"],"gold_per_floor":[109,159,173,98,98,127,127,27,109,126,137,170,170,187,187,261,261,278,294,294,344,74,74,99,99,99,99,99,112,112,126,126,126,126],"floor_reached":33,"playtime":639,"items_purged":["Strike_R","Strike_R","Strike_R"],"score":596,"play_id":"026e34f9-acd0-4171-822b-71e8c78d20d3","local_time":"20201230134252","is_ascension_mode":true,"campfire_choices":[{"data":"Pommel Strike","floor":7.0,"key":"SMITH"},{"data":"Immolate","floor":13.0,"key":"SMITH"},{"floor":15.0,"key":"RECALL"},{"data":"Barricade","floor":23.0,"key":"SMITH"},{"floor":25.0,"key":"REST"},{"floor":32,"key":"REST"}],"circlet_count":0,"master_deck":["AscendersBane","Strike_R","Defend_R","Defend_R","Defend_R","Defend_R","Bash","Pommel Strike+1","Feel No Pain","Immolate+1","Bloodletting+1","Barricade+1","Power Through+1","Finesse+1","True Grit+1","Clumsy","Armaments+1"],"relics":["Burning Blood","NeowsBlessing","StrikeDummy","Question Card","Toxic Egg 2","Cursed Key","Sundial","Frozen Egg 2"],"acts_visited":["Exordium","TheCity"],"potions_floor_usage":[29,33],"damage_taken":[{"damage":0.0,"enemies":"Jaw Worm","floor":1.0,"turns":1.0},{"damage":0.0,"enemies":"Cultist","floor":3.0,"turns":1.0},{"damage":0.0,"enemies":"Lagavulin","floor":6.0,"turns":1.0},{"damage":12.0,"enemies":"2 Louse","floor":10.0,"turns":3.0},{"damage":23.0,"enemies":"Large Slime","floor":11.0,"turns":6.0},{"damage":8.0,"enemies":"Gremlin Nob","floor":12.0,"turns":3.0},{"damage":1.0,"enemies":"2 Fungi Beasts","floor":14.0,"turns":2.0},{"damage":44.0,"enemies":"Slime Boss","floor":16.0,"turns":6.0},{"damage":19.0,"enemies":"Chosen","floor":18.0,"turns":5.0},{"damage":1.0,"enemies":"Spheric Guardian","floor":19.0,"turns":3.0},{"damage":32.0,"enemies":"Gremlin Leader","floor":24.0,"turns":6.0},{"damage":0,"enemies":"Cultist and Chosen","floor":29,"turns":10},{"damage":16,"enemies":"Snecko","floor":31,"turns":9},{"damage":16,"enemies":"Champ","floor":33,"turns":16}],"seed_played":"7225256198642299414","potions_obtained":[{"floor":6.0,"key":"BloodPotion"},{"floor":12.0,"key":"AttackPotion"},{"floor":14.0,"key":"PowerPotion"},{"floor":16.0,"key":"ElixirPotion"},{"floor":18.0,"key":"Strength Potion"},{"floor":31,"key":"Fire Potion"}],"is_trial":false,"path_per_floor":["M","?","M","$","?","E","R","$","T","M","M","E","R","M","R","B",null,"M","M","?","?","$","R","E","R","T","?","$","M","?","M","R","B"],"character_chosen":"IRONCLAD","items_purchased":["Finesse+1","True Grit+1"],"campfire_rested":2,"item_purchase_floors":[22,22],"current_hp_per_floor":[74,74,75,75,80,80,80,80,80,74,57,55,55,60,60,22,66,69,74,51,51,51,51,25,50,50,50,50,56,56,46,71,55,55],"gold":126,"neow_bonus":"THREE_ENEMY_KILL","is_daily":false,"chose_seed":false,"campfire_upgraded":3,"win_rate":0.0,"timestamp":1609303372,"path_taken":["M","?","M","?","?","E","R","$","T","M","M","E","R","M","R","BOSS","M","M","?","?","$","R","E","R","T","?","?","?","?","M","R","BOSS"],"items_purchased_type":["Card","Card"],"build_version":"2020-12-22","purchased_purges":3,"victory":false,"max_hp_per_floor":[75,75,75,75,80,80,80,80,80,80,80,80,80,80,80,80,80,80,80,85,85,85,85,85,85,85,85,85,85,85,85,85,85,85],"relic_stats":{"counters":[14,72],"Sundial":[6],"Question Card":10,"Cursed Key":1,"obtain_stats":[{"NeowsBlessing":0,"Sundial":24,"Toxic Egg 2":12,"Frozen Egg 2":30,"StrikeDummy":6,"Question Card":9,"Cursed Key":17,"Burning Blood":0},{"NeowsBlessing":0,"Sundial":11,"Toxic Egg 2":6,"Frozen Egg 2":12,"StrikeDummy":3,"Question Card":3,"Cursed Key":8,"Burning Blood":0},{"NeowsBlessing":0,"Sundial":37,"Toxic Egg 2":15,"Frozen Egg 2":47,"StrikeDummy":3,"Question Card":3,"Cursed Key":23,"Burning Blood":0}],"Burning Blood":67},"card_choices":[{"not_picked":["Havoc","Rampage","Armaments"],"picked":"SKIP","floor":1.0},{"not_picked":["Cleave","Clothesline"],"picked":"Pommel Strike","floor":3.0},{"not_picked":["Headbutt","Armaments"],"picked":"Feel No Pain","floor":6.0},{"not_picked":["Sever Soul","Rage","Headbutt","Wild Strike"],"picked":"SKIP","floor":10.0},{"not_picked":["Iron Wave","Combust","Brutality","Armaments"],"picked":"SKIP","floor":11.0},{"not_picked":["Iron Wave","Combust","Brutality","Armaments"],"picked":"SKIP","floor":11.0},{"not_picked":["Power Through+1","Sever Soul","Armaments+1"],"picked":"Immolate","floor":12.0},{"not_picked":["Sword Boomerang","Body Slam","Wild Strike"],"picked":"Bloodletting+1","floor":14.0},{"not_picked":["Exhume+1","Brutality","Berserk"],"picked":"Barricade","floor":16.0},{"not_picked":["Iron Wave","Thunderclap","Cleave"],"picked":"Power Through+1","floor":18.0},{"not_picked":["Disarm+1","Perfected Strike","Intimidate+1","Pommel Strike"],"picked":"SKIP","floor":19.0},{"not_picked":["Clothesline","Juggernaut","Spot Weakness+1","Power Through+1"],"picked":"SKIP","floor":24.0},{"not_picked":["Clash","Flex+1","Cleave+1","Clothesline"],"picked":"SKIP","floor":29},{"not_picked":["Anger","Cleave","Rupture+1"],"picked":"Armaments+1","floor":31}],"player_experience":910177,"relics_obtained":[{"floor":6.0,"key":"StrikeDummy"},{"floor":9.0,"key":"Question Card"},{"floor":12.0,"key":"Toxic Egg 2"},{"floor":24.0,"key":"Sundial"},{"floor":30,"key":"Frozen Egg 2"}],"event_choices":[{"damage_healed":0.0,"max_hp_gain":0.0,"max_hp_loss":0.0,"gold_gain":50.0,"event_name":"Golden Shrine","player_choice":"Pray","floor":2.0,"gold_loss":0.0,"damage_taken":0.0},{"damage_healed":0.0,"max_hp_gain":5.0,"max_hp_loss":0.0,"gold_gain":0.0,"event_name":"Big Fish","player_choice":"Donut","floor":5.0,"gold_loss":0.0,"damage_taken":0.0},{"damage_healed":0.0,"max_hp_gain":5.0,"max_hp_loss":0.0,"gold_gain":0.0,"event_name":"Forgotten Altar","player_choice":"Shed Blood","floor":20.0,"gold_loss":0.0,"damage_taken":28.0},{"damage_healed":0.0,"max_hp_gain":0.0,"max_hp_loss":0.0,"gold_gain":50.0,"event_name":"Nest","player_choice":"Stole From Cult","floor":21.0,"gold_loss":0.0,"damage_taken":0.0},{"cards_removed":["Strike_R"],"damage_healed":0,"gold_gain":0,"player_choice":"Elegance","damage_taken":0,"max_hp_gain":0,"max_hp_loss":0,"event_name":"Back to Basics","floor":27,"gold_loss":0},{"damage_healed":0,"gold_gain":0,"player_choice":"Relic","damage_taken":0,"max_hp_gain":0,"max_hp_loss":0,"event_name":"Wheel of Change","floor":30,"gold_loss":0}],"is_beta":false,"boss_relics":[{"not_picked":["Mark of Pain","SacredBark"],"picked":"Cursed Key"}],"items_purged_floors":[4,8,22],"is_endless":false,"potions_floor_spawned":[6,12,14,16,18,31],"killed_by":"Champ","ascension_level":20}}