{"host":"baymyijz6sxaqj5s","time":1609327230,"event":{"mods":["AchievementEnabler","BaseMod","Colored Map","Colored Powertips","DeckTracker","Highlight Path","KOR Keyword Fix","Keyboard Shortcuts","Minty Spire (QoL Compilation)","Quick Restart","StSLib","SuperFastMode"],"gold_per_floor":[118,118,129,139,62,62,162,162,162,162,176,176,195,205,205,308,308,324,324,305,324,93,93,104,104,186,205,130,146,161,175,175,278,278,292,62,112,123,136,136,136],"floor_reached":40,"playtime":2051,"items_purged":["Biased Cognition"],"score":384,"play_id":"38bc1bc8-419a-4598-b5b4-665be3827f91","local_time":"20201230202030","is_ascension_mode":false,"campfire_choices":[{"data":"Coolheaded","floor":6.0,"key":"SMITH"},{"data":"Zap","floor":8.0,"key":"SMITH"},{"data":"Leap","floor":10.0,"key":"SMITH"},{"data":"Electrodynamics","floor":12.0,"key":"SMITH"},{"data":"Defragment","floor":15,"key":"SMITH"},{"data":"Capacitor","floor":23,"key":"SMITH"},{"data":"Chaos","floor":25,"key":"SMITH"},{"data":"Redo","floor":32,"key":"SMITH"}],"circlet_count":0,"master_deck":["Strike_B","Defend_B","Defend_B","Defend_B","Defend_B","Zap+1","Dualcast+1","Steam","Coolheaded+1","Leap+1","Electrodynamics+1","Sweeping Beam","Glacier","Defragment+1","Steam Power+1","Rainbow+1","Chaos+1","Stack","Conserve Battery+1","Capacitor+1","Rainbow","Redo+1","Self Repair+1","Multi-Cast","Stack+1","Cold Snap"],"relics":["Cracked Core","InkBottle","Astrolabe","Frozen Egg 2","Runic Pyramid","Lizard Tail"],"acts_visited":["TheCity","TheBeyond"],"potions_floor_usage":[20,21,24,24,29,30,33,37,37,40,40,40],"damage_taken":[{"damage":0.0,"enemies":"Jaw Worm","floor":1.0,"turns":4.0},{"damage":0.0,"enemies":"Cultist","floor":3.0,"turns":4.0},{"damage":0.0,"enemies":"2 Louse","floor":4.0,"turns":3.0},{"damage":0.0,"enemies":"Large Slime","floor":11.0,"turns":6.0},{"damage":0,"enemies":"Blue Slaver","floor":13,"turns":3},{"damage":6,"enemies":"3 Louse","floor":14,"turns":3},{"damage":20,"enemies":"The Guardian","floor":16,"turns":15},{"damage":0,"enemies":"Spheric Guardian","floor":18,"turns":5},{"damage":3,"enemies":"2 Thieves","floor":20,"turns":4},{"damage":6,"enemies":"Centurion and Healer","floor":21,"turns":9},{"damage":5,"enemies":"3 Cultists","floor":24,"turns":5},{"damage":5,"enemies":"Snake Plant","floor":27,"turns":6},{"damage":0,"enemies":"Centurion and Healer","floor":29,"turns":8},{"damage":0,"enemies":"Snecko","floor":30,"turns":5},{"damage":5,"enemies":"Snake Plant","floor":31,"turns":3},{"damage":43,"enemies":"Champ","floor":33,"turns":15},{"damage":19,"enemies":"Orb Walker","floor":35,"turns":4},{"damage":61,"enemies":"2 Orb Walkers","floor":37,"turns":6},{"damage":17,"enemies":"3 Shapes","floor":38,"turns":3},{"damage":48,"enemies":"Jaw Worm Horde","floor":39,"turns":5},{"damage":22,"enemies":"Sphere and 2 Shapes","floor":40,"turns":3}],"seed_played":"2910940385143965322","potions_obtained":[{"floor":13,"key":"SteroidPotion"},{"floor":14,"key":"AttackPotion"},{"floor":16,"key":"PowerPotion"},{"floor":20,"key":"Regen Potion"},{"floor":24,"key":"Energy Potion"},{"floor":29,"key":"Fire Potion"},{"floor":30,"key":"BlessingOfTheForge"},{"floor":35,"key":"Dexterity Potion"},{"floor":37,"key":"FearPotion"},{"floor":39,"key":"EntropicBrew"}],"is_trial":false,"path_per_floor":["M","?","M","M","$","R","?","R","T","R","M","R","M","M","R","B",null,"M","?","M","M","$","R","M","R","T","M","?","M","M","M","R","B",null,"M","$","?","M","M","M"],"character_chosen":"DEFECT","items_purchased":["Electrodynamics","Capacitor","Rainbow","Self Repair+1","Multi-Cast","Regen Potion"],"campfire_rested":0,"item_purchase_floors":[5,22,22,36,36,36],"current_hp_per_floor":[82,82,82,82,82,82,82,82,82,82,82,82,82,76,76,56,82,82,82,79,82,82,82,77,77,77,72,72,72,72,67,67,24,82,63,63,27,10,22,0,0],"gold":136,"neow_bonus":"TEN_PERCENT_HP_BONUS","is_daily":false,"chose_seed":false,"campfire_upgraded":8,"win_rate":0.0,"timestamp":1609327230,"path_taken":["M","?","M","M","$","R","?","R","T","R","M","R","?","M","R","BOSS","M","?","M","M","$","R","M","R","T","M","?","M","M","M","R","BOSS","M","$","?","M","M","M"],"items_purchased_type":["Card","Card","Card","Card","Card","Potion"],"build_version":"2020-12-22","purchased_purges":1,"victory":false,"max_hp_per_floor":[82,82,82,82,82,82,82,82,82,82,82,82,82,82,82,82,82,82,82,82,82,82,82,82,82,82,82,82,82,82,82,82,82,82,82,82,82,82,82,82,82],"card_choices":[{"not_picked":["Turbo","Gash"],"picked":"Steam","floor":1.0},{"not_picked":["Rebound","Turbo"],"picked":"Coolheaded","floor":3.0},{"not_picked":["Consume","Genetic Algorithm"],"picked":"Leap","floor":4.0},{"not_picked":["Steam","Steam Power"],"picked":"Sweeping Beam","floor":11.0},{"not_picked":["Blizzard","Turbo"],"picked":"Glacier","floor":13},{"not_picked":["Gash","Glacier"],"picked":"Defragment","floor":14},{"not_picked":["Fission","Electrodynamics"],"picked":"Biased Cognition","floor":16},{"not_picked":["Heatsinks","Barrage+1"],"picked":"Chaos","floor":18},{"not_picked":["Barrage","Go for the Eyes"],"picked":"Stack","floor":20},{"not_picked":["Sunder","Turbo"],"picked":"Conserve Battery+1","floor":21},{"not_picked":["Steam","Go for the Eyes","Chaos"],"picked":"SKIP","floor":24},{"not_picked":["White Noise","Stack+1","Steam"],"picked":"SKIP","floor":27},{"not_picked":["Rip and Tear","Scrape","Meteor Strike"],"picked":"SKIP","floor":29},{"not_picked":["Stack","Barrage"],"picked":"Redo","floor":30},{"not_picked":["Coolheaded","Streamline","Ball Lightning"],"picked":"SKIP","floor":31},{"not_picked":["Streamline","Storm+1","Gash"],"picked":"SKIP","floor":35},{"not_picked":["Hologram+1","Go for the Eyes"],"picked":"Stack+1","floor":37},{"not_picked":["Static Discharge+1","Steam Power+1","Storm+1"],"picked":"SKIP","floor":38},{"not_picked":["Glacier","Ball Lightning"],"picked":"Cold Snap","floor":39}],"player_experience":274955,"relics_obtained":[{"floor":9.0,"key":"InkBottle"},{"floor":26,"key":"Frozen Egg 2"},{"floor":37,"key":"Lizard Tail"}],"event_choices":[{"damage_healed":0.0,"max_hp_gain":0.0,"max_hp_loss":0.0,"gold_gain":0.0,"event_name":"Living Wall","player_choice":"Grow","floor":2.0,"gold_loss":0.0,"damage_taken":0.0,"cards_upgraded":["Dualcast"]},{"damage_healed":0.0,"max_hp_gain":0.0,"max_hp_loss":0.0,"gold_gain":100.0,"event_name":"Wheel of Change","player_choice":"Gold","floor":7.0,"gold_loss":0.0,"damage_taken":0.0},{"damage_healed":0,"gold_gain":0,"player_choice":"Ignored","damage_taken":0,"max_hp_gain":0,"max_hp_loss":0,"event_name":"Vampires","floor":19,"gold_loss":0},{"cards_removed":["Genetic Algorithm"],"damage_healed":0,"gold_gain":0,"player_choice":"Gave Gold","damage_taken":0,"max_hp_gain":0,"max_hp_loss":0,"event_name":"Beggar","floor":28,"gold_loss":75},{"damage_healed":0,"gold_gain":0,"player_choice":"Fight","damage_taken":0,"max_hp_gain":0,"max_hp_loss":0,"event_name":"Mysterious Sphere","floor":37,"gold_loss":0}],"is_beta":false,"boss_relics":[{"not_picked":["Black Star","Ectoplasm"],"picked":"Astrolabe"},{"not_picked":["Runic Dome","Calling Bell"],"picked":"Runic Pyramid"}],"items_purged_floors":[22],"is_endless":false,"potions_floor_spawned":[13,14,16,20,24,29,30,35,37,39],"killed_by":"Sphere and 2 Shapes","ascension_level":0}}