{"host":"2lrkmsuh7nz013qb","time":1609317528,"event":{"mods":["BaseMod","Colored Map","DeckTracker","Minty Spire (QoL Compilation)","SuperFastMode","everything is the same but u backflip on backflip"],"gold_per_floor":[111,126,145,163,163,163,183,203,227,227,227,242,7,19,19,98,98,108,8,8,20,20,20,20,20],"floor_reached":24,"playtime":642,"items_purged":["Strike_G","Defend_G"],"score":380,"play_id":"83406cab-922c-4214-8452-4bde562f9816","local_time":"20201230173848","is_ascension_mode":true,"campfire_choices":[{"data":"Neutralize","floor":6.0,"key":"SMITH"},{"floor":10.0,"key":"REST"},{"floor":15.0,"key":"REST"},{"floor":23.0,"key":"REST"}],"circlet_count":0,"master_deck":["AscendersBane","Strike_G","Strike_G","Defend_G","Defend_G","Defend_G","Survivor","Neutralize+1","Slice","After Image","Backflip","Dagger Throw","Terror","Grand Finale","Prepared","Grand Finale","Calculated Gamble","Grand Finale"],"relics":["Ring of the Snake","Vajra","Empty Cage"],"acts_visited":["Exordium","TheCity"],"potions_floor_usage":[24,24],"damage_taken":[{"damage":1.0,"enemies":"Jaw Worm","floor":1.0,"turns":4.0},{"damage":0.0,"enemies":"2 Louse","floor":2.0,"turns":3.0},{"damage":8.0,"enemies":"Small Slimes","floor":3.0,"turns":4.0},{"damage":19.0,"enemies":"Gremlin Gang","floor":4.0,"turns":7.0},{"damage":1.0,"enemies":"Red Slaver","floor":7.0,"turns":4.0},{"damage":8.0,"enemies":"Exordium Wildlife","floor":8.0,"turns":6.0},{"damage":10.0,"enemies":"Exordium Thugs","floor":12.0,"turns":5.0},{"damage":5.0,"enemies":"2 Fungi Beasts","floor":14.0,"turns":4.0},{"damage":13.0,"enemies":"The Guardian","floor":16.0,"turns":7.0},{"damage":14.0,"enemies":"Spheric Guardian","floor":18.0,"turns":5.0},{"damage":12.0,"enemies":"2 Thieves","floor":21.0,"turns":2.0},{"damage":44,"enemies":"Slavers","floor":24,"turns":4}],"seed_played":"7340590723957078863","potions_obtained":[{"floor":1.0,"key":"Swift Potion"},{"floor":7.0,"key":"SteroidPotion"},{"floor":12.0,"key":"SpeedPotion"},{"floor":14.0,"key":"ColorlessPotion"},{"floor":16.0,"key":"Strength Potion"},{"floor":21.0,"key":"EssenceOfSteel"}],"is_trial":false,"path_per_floor":["M","M","M","M","?","R","M","M","T","R","?","M","$","M","R","B",null,"M","$","?","M","$","R","E"],"character_chosen":"THE_SILENT","items_purchased":["Grand Finale"],"campfire_rested":3,"item_purchase_floors":[13],"current_hp_per_floor":[58,58,50,31,24,24,23,15,15,34,34,24,24,19,38,25,56,42,42,42,30,30,49,5,5],"gold":20,"neow_bonus":"REMOVE_CARD","is_daily":false,"chose_seed":false,"campfire_upgraded":1,"win_rate":0.0,"timestamp":1609317528,"path_taken":["M","M","M","M","?","R","M","M","T","R","?","M","$","M","R","BOSS","M","$","?","?","?","R","E"],"items_purchased_type":["Card"],"build_version":"2020-12-22","purchased_purges":2,"victory":false,"max_hp_per_floor":[66,66,66,66,66,66,66,66,66,66,66,66,66,66,66,66,66,66,66,66,66,66,66,66,66],"card_choices":[{"not_picked":["Choke","Underhanded Strike"],"picked":"Slice","floor":1.0},{"not_picked":["Escape Plan","Deadly Poison"],"picked":"Bouncing Flask","floor":2.0},{"not_picked":["Acrobatics","Prepared"],"picked":"After Image","floor":3.0},{"not_picked":["Flying Knee","Finisher"],"picked":"Backflip","floor":4.0},{"not_picked":["Underhanded Strike","All Out Attack"],"picked":"Dagger Throw","floor":7.0},{"not_picked":["Bane","Envenom","Prepared"],"picked":"SKIP","floor":8.0},{"not_picked":["Skewer","Flying Knee"],"picked":"Terror","floor":12.0},{"not_picked":["Quick Slash","Finisher"],"picked":"Prepared","floor":14.0},{"not_picked":["Venomology","Wraith Form v2"],"picked":"Grand Finale","floor":16.0},{"not_picked":["Outmaneuver+1","Slice"],"picked":"Calculated Gamble","floor":18.0},{"not_picked":["Cloak And Dagger","Skewer","Slice"],"picked":"SKIP","floor":21.0}],"player_experience":709477,"relics_obtained":[{"floor":9.0,"key":"Vajra"}],"event_choices":[{"cards_removed":["Strike_G"],"damage_healed":0.0,"max_hp_gain":0.0,"max_hp_loss":0.0,"gold_gain":0.0,"event_name":"Golden Wing","player_choice":"Card Removal","floor":5.0,"gold_loss":0.0,"damage_taken":7.0},{"damage_healed":0.0,"max_hp_gain":0.0,"max_hp_loss":0.0,"gold_gain":0.0,"event_name":"Scrap Ooze","player_choice":"Fled","floor":11.0,"gold_loss":0.0,"damage_taken":0.0},{"damage_healed":0.0,"max_hp_gain":0.0,"max_hp_loss":0.0,"gold_gain":0.0,"event_name":"Match and Keep!","player_choice":"1 cards matched","floor":20.0,"gold_loss":0.0,"damage_taken":0.0,"cards_obtained":["Grand Finale"]}],"is_beta":false,"boss_relics":[{"not_picked":["Cursed Key","Fusion Hammer"],"picked":"Empty Cage"}],"items_purged_floors":[13,19],"is_endless":false,"potions_floor_spawned":[1,7,12,14,16,21],"killed_by":"Slavers","ascension_level":20}}