{"host":"qwttrqaysb380yri","time":1609353153,"event":{"mods":["BaseMod","Custom Start","Minty Spire (QoL Compilation)","Permanent Neow","Puzzle Mod","Relic Stats","StSLib","The Cursed","The Hierophant"],"gold_per_floor":[115,130,305,5,5,5,25,56,80,92,104,136,160,202,214,300,312,338,364,376,48,48,78,78,78,78],"floor_reached":25,"playtime":814,"items_purged":["Doubt"],"score":432,"play_id":"25fd4a2e-c47f-4cb7-87db-e09fb19fb0e5","local_time":"20201230193233","is_ascension_mode":true,"campfire_choices":[{"data":"Crippling Poison","floor":6.0,"key":"SMITH"},{"floor":10.0,"key":"REST"},{"data":"Neutralize","floor":15.0,"key":"SMITH"},{"floor":24,"key":"REST"}],"circlet_count":0,"master_deck":["AscendersBane","Strike_G+1","Strike_G","Strike_G","Defend_G","Defend_G","Defend_G","Defend_G","Defend_G","Survivor","Neutralize+1","Crippling Poison+1","Glass Knife+1","Endless Agony","Masterful Stab","Dagger Throw","Predator","Footwork+1","After Image+1","Terror","Deadly Poison","Blade Dance","Panache+1","Outmaneuver","Noxious Fumes+1"],"relics":["Black Star","Sling","Omamori","Blue Candle","MawBank","Bag of Preparation","Frozen Egg 2","HoveringKite","TwistedFunnel","Art of War","MealTicket"],"acts_visited":["Exordium","TheCity"],"potions_floor_usage":[23,25],"damage_taken":[{"damage":2.0,"enemies":"Cultist","floor":1.0,"turns":4.0},{"damage":1.0,"enemies":"2 Louse","floor":2.0,"turns":3.0},{"damage":7.0,"enemies":"Jaw Worm","floor":7.0,"turns":3.0},{"damage":9.0,"enemies":"3 Sentries","floor":8.0,"turns":5.0},{"damage":3.0,"enemies":"Gremlin Gang","floor":12.0,"turns":3.0},{"damage":4.0,"enemies":"Red Slaver","floor":13.0,"turns":2.0},{"damage":0.0,"enemies":"Gremlin Nob","floor":14.0,"turns":2.0},{"damage":16.0,"enemies":"The Guardian","floor":16.0,"turns":14.0},{"damage":0.0,"enemies":"3 Byrds","floor":18.0,"turns":4.0},{"damage":9.0,"enemies":"Chosen","floor":19.0,"turns":5.0},{"damage":31,"enemies":"Slavers","floor":23,"turns":4},{"damage":37,"enemies":"Book of Stabbing","floor":25,"turns":5}],"seed_played":"-3526027383320821677","potions_obtained":[{"floor":2.0,"key":"Explosive Potion"},{"floor":7.0,"key":"SteroidPotion"},{"floor":13.0,"key":"AttackPotion"},{"floor":16.0,"key":"SpeedPotion"},{"floor":18.0,"key":"Strength Potion"},{"floor":23,"key":"Block Potion"}],"is_trial":false,"path_per_floor":["M","M","?","$","?","R","M","E","T","R","?","M","M","E","R","B",null,"M","M","?","$","?","E","R","E"],"character_chosen":"THE_SILENT","items_purchased":["Glass Knife","Sling","Blade Dance","Panache+1","TwistedFunnel"],"campfire_rested":2,"item_purchase_floors":[4,4,21,21,21],"current_hp_per_floor":[57,56,56,56,43,43,36,27,27,46,46,43,39,39,39,23,55,55,46,46,46,46,15,34,0,0],"gold":78,"neow_bonus":"BOSS_RELIC","is_daily":false,"chose_seed":false,"campfire_upgraded":2,"win_rate":0.0,"timestamp":1609353153,"path_taken":["M","M","?","$","?","R","M","E","T","R","?","M","M","E","R","BOSS","M","M","?","$","?","E","R","E"],"items_purchased_type":["Card","Relic","Card","Card","Relic"],"build_version":"2020-12-22","purchased_purges":1,"victory":false,"max_hp_per_floor":[66,66,66,66,66,66,66,66,66,66,66,66,66,66,66,66,66,66,66,66,66,66,66,66,66,66],"relic_stats":{"counters":[12,54],"Blue Candle":[0],"HoveringKite":[4],"MealTicket":0,"Black Star":3,"Bag of Preparation":[11],"Art of War":[1],"MawBank":144,"obtain_stats":[{"TwistedFunnel":21,"Blue Candle":8,"HoveringKite":17,"MealTicket":23,"Black Star":0,"Omamori":8,"Bag of Preparation":14,"Art of War":23,"Frozen Egg 2":14,"Sling":4,"MawBank":9,"Ring of the Snake":0},{"TwistedFunnel":10,"Blue Candle":4,"HoveringKite":8,"MealTicket":11,"Black Star":0,"Omamori":4,"Bag of Preparation":7,"Art of War":11,"Frozen Egg 2":7,"Sling":2,"MawBank":4,"Ring of the Snake":0},{"TwistedFunnel":45,"Blue Candle":15,"HoveringKite":36,"MealTicket":49,"Black Star":0,"Omamori":15,"Bag of Preparation":22,"Art of War":49,"Frozen Egg 2":22,"Sling":7,"MawBank":15,"Ring of the Snake":0}]},"card_choices":[{"not_picked":["Acrobatics","Infinite Blades","Distraction"],"picked":"SKIP","floor":1.0},{"not_picked":["Prepared","Bane"],"picked":"Crippling Poison","floor":2.0},{"not_picked":["Dodge and Roll","Expertise","PiercingWail"],"picked":"SKIP","floor":7.0},{"not_picked":["Concentrate","Tactician"],"picked":"Endless Agony","floor":8.0},{"not_picked":["Backflip","Tactician"],"picked":"Dagger Throw","floor":12.0},{"not_picked":["Backflip","Choke"],"picked":"Predator","floor":13.0},{"not_picked":["Dodge and Roll","Dagger Spray"],"picked":"Footwork+1","floor":14.0},{"not_picked":["Grand Finale","Burst"],"picked":"After Image+1","floor":16.0},{"not_picked":["Choke+1","Expertise"],"picked":"Terror","floor":18.0},{"not_picked":["Underhanded Strike+1","Deflect"],"picked":"Deadly Poison","floor":19.0},{"not_picked":["Reflex","Expertise+1"],"picked":"Noxious Fumes+1","floor":23}],"player_experience":1957912,"relics_obtained":[{"floor":8.0,"key":"Omamori"},{"floor":8.0,"key":"Blue Candle"},{"floor":9.0,"key":"MawBank"},{"floor":14.0,"key":"Bag of Preparation"},{"floor":14.0,"key":"Frozen Egg 2"},{"floor":23,"key":"Art of War"},{"floor":23,"key":"MealTicket"}],"event_choices":[{"damage_healed":0.0,"max_hp_gain":0.0,"max_hp_loss":0.0,"gold_gain":175.0,"event_name":"Liars Game","player_choice":"AGREE","floor":3.0,"gold_loss":0.0,"damage_taken":0.0,"cards_obtained":["Doubt"]},{"damage_healed":0.0,"max_hp_gain":0.0,"max_hp_loss":0.0,"gold_gain":0.0,"event_name":"Shining Light","player_choice":"Entered Light","floor":5.0,"gold_loss":0.0,"damage_taken":13.0,"cards_upgraded":["Strike_G","Glass Knife"]},{"damage_healed":0.0,"max_hp_gain":0.0,"max_hp_loss":0.0,"gold_gain":0.0,"cards_transformed":["Strike_G"],"event_name":"Living Wall","player_choice":"Change","floor":11.0,"gold_loss":0.0,"damage_taken":0.0,"cards_obtained":["Masterful Stab"]},{"damage_healed":0.0,"max_hp_gain":0.0,"max_hp_loss":0.0,"gold_gain":0.0,"event_name":"Ghosts","player_choice":"Ignored","floor":20.0,"gold_loss":0.0,"damage_taken":0.0},{"damage_healed":0.0,"max_hp_gain":0.0,"max_hp_loss":0.0,"gold_gain":0.0,"cards_transformed":["Strike_G"],"event_name":"Transmorgrifier","player_choice":"Transformed","floor":22.0,"gold_loss":0.0,"damage_taken":0.0,"cards_obtained":["Outmaneuver"]}],"is_beta":false,"boss_relics":[{"not_picked":["Calling Bell","SlaversCollar"],"picked":"HoveringKite"}],"items_purged_floors":[4],"is_endless":false,"potions_floor_spawned":[2,7,13,16,18,23],"killed_by":"Book of Stabbing","ascension_level":14}}