{"host":"3dz0gicyzigf6cpm","time":1609310967,"event":{"mods":["AchievementEnabler","BaseMod","Minty Spire (QoL Compilation)"],"gold_per_floor":[117,135,155,155,181,181,209,209,280,295,312,312,190,516,516,619,619,639,284,294,306,406,406,420,268,294,320,320,320,332,347,347,446,446,457,475,244,255,33,33,83,96,120,120,131,56,69,89,89,89],"floor_reached":51,"playtime":6714,"items_purged":["Defend_G","Strike_G","Strike_G","Strike_G","Defend_G"],"score":656,"play_id":"2da145f6-784b-4604-98db-d24cbf27a102","local_time":"20201230024927","is_ascension_mode":false,"campfire_choices":[{"data":"Crippling Poison","floor":6.0,"key":"SMITH"},{"data":"Footwork","floor":8.0,"key":"SMITH"},{"data":"PiercingWail","floor":12.0,"key":"SMITH"},{"data":"Leg Sweep","floor":15.0,"key":"SMITH"},{"data":"Die Die Die","floor":23.0,"key":"SMITH"},{"data":"Apotheosis","floor":32.0,"key":"SMITH"},{"data":"Noxious Fumes","floor":40.0,"key":"SMITH"},{"floor":44.0,"key":"REST"},{"data":"Shame","floor":49.0,"key":"PURGE"}],"circlet_count":0,"master_deck":["Strike_G","Strike_G","Defend_G","Defend_G","Defend_G","Survivor","Neutralize","Crippling Poison+1","Footwork+1","PiercingWail+1","Backstab","Poisoned Stab","Leg Sweep+1","Die Die Die+1","Bouncing Flask","Apotheosis+1","PiercingWail+1","Dagger Spray","Noxious Fumes+1","Acrobatics"],"relics":["Ring of the Snake","Pen Nib","StoneCalendar","HornCleat","Old Coin","Busted Crown","Juzu Bracelet","Pocketwatch","GremlinMask","Paper Crane","Cursed Key","Peace Pipe","Snake Skull"],"acts_visited":["Exordium","TheCity","TheBeyond"],"potions_floor_usage":[50,50,50],"damage_taken":[{"damage":0.0,"enemies":"Small Slimes","floor":1.0,"turns":3.0},{"damage":9.0,"enemies":"Jaw Worm","floor":2.0,"turns":7.0},{"damage":0.0,"enemies":"2 Louse","floor":3.0,"turns":3.0},{"damage":14.0,"enemies":"3 Sentries","floor":7.0,"turns":13.0},{"damage":0.0,"enemies":"Red Slaver","floor":10.0,"turns":4.0},{"damage":2.0,"enemies":"Exordium Thugs","floor":11.0,"turns":6.0},{"damage":13.0,"enemies":"Lagavulin","floor":14.0,"turns":5.0},{"damage":15.0,"enemies":"Slime Boss","floor":16.0,"turns":11.0},{"damage":0.0,"enemies":"Chosen","floor":18.0,"turns":5.0},{"damage":0.0,"enemies":"Spheric Guardian","floor":20.0,"turns":3.0},{"damage":9.0,"enemies":"Centurion and Healer","floor":21.0,"turns":4.0},{"damage":0.0,"enemies":"Shelled Parasite and Fungi","floor":24.0,"turns":7.0},{"damage":1.0,"enemies":"Book of Stabbing","floor":27.0,"turns":6.0},{"damage":0.0,"enemies":"Snecko","floor":30.0,"turns":4.0},{"damage":0.0,"enemies":"Centurion and Healer","floor":31.0,"turns":6.0},{"damage":14.0,"enemies":"Champ","floor":33.0,"turns":12.0},{"damage":0.0,"enemies":"3 Darklings","floor":35.0,"turns":3.0},{"damage":5.0,"enemies":"3 Shapes","floor":36.0,"turns":3.0},{"damage":0.0,"enemies":"Transient","floor":38.0,"turns":5.0},{"damage":0.0,"enemies":"Mind Bloom Boss Battle","floor":41.0,"turns":7.0},{"damage":18.0,"enemies":"Spire Growth","floor":42.0,"turns":6.0},{"damage":0.0,"enemies":"Jaw Worm Horde","floor":45.0,"turns":4.0},{"damage":0.0,"enemies":"Sphere and 2 Shapes","floor":47.0,"turns":3.0},{"damage":0.0,"enemies":"Writhing Mass","floor":48.0,"turns":6.0},{"damage":29,"enemies":"Time Eater","floor":50,"turns":12}],"seed_played":"-5732406786270587673","potions_obtained":[{"floor":2.0,"key":"LiquidMemories"},{"floor":3.0,"key":"Regen Potion"},{"floor":7.0,"key":"Poison Potion"},{"floor":16.0,"key":"EntropicBrew"},{"floor":20.0,"key":"DistilledChaos"},{"floor":30.0,"key":"Block Potion"},{"floor":31.0,"key":"CultistPotion"},{"floor":33.0,"key":"DuplicationPotion"},{"floor":35.0,"key":"BlessingOfTheForge"},{"floor":41.0,"key":"FearPotion"}],"is_trial":false,"path_per_floor":["M","M","M","?","T","R","E","R","T","M","M","R","$","E","R","B",null,"M","$","M","M","?","R","M","$","T","E","?","T","M","M","R","B",null,"M","M","$","M","$","R","?","M","T","R","M","$","M","M","R","B",null],"character_chosen":"THE_SILENT","items_purchased":["Poisoned Stab","Bouncing Flask","Apotheosis","Dagger Spray","Noxious Fumes","Acrobatics","Regen Potion"],"campfire_rested":1,"item_purchase_floors":[13,19,19,25,37,39,46],"current_hp_per_floor":[77,68,68,61,61,61,62,62,62,62,60,60,60,47,47,32,77,77,77,77,68,68,68,68,68,68,67,67,67,67,67,67,53,77,77,72,72,72,72,72,72,54,54,77,77,77,77,77,77,63],"gold":89,"neow_bonus":"TEN_PERCENT_HP_BONUS","is_daily":false,"chose_seed":false,"campfire_upgraded":7,"win_rate":0.0,"timestamp":1609310967,"path_taken":["M","M","M","?","?","R","E","R","T","M","M","R","$","E","R","BOSS","M","$","M","M","?","R","M","$","T","E","?","?","M","M","R","BOSS","M","M","$","M","$","R","?","M","T","R","M","$","M","M","R","BOSS"],"items_purchased_type":["Card","Card","Card","Card","Card","Card","Potion"],"build_version":"2020-12-22","purchased_purges":5,"victory":true,"max_hp_per_floor":[77,77,77,77,77,77,77,77,77,77,77,77,77,77,77,77,77,77,77,77,77,77,77,77,77,77,77,77,77,77,77,77,77,77,77,77,77,77,77,77,77,77,77,77,77,77,77,77,77,77],"card_choices":[{"not_picked":["Cloak And Dagger","Prepared","Choke"],"picked":"SKIP","floor":1.0},{"not_picked":["Predator","Sucker Punch"],"picked":"Crippling Poison","floor":2.0},{"not_picked":["Blur","Sucker Punch","Cloak And Dagger"],"picked":"SKIP","floor":3.0},{"not_picked":["Tools of the Trade","Accuracy"],"picked":"Footwork","floor":7.0},{"not_picked":["Slice","Flechettes"],"picked":"PiercingWail","floor":10.0},{"not_picked":["Skewer","Eviscerate"],"picked":"Backstab","floor":11.0},{"not_picked":["Reflex","Distraction"],"picked":"Leg Sweep","floor":14.0},{"not_picked":["Malaise","Wraith Form v2"],"picked":"Die Die Die","floor":16.0},{"not_picked":["Accuracy"],"picked":"SKIP","floor":18.0},{"not_picked":["Cloak And Dagger"],"picked":"SKIP","floor":20.0},{"not_picked":[],"picked":"PiercingWail+1","floor":21.0},{"not_picked":["Dagger Throw+1"],"picked":"SKIP","floor":24.0},{"not_picked":["Dagger Spray"],"picked":"SKIP","floor":27.0},{"not_picked":["Bane"],"picked":"SKIP","floor":30.0},{"not_picked":["Dagger Spray"],"picked":"SKIP","floor":31.0},{"not_picked":["Sucker Punch"],"picked":"SKIP","floor":35.0},{"not_picked":["Outmaneuver+1"],"picked":"SKIP","floor":36.0},{"not_picked":["Riddle With Holes"],"picked":"SKIP","floor":38.0},{"not_picked":["All Out Attack"],"picked":"SKIP","floor":42.0},{"not_picked":["Dash+1"],"picked":"SKIP","floor":45.0},{"not_picked":["Accuracy+1"],"picked":"SKIP","floor":47.0},{"not_picked":["Bane"],"picked":"SKIP","floor":48.0}],"player_experience":86485,"relics_obtained":[{"floor":5.0,"key":"Pen Nib"},{"floor":7.0,"key":"StoneCalendar"},{"floor":9.0,"key":"HornCleat"},{"floor":14.0,"key":"Old Coin"},{"floor":26.0,"key":"Juzu Bracelet"},{"floor":27.0,"key":"Pocketwatch"},{"floor":29.0,"key":"Paper Crane"},{"floor":41.0,"key":"Peace Pipe"},{"floor":43.0,"key":"Snake Skull"}],"event_choices":[{"damage_healed":0.0,"max_hp_gain":0.0,"max_hp_loss":0.0,"gold_gain":0.0,"event_name":"Scrap Ooze","player_choice":"Fled","floor":4.0,"gold_loss":0.0,"damage_taken":7.0},{"damage_healed":0.0,"max_hp_gain":0.0,"max_hp_loss":0.0,"gold_gain":100.0,"event_name":"Golden Shrine","player_choice":"Pray","floor":22.0,"gold_loss":0.0,"damage_taken":0.0},{"damage_healed":0.0,"max_hp_gain":0.0,"max_hp_loss":0.0,"gold_gain":0.0,"event_name":"FaceTrader","player_choice":"Trade","floor":28.0,"gold_loss":0.0,"damage_taken":0.0,"relics_obtained":["GremlinMask"]},{"damage_healed":0.0,"max_hp_gain":0.0,"max_hp_loss":0.0,"gold_gain":0.0,"event_name":"MindBloom","player_choice":"Fight","floor":41.0,"gold_loss":0.0,"damage_taken":0.0}],"is_beta":false,"boss_relics":[{"not_picked":["SacredBark","Snecko Eye"],"picked":"Busted Crown"},{"not_picked":["Black Star","Runic Dome"],"picked":"Cursed Key"}],"items_purged_floors":[13,19,25,37,39],"is_endless":false,"potions_floor_spawned":[2,3,7,16,20,30,31,33,35,41],"ascension_level":0}}