{"host":"8w54i48wcuneocjq","time":1609334974,"event":{"mods":["2.2 Compatiblity","AchievementEnabler","BaseMod","DeckTracker","Minty Spire (QoL Compilation)","Random Character Button","Rare Cards Sparkle"],"gold_per_floor":[116,41,116,132,152,184,184,184,184,184,184,203,222,397,397,496,496,510,527,527,98,111,111,111,111,111,111,111,111,111,130,130,225,225,245,264,57,68,68,68,87,87,87,102,112,112,112],"floor_reached":46,"playtime":1993,"items_purged":["Defend_B","Doubt","Strike_B"],"score":422,"play_id":"385d708d-402c-4dff-a22e-e7115fa886a1","local_time":"20201230142934","is_ascension_mode":false,"campfire_choices":[{"floor":8.0,"key":"REST"},{"data":"Zap","floor":10.0,"key":"SMITH"},{"data":"Redo","floor":15.0,"key":"SMITH"},{"floor":23.0,"key":"REST"},{"floor":25.0,"key":"REST"},{"data":"Tempest","floor":28.0,"key":"SMITH"},{"data":"Buffer","floor":30,"key":"SMITH"},{"data":"Leap","floor":32,"key":"SMITH"},{"data":"Electrodynamics","floor":40,"key":"SMITH"}],"circlet_count":0,"master_deck":["Defend_B","Defend_B","Defend_B","Zap+1","Dualcast","Conserve Battery","Hologram+1","BootSequence","Tempest+1","Redo+1","Streamline","Buffer+1","Defragment+1","Sweeping Beam","Lockon+1","Ball Lightning+1","Reboot","Leap+1","Electrodynamics+1","Conserve Battery+1","Leap+1","Self Repair","Stack","Hologram+1"],"relics":["Cracked Core","Sundial","Shuriken","Strawberry","Inserter","Molten Egg 2","Toy Ornithopter","Cursed Key"],"acts_visited":["Exordium","TheCity","TheBeyond"],"potions_floor_usage":[29,33,33,33,41,46],"damage_taken":[{"damage":0.0,"enemies":"Small Slimes","floor":1.0,"turns":4.0},{"damage":0.0,"enemies":"Jaw Worm","floor":4.0,"turns":3.0},{"damage":0.0,"enemies":"2 Louse","floor":5.0,"turns":3.0},{"damage":30.0,"enemies":"Gremlin Nob","floor":6.0,"turns":4.0},{"damage":4.0,"enemies":"2 Fungi Beasts","floor":12.0,"turns":3.0},{"damage":0.0,"enemies":"Looter","floor":13.0,"turns":3.0},{"damage":49.0,"enemies":"The Guardian","floor":16.0,"turns":10.0},{"damage":0.0,"enemies":"Chosen","floor":18.0,"turns":5.0},{"damage":29.0,"enemies":"2 Thieves","floor":19.0,"turns":4.0},{"damage":22.0,"enemies":"Snecko","floor":22.0,"turns":6.0},{"damage":0,"enemies":"3 Cultists","floor":29,"turns":1},{"damage":7,"enemies":"Sentry and Sphere","floor":31,"turns":4},{"damage":27,"enemies":"Automaton","floor":33,"turns":10},{"damage":0,"enemies":"3 Shapes","floor":35,"turns":4},{"damage":13,"enemies":"Orb Walker","floor":36,"turns":4},{"damage":25,"enemies":"3 Darklings","floor":38,"turns":3},{"damage":25,"enemies":"Maw","floor":41,"turns":6},{"damage":5,"enemies":"Writhing Mass","floor":44,"turns":5},{"damage":20,"enemies":"Sphere and 2 Shapes","floor":45,"turns":6},{"damage":48,"enemies":"Giant Head","floor":46,"turns":7}],"seed_played":"157393884467406450","potions_obtained":[{"floor":1.0,"key":"SneckoOil"},{"floor":5.0,"key":"Ancient Potion"},{"floor":13.0,"key":"SmokeBomb"},{"floor":18.0,"key":"EntropicBrew"},{"floor":22.0,"key":"DuplicationPotion"},{"floor":38,"key":"DistilledChaos"},{"floor":41,"key":"FearPotion"},{"floor":42,"key":"SkillPotion"},{"floor":45,"key":"Regen Potion"}],"is_trial":false,"path_per_floor":["M","$","?","M","M","E","?","R","T","R","?","M","M","?","R","B",null,"M","M","?","$","M","R","?","R","T","?","R","M","R","M","R","B",null,"M","M","$","M","?","R","M","?","T","M","M","E"],"character_chosen":"DEFECT","items_purchased":["Molten Egg 2","Lockon+1","Self Repair","Stack"],"campfire_rested":3,"item_purchase_floors":[21,21,37,37],"current_hp_per_floor":[75,75,64,64,64,34,34,56,56,56,60,56,56,56,56,7,82,82,53,37,37,15,41,41,67,67,67,67,72,72,65,65,53,87,87,74,74,56,56,56,43,43,43,38,25,0,0],"gold":112,"neow_bonus":"THREE_CARDS","is_daily":false,"chose_seed":false,"campfire_upgraded":6,"win_rate":0.0,"timestamp":1609334974,"path_taken":["M","$","?","M","M","E","?","R","T","R","?","?","M","?","R","BOSS","M","M","?","$","M","R","?","R","T","?","R","?","R","M","R","BOSS","M","M","$","M","?","R","M","?","T","M","M","E"],"items_purchased_type":["Relic","Card","Card","Card"],"build_version":"2020-12-22","purchased_purges":3,"victory":false,"max_hp_per_floor":[75,75,75,75,75,75,75,75,75,75,82,82,82,82,82,82,82,82,82,87,87,87,87,87,87,87,87,87,87,87,87,87,87,87,87,87,87,87,87,87,87,87,87,87,87,87,87],"card_choices":[{"not_picked":["Stack","Barrage"],"picked":"Conserve Battery","floor":0.0},{"not_picked":["Rip and Tear","Coolheaded"],"picked":"Hologram","floor":1.0},{"not_picked":["Rebound","Steam","Skim"],"picked":"SKIP","floor":4.0},{"not_picked":["Chaos","Reboot"],"picked":"BootSequence","floor":5.0},{"not_picked":["Darkness","Genetic Algorithm"],"picked":"Tempest","floor":6.0},{"not_picked":["Barrage","Consume"],"picked":"Redo","floor":12.0},{"not_picked":["Fusion","Heatsinks"],"picked":"Streamline","floor":13.0},{"not_picked":["Machine Learning","Amplify"],"picked":"Buffer","floor":16.0},{"not_picked":["Coolheaded+1","Redo"],"picked":"Defragment","floor":18.0},{"not_picked":["Rebound","Streamline"],"picked":"Sweeping Beam","floor":19.0},{"not_picked":["Rebound+1","Hologram","White Noise"],"picked":"SKIP","floor":22.0},{"not_picked":["Hologram","Rebound+1"],"picked":"Leap","floor":31},{"not_picked":["Echo Form","Rainbow"],"picked":"Electrodynamics","floor":33},{"not_picked":["Ball Lightning+1","Melter+1"],"picked":"Conserve Battery+1","floor":35},{"not_picked":["Melter+1","Gash+1"],"picked":"Leap+1","floor":36},{"not_picked":["Gash+1","Compile Driver+1"],"picked":"Hologram+1","floor":38},{"not_picked":["White Noise+1","Go for the Eyes+1","Reprogram"],"picked":"SKIP","floor":41},{"not_picked":["Storm","Force Field+1","Hologram"],"picked":"SKIP","floor":44},{"not_picked":["Gash+1","Streamline+1","Go for the Eyes+1"],"picked":"SKIP","floor":45}],"player_experience":12559,"relics_obtained":[{"floor":6.0,"key":"Sundial"},{"floor":9.0,"key":"Shuriken"},{"floor":26.0,"key":"Toy Ornithopter"}],"event_choices":[{"damage_healed":0.0,"max_hp_gain":0.0,"max_hp_loss":0.0,"gold_gain":75.0,"event_name":"World of Goop","player_choice":"Gather Gold","floor":3.0,"gold_loss":0.0,"damage_taken":11.0},{"damage_healed":0.0,"max_hp_gain":0.0,"max_hp_loss":0.0,"gold_gain":0.0,"event_name":"Living Wall","player_choice":"Grow","floor":7.0,"gold_loss":0.0,"damage_taken":0.0,"cards_upgraded":["Hologram"]},{"damage_healed":0.0,"max_hp_gain":0.0,"max_hp_loss":0.0,"gold_gain":0.0,"event_name":"Scrap Ooze","player_choice":"Success","floor":11.0,"gold_loss":0.0,"damage_taken":3.0,"relics_obtained":["Strawberry"]},{"damage_healed":0.0,"max_hp_gain":0.0,"max_hp_loss":0.0,"gold_gain":175.0,"event_name":"Liars Game","player_choice":"AGREE","floor":14.0,"gold_loss":0.0,"damage_taken":0.0,"cards_obtained":["Doubt"]},{"damage_healed":0.0,"max_hp_gain":5.0,"max_hp_loss":0.0,"gold_gain":0.0,"event_name":"Forgotten Altar","player_choice":"Shed Blood","floor":20.0,"gold_loss":0.0,"damage_taken":21.0},{"damage_healed":0.0,"max_hp_gain":0.0,"max_hp_loss":0.0,"gold_gain":0.0,"cards_transformed":["Strike_B","Strike_B"],"event_name":"Drug Dealer","player_choice":"Became Test Subject","floor":24.0,"gold_loss":0.0,"damage_taken":0.0,"cards_obtained":["Ball Lightning","Reboot"]},{"damage_healed":0.0,"max_hp_gain":0.0,"max_hp_loss":0.0,"gold_gain":0.0,"event_name":"Upgrade Shrine","player_choice":"Upgraded","floor":27.0,"gold_loss":0.0,"damage_taken":0.0,"cards_upgraded":["Defragment"]},{"cards_removed":["Strike_B"],"damage_healed":0,"gold_gain":0,"player_choice":"Removed Attack","damage_taken":0,"max_hp_gain":0,"max_hp_loss":0,"event_name":"Falling","floor":39,"gold_loss":0},{"damage_healed":0,"gold_gain":0,"player_choice":"Got Potions","damage_taken":0,"max_hp_gain":0,"max_hp_loss":0,"event_name":"Lab","floor":42,"gold_loss":0}],"is_beta":false,"boss_relics":[{"not_picked":["SacredBark","Fusion Hammer"],"picked":"Inserter"},{"not_picked":["Philosopher\u0027s Stone","SlaversCollar"],"picked":"Cursed Key"}],"items_purged_floors":[2,21,37],"is_endless":false,"potions_floor_spawned":[1,5,13,18,22,29,38,41,45],"killed_by":"Giant Head","ascension_level":0}}