{"host":"36mulxq349byzoa2","time":1609370635,"event":{"mods":["AchievementEnabler","BaseMod","Better Match","Block Reminder","Colored Map","Colored Powertips","Minty Spire (QoL Compilation)","Rare Cards Sparkle","StSLib","SuperFastMode"],"gold_per_floor":[118,135,135,135,135,166,166,191,216,87,98,98,124,139,139,215,215,115,15,15,15,33,63,63,79,79,129,129,147,147,160,160,160,160],"floor_reached":33,"playtime":1040,"items_purged":["Strike_G","Strike_G"],"score":562,"play_id":"80d3d49c-f66b-4bcc-ba2c-6b71075e6841","local_time":"20201230182355","is_ascension_mode":true,"campfire_choices":[{"floor":7,"key":"REST"},{"floor":12,"key":"REST"},{"data":"Eviscerate","floor":15,"key":"SMITH"},{"floor":24,"key":"REST"},{"floor":28,"key":"REST"},{"data":"Bullet Time","floor":30,"key":"SMITH"},{"data":"Prepared","floor":32,"key":"SMITH"}],"circlet_count":0,"master_deck":["AscendersBane","Defend_G","Defend_G+1","Defend_G+1","Defend_G+1","Defend_G","Survivor+1","Neutralize","Eviscerate+1","Skewer","Acrobatics","Underhanded Strike","Backflip","Prepared+1","Bullet Time+1","Underhanded Strike"],"relics":["Ring of the Snake","NeowsBlessing","Omamori","Thread and Needle","War Paint","Bronze Scales","Odd Mushroom","HoveringKite","Akabeko","Matryoshka"],"acts_visited":["Exordium","TheCity"],"potions_floor_usage":[8,16,16,23,33],"damage_taken":[{"damage":0,"enemies":"Jaw Worm","floor":1,"turns":1},{"damage":0,"enemies":"2 Louse","floor":2,"turns":1},{"damage":0,"enemies":"Lagavulin","floor":6,"turns":1},{"damage":25,"enemies":"3 Sentries","floor":8,"turns":9},{"damage":0,"enemies":"Small Slimes","floor":11,"turns":2},{"damage":5,"enemies":"The Mushroom Lair","floor":13,"turns":4},{"damage":4,"enemies":"Looter","floor":14,"turns":4},{"damage":18,"enemies":"Slime Boss","floor":16,"turns":5},{"damage":1,"enemies":"2 Thieves","floor":18,"turns":5},{"damage":0,"enemies":"Chosen","floor":22,"turns":4},{"damage":36,"enemies":"Book of Stabbing","floor":23,"turns":5},{"damage":0,"enemies":"Snecko","floor":25,"turns":3},{"damage":11,"enemies":"Chosen and Byrds","floor":29,"turns":6},{"damage":9,"enemies":"Centurion and Healer","floor":31,"turns":6},{"damage":42,"enemies":"Champ","floor":33,"turns":7}],"seed_played":"-1305158246966739305","potions_obtained":[{"floor":2,"key":"LiquidBronze"},{"floor":8,"key":"Strength Potion"},{"floor":11,"key":"LiquidMemories"},{"floor":22,"key":"Poison Potion"},{"floor":23,"key":"Regen Potion"},{"floor":29,"key":"Ancient Potion"}],"is_trial":false,"path_per_floor":["M","M","?","?","?","E","R","E","T","$","M","R","?","M","R","B",null,"M","$","?","?","M","E","R","M","T","?","R","M","R","M","R","B"],"character_chosen":"THE_SILENT","items_purchased":["Underhanded Strike"],"campfire_rested":4,"item_purchase_floors":[10],"current_hp_per_floor":[59,59,52,32,21,21,40,15,15,15,15,34,29,25,25,7,51,50,50,50,50,50,14,33,33,33,33,52,41,41,32,32,0,0],"gold":160,"neow_bonus":"THREE_ENEMY_KILL","is_daily":false,"chose_seed":false,"campfire_upgraded":3,"win_rate":0.0,"timestamp":1609370635,"path_taken":["M","M","?","?","?","E","R","E","T","?","M","R","?","M","R","BOSS","M","$","?","?","?","E","R","M","T","?","R","M","R","M","R","BOSS"],"items_purchased_type":["Card"],"build_version":"2020-12-22","purchased_purges":2,"victory":false,"max_hp_per_floor":[66,66,66,66,66,66,66,66,66,66,66,66,66,66,66,66,66,66,66,66,66,66,66,66,66,66,66,66,66,66,66,66,66,66],"card_choices":[{"not_picked":["Acrobatics","Quick Slash"],"picked":"Eviscerate","floor":1},{"not_picked":["Choke","Deadly Poison"],"picked":"Skewer","floor":2},{"not_picked":["Sucker Punch","Flechettes","Bane"],"picked":"SKIP","floor":6},{"not_picked":["Bullet Time","Terror"],"picked":"Acrobatics","floor":8},{"not_picked":["Choke","Dagger Spray","Quick Slash"],"picked":"SKIP","floor":11},{"not_picked":["Well Laid Plans","Deflect"],"picked":"Backflip","floor":13},{"not_picked":["Slice","Deflect"],"picked":"Prepared","floor":14},{"not_picked":["Doppelganger","Die Die Die"],"picked":"Bullet Time","floor":16},{"not_picked":["Blur+1","Backflip","Accuracy"],"picked":"SKIP","floor":18},{"not_picked":["Outmaneuver","Underhanded Strike","Dagger Spray"],"picked":"SKIP","floor":22},{"not_picked":["Glass Knife","Caltrops","Flechettes"],"picked":"SKIP","floor":23},{"not_picked":["Deflect","Blade Dance","Heel Hook"],"picked":"SKIP","floor":25},{"not_picked":["Quick Slash","Accuracy","Dodge and Roll"],"picked":"SKIP","floor":29},{"not_picked":["Bane","Sucker Punch","PiercingWail"],"picked":"SKIP","floor":31}],"player_experience":988798,"relics_obtained":[{"floor":6,"key":"Thread and Needle"},{"floor":8,"key":"War Paint"},{"floor":9,"key":"Bronze Scales"},{"floor":13,"key":"Odd Mushroom"},{"floor":23,"key":"Akabeko"},{"floor":26,"key":"Matryoshka"}],"event_choices":[{"cards_removed":["Strike_G"],"damage_healed":0,"gold_gain":0,"player_choice":"Card Removal","damage_taken":7,"max_hp_gain":0,"max_hp_loss":0,"event_name":"Golden Wing","floor":3,"gold_loss":0},{"damage_healed":0,"gold_gain":0,"player_choice":"Entered Light","damage_taken":20,"max_hp_gain":0,"max_hp_loss":0,"event_name":"Shining Light","floor":4,"gold_loss":0,"cards_upgraded":["Defend_G","Survivor"]},{"damage_healed":0,"gold_gain":0,"player_choice":"Success","damage_taken":11,"relics_obtained":["Omamori"],"max_hp_gain":0,"max_hp_loss":0,"event_name":"Scrap Ooze","floor":5,"gold_loss":0},{"damage_healed":0,"gold_gain":0,"player_choice":"Fought Mushrooms","damage_taken":0,"max_hp_gain":0,"max_hp_loss":0,"event_name":"Mushrooms","floor":13,"gold_loss":0},{"cards_removed":["Strike_G"],"damage_healed":0,"gold_gain":0,"player_choice":"Elegance","damage_taken":0,"max_hp_gain":0,"max_hp_loss":0,"event_name":"Back to Basics","floor":20,"gold_loss":0},{"damage_healed":0,"gold_gain":0,"cards_transformed":["Strike_G"],"player_choice":"Transformed","damage_taken":0,"max_hp_gain":0,"max_hp_loss":0,"event_name":"Transmorgrifier","floor":21,"gold_loss":0,"cards_obtained":["Underhanded Strike"]},{"damage_healed":0,"gold_gain":50,"player_choice":"Stole From Cult","damage_taken":0,"max_hp_gain":0,"max_hp_loss":0,"event_name":"Nest","floor":27,"gold_loss":0}],"is_beta":false,"boss_relics":[{"not_picked":["Ring of the Serpent","Cursed Key"],"picked":"HoveringKite"}],"items_purged_floors":[10,19],"is_endless":false,"potions_floor_spawned":[2,8,11,22,23,29],"killed_by":"Champ","ascension_level":18}}