{"host":"hhnl3ciqs3ht0ep9","time":1609326171,"event":{"mods":["AchievementEnabler","BaseMod","Colored Map","Keyboard Shortcuts","Minty Spire (QoL Compilation)","StSLib","SuperFastMode"],"gold_per_floor":[112,122,122,147,147,147,174,174,200,220,238,273,273,288,288,288,288],"floor_reached":16,"playtime":394,"items_purged":[],"score":254,"play_id":"9a57bd79-cd7c-4133-88b2-727c96758ad4","local_time":"20201230200251","is_ascension_mode":true,"campfire_choices":[{"floor":6.0,"key":"REST"},{"data":"FlurryOfBlows","floor":8.0,"key":"SMITH"},{"data":"FlurryOfBlows","floor":13.0,"key":"SMITH"},{"data":"Indignation","floor":15,"key":"SMITH"}],"circlet_count":0,"master_deck":["AscendersBane","Strike_P","Strike_P","Strike_P","Strike_P","Defend_P","Defend_P","Defend_P","Defend_P","Eruption+1","Vigilance","Finesse","FearNoEvil","FlurryOfBlows+1","FlurryOfBlows+1","EmptyFist","Indignation+1"],"relics":["PureWater","Golden Idol","Anchor","Nunchaku","CeramicFish"],"acts_visited":["Exordium"],"potions_floor_usage":[16,16,16],"damage_taken":[{"damage":0.0,"enemies":"Jaw Worm","floor":1.0,"turns":6.0},{"damage":2.0,"enemies":"Small Slimes","floor":2.0,"turns":3.0},{"damage":3.0,"enemies":"2 Louse","floor":4.0,"turns":3.0},{"damage":0.0,"enemies":"Exordium Thugs","floor":10.0,"turns":2.0},{"damage":0.0,"enemies":"2 Fungi Beasts","floor":11.0,"turns":3.0},{"damage":0.0,"enemies":"3 Sentries","floor":12.0,"turns":4.0},{"damage":20,"enemies":"Lots of Slimes","floor":14,"turns":3},{"damage":35,"enemies":"The Guardian","floor":16,"turns":8}],"seed_played":"9019779745605786196","potions_obtained":[{"floor":1.0,"key":"EntropicBrew"},{"floor":2.0,"key":"Energy Potion"}],"is_trial":false,"path_per_floor":["M","M","?","M","?","R","T","R","T","M","M","E","R","M","R","B"],"character_chosen":"WATCHER","items_purchased":[],"campfire_rested":1,"item_purchase_floors":[],"current_hp_per_floor":[61,59,36,33,33,53,53,53,53,53,53,53,53,33,33,0,0],"gold":288,"neow_bonus":"RANDOM_COLORLESS","is_daily":false,"chose_seed":false,"campfire_upgraded":3,"win_rate":0.0,"timestamp":1609326171,"path_taken":["M","M","?","M","?","R","?","R","T","M","M","E","R","M","R","BOSS"],"items_purchased_type":[],"build_version":"2020-12-22","purchased_purges":0,"victory":false,"max_hp_per_floor":[68,68,68,68,68,68,68,68,68,68,68,68,68,68,68,68,68],"card_choices":[{"not_picked":["Purity","Bandage Up"],"picked":"Finesse","floor":0.0},{"not_picked":["FlurryOfBlows","DeceiveReality"],"picked":"FearNoEvil","floor":1.0},{"not_picked":["Nirvana","Pray"],"picked":"FlurryOfBlows","floor":2.0},{"not_picked":["CutThroughFate","Sanctity"],"picked":"FlurryOfBlows","floor":4.0},{"not_picked":["SashWhip","Prostrate"],"picked":"EmptyFist","floor":10.0},{"not_picked":["InnerPeace","Alpha"],"picked":"Indignation","floor":11.0},{"not_picked":["JustLucky","Wallop","Conclude"],"picked":"SKIP","floor":12.0},{"not_picked":["ThirdEye","EmptyFist","PathToVictory"],"picked":"SKIP","floor":14}],"player_experience":702912,"relics_obtained":[{"floor":7.0,"key":"Anchor"},{"floor":9.0,"key":"Nunchaku"},{"floor":12.0,"key":"CeramicFish"}],"event_choices":[{"damage_healed":0.0,"max_hp_gain":0.0,"max_hp_loss":0.0,"gold_gain":0.0,"event_name":"Golden Idol","player_choice":"Take Damage","floor":3.0,"gold_loss":0.0,"damage_taken":23.0,"relics_obtained":["Golden Idol"]},{"damage_healed":0.0,"max_hp_gain":0.0,"max_hp_loss":0.0,"gold_gain":0.0,"event_name":"Living Wall","player_choice":"Grow","floor":5.0,"gold_loss":0.0,"damage_taken":0.0,"cards_upgraded":["Eruption"]}],"is_beta":false,"boss_relics":[],"items_purged_floors":[],"is_endless":false,"potions_floor_spawned":[1,2,10,12],"killed_by":"The Guardian","ascension_level":20}}