{"host":"bbrtpn53yniy7wad","time":1609297600,"event":{"mods":["AchievementEnabler","BaseMod","Colored Map","Minty Spire (QoL Compilation)","SuperFastMode"],"gold_per_floor":[15,29,48,58,58,58,91,106,106,106,116,41,52,70,70,70,70],"floor_reached":16,"playtime":426,"items_purged":[],"score":212,"play_id":"edaae953-2daa-4517-b747-e45dbd4535d3","local_time":"20201230120640","is_ascension_mode":true,"campfire_choices":[{"data":"Cloak And Dagger","floor":6,"key":"SMITH"},{"floor":10,"key":"REST"},{"floor":15,"key":"REST"}],"circlet_count":0,"master_deck":["AscendersBane","Strike_G","Strike_G","Strike_G","Strike_G","Defend_G","Defend_G","Defend_G","Defend_G","Defend_G","Survivor","Neutralize","Corpse Explosion","Crippling Poison","Cloak And Dagger+1","PiercingWail","Footwork","Bouncing Flask"],"relics":["Ring of the Snake","Peace Pipe","Calipers"],"acts_visited":["Exordium"],"potions_floor_usage":[4,14,16],"damage_taken":[{"damage":4,"enemies":"Small Slimes","floor":1,"turns":4},{"damage":3,"enemies":"Cultist","floor":2,"turns":5},{"damage":2,"enemies":"2 Louse","floor":3,"turns":2},{"damage":4,"enemies":"Large Slime","floor":4,"turns":6},{"damage":22,"enemies":"3 Sentries","floor":7,"turns":5},{"damage":19,"enemies":"Gremlin Gang","floor":8,"turns":2},{"damage":10,"enemies":"3 Louse","floor":11,"turns":2},{"damage":0,"enemies":"Blue Slaver","floor":13,"turns":6},{"damage":7,"enemies":"Large Slime","floor":14,"turns":9},{"damage":26,"enemies":"The Guardian","floor":16,"turns":7}],"seed_played":"7530009510038727191","potions_obtained":[{"floor":3,"key":"SteroidPotion"},{"floor":8,"key":"Block Potion"},{"floor":11,"key":"PowerPotion"}],"is_trial":false,"path_per_floor":["M","M","M","M","?","R","E","M","T","R","M","$","M","M","R","B"],"character_chosen":"THE_SILENT","items_purchased":["Footwork"],"campfire_rested":2,"item_purchase_floors":[12],"current_hp_per_floor":[55,52,50,46,46,46,24,5,5,24,14,14,14,7,26,0,0],"gold":70,"neow_bonus":"THREE_RARE_CARDS","is_daily":false,"chose_seed":false,"campfire_upgraded":1,"win_rate":0.0,"timestamp":1609297600,"path_taken":["M","M","M","M","?","R","E","?","T","R","M","$","M","M","R","BOSS"],"items_purchased_type":["Card"],"build_version":"2020-12-22","purchased_purges":0,"victory":false,"max_hp_per_floor":[66,66,66,66,66,66,66,66,66,66,66,66,66,66,66,66,66],"card_choices":[{"not_picked":["Bullet Time","Wraith Form v2"],"picked":"Corpse Explosion","floor":0},{"not_picked":["Dagger Throw","Acrobatics"],"picked":"Crippling Poison","floor":1},{"not_picked":["Distraction","Dodge and Roll","Blade Dance"],"picked":"SKIP","floor":2},{"not_picked":["Outmaneuver","Accuracy","PiercingWail"],"picked":"SKIP","floor":3},{"not_picked":["Dash","Blade Dance"],"picked":"Cloak And Dagger","floor":4},{"not_picked":["PiercingWail","Deflect","Dash"],"picked":"SKIP","floor":7},{"not_picked":["Deflect","Dash"],"picked":"PiercingWail","floor":7},{"not_picked":["Reflex","Blade Dance","Predator"],"picked":"SKIP","floor":8},{"not_picked":["Acrobatics","Caltrops","Leg Sweep"],"picked":"SKIP","floor":11},{"not_picked":["Sucker Punch","Acrobatics","Choke"],"picked":"SKIP","floor":13},{"not_picked":["Prepared","Tools of the Trade"],"picked":"Bouncing Flask","floor":14}],"player_experience":1022614,"relics_obtained":[{"floor":7,"key":"Peace Pipe"},{"floor":9,"key":"Calipers"}],"event_choices":[{"cards_removed":["Strike_G"],"damage_healed":0,"gold_gain":0,"player_choice":"Card Removal","damage_taken":0,"max_hp_gain":0,"max_hp_loss":0,"event_name":"Wheel of Change","floor":5,"gold_loss":0}],"is_beta":false,"boss_relics":[],"items_purged_floors":[],"is_endless":false,"potions_floor_spawned":[3,8,11],"killed_by":"The Guardian","ascension_level":20}}