{"host":"6dypmz777xraikqf","time":1609353794,"event":{"mods":["AchievementEnabler","BaseMod","BetterRewards","Colored Map","Colored Powertips","Downfall","Highlight Path","Hubris","Infinite Spire","Minty Spire (QoL Compilation)","Replay The Spire","StSLib"],"gold_per_floor":[112,140,158,158,192,192,192,192,12,12,155,155,284,284,298,132,155,173,113,157,157,157,196,196,196,246,29,29,150,150,174,174,0,16,16,16,81,81,81,112,127,127,127,127],"floor_reached":51,"playtime":2340,"items_purged":["Strike_G","Strike_G","Defend_G"],"score":824,"play_id":"12d2fe3f-6899-40ab-b746-21d10242b449","local_time":"20201230184314","is_ascension_mode":true,"campfire_choices":[{"data":"Footwork","floor":8,"key":"SMITH"},{"data":"Neutralize","floor":10,"key":"SMITH"},{"floor":13,"key":"REST"},{"floor":15,"key":"REST"},{"floor":30,"key":"REST"},{"floor":32,"key":"REST"},{"data":"Replay:Fractal Strike","floor":40,"key":"SMITH"},{"data":"ReplayTheSpireMod:Black Plague","floor":42,"key":"SMITH"},{"data":"hubris:Sniper","floor":49,"key":"SMITH"}],"circlet_count":0,"master_deck":["Defend_G","Defend_G","Defend_G","Survivor","Neutralize+1","Dagger Throw","Footwork+1","Escape Plan","Hidden Blade","Infinite Blades","Prepared+1","infinitespire:Neurotoxin","Blade Dance","Backstab","hubris:Sniper+1","Hidden Blade","Replay:Fractal Strike+1","Bite","Bite","Bite","Bite","Bite","Impatience","Backflip","ReplayTheSpireMod:Black Plague+1","Acrobatics","Burst","Slice+1","Expertise"],"relics":["Ring of the Snake","NeowsBlessing","hubris:Teleporter","Golden Idol","hubris:MobiusCoin","hubris:TenFootPole","Bronze Scales","WristBlade","Unceasing Top","Snake Skull","ReplayTheSpireMod:Ninjato","hubris:Towel","Coffee Dripper","Red Mask","infinitespire:EmpoweringShard","hubris:PeanutButter"],"acts_visited":["Exordium","TheCity","TheBeyond"],"potions_floor_usage":[33,33,50,50,50],"damage_taken":[{"damage":0,"enemies":"Jaw Worm","floor":1,"turns":1},{"damage":0,"enemies":"Small Slimes","floor":3,"turns":1},{"damage":0,"enemies":"Lagavulin","floor":6,"turns":1},{"damage":20,"enemies":"Gremlin Nob","floor":14,"turns":5},{"damage":12,"enemies":"Fading Forest","floor":16,"turns":11},{"damage":2,"enemies":"Spheric Guardian","floor":18,"turns":5},{"damage":0,"enemies":"Chosen","floor":20,"turns":3},{"damage":23,"enemies":"Centurion and Healer","floor":21,"turns":5},{"damage":14,"enemies":"Gremlin Leader","floor":23,"turns":6},{"damage":27,"enemies":"Slavers","floor":27,"turns":5},{"damage":13,"enemies":"Champ","floor":33,"turns":7},{"damage":0,"enemies":"Orb Walker","floor":35,"turns":2},{"damage":0,"enemies":"3 Shapes","floor":38,"turns":2},{"damage":3,"enemies":"Writhing Mass","floor":41,"turns":4},{"damage":6,"enemies":"Reptomancer","floor":45,"turns":3},{"damage":0,"enemies":"Transient","floor":47,"turns":5},{"damage":58,"enemies":"hubris:GrandSnecko","floor":50,"turns":7}],"seed_played":"6347214197603446247","potions_obtained":[{"floor":1,"key":"Elixir"},{"floor":16,"key":"Venom Potion"},{"floor":18,"key":"Ancient Potion"},{"floor":27,"key":"Strength Potion"},{"floor":35,"key":"Fire Potion"},{"floor":45,"key":"CunningPotion"},{"floor":47,"key":"Regen Potion"}],"is_trial":false,"path_per_floor":["M","?","M","?","E","R","T","R","$","R","E","R","B",null,"M","$","M","M","?","E","AVR","T","E","?","?","R","$","R","B",null,"M","?","?","M","$","R","M","R","T","E","M","?","R","B",null],"character_chosen":"THE_SILENT","items_purchased":["Infinite Blades","Prepared+1","Backstab","hubris:Sniper","Impatience"],"campfire_rested":4,"item_purchase_floors":[11,11,19,19,31],"current_hp_per_floor":[70,53,53,36,36,36,36,36,36,57,37,58,46,70,68,68,68,45,45,31,31,31,4,4,4,18,18,32,31,49,49,43,43,43,43,43,44,44,44,42,48,48,48,9],"gold":127,"neow_bonus":"THREE_ENEMY_KILL","is_daily":false,"chose_seed":false,"campfire_upgraded":5,"win_rate":0.0,"timestamp":1609353794,"path_taken":["M","?","M","?","E","R","T","R","$","R","E","R","BOSS","M","$","M","M","?","E","AVR","T","E","?","?","R","?","R","BOSS","M","?","?","M","?","R","M","R","T","E","M","?","R","BOSS"],"items_purchased_type":["Card","Card","Card","Card","Card"],"build_version":"2020-12-22","purchased_purges":3,"victory":true,"max_hp_per_floor":[70,70,70,70,70,70,70,70,70,70,70,70,70,70,70,70,70,70,70,70,70,70,70,70,49,49,49,49,49,49,49,49,49,49,49,49,49,49,49,49,49,49,49,49],"card_choices":[{"not_picked":["Outmaneuver","ReplayTheSpireMod:Speed Training"],"picked":"Dagger Throw","floor":1},{"not_picked":["Catalyst","Riddle With Holes"],"picked":"Footwork","floor":2},{"not_picked":["ReplayTheSpireMod:Shiv Toss","Acrobatics"],"picked":"Escape Plan","floor":3},{"not_picked":["Choke","Predator"],"picked":"Hidden Blade","floor":6},{"not_picked":["Leg Sweep","Underhanded Strike","Die Die Die"],"picked":"SKIP","floor":14},{"not_picked":["ReplayTheSpireMod:Necrosis","Doppelganger"],"picked":"infinitespire:Neurotoxin","floor":16},{"not_picked":["Tactician","All Out Attack+1"],"picked":"Blade Dance","floor":18},{"not_picked":["Bane","Expertise"],"picked":"Hidden Blade","floor":20},{"not_picked":["Flechettes","Flying Knee","Deadly Poison"],"picked":"SKIP","floor":21},{"not_picked":["Sucker Punch","Quick Slash","Skewer"],"picked":"SKIP","floor":23},{"not_picked":["Fluid Movement","Eviscerate","Leg Sweep"],"picked":"SKIP","floor":27},{"not_picked":["Masterful Stab","Endless Agony"],"picked":"Backflip","floor":35},{"not_picked":["infinitespire:Starlight","infinitespire:FinalStrike"],"picked":"ReplayTheSpireMod:Black Plague","floor":36},{"not_picked":["Sucker Punch+1","Predator+1","Draining Mist"],"picked":"SKIP","floor":38},{"not_picked":["Replay:Poison Smokescreen","Quick Slash"],"picked":"Acrobatics","floor":41},{"not_picked":["Flying Knee","Bane+1"],"picked":"Burst","floor":45},{"not_picked":["Expertise+1","Dodge and Roll"],"picked":"Slice+1","floor":47}],"player_experience":39115,"relics_obtained":[{"floor":2,"key":"hubris:Teleporter"},{"floor":6,"key":"hubris:MobiusCoin"},{"floor":9,"key":"hubris:TenFootPole"},{"floor":14,"key":"Bronze Scales"},{"floor":23,"key":"Unceasing Top"},{"floor":27,"key":"ReplayTheSpireMod:Ninjato"},{"floor":43,"key":"infinitespire:EmpoweringShard"},{"floor":45,"key":"hubris:PeanutButter"}],"event_choices":[{"damage_healed":0,"gold_gain":0,"player_choice":"Take Damage","damage_taken":17,"relics_obtained":["Golden Idol"],"max_hp_gain":0,"max_hp_loss":0,"event_name":"Golden Idol","floor":4,"gold_loss":0},{"damage_healed":0,"gold_gain":0,"player_choice":"Became a vampire","damage_taken":0,"max_hp_gain":0,"max_hp_loss":21,"event_name":"Vampires","floor":29,"gold_loss":0,"cards_obtained":["Bite","Bite","Bite","Bite","Bite"]},{"damage_healed":0,"gold_gain":0,"player_choice":"Paid","damage_taken":0,"relics_obtained":["Red Mask"],"max_hp_gain":0,"max_hp_loss":0,"event_name":"Tomb of Lord Red Mask","floor":37,"gold_loss":174},{"damage_healed":0,"gold_gain":0,"cards_transformed":["Defend_G"],"player_choice":"Transformed","damage_taken":0,"max_hp_gain":0,"max_hp_loss":0,"event_name":"Transmorgrifier","floor":48,"gold_loss":0,"cards_obtained":["Expertise"]}],"is_beta":false,"boss_relics":[{"not_picked":["Tiny House","Replay:Ancient Bell"],"picked":"WristBlade"},{"not_picked":["hubris:ScarierMask","hubris:VirtuousBlindfold"],"picked":"Coffee Dripper"}],"items_purged_floors":[11,19,31],"is_endless":false,"potions_floor_spawned":[1,16,18,23,27,35,45,47],"ascension_level":1}}