{"host":"g7trc0x2teqyd8ye","time":1609288580,"event":{"mods":["BaseMod","Key Reminder","Minty Spire (QoL Compilation)","Relic Stats"],"gold_per_floor":[119,139,156,156,174,200,219,247,270,270,270],"floor_reached":10,"playtime":441,"items_purged":[],"score":152,"play_id":"48e23856-17e7-4787-b370-32800e7e8fad","local_time":"20201230013620","is_ascension_mode":true,"campfire_choices":[],"circlet_count":0,"master_deck":["AscendersBane","Strike_R","Strike_R","Strike_R","Strike_R","Defend_R","Defend_R","Defend_R","Defend_R","Bash","Anger","Fire Breathing","Dark Embrace","Sword Boomerang","Warcry","Infernal Blade","Warcry","Twin Strike"],"relics":["Burning Blood","Art of War","Orichalcum","Strawberry"],"acts_visited":["Exordium"],"potions_floor_usage":[6,6,8,10],"damage_taken":[{"damage":11,"enemies":"2 Louse","floor":1,"turns":3},{"damage":9,"enemies":"Jaw Worm","floor":2,"turns":4},{"damage":6,"enemies":"Cultist","floor":3,"turns":3},{"damage":15,"enemies":"Exordium Wildlife","floor":5,"turns":4},{"damage":30,"enemies":"Lagavulin","floor":6,"turns":5},{"damage":14,"enemies":"Blue Slaver","floor":7,"turns":4},{"damage":3,"enemies":"3 Sentries","floor":8,"turns":3},{"damage":43,"enemies":"Lagavulin","floor":10,"turns":7}],"seed_played":"6855944925540542420","potions_obtained":[{"floor":1,"key":"BlessingOfTheForge"},{"floor":5,"key":"AttackPotion"},{"floor":6,"key":"Block Potion"},{"floor":8,"key":"Explosive Potion"}],"is_trial":false,"path_per_floor":["M","M","M","?","M","E","M","E","T","E"],"character_chosen":"IRONCLAD","items_purchased":[],"campfire_rested":0,"item_purchase_floors":[],"current_hp_per_floor":[70,67,67,67,58,34,26,29,36,0,0],"gold":270,"neow_bonus":"TEN_PERCENT_HP_BONUS","is_daily":false,"chose_seed":false,"campfire_upgraded":0,"win_rate":0.0,"timestamp":1609288580,"path_taken":["M","M","M","?","M","E","M","E","T","E"],"items_purchased_type":[],"build_version":"2020-12-22","purchased_purges":0,"victory":false,"max_hp_per_floor":[82,82,82,82,82,82,82,82,89,89,89],"relic_stats":{"counters":[8,33],"Art of War":[2],"Orichalcum":[36],"obtain_stats":[{"Strawberry":9,"Art of War":6,"Orichalcum":8,"Burning Blood":0},{"Strawberry":7,"Art of War":5,"Orichalcum":7,"Burning Blood":0},{"Strawberry":26,"Art of War":19,"Orichalcum":26,"Burning Blood":0}],"Burning Blood":42},"card_choices":[{"not_picked":["Inflame","Body Slam"],"picked":"Anger","floor":1},{"not_picked":["Shrug It Off","Ghostly Armor"],"picked":"Fire Breathing","floor":2},{"not_picked":["Pommel Strike","Heavy Blade"],"picked":"Dark Embrace","floor":3},{"not_picked":["Rampage","Headbutt"],"picked":"Warcry","floor":5},{"not_picked":["Iron Wave","Armaments"],"picked":"Infernal Blade","floor":6},{"not_picked":["Heavy Blade","Flex"],"picked":"Warcry","floor":7},{"not_picked":["Juggernaut","Heavy Blade"],"picked":"Twin Strike","floor":8}],"player_experience":815967,"relics_obtained":[{"floor":6,"key":"Art of War"},{"floor":8,"key":"Orichalcum"},{"floor":9,"key":"Strawberry"}],"event_choices":[{"damage_healed":0,"gold_gain":0,"cards_transformed":["Strike_R"],"player_choice":"Change","damage_taken":0,"max_hp_gain":0,"max_hp_loss":0,"event_name":"Living Wall","floor":4,"gold_loss":0,"cards_obtained":["Sword Boomerang"]}],"is_beta":false,"boss_relics":[],"items_purged_floors":[],"is_endless":false,"potions_floor_spawned":[1,5,6,8],"killed_by":"Lagavulin","ascension_level":18}}