{"host":"tw4sg9io217sih45","time":1609352611,"event":{"mods":["AchievementEnabler","BaseMod","Colored Map","Highlight Path","Minty Spire (QoL Compilation)"],"gold_per_floor":[117,131,150,167,181,213,223,223,275,291,79,92,109,122,122,217,217,236,99,117,131,131,166,166,181,181,181,181,181,207,218,218,218,218],"floor_reached":33,"playtime":2079,"items_purged":["Strike_G","Strike_G"],"score":310,"play_id":"f267ec3b-1cd0-461f-85e4-d8fdb643e652","local_time":"20201231022331","is_ascension_mode":true,"campfire_choices":[{"floor":8,"key":"REST"},{"floor":15,"key":"REST"},{"floor":24,"key":"REST"},{"floor":27,"key":"REST"},{"floor":32,"key":"REST"}],"circlet_count":0,"master_deck":["Strike_G","Strike_G","Defend_G","Defend_G","Defend_G","Defend_G","Defend_G","Survivor","Neutralize","Backflip","Footwork","Dagger Throw","Poisoned Stab","Burst","Quick Slash","Unload","Blur","Bane","Deadly Poison","Unload","Escape Plan","Dash","Skewer","Crippling Poison","Dagger Spray+1","Terror","Poisoned Stab","After Image"],"relics":["Fusion Hammer","Mercury Hourglass","Orichalcum","Juzu Bracelet","Dead Branch","Nloth\u0027s Gift","Singing Bowl"],"acts_visited":["Exordium","TheCity"],"potions_floor_usage":[16,23,23,30,30,31],"damage_taken":[{"damage":1,"enemies":"Cultist","floor":1,"turns":5},{"damage":1,"enemies":"Jaw Worm","floor":2,"turns":5},{"damage":0,"enemies":"2 Louse","floor":3,"turns":4},{"damage":16,"enemies":"Exordium Thugs","floor":4,"turns":5},{"damage":8,"enemies":"Large Slime","floor":5,"turns":7},{"damage":15,"enemies":"3 Sentries","floor":6,"turns":10},{"damage":9,"enemies":"Gremlin Gang","floor":7,"turns":4},{"damage":2,"enemies":"Blue Slaver","floor":10,"turns":3},{"damage":2,"enemies":"Looter","floor":12,"turns":2},{"damage":0,"enemies":"3 Louse","floor":13,"turns":3},{"damage":5,"enemies":"Lots of Slimes","floor":14,"turns":2},{"damage":4,"enemies":"Slime Boss","floor":16,"turns":7},{"damage":4,"enemies":"Chosen","floor":18,"turns":4},{"damage":5,"enemies":"Spheric Guardian","floor":20,"turns":4},{"damage":16,"enemies":"Snake Plant","floor":21,"turns":4},{"damage":19,"enemies":"Book of Stabbing","floor":23,"turns":6},{"damage":3,"enemies":"Centurion and Healer","floor":25,"turns":6},{"damage":32,"enemies":"Slavers","floor":30,"turns":7},{"damage":0,"enemies":"3 Cultists","floor":31,"turns":3},{"damage":72,"enemies":"Collector","floor":33,"turns":7}],"seed_played":"8775724626665488530","potions_obtained":[{"floor":4,"key":"Block Potion"},{"floor":5,"key":"PowerPotion"},{"floor":7,"key":"SteroidPotion"},{"floor":16,"key":"Poison Potion"},{"floor":23,"key":"PowerPotion"},{"floor":30,"key":"PowerPotion"}],"is_trial":false,"path_per_floor":["M","M","M","M","M","E","M","R","T","M","$","M","M","M","R","B",null,"M","$","M","M","?","E","R","M","T","R","?","?","E","M","R","B"],"character_chosen":"THE_SILENT","items_purchased":["Unload","Dash"],"campfire_rested":5,"item_purchase_floors":[11,19],"current_hp_per_floor":[69,68,68,52,44,29,20,41,41,39,39,37,37,32,53,49,70,66,66,61,45,45,26,47,44,44,65,65,65,35,35,56,0,0],"gold":218,"neow_bonus":"BOSS_RELIC","is_daily":false,"chose_seed":false,"campfire_upgraded":0,"win_rate":0.0,"timestamp":1609352611,"path_taken":["M","?","?","M","M","E","M","R","T","?","?","M","M","M","R","BOSS","M","$","M","M","?","E","R","M","T","R","?","?","E","M","R","BOSS"],"items_purchased_type":["Card","Card"],"build_version":"2020-12-22","purchased_purges":2,"victory":false,"max_hp_per_floor":[70,70,70,70,70,70,70,70,70,70,70,70,70,70,70,70,70,70,70,70,70,70,70,70,70,70,70,70,70,72,72,72,72,72],"card_choices":[{"not_picked":["Flying Knee","Prepared"],"picked":"Backflip","floor":1},{"not_picked":["Accuracy","Reflex"],"picked":"Footwork","floor":2},{"not_picked":["Calculated Gamble","Deadly Poison"],"picked":"Dagger Throw","floor":3},{"not_picked":["Flying Knee","Prepared"],"picked":"Poisoned Stab","floor":4},{"not_picked":["Quick Slash","Predator","Underhanded Strike"],"picked":"SKIP","floor":5},{"not_picked":["Flying Knee","Caltrops"],"picked":"Burst","floor":6},{"not_picked":["Dagger Throw","PiercingWail"],"picked":"Quick Slash","floor":7},{"not_picked":["Eviscerate","Infinite Blades","Deflect"],"picked":"SKIP","floor":10},{"not_picked":["Flying Knee","Cloak And Dagger"],"picked":"Blur","floor":12},{"not_picked":["Flying Knee","Infinite Blades"],"picked":"Bane","floor":13},{"not_picked":["Unload","Deflect"],"picked":"Deadly Poison","floor":14},{"not_picked":["Grand Finale","Bullet Time"],"picked":"Unload","floor":16},{"not_picked":["Deadly Poison","Concentrate"],"picked":"Escape Plan","floor":18},{"not_picked":["PiercingWail","Deadly Poison"],"picked":"Skewer","floor":20},{"not_picked":["PiercingWail","Sucker Punch"],"picked":"Crippling Poison","floor":21},{"not_picked":["Distraction","Sucker Punch+1"],"picked":"Dagger Spray+1","floor":23},{"not_picked":["Calculated Gamble","Backflip"],"picked":"Terror","floor":25},{"not_picked":["Underhanded Strike","Predator","Dash"],"picked":"Singing Bowl","floor":30},{"not_picked":["Backflip","Deflect+1"],"picked":"After Image","floor":31}],"player_experience":188794,"relics_obtained":[{"floor":6,"key":"Mercury Hourglass"},{"floor":9,"key":"Orichalcum"},{"floor":23,"key":"Juzu Bracelet"},{"floor":26,"key":"Dead Branch"},{"floor":30,"key":"Singing Bowl"}],"event_choices":[{"cards_removed":["Strike_G"],"damage_healed":0,"gold_gain":0,"player_choice":"Elegance","damage_taken":0,"max_hp_gain":0,"max_hp_loss":0,"event_name":"Back to Basics","floor":22,"gold_loss":0},{"damage_healed":0,"gold_gain":0,"player_choice":"Read","damage_taken":0,"max_hp_gain":0,"max_hp_loss":0,"event_name":"The Library","floor":28,"gold_loss":0,"cards_obtained":["Poisoned Stab"]},{"damage_healed":0,"gold_gain":0,"player_choice":"Traded Relic","damage_taken":0,"relics_obtained":["Nloth\u0027s Gift"],"max_hp_gain":0,"max_hp_loss":0,"event_name":"N\u0027loth","floor":29,"relics_lost":["HoveringKite"],"gold_loss":0}],"is_beta":false,"boss_relics":[{"not_picked":["Runic Dome","Tiny House"],"picked":"HoveringKite"}],"items_purged_floors":[11,19],"is_endless":false,"potions_floor_spawned":[4,5,7,14,16,23,30],"killed_by":"Collector","ascension_level":1}}