{"host":"qg7fj05lalo09o61","time":1609314997,"event":{"mods":["Act Like it!","Always Whale","BaseMod","CapriCore","Gensokyo","Minty Spire (QoL Compilation)","StSLib","The Servant 0.9.4"],"gold_per_floor":[116,135,148,248,258,258,283,283,283,310,310,162,190,204,204,307,307,322,17,17,29,29,57,307,321,321,350,89,124,124,156,156,259,259,279,296,311,12,12,12,38,53,77,77,127,142,0,0,0,0],"floor_reached":51,"playtime":4372,"items_purged":["Strike_S"],"score":958,"play_id":"c19348c4-8d79-4484-80ea-8b0811bad421","local_time":"20201230105637","is_ascension_mode":true,"campfire_choices":[{"data":"Moondial","floor":6,"key":"SMITH"},{"data":"Starlight","floor":8,"key":"SMITH"},{"floor":11,"key":"REST"},{"data":"Initiator","floor":15,"key":"SMITH"},{"data":"MurderousAura","floor":32,"key":"SMITH"},{"data":"Sabotage","floor":40,"key":"SMITH"},{"floor":44,"key":"REST"},{"data":"Rearm","floor":49,"key":"SMITH"}],"circlet_count":0,"master_deck":["Strike_S","Strike_S","Strike_S","Defend_S","Defend_S","Defend_S","Defend_S","Exchange","MurderousAura+1","Moondial+1","Starlight","Starlight+1","Ricochet+1","Rearm+1","FastForward","Advance","Initiator+1","Sabotage+1","SoulSculpture+1","Advance","Rewind","Rewind+1","Misdirection+1","SoulSculpture","ForgedInTime+1","Gouge+1","FastForward+1","KillingDoll","GearUp+1","Dark Shackles+1"],"relics":["Uniform","Pen Nib","Letter Opener","Bag of Preparation","StoneMask","Nunchaku","ClockworkSouvenir","Gensokyo:ChorusOfJoy","Regal Pillow","Whetstone","Boot","Toxic Egg 2","Omamori","Art of War","SacredBark","Oddly Smooth Stone","The Courier","Toy Ornithopter","Mango","Red Mask"],"acts_visited":["Exordium","Gensokyo:Gensokyo","TheBeyond"],"potions_floor_usage":[27,37],"damage_taken":[{"damage":6,"enemies":"Gensokyo:2_Kodama","floor":1,"turns":4},{"damage":3,"enemies":"Gensokyo:3_Fairies","floor":2,"turns":4},{"damage":0,"enemies":"Gensokyo:Gryphon","floor":3,"turns":2},{"damage":23,"enemies":"Gensokyo:3_Kodama","floor":5,"turns":5},{"damage":17,"enemies":"Gensokyo:Aya","floor":7,"turns":8},{"damage":0,"enemies":"Gensokyo:Cirno","floor":10,"turns":4},{"damage":0,"enemies":"Gensokyo:Aya","floor":13,"turns":3},{"damage":0,"enemies":"Gensokyo:LivingMonolith","floor":14,"turns":2},{"damage":26,"enemies":"Gensokyo:Kokoro","floor":16,"turns":13},{"damage":2,"enemies":"Gensokyo:2_Gloops","floor":18,"turns":3},{"damage":0,"enemies":"Gensokyo:CosmicMonolith","floor":21,"turns":1},{"damage":0,"enemies":"Gensokyo:Koishi","floor":23,"turns":4},{"damage":15,"enemies":"Gensokyo:3_Gloops","floor":25,"turns":5},{"damage":16,"enemies":"Gensokyo:Tenshi","floor":27,"turns":4},{"damage":0,"enemies":"Gensokyo:Reisen","floor":29,"turns":6},{"damage":0,"enemies":"Gensokyo:Koishi","floor":31,"turns":4},{"damage":14,"enemies":"Gensokyo:Eternal_Rivals","floor":33,"turns":13},{"damage":0,"enemies":"Orb Walker","floor":35,"turns":3},{"damage":0,"enemies":"3 Shapes","floor":36,"turns":6},{"damage":0,"enemies":"Transient","floor":37,"turns":5},{"damage":25,"enemies":"Reptomancer","floor":41,"turns":4},{"damage":20,"enemies":"Writhing Mass","floor":42,"turns":5},{"damage":0,"enemies":"Mind Bloom Boss Battle","floor":45,"turns":6},{"damage":11,"enemies":"Maw","floor":46,"turns":7},{"damage":42,"enemies":"Awakened One","floor":50,"turns":27}],"seed_played":"-4776913726128372497","potions_obtained":[{"floor":1,"key":"SpeedPotion"},{"floor":5,"key":"LiquidMemories"},{"floor":7,"key":"SpeedPotion"},{"floor":13,"key":"LiquidBronze"},{"floor":25,"key":"Fire Potion"},{"floor":33,"key":"BlessingOfTheForge"},{"floor":42,"key":"EssenceOfSteel"}],"is_trial":false,"path_per_floor":["M","M","M","?","M","R","E","R","T","?","R","$","E","M","R","B",null,"M","$","?","M","?","E","?","M","T","E","$","E","$","E","R","B",null,"M","M","M","$","?","R","E","M","T","R","?","M","?","?","R","B",null],"character_chosen":"THE_SERVANT","items_purchased":["Advance","Nunchaku","ClockworkSouvenir","Toxic Egg 2","Oddly Smooth Stone","KillingDoll"],"campfire_rested":2,"item_purchase_floors":[12,19,19,28,38,38],"current_hp_per_floor":[59,56,56,56,33,33,16,16,16,16,35,35,35,35,35,9,65,67,67,67,68,68,69,69,61,61,48,48,51,51,54,54,46,77,78,81,82,82,82,82,60,43,43,83,99,91,91,91,91,61],"gold":0,"neow_bonus":"ONE_RANDOM_RARE_CARD","is_daily":false,"chose_seed":false,"campfire_upgraded":6,"win_rate":0.0,"timestamp":1609314997,"path_taken":["M","M","?","?","M","R","E","R","T","?","R","?","E","M","R","BOSS","M","$","?","M","?","E","?","M","T","E","?","E","$","E","R","BOSS","M","M","M","$","?","R","E","M","T","R","?","M","?","?","R","BOSS"],"items_purchased_type":["Card","Relic","Relic","Relic","Relic","Card"],"build_version":"2020-12-13","purchased_purges":1,"victory":true,"max_hp_per_floor":[65,65,65,65,65,65,65,65,65,65,65,65,65,65,65,65,65,67,67,67,68,68,69,69,72,72,73,73,74,74,75,75,77,77,78,81,82,82,82,82,83,84,84,84,99,100,100,100,100,104],"card_choices":[{"not_picked":["Advance","Alleviate"],"picked":"Moondial","floor":1},{"not_picked":["Sabotage","Revamp"],"picked":"Starlight","floor":2},{"not_picked":["TimeWarp","KillingDoll"],"picked":"Starlight","floor":3},{"not_picked":["Rearm","Defy"],"picked":"Ricochet","floor":5},{"not_picked":["StarChef","BottledTime"],"picked":"Rearm","floor":7},{"not_picked":["MoonPhase","ShatteredReality"],"picked":"FastForward","floor":10},{"not_picked":["TimeWarp","Foresight"],"picked":"Initiator","floor":13},{"not_picked":["Ricochet","Rewind"],"picked":"Sabotage","floor":14},{"not_picked":["Initiator","Deny"],"picked":"SoulSculpture","floor":16},{"not_picked":["Defy","Contraction"],"picked":"Advance","floor":18},{"not_picked":["DualDimension","DoubleEdge"],"picked":"Rewind","floor":21},{"not_picked":["Moonlight","TimeWarp+1"],"picked":"Rewind+1","floor":23},{"not_picked":["Rewind","Spin","Unruled+1"],"picked":"SKIP","floor":25},{"not_picked":["Replace","Rewind"],"picked":"Misdirection+1","floor":27},{"not_picked":["DualDimension+1","Hightail+1"],"picked":"SoulSculpture","floor":29},{"not_picked":["Gouge","Ricochet","Shuttle+1"],"picked":"SKIP","floor":31},{"not_picked":["MurderousAura","Deny+1"],"picked":"ForgedInTime+1","floor":33},{"not_picked":["Revamp+1","StarChef"],"picked":"Gouge+1","floor":35},{"not_picked":["TimeWarp+1","Starlight","StarChef"],"picked":"SKIP","floor":36},{"not_picked":["StarChef","Defy+1"],"picked":"FastForward+1","floor":37},{"not_picked":["Revamp+1","Read+1"],"picked":"GearUp+1","floor":41},{"not_picked":["Revamp+1","TimeWarp","Shuttle+1"],"picked":"SKIP","floor":42},{"not_picked":["Ricochet","Spin","TimeWarp+1"],"picked":"SKIP","floor":46},{"not_picked":["Magnetism","Purity+1"],"picked":"Dark Shackles+1","floor":48}],"player_experience":196753,"relics_obtained":[{"floor":7,"key":"Pen Nib"},{"floor":9,"key":"Centennial Puzzle"},{"floor":10,"key":"Letter Opener"},{"floor":13,"key":"Bag of Preparation"},{"floor":23,"key":"Regal Pillow"},{"floor":26,"key":"Whetstone"},{"floor":27,"key":"Boot"},{"floor":29,"key":"Omamori"},{"floor":31,"key":"Art of War"},{"floor":41,"key":"The Courier"},{"floor":43,"key":"Toy Ornithopter"},{"floor":45,"key":"Mango"}],"event_choices":[{"cards_removed":["KidneyShot"],"damage_healed":0,"gold_gain":0,"player_choice":"Removed Attack","damage_taken":0,"max_hp_gain":0,"max_hp_loss":0,"event_name":"Falling","floor":39,"gold_loss":0},{"damage_healed":0,"gold_gain":0,"player_choice":"Fight","damage_taken":0,"max_hp_gain":0,"max_hp_loss":0,"event_name":"MindBloom","floor":45,"gold_loss":0},{"damage_healed":0,"gold_gain":0,"player_choice":"Paid","damage_taken":0,"relics_obtained":["Red Mask"],"max_hp_gain":0,"max_hp_loss":0,"event_name":"Tomb of Lord Red Mask","floor":47,"gold_loss":142},{"damage_healed":0,"gold_gain":0,"player_choice":"Memory 1","damage_taken":0,"max_hp_gain":0,"max_hp_loss":0,"event_name":"SensoryStone","floor":48,"gold_loss":0}],"is_beta":false,"boss_relics":[{"not_picked":["Runic Pyramid","Tiny House"],"picked":"StoneMask"},{"not_picked":["Black Star","Velvet Choker"],"picked":"SacredBark"}],"items_purged_floors":[12],"is_endless":false,"potions_floor_spawned":[1,5,7,13,21,25,33,35,42],"ascension_level":1}}