{"host":"gkh5j5k5w4qf7k7n","time":1609330989,"event":{"mods":["2.2 Compatiblity","AchievementEnabler","BaseMod","Colored Map","Colored Powertips","GifTheSpireLib","Keyboard Shortcuts","Minty Spire (QoL Compilation)","Quick Restart","StSLib","SuperFastMode","The Construct","The Problem Sleuth","¡¼?Úª?ø«¡½REMEMod"],"gold_per_floor":[112,123,223,102,2,2,334,351,351,367,367,367,380,380,380],"floor_reached":14,"playtime":570,"items_purged":["construct:Strike_Gold","construct:Defend_Gold"],"score":178,"play_id":"59db5ed3-402b-4be8-a7be-ecec3ff403c7","local_time":"20201230212309","is_ascension_mode":true,"campfire_choices":[{"data":"construct:BatteryCore","floor":6,"key":"SMITH"},{"data":"Barricade","floor":12,"key":"SMITH"}],"circlet_count":0,"master_deck":["AscendersBane","construct:Strike_Gold","construct:Strike_Gold","construct:Strike_Gold","construct:Defend_Gold","construct:Defend_Gold","construct:Defend_Gold","construct:Defend_Gold","construct:AttackMode","construct:DefenseMode","construct:BatteryCore+1","Barricade+1","construct:SaveState","construct:Autoturret","construct:Impenetrable"],"relics":["construct:ClockworkPhoenix","construct:Challenge1","REME_ComplimentaryCards","Old Coin","Mango"],"acts_visited":["Exordium"],"potions_floor_usage":[14],"damage_taken":[{"damage":13,"enemies":"Jaw Worm","floor":1,"turns":4},{"damage":6,"enemies":"Cultist","floor":2,"turns":3},{"damage":0,"enemies":"Lagavulin","floor":7,"turns":18},{"damage":8,"enemies":"2 Louse","floor":8,"turns":4},{"damage":14,"enemies":"2 Fungi Beasts","floor":10,"turns":8},{"damage":22,"enemies":"3 Louse","floor":13,"turns":9},{"damage":29,"enemies":"3 Sentries","floor":14,"turns":6}],"seed_played":"-9132256428693242442","potions_obtained":[{"floor":7,"key":"PowerPotion"},{"floor":10,"key":"EssenceOfSteel"},{"floor":13,"key":"Fire Potion"}],"is_trial":false,"path_per_floor":["M","M","?","$","$","R","E","M","T","M","?","R","M","E"],"character_chosen":"THE_CONSTRUCT_MOD","items_purchased":["construct:Autoturret"],"campfire_rested":0,"item_purchase_floors":[4],"current_hp_per_floor":[64,58,58,58,58,58,58,50,64,50,50,50,28,0,0],"gold":380,"neow_bonus":"ONE_RANDOM_RARE_CARD","is_daily":false,"chose_seed":false,"campfire_upgraded":2,"win_rate":0.0,"timestamp":1609330989,"path_taken":["M","M","?","?","$","R","E","?","T","M","?","R","M","E"],"items_purchased_type":["Card"],"build_version":"2020-12-22","purchased_purges":2,"victory":false,"max_hp_per_floor":[85,85,85,85,85,85,85,85,99,99,99,99,99,99,99],"card_choices":[{"not_picked":["construct:VentSteam","construct:OmegaCannon"],"picked":"construct:SaveState","floor":1},{"not_picked":["construct:Stasis","construct:VentSteam","construct:Chainstrike"],"picked":"SKIP","floor":2},{"not_picked":["construct:SiegeForm","construct:ScrapCannon"],"picked":"construct:Impenetrable","floor":7},{"not_picked":["construct:ClusterMines","construct:Autoturret","construct:Tumble"],"picked":"SKIP","floor":8},{"not_picked":["construct:Analyze","construct:ClusterMines","construct:Forcefield"],"picked":"SKIP","floor":10},{"not_picked":["construct:FocusedBeam","construct:SweepLaser","construct:ScrapCannon"],"picked":"SKIP","floor":13}],"player_experience":939712,"relics_obtained":[{"floor":7,"key":"Old Coin"},{"floor":9,"key":"Mango"}],"event_choices":[{"damage_healed":0,"gold_gain":100,"player_choice":"Pray","damage_taken":0,"max_hp_gain":0,"max_hp_loss":0,"event_name":"Golden Shrine","floor":3,"gold_loss":0},{"cards_removed":["construct:Strike_Gold"],"damage_healed":0,"gold_gain":0,"player_choice":"Purged","damage_taken":0,"max_hp_gain":0,"max_hp_loss":0,"event_name":"Purifier","floor":11,"gold_loss":0}],"is_beta":false,"boss_relics":[],"items_purged_floors":[4,5],"is_endless":false,"potions_floor_spawned":[7,10,13],"killed_by":"3 Sentries","ascension_level":11}}