{"host":"J","time":1609337204,"event":{"mods":["AchievementEnabler","BaseMod","Block Reminder","Highlight Path","Minty Spire (QoL Compilation)","Permanent Neow","Quick Restart","Relic Stats","UnlockEverythingMod"],"gold_per_floor":[159,172,172,187,202,202,236,236,236,252,252,270,280,280,280],"floor_reached":14,"playtime":1445,"items_purged":[],"score":188,"play_id":"1bf2ced7-20c9-4440-bdac-23669911681a","local_time":"20201230150644","is_ascension_mode":true,"campfire_choices":[{"data":"Blade Dance","floor":6,"key":"SMITH"},{"data":"Footwork","floor":8,"key":"SMITH"},{"data":"Neutralize","floor":11,"key":"SMITH"}],"circlet_count":0,"master_deck":["AscendersBane","Strike_G+1","Strike_G","Strike_G","Strike_G","Strike_G","Defend_G","Defend_G","Defend_G","Defend_G","Defend_G","Survivor","Neutralize+1","Infinite Blades","Footwork+1","Blade Dance+1","PiercingWail","Infinite Blades","Leg Sweep"],"relics":["Tiny House","InkBottle","Singing Bowl"],"acts_visited":["Exordium"],"potions_floor_usage":[7],"damage_taken":[{"damage":7.0,"enemies":"Cultist","floor":1.0,"turns":6.0},{"damage":12.0,"enemies":"Jaw Worm","floor":2.0,"turns":6.0},{"damage":0,"enemies":"2 Louse","floor":4,"turns":4},{"damage":6,"enemies":"Blue Slaver","floor":5,"turns":6},{"damage":60,"enemies":"Lagavulin","floor":7,"turns":11},{"damage":1,"enemies":"Lots of Slimes","floor":10,"turns":6},{"damage":2,"enemies":"Looter","floor":12,"turns":4},{"damage":3,"enemies":"Blue Slaver","floor":13,"turns":5},{"damage":10,"enemies":"3 Sentries","floor":14,"turns":4}],"seed_played":"7512556880170189635","potions_obtained":[{"floor":0.0,"key":"Energy Potion"},{"floor":2.0,"key":"Regen Potion"},{"floor":5,"key":"FairyPotion"},{"floor":12,"key":"EssenceOfSteel"}],"is_trial":false,"path_per_floor":["M","M","?","M","M","R","E","R","T","M","R","M","M","E"],"character_chosen":"THE_SILENT","items_purchased":[],"campfire_rested":0,"item_purchase_floors":[],"current_hp_per_floor":[57,45,45,45,39,39,21,21,21,20,20,20,19,9,9],"gold":280,"neow_bonus":"BOSS_RELIC","is_daily":false,"chose_seed":false,"campfire_upgraded":3,"win_rate":0.0,"timestamp":1609337204,"path_taken":["M","M","?","M","M","R","E","R","T","M","R","M","?","E"],"items_purchased_type":[],"build_version":"2020-12-18","purchased_purges":0,"victory":false,"max_hp_per_floor":[71,71,71,71,71,71,71,71,71,71,71,73,75,75,75],"relic_stats":{"Singing Bowl":4,"counters":[9,52],"obtain_stats":[{"Tiny House":0,"Singing Bowl":9,"InkBottle":7,"Ring of the Snake":0},{"Tiny House":0,"Singing Bowl":5,"InkBottle":5,"Ring of the Snake":0},{"Tiny House":0,"Singing Bowl":33,"InkBottle":33,"Ring of the Snake":0}],"InkBottle":[7]},"card_choices":[{"not_picked":["Dodge and Roll","Acrobatics"],"picked":"Infinite Blades","floor":0.0},{"not_picked":["Slice","Cloak And Dagger"],"picked":"Footwork","floor":1.0},{"not_picked":["Acrobatics","Deadly Poison"],"picked":"Blade Dance","floor":2.0},{"not_picked":["Bane","Deadly Poison"],"picked":"PiercingWail","floor":4},{"not_picked":["Prepared","Backstab","Noxious Fumes"],"picked":"SKIP","floor":5},{"not_picked":["PiercingWail","Catalyst"],"picked":"Infinite Blades","floor":7},{"not_picked":["Blur","Underhanded Strike"],"picked":"Leg Sweep","floor":10},{"not_picked":["Noxious Fumes","Escape Plan","Reflex"],"picked":"Singing Bowl","floor":12},{"not_picked":["Backflip","A Thousand Cuts","Calculated Gamble"],"picked":"Singing Bowl","floor":13}],"player_experience":224127,"relics_obtained":[{"floor":7,"key":"InkBottle"},{"floor":9,"key":"Singing Bowl"}],"event_choices":[{"damage_healed":0,"gold_gain":0,"player_choice":"Leave","damage_taken":0,"max_hp_gain":0,"max_hp_loss":0,"event_name":"FaceTrader","floor":3,"gold_loss":0}],"is_beta":true,"boss_relics":[],"items_purged_floors":[],"is_endless":false,"potions_floor_spawned":[2,4,5,12],"killed_by":"3 Sentries","ascension_level":20}}