{"host":"64h6jdpsiwrne03s","time":1609337662,"event":{"mods":["Act Like it!","BaseMod","Bestiary","Colored Powertips","Gensokyo","KomeijiMod","Marisa£®ÏF”Í°°ƒß¿Ì…≥£©","Minty Spire (QoL Compilation)","Reimu£®≤©¿ˆ¡È√Œ£©","Remilia£®¿Ÿ√◊¿Ú—«£©","StSLib","The Servant 0.9.4","Youmu£®ªÍ∆«—˝√Œ£©"],"gold_per_floor":[119,119,19,31,31,44,44,44,94,108,108,128,128,147,147,147,147],"floor_reached":16,"playtime":675,"items_purged":[],"score":120,"play_id":"dab5a226-aa9c-4096-bdba-8a08563deab6","local_time":"20201230221422","is_ascension_mode":true,"campfire_choices":[{"data":"Gensokyo:CrescentMoonSlash","floor":8.0,"key":"SMITH"},{"data":"NB:ReiMu","floor":11.0,"key":"SMITH"},{"data":"Authority:ReiMu","floor":13,"key":"SMITH"},{"floor":15,"key":"REST"}],"circlet_count":0,"master_deck":["Strike_Lin:ReiMu","Strike_Lin:ReiMu","Defend_Lin:ReiMu","Defend_Lin:ReiMu","Defend_Lin:ReiMu","NB:ReiMu+1","Stagnation:ReiMu","Gensokyo:CrescentMoonSlash+1","Authority:ReiMu+1"],"relics":["FlyPower:ReiMu","Potion Belt","Blood Vial","RuthlessExorcism:ReiMu","Singing Bowl"],"acts_visited":["Gensokyo:Gensokyo"],"potions_floor_usage":[12],"damage_taken":[{"damage":0.0,"enemies":"Gensokyo:3_Fairies","floor":1.0,"turns":5.0},{"damage":6.0,"enemies":"Gensokyo:2_Kodama","floor":4.0,"turns":4.0},{"damage":3.0,"enemies":"Gensokyo:Python","floor":6.0,"turns":5.0},{"damage":0.0,"enemies":"Gensokyo:3_Kodama","floor":10.0,"turns":1.0},{"damage":7,"enemies":"Gensokyo:2_Rabbits","floor":12,"turns":6},{"damage":0,"enemies":"Gensokyo:5_Fairies","floor":14,"turns":2},{"damage":20,"enemies":"Gensokyo:Kokoro","floor":16,"turns":7}],"seed_played":"4573799106929304180","potions_obtained":[{"floor":1.0,"key":"Weak Potion"},{"floor":4.0,"key":"Dexterity Potion"},{"floor":6.0,"key":"ColorlessPotion"}],"is_trial":false,"path_per_floor":["M","?","COS","M","?","M","T","R","T","M","R","M","R","M","R","B"],"character_chosen":"REIMU","items_purchased":[],"campfire_rested":1,"item_purchase_floors":[],"current_hp_per_floor":[59,50,50,44,18,15,15,15,15,19,19,16,16,20,41,23,23],"gold":147,"neow_bonus":"RANDOM_COMMON_RELIC","is_daily":false,"chose_seed":false,"campfire_upgraded":3,"win_rate":0.0,"timestamp":1609337662,"path_taken":["M","?","COS","?","?","M","?","R","T","?","R","M","R","M","R","BOSS"],"items_purchased_type":[],"build_version":"2020-12-22","purchased_purges":0,"victory":false,"max_hp_per_floor":[65,65,65,65,65,65,65,65,65,67,67,69,69,71,71,71,71],"card_choices":[{"not_picked":["PayForSelf:ReiMu","SubAcupoint:ReiMu","EmergencyTakeOff:ReiMu"],"picked":"SKIP","floor":1.0},{"not_picked":["CareerPray:ReiMu","SafetyPray:ReiMu","Intuition:ReiMu"],"picked":"SKIP","floor":4.0},{"not_picked":["AirManeuver:ReiMu","PrepareRite:ReiMu","SpiritualOutbreak2:ReiMu"],"picked":"SKIP","floor":6.0},{"not_picked":["OrbThrow:ReiMu","SpringWay:ReiMu","Intuition:ReiMu"],"picked":"Singing Bowl","floor":10.0},{"not_picked":["CeremonyResonance:ReiMu","HakureiPhantom:ReiMu"],"picked":"Authority:ReiMu","floor":12},{"not_picked":["SpreadBorder2:ReiMu","NineCharacters:ReiMu","WonderfulDomain:ReiMu"],"picked":"Singing Bowl","floor":12},{"not_picked":["LearningPray:ReiMu","SafetyPray:ReiMu","SealNeedle:ReiMu"],"picked":"Singing Bowl","floor":14}],"player_experience":321520,"relics_obtained":[{"floor":7.0,"key":"Blood Vial"},{"floor":9.0,"key":"RuthlessExorcism:ReiMu"}],"event_choices":[],"is_beta":false,"boss_relics":[],"items_purged_floors":[],"is_endless":false,"potions_floor_spawned":[1,4,6],"killed_by":"Gensokyo:Kokoro","ascension_level":6}}