{"host":"i09pxcjttd31eh4q","time":1609323303,"event":{"mods":["AchievementEnabler","BaseMod","Colored Map","Keyboard Shortcuts","Minty Spire (QoL Compilation)","StSLib","SuperFastMode"],"gold_per_floor":[15,26,26,41,116,116,126,140,140,140,150,205,0,17,17,90,90,102,54,54,54],"floor_reached":20,"playtime":506,"items_purged":[],"score":336,"play_id":"4146f619-1cf1-4fd2-b292-7e3f2d86c46d","local_time":"20201230191503","is_ascension_mode":true,"campfire_choices":[{"data":"Eviscerate","floor":6.0,"key":"SMITH"},{"data":"Deadly Poison","floor":10.0,"key":"SMITH"},{"floor":15.0,"key":"REST"}],"circlet_count":0,"master_deck":["AscendersBane","Strike_G","Strike_G","Strike_G","Strike_G","Defend_G","Defend_G","Defend_G","Defend_G","Defend_G","Survivor","Neutralize","Eviscerate+1","Deadly Poison+1","Crippling Poison","Heel Hook","Noxious Fumes","Tactician","Backflip","Escape Plan+1"],"relics":["Ring of the Snake","TungstenRod","Question Card","Bag of Marbles","Medical Kit","HoveringKite"],"acts_visited":["Exordium","TheCity"],"potions_floor_usage":[],"damage_taken":[{"damage":0.0,"enemies":"2 Louse","floor":1.0,"turns":4.0},{"damage":2.0,"enemies":"Small Slimes","floor":2.0,"turns":6.0},{"damage":3.0,"enemies":"Cultist","floor":4.0,"turns":3.0},{"damage":15.0,"enemies":"Lots of Slimes","floor":7.0,"turns":5.0},{"damage":5.0,"enemies":"Large Slime","floor":8.0,"turns":8.0},{"damage":3.0,"enemies":"2 Fungi Beasts","floor":11.0,"turns":4.0},{"damage":10.0,"enemies":"Gremlin Nob","floor":12.0,"turns":3.0},{"damage":0.0,"enemies":"Blue Slaver","floor":14.0,"turns":2.0},{"damage":15.0,"enemies":"Hexaghost","floor":16.0,"turns":8.0},{"damage":0.0,"enemies":"Spheric Guardian","floor":18.0,"turns":3.0},{"damage":5,"enemies":"2 Thieves","floor":19,"turns":5},{"damage":50,"enemies":"3 Cultists","floor":20,"turns":5}],"seed_played":"5698442995011305525","potions_obtained":[{"floor":1.0,"key":"LiquidMemories"},{"floor":14.0,"key":"Energy Potion"},{"floor":19,"key":"BlessingOfTheForge"}],"is_trial":false,"path_per_floor":["M","M","?","M","?","R","M","M","T","R","M","?","$","M","R","B",null,"M","M","M"],"character_chosen":"THE_SILENT","items_purchased":["Medical Kit","Tactician"],"campfire_rested":1,"item_purchase_floors":[13,13],"current_hp_per_floor":[59,57,57,54,44,44,29,24,24,24,21,11,11,11,30,15,53,53,48,0,0],"gold":54,"neow_bonus":"ONE_RARE_RELIC","is_daily":false,"chose_seed":false,"campfire_upgraded":2,"win_rate":0.0,"timestamp":1609323303,"path_taken":["M","M","?","M","?","R","M","M","T","R","M","?","?","?","R","BOSS","M","M","M"],"items_purchased_type":["Relic","Card"],"build_version":"2020-12-22","purchased_purges":0,"victory":false,"max_hp_per_floor":[66,66,66,66,66,66,66,66,66,66,66,66,66,66,66,66,66,66,66,66,66],"card_choices":[{"not_picked":["Leg Sweep","Skewer"],"picked":"Eviscerate","floor":1.0},{"not_picked":["Sucker Punch","All Out Attack"],"picked":"Deadly Poison","floor":2.0},{"not_picked":["Accuracy","PiercingWail","Outmaneuver"],"picked":"SKIP","floor":4.0},{"not_picked":["Distraction","Cloak And Dagger"],"picked":"Crippling Poison","floor":7.0},{"not_picked":["Die Die Die","Masterful Stab","Quick Slash"],"picked":"SKIP","floor":8.0},{"not_picked":["Distraction","Blade Dance","Deadly Poison"],"picked":"Heel Hook","floor":11.0},{"not_picked":["Flying Knee","Deflect","Blade Dance"],"picked":"Noxious Fumes","floor":12.0},{"not_picked":["Underhanded Strike","Footwork","Dagger Spray"],"picked":"Backflip","floor":14.0},{"not_picked":["Setup","Flying Knee","Poisoned Stab"],"picked":"Escape Plan+1","floor":18.0},{"not_picked":["Blade Dance","Sucker Punch","Envenom","PiercingWail"],"picked":"SKIP","floor":19}],"player_experience":794848,"relics_obtained":[{"floor":9.0,"key":"Question Card"},{"floor":12.0,"key":"Bag of Marbles"}],"event_choices":[{"cards_removed":["Strike_G"],"damage_healed":0.0,"max_hp_gain":0.0,"max_hp_loss":0.0,"gold_gain":0.0,"event_name":"Living Wall","player_choice":"Forget","floor":3.0,"gold_loss":0.0,"damage_taken":0.0},{"damage_healed":0.0,"max_hp_gain":0.0,"max_hp_loss":0.0,"gold_gain":75.0,"event_name":"World of Goop","player_choice":"Gather Gold","floor":5.0,"gold_loss":0.0,"damage_taken":11.0},{"damage_healed":0.0,"max_hp_gain":0.0,"max_hp_loss":0.0,"gold_gain":0.0,"event_name":"Dead Adventurer","player_choice":"Searched \u00271\u0027 times","floor":12.0,"gold_loss":0.0,"damage_taken":0.0}],"is_beta":false,"boss_relics":[{"not_picked":["Tiny House","Astrolabe"],"picked":"HoveringKite"}],"items_purged_floors":[],"is_endless":false,"potions_floor_spawned":[1,14,19],"killed_by":"3 Cultists","ascension_level":20}}