{"host":"nia1zwr35jsu5y7h","time":1609308836,"event":{"mods":["2.2 Compatiblity","Abigail Mod","Bard","BaseMod","Colored Map","Conspire","Downfall","Friendly Minions","Hermit","Highlight Path","Hubris","Infinite Spire","Kiyohime????","Koishi","Marisa????????","Minty Spire (QoL Compilation)","Quick Restart","Replay The Spire","Shade Mod","Shop Mod","StSLib","The Administrix","The Animator","The Construct","The Cursed","The Disciple","The Mystic","The Necromancer","The Servant 0.9.4"],"gold_per_floor":[117,117,134,150,6,36,36,51,51,51,67,98,24,40,40,138,138,155,155,155,170,170,170],"floor_reached":22,"playtime":1058,"items_purged":["Shade:Defend_Shade","Shade:Defend_Shade"],"score":206,"play_id":"4e30ab4f-e986-4f97-aca1-49cc5264a126","local_time":"20201229221356","is_ascension_mode":true,"campfire_choices":[{"data":"Shade:GreyBargain","floor":7,"key":"SMITH"},{"data":"Shade:SpontaneousRitual","floor":10,"key":"SMITH"},{"floor":15,"key":"REST"}],"circlet_count":0,"master_deck":["Shade:Strike_Shade","Shade:Strike_Shade","Shade:Defend_Shade+1","Shade:AnimateDead","Shade:CarefulCut","Shade:ExtraLimbs","Shade:StitchTogether","Shade:Premonition","Shade:ClawBack","Shade:Excise","Shade:SpectralStrikes","Shade:GreyBargain+1","Shade:SpontaneousRitual+1","Shade:DarkOfNight+1","Shade:Patience","Shade:FeralStrike","Shade:Bite_Shade+1","Shade:RitualOffering","Shade:Consume","Shade:FuneraryJewels+1"],"relics":["Shade:YorickSkull","Omamori","Gremlin Food","War Paint","ReplayTheSpireMod:CursedCoin","SlaversCollar","infinitespire:WardingShard"],"acts_visited":["Exordium","TheCity"],"potions_floor_usage":[12,16,16],"damage_taken":[{"damage":0,"enemies":"conspire:RoseBush","floor":1,"turns":3},{"damage":0,"enemies":"Cultist","floor":3,"turns":3},{"damage":3,"enemies":"infinitespire:Voidling","floor":4,"turns":4},{"damage":5,"enemies":"3 Sentries","floor":6,"turns":7},{"damage":0,"enemies":"3 Louse","floor":8,"turns":3},{"damage":10,"enemies":"Exordium Wildlife","floor":11,"turns":4},{"damage":27,"enemies":"Gremlin Nob","floor":12,"turns":4},{"damage":8,"enemies":"Blue Slaver","floor":14,"turns":3},{"damage":26,"enemies":"Slime Boss","floor":16,"turns":8},{"damage":17,"enemies":"Spheric Guardian","floor":18,"turns":4},{"damage":31,"enemies":"conspire:FuzzyDice","floor":21,"turns":10},{"damage":39,"enemies":"Chosen and Byrds","floor":22,"turns":6}],"seed_played":"1454711549132205130","potions_obtained":[{"floor":4,"key":"Explosive Potion"},{"floor":11,"key":"Strength Potion"},{"floor":14,"key":"ColorlessPotion"},{"floor":21,"key":"construct:ShiftPotion"}],"is_trial":false,"path_per_floor":["M","?","M","M","$","E","R","M","T","R","M","E","$","M","R","B",null,"M","?","T","M","M"],"character_chosen":"SHADE","items_purchased":["Shade:SpectralStrikes","ReplayTheSpireMod:CursedCoin","Shade:FeralStrike","Shade:Bite_Shade"],"campfire_rested":1,"item_purchase_floors":[5,13,13,13],"current_hp_per_floor":[59,59,59,56,56,58,58,58,58,58,48,21,21,15,32,22,59,45,45,45,24,0,0],"gold":170,"neow_bonus":"TRANSFORM_TWO_CARDS","is_daily":false,"chose_seed":false,"campfire_upgraded":2,"win_rate":0.0,"timestamp":1609308836,"path_taken":["M","?","?","M","$","E","R","M","T","R","?","E","$","M","R","BOSS","M","?","?","M","M"],"items_purchased_type":["Card","Relic","Card","Card"],"build_version":"2020-12-22","purchased_purges":2,"victory":false,"max_hp_per_floor":[59,59,59,59,59,59,59,59,59,59,59,59,59,59,59,59,59,59,59,59,59,59,59],"card_choices":[{"not_picked":["Shade:FeralStrike","Shade:Bonestorm"],"picked":"Shade:Premonition","floor":1},{"not_picked":["Shade:BoneShards","Shade:Frenzy"],"picked":"Shade:ClawBack","floor":3},{"not_picked":["Shade:FingerOfDeath","Shade:AuraOfUnlife"],"picked":"Shade:Excise","floor":4},{"not_picked":["Shade:AncientSpear","Shade:Trample"],"picked":"Shade:GreyBargain","floor":6},{"not_picked":["Shade:GraveStillness","Shade:Asphyxiate"],"picked":"Shade:SpontaneousRitual","floor":8},{"not_picked":["Shade:BoneShards","Shade:Premonition"],"picked":"Shade:DarkOfNight","floor":11},{"not_picked":["Shade:SkeletonArmy","Shade:FreshBones"],"picked":"Shade:Patience","floor":12},{"not_picked":["Shade:GraveStillness","Shade:TouchOfTheGrave"],"picked":"Shade:RitualOffering","floor":14},{"not_picked":["Shade:Tombstone","Shade:LoseControl"],"picked":"Shade:Consume","floor":16},{"not_picked":["Shade:ClawBack","Shade:FreshBones+1","Shade:AncientSpear"],"picked":"SKIP","floor":18},{"not_picked":["Shade:PoundOfFlesh","Shade:ClawBack+1"],"picked":"Shade:FuneraryJewels+1","floor":21}],"player_experience":2238354,"relics_obtained":[{"floor":6,"key":"Omamori"},{"floor":9,"key":"Gremlin Food"},{"floor":12,"key":"War Paint"},{"floor":20,"key":"infinitespire:WardingShard"}],"event_choices":[{"cards_removed":["Shade:Strike_Shade"],"damage_healed":0,"gold_gain":0,"player_choice":"Purged","damage_taken":0,"max_hp_gain":0,"max_hp_loss":0,"event_name":"Purifier","floor":2,"gold_loss":0}],"is_beta":false,"boss_relics":[{"not_picked":["construct:ClawGrip","Ring of Chaos"],"picked":"SlaversCollar"}],"items_purged_floors":[5,13],"is_endless":false,"potions_floor_spawned":[4,11,14,21],"killed_by":"Chosen and Byrds","ascension_level":1}}