{"host":"1lhpgrjjhxx10cx0","time":1609345849,"event":{"mods":["Arknights The Spire","BaseMod","CapriCore","Friendly Minions","Highlight Path","Minty Spire (QoL Compilation)","Permanent Neow","Quick Restart","StSLib","The Animator","The Immortal","Waifu the Spire","Yakumo Yukari mod"],"gold_per_floor":[116,131,142,142,161,161,173,203,253,253,253],"floor_reached":10,"playtime":404,"items_purged":[],"score":60,"play_id":"fab0d280-f689-45dc-8ae7-ebec2fcccfc5","local_time":"20201231003049","is_ascension_mode":false,"campfire_choices":[{"data":"ats:Red Shift","floor":6,"key":"SMITH"}],"circlet_count":0,"master_deck":["ats:Strike C","ats:Strike G","ats:Strike V","ats:Armor Crushing Shot","ats:Defend","ats:Defend","ats:Defend","ats:Defend","ats:Emotion Absorption","ats:Roar Of Ursus","ats:Cat Scratch","ats:Red Shift+1","ats:Very Hot Blade","ats:Hammer On"],"relics":["ats:Sanity","Potion Belt"],"acts_visited":["Exordium"],"potions_floor_usage":[7,10],"damage_taken":[{"damage":13,"enemies":"Jaw Worm","floor":1,"turns":4},{"damage":6,"enemies":"Cultist","floor":2,"turns":4},{"damage":0,"enemies":"2 Louse","floor":3,"turns":3},{"damage":12,"enemies":"Large Slime","floor":5,"turns":6},{"damage":22,"enemies":"Gremlin Gang","floor":7,"turns":6},{"damage":18,"enemies":"3 Sentries","floor":10,"turns":5}],"seed_played":"1166913286447970150","potions_obtained":[{"floor":3,"key":"EssenceOfSteel"},{"floor":5,"key":"SkillPotion"},{"floor":7,"key":"Ancient Potion"}],"is_trial":false,"path_per_floor":["M","M","M","?","M","R","M","?","T","E"],"character_chosen":"DOCTOR_CLASS","items_purchased":[],"campfire_rested":0,"item_purchase_floors":[],"current_hp_per_floor":[59,53,53,53,41,41,19,19,19,1,1],"gold":253,"neow_bonus":"ONE_RANDOM_RARE_CARD","is_daily":false,"chose_seed":false,"campfire_upgraded":1,"win_rate":0.0,"timestamp":1609345849,"path_taken":["M","M","M","?","M","R","?","?","T","E"],"items_purchased_type":[],"build_version":"2020-12-22","purchased_purges":0,"victory":false,"max_hp_per_floor":[72,72,72,72,72,72,72,72,72,72,72],"card_choices":[{"not_picked":["ats:Apocalypse","ats:Powerful Strike"],"picked":"ats:Cat Scratch","floor":1},{"not_picked":["ats:Collapsing Strike","ats:Steam Pump"],"picked":"ats:Red Shift","floor":2},{"not_picked":["ats:Rapid Magazine","ats:Poison Spread"],"picked":"ats:Very Hot Blade","floor":3},{"not_picked":["ats:Powerful Strike","ats:Directed Diagnosis","ats:Song Of Battle"],"picked":"SKIP","floor":5},{"not_picked":["ats:Childhood Dance","ats:Sunburst"],"picked":"ats:Hammer On","floor":7}],"player_experience":101540,"relics_obtained":[{"floor":9,"key":"Potion Belt"}],"event_choices":[{"cards_removed":["ats:Strike S"],"damage_healed":0,"gold_gain":0,"player_choice":"Offered Basic","damage_taken":0,"max_hp_gain":0,"max_hp_loss":0,"event_name":"Bonfire Elementals","floor":4,"gold_loss":0},{"damage_healed":0,"gold_gain":30,"player_choice":"Searched \u00272\u0027 times","damage_taken":0,"max_hp_gain":0,"max_hp_loss":0,"event_name":"Dead Adventurer","floor":8,"gold_loss":0}],"is_beta":false,"boss_relics":[],"items_purged_floors":[],"is_endless":false,"potions_floor_spawned":[3,5,7],"killed_by":"3 Sentries","ascension_level":0}}