{"host":"0nndazl0keusavit","time":1609296598,"event":{"mods":["BaseMod","Colored Map","Minty Spire (QoL Compilation)","Relic Stats"],"gold_per_floor":[119,30,30,47,64,64,98,113,113,113,143,143,153,64,64,138,138,152,170,183,196,196,196,196,221,294,327,327,5,5,5,5,5,5],"floor_reached":33,"playtime":1319,"items_purged":[],"score":690,"play_id":"d3000d4d-e87a-41b0-81e7-5ce5b245db40","local_time":"20201229224958","is_ascension_mode":true,"campfire_choices":[{"data":"Wallop","floor":6.0,"key":"SMITH"},{"data":"Conclude","floor":10.0,"key":"SMITH"},{"floor":12.0,"key":"DIG"},{"data":"Meditate","floor":15.0,"key":"SMITH"},{"floor":23,"key":"REST"},{"data":"EmptyFist","floor":30,"key":"SMITH"},{"data":"SignatureMove","floor":32,"key":"SMITH"}],"circlet_count":0,"master_deck":["AscendersBane","Strike_P","Strike_P","Strike_P","Defend_P","Defend_P","Defend_P","Defend_P","Eruption","Vigilance","FlyingSleeves","Wallop+1","Protect","FlyingSleeves","Conclude+1","SignatureMove+1","DeusExMachina","Meditate+1","Vault","EmptyFist+1","Brilliance","Adaptation+1"],"relics":["Black Star","Shovel","Blue Candle","Gremlin Horn","Happy Flower","Akabeko","Darkstone Periapt","Philosopher\u0027s Stone","MutagenicStrength","Frozen Egg 2","White Beast Statue","Lantern","HornCleat","Bronze Scales","Molten Egg 2","Ice Cream"],"acts_visited":["Exordium","TheCity"],"potions_floor_usage":[25,27,28,33],"damage_taken":[{"damage":0.0,"enemies":"2 Louse","floor":1.0,"turns":2.0},{"damage":0.0,"enemies":"Cultist","floor":4.0,"turns":3.0},{"damage":5.0,"enemies":"Small Slimes","floor":5.0,"turns":5.0},{"damage":5.0,"enemies":"3 Sentries","floor":7.0,"turns":5.0},{"damage":4.0,"enemies":"Exordium Wildlife","floor":8.0,"turns":4.0},{"damage":16.0,"enemies":"Lagavulin","floor":11.0,"turns":7.0},{"damage":0.0,"enemies":"2 Fungi Beasts","floor":13.0,"turns":1.0},{"damage":30.0,"enemies":"The Guardian","floor":16.0,"turns":12.0},{"damage":0.0,"enemies":"Shell Parasite","floor":18.0,"turns":2.0},{"damage":4.0,"enemies":"2 Thieves","floor":19.0,"turns":5.0},{"damage":22.0,"enemies":"Snecko","floor":20.0,"turns":6.0},{"damage":0,"enemies":"Centurion and Healer","floor":21,"turns":3},{"damage":0,"enemies":"Book of Stabbing","floor":25,"turns":3},{"damage":0,"enemies":"Slavers","floor":27,"turns":4},{"damage":0,"enemies":"Shelled Parasite and Fungi","floor":28,"turns":1},{"damage":94,"enemies":"Automaton","floor":33,"turns":7}],"seed_played":"-5299138244775994900","potions_obtained":[{"floor":1.0,"key":"Fire Potion"},{"floor":5.0,"key":"PowerPotion"},{"floor":8.0,"key":"PowerPotion"},{"floor":19.0,"key":"Strength Potion"},{"floor":21,"key":"SmokeBomb"},{"floor":25,"key":"Fire Potion"},{"floor":27,"key":"ColorlessPotion"}],"is_trial":false,"path_per_floor":["M","$","?","M","M","R","E","M","T","R","E","R","M","$","R","B",null,"M","M","M","M","?","R","T","E","T","E","M","$","R","?","R","B"],"character_chosen":"WATCHER","items_purchased":["Wallop","Protect","Meditate","Ice Cream"],"campfire_rested":1,"item_purchase_floors":[2,2,14,29],"current_hp_per_floor":[61,61,61,61,56,56,51,47,47,47,31,31,31,31,31,1,51,51,47,25,25,25,45,45,45,45,45,45,45,45,45,45,0,0],"gold":5,"neow_bonus":"BOSS_RELIC","is_daily":false,"chose_seed":false,"campfire_upgraded":5,"win_rate":0.0,"timestamp":1609296598,"path_taken":["M","$","?","M","M","R","E","M","T","R","E","R","M","$","R","BOSS","M","?","M","M","?","R","?","E","T","E","M","?","R","?","R","BOSS"],"items_purchased_type":["Card","Card","Card","Relic"],"build_version":"2020-12-22","purchased_purges":0,"victory":false,"max_hp_per_floor":[68,68,68,68,68,68,68,68,68,68,68,68,68,68,68,68,68,68,68,68,68,68,68,68,68,68,68,68,68,68,68,68,68,68],"relic_stats":{"Darkstone Periapt":0,"Shovel":1,"Gremlin Horn":[8,7],"Happy Flower":[14],"counters":[16,70],"Blue Candle":[0],"Bronze Scales":[15],"Black Star":4,"obtain_stats":[{"Darkstone Periapt":12,"Ice Cream":29,"Lantern":25,"Gremlin Horn":9,"Happy Flower":11,"Blue Candle":7,"Frozen Egg 2":24,"Akabeko":11,"White Beast Statue":25,"Shovel":7,"HornCleat":26,"MutagenicStrength":22,"Bronze Scales":27,"Philosopher\u0027s Stone":17,"Molten Egg 2":27,"Black Star":0,"PureWater":0},{"Darkstone Periapt":6,"Ice Cream":15,"Lantern":13,"Gremlin Horn":5,"Happy Flower":6,"Blue Candle":4,"Frozen Egg 2":12,"Akabeko":6,"White Beast Statue":13,"Shovel":4,"HornCleat":13,"MutagenicStrength":12,"Bronze Scales":14,"Philosopher\u0027s Stone":8,"Molten Egg 2":14,"Black Star":0,"PureWater":0},{"Darkstone Periapt":26,"Ice Cream":63,"Lantern":58,"Gremlin Horn":19,"Happy Flower":26,"Blue Candle":15,"Frozen Egg 2":55,"Akabeko":26,"White Beast Statue":58,"Shovel":15,"HornCleat":58,"MutagenicStrength":55,"Bronze Scales":62,"Philosopher\u0027s Stone":39,"Molten Egg 2":62,"Black Star":0,"PureWater":0}]},"card_choices":[{"not_picked":["DeceiveReality","CrushJoints"],"picked":"FlyingSleeves","floor":1.0},{"not_picked":["Perseverance","ClearTheMind"],"picked":"FlyingSleeves","floor":4.0},{"not_picked":["FollowUp","FlyingSleeves"],"picked":"Conclude","floor":5.0},{"not_picked":["Perseverance","ThirdEye"],"picked":"SignatureMove","floor":7.0},{"not_picked":["Indignation","Study","Evaluate"],"picked":"SKIP","floor":8.0},{"not_picked":["FlurryOfBlows","WaveOfTheHand"],"picked":"DeusExMachina","floor":11.0},{"not_picked":["ForeignInfluence","Adaptation","FlyingSleeves"],"picked":"SKIP","floor":13.0},{"not_picked":["Judgement","ConjureBlade"],"picked":"Vault","floor":16.0},{"not_picked":["Pray","FlurryOfBlows"],"picked":"EmptyFist","floor":18.0},{"not_picked":["Crescendo","EmptyFist","CutThroughFate"],"picked":"SKIP","floor":19.0},{"not_picked":["PathToVictory","Vengeance","JustLucky"],"picked":"SKIP","floor":20.0},{"not_picked":["FollowUp+1","EmptyFist"],"picked":"Brilliance","floor":21},{"not_picked":["SandsOfTime","WreathOfFlame","ClearTheMind+1"],"picked":"SKIP","floor":25},{"not_picked":["Sanctity","Halt"],"picked":"Adaptation+1","floor":27}],"player_experience":853989,"relics_obtained":[{"floor":7.0,"key":"Shovel"},{"floor":7.0,"key":"Blue Candle"},{"floor":9.0,"key":"Gremlin Horn"},{"floor":11.0,"key":"Happy Flower"},{"floor":11.0,"key":"Akabeko"},{"floor":12.0,"key":"Darkstone Periapt"},{"floor":24,"key":"Frozen Egg 2"},{"floor":25,"key":"White Beast Statue"},{"floor":25,"key":"Lantern"},{"floor":26,"key":"HornCleat"},{"floor":27,"key":"Bronze Scales"},{"floor":27,"key":"Molten Egg 2"}],"event_choices":[{"cards_removed":["Strike_P"],"damage_healed":0.0,"max_hp_gain":0.0,"max_hp_loss":0.0,"gold_gain":0.0,"event_name":"Bonfire Elementals","player_choice":"Offered Basic","floor":3.0,"gold_loss":0.0,"damage_taken":0.0},{"damage_healed":0,"gold_gain":0,"player_choice":"Inject Mutagens","damage_taken":0,"relics_obtained":["MutagenicStrength"],"max_hp_gain":0,"max_hp_loss":0,"event_name":"Drug Dealer","floor":22,"gold_loss":0},{"damage_healed":0,"gold_gain":0,"player_choice":"Ignored","damage_taken":0,"max_hp_gain":0,"max_hp_loss":0,"event_name":"Ghosts","floor":31,"gold_loss":0}],"is_beta":false,"boss_relics":[{"not_picked":["Calling Bell","Velvet Choker"],"picked":"Philosopher\u0027s Stone"}],"items_purged_floors":[],"is_endless":false,"potions_floor_spawned":[1,5,8,19,21,25,27,28],"killed_by":"Automaton","ascension_level":20}}