{"host":"sav7uxregyirlf69","time":1609311648,"event":{"mods":["AchievementEnabler","BaseMod","Colored Map","DeckTracker","Keyboard Shortcuts","Minty Spire (QoL Compilation)","READ ME - Guardian Mod","StSLib","SuperFastMode"],"gold_per_floor":[118,193,118,78,89,116,116,134,134,144,161,187,205,224,224,295,295,305,322,322,334,348,348,348,348,348,348,86,86,42,54,54,130,180,200,226,226,11,11,46,46,56,83,83,83],"floor_reached":44,"playtime":947,"items_purged":["Strike_G","Strike_G","Defend_G"],"score":1000,"play_id":"175c0428-5250-4650-a91d-62de51b90c0e","local_time":"20201230160048","is_ascension_mode":true,"campfire_choices":[{"data":"Crippling Poison","floor":7.0,"key":"SMITH"},{"data":"Venomology","floor":15.0,"key":"SMITH"},{"floor":23,"key":"REST"},{"data":"Burst","floor":25,"key":"SMITH"},{"data":"Bouncing Flask","floor":27,"key":"SMITH"},{"data":"Bouncing Flask","floor":32,"key":"SMITH"}],"circlet_count":0,"master_deck":["AscendersBane","Defend_G","Defend_G","Defend_G","Defend_G","Survivor","Neutralize","Blade Dance+1","Crippling Poison+1","Escape Plan","Blur","Venomology+1","Deadly Poison","Cloak And Dagger","Burst+1","Bouncing Flask+1","Bouncing Flask+1","Malaise","Well Laid Plans","Escape Plan","Escape Plan","Finesse","Finesse","Flash of Steel","Dark Shackles","Backflip"],"relics":["Ring of the Snake","NeowsBlessing","Mercury Hourglass","Lantern","Tiny Chest","Philosopher\u0027s Stone","Bird Faced Urn","Lee\u0027s Waffle","Tiny House","Ginger","Bag of Preparation"],"acts_visited":["Exordium","TheCity","TheBeyond"],"potions_floor_usage":[18,21,21,22,24,31,33,40,44,44,44],"damage_taken":[{"damage":0.0,"enemies":"Small Slimes","floor":1.0,"turns":1.0},{"damage":0.0,"enemies":"Jaw Worm","floor":5.0,"turns":1.0},{"damage":0.0,"enemies":"3 Sentries","floor":6.0,"turns":1.0},{"damage":0.0,"enemies":"Cultist","floor":8.0,"turns":3.0},{"damage":0.0,"enemies":"Gremlin Gang","floor":10.0,"turns":3.0},{"damage":0.0,"enemies":"Lots of Slimes","floor":11.0,"turns":2.0},{"damage":10.0,"enemies":"Lagavulin","floor":12.0,"turns":5.0},{"damage":3.0,"enemies":"Looter","floor":13.0,"turns":3.0},{"damage":0.0,"enemies":"Exordium Wildlife","floor":14.0,"turns":2.0},{"damage":27.0,"enemies":"Slime Boss","floor":16.0,"turns":9.0},{"damage":10,"enemies":"Spheric Guardian","floor":18,"turns":4},{"damage":21,"enemies":"2 Thieves","floor":19,"turns":3},{"damage":6,"enemies":"Snecko","floor":21,"turns":5},{"damage":17,"enemies":"3 Cultists","floor":22,"turns":5},{"damage":0,"enemies":"Chosen and Byrds","floor":24,"turns":3},{"damage":0,"enemies":"Snake Plant","floor":31,"turns":4},{"damage":33,"enemies":"Automaton","floor":33,"turns":9},{"damage":8,"enemies":"3 Shapes","floor":35,"turns":3},{"damage":19,"enemies":"Nemesis","floor":40,"turns":9},{"damage":4,"enemies":"Orb Walker","floor":42,"turns":4},{"damage":56,"enemies":"Giant Head","floor":44,"turns":6}],"seed_played":"7184077713731849516","potions_obtained":[{"floor":1.0,"key":"SkillPotion"},{"floor":6.0,"key":"Fire Potion"},{"floor":12.0,"key":"CunningPotion"},{"floor":19,"key":"SpeedPotion"},{"floor":21,"key":"CunningPotion"},{"floor":33,"key":"LiquidMemories"}],"is_trial":false,"path_per_floor":["M","?","$","$","M","E","R","M","T","M","M","E","M","M","R","B",null,"M","M","?","M","M","R","M","R","T","R","$","?","$","M","R","B",null,"M","T","?","$","?","E","?","M","T","E"],"character_chosen":"THE_SILENT","items_purchased":["Crippling Poison","Lee\u0027s Waffle","Well Laid Plans","Finesse"],"campfire_rested":1,"item_purchase_floors":[4,28,30,38],"current_hp_per_floor":[59,48,48,48,48,48,48,48,48,48,48,38,35,35,35,8,52,42,21,21,15,19,38,38,38,38,38,73,73,73,73,73,42,70,64,64,64,64,54,37,37,33,33,0,0],"gold":83,"neow_bonus":"THREE_ENEMY_KILL","is_daily":false,"chose_seed":false,"campfire_upgraded":5,"win_rate":0.0,"timestamp":1609311648,"path_taken":["M","?","?","$","?","E","R","M","T","?","M","E","M","M","R","BOSS","M","?","?","M","M","R","M","R","T","R","$","?","$","M","R","BOSS","M","?","?","$","?","E","?","M","T","E"],"items_purchased_type":["Card","Relic","Card","Card"],"build_version":"2020-12-22","purchased_purges":3,"victory":false,"max_hp_per_floor":[66,66,66,66,66,66,66,66,66,66,66,66,66,66,66,66,66,66,66,66,66,66,66,66,66,66,66,73,73,73,73,73,73,78,78,78,78,78,78,78,78,78,78,78,78],"card_choices":[{"not_picked":["Cloak And Dagger","PiercingWail"],"picked":"Blade Dance","floor":1.0},{"not_picked":["Dagger Spray","Flying Knee"],"picked":"Escape Plan","floor":5.0},{"not_picked":["Dash","Quick Slash"],"picked":"Blur","floor":6.0},{"not_picked":["Dagger Throw","Prepared"],"picked":"Venomology","floor":8.0},{"not_picked":["Dodge and Roll","Prepared","Bane"],"picked":"SKIP","floor":10.0},{"not_picked":["Underhanded Strike","Dodge and Roll","Prepared"],"picked":"SKIP","floor":11.0},{"not_picked":["Slice","Blur"],"picked":"Deadly Poison","floor":12.0},{"not_picked":["Bouncing Flask","Bullet Time"],"picked":"Cloak And Dagger","floor":13.0},{"not_picked":["Flying Knee","Quick Slash","Flechettes"],"picked":"SKIP","floor":14.0},{"not_picked":["Storm of Steel","A Thousand Cuts"],"picked":"Burst","floor":16.0},{"not_picked":["Predator","Blur"],"picked":"Bouncing Flask","floor":18},{"not_picked":["Prepared","Masterful Stab","Sucker Punch"],"picked":"SKIP","floor":19},{"not_picked":["Blade Dance","Flechettes+1","Slice"],"picked":"SKIP","floor":21},{"not_picked":["Distraction","Caltrops","Acrobatics"],"picked":"SKIP","floor":22},{"not_picked":["Crippling Poison","Blur","Setup"],"picked":"SKIP","floor":31},{"not_picked":["Blade Dance","Flying Knee+1"],"picked":"Escape Plan","floor":34},{"not_picked":["Sucker Punch+1","Slice+1"],"picked":"Escape Plan","floor":35},{"not_picked":["Discovery","Trip"],"picked":"Finesse","floor":39},{"not_picked":["Dramatic Entrance","Mind Blast"],"picked":"Flash of Steel","floor":39},{"not_picked":["Blind","Violence"],"picked":"Dark Shackles","floor":39},{"not_picked":["Underhanded Strike","Endless Agony"],"picked":"Backflip","floor":40},{"not_picked":["Well Laid Plans+1","Acrobatics","Slice"],"picked":"SKIP","floor":42}],"player_experience":1068548,"relics_obtained":[{"floor":6.0,"key":"Mercury Hourglass"},{"floor":9.0,"key":"Lantern"},{"floor":12.0,"key":"Tiny Chest"},{"floor":26,"key":"Bird Faced Urn"},{"floor":40,"key":"Ginger"},{"floor":43,"key":"Bag of Preparation"}],"event_choices":[{"damage_healed":0.0,"max_hp_gain":0.0,"max_hp_loss":0.0,"gold_gain":75.0,"event_name":"World of Goop","player_choice":"Gather Gold","floor":2.0,"gold_loss":0.0,"damage_taken":11.0},{"cards_removed":["Strike_G"],"damage_healed":0,"gold_gain":0,"player_choice":"Elegance","damage_taken":0,"max_hp_gain":0,"max_hp_loss":0,"event_name":"Back to Basics","floor":20,"gold_loss":0},{"damage_healed":0,"gold_gain":0,"cards_transformed":["Strike_G","Strike_G"],"player_choice":"Became Test Subject","damage_taken":0,"max_hp_gain":0,"max_hp_loss":0,"event_name":"Drug Dealer","floor":29,"gold_loss":0,"cards_obtained":["Bouncing Flask","Malaise"]},{"damage_healed":0,"gold_gain":0,"player_choice":"Ignored","damage_taken":0,"max_hp_gain":0,"max_hp_loss":0,"event_name":"Tomb of Lord Red Mask","floor":37,"gold_loss":0},{"damage_healed":0,"gold_gain":0,"player_choice":"Memory 3","damage_taken":10,"max_hp_gain":0,"max_hp_loss":0,"event_name":"SensoryStone","floor":39,"gold_loss":0},{"damage_healed":0,"gold_gain":0,"player_choice":"Ignored","damage_taken":0,"max_hp_gain":0,"max_hp_loss":0,"event_name":"Mysterious Sphere","floor":41,"gold_loss":0}],"is_beta":false,"boss_relics":[{"not_picked":["WristBlade","Snecko Eye"],"picked":"Philosopher\u0027s Stone"},{"not_picked":["Sozu","Velvet Choker"],"picked":"Tiny House"}],"items_purged_floors":[3,28,38],"is_endless":false,"potions_floor_spawned":[1,6,10,12,19,21,24,33],"killed_by":"Giant Head","ascension_level":20}}