{"host":"1eo5f82aifdzd7pr","time":1609357630,"event":{"mods":["AchievementEnabler","BaseMod","Colored Map","Colored Powertips","DeckTracker","Marisa????????","Minty Spire (QoL Compilation)","SuperFastMode","The Servant 0.9.4"],"gold_per_floor":[116,127,139,214,28,28,41,41,41,41,41,41,41,59,59,180,180,195,294,48,48,64,82,82,116,139,139,178,178,198,216,216,336,336,361,381,105,171,42,42,57,57,82,106,131,131,131,131],"floor_reached":49,"playtime":3029,"items_purged":["Strike_MRS","Defend_MRS","Strike_MRS","Strike_MRS"],"score":665,"play_id":"290ef23b-46fd-4e92-9cb9-1a6b9e137630","local_time":"20201230214710","is_ascension_mode":false,"campfire_choices":[{"data":"MilkyWay","floor":6,"key":"SMITH"},{"data":"PowerUp","floor":8,"key":"SMITH"},{"data":"1","floor":11,"key":"LIFT"},{"floor":15,"key":"REST"},{"data":"2","floor":24,"key":"LIFT"},{"data":"3","floor":27,"key":"LIFT"},{"data":"JA","floor":29,"key":"SMITH"},{"data":"GalacticHalo","floor":32,"key":"SMITH"},{"data":"SuperNova","floor":40,"key":"SMITH"},{"data":"OortCloud","floor":42,"key":"SMITH"},{"floor":46,"key":"REST"}],"circlet_count":0,"master_deck":["Strike_MRS","Defend_MRS","Defend_MRS","MasterSpark","UpSweep","NonDirectionalLaser","MilkyWay+1","Acceleration","PowerUp+1","PowerUp","GalacticHalo+1","JA+1","SporeBomb+1","Necronomicurse","DoubleSpark","EarthLightRay","StarlightTyphoon+1","ChargeUpSpray","LuminesStrike","RefractionSpark+1","SuperNova+1","DarkMatter","SuperPerseids","Flash of Steel","MagicAbsorber","WitchLeyline","Orbital","OortCloud+1"],"relics":["MiniHakkero","Membership Card","Girya","Golden Idol","FossilizedHelix","SacredBark","Frozen Eye","Bottled Lightning","Necronomicon","Lizard Tail","Potion Belt","Orichalcum","RampagingMagicTools","BreadOfAWashokuLover","Bird Faced Urn","Omamori"],"acts_visited":["Exordium","TheCity","TheBeyond"],"potions_floor_usage":[18,23,48,48,48,48,48],"damage_taken":[{"damage":1,"enemies":"Cultist","floor":1,"turns":4},{"damage":1,"enemies":"Jaw Worm","floor":2,"turns":3},{"damage":0,"enemies":"2 Louse","floor":3,"turns":2},{"damage":12,"enemies":"Gremlin Gang","floor":7,"turns":2},{"damage":0,"enemies":"Large Slime","floor":14,"turns":3},{"damage":12,"enemies":"The Guardian","floor":16,"turns":8},{"damage":5,"enemies":"Chosen","floor":18,"turns":4},{"damage":10,"enemies":"2 Thieves","floor":22,"turns":2},{"damage":0,"enemies":"Snake Plant","floor":23,"turns":3},{"damage":0,"enemies":"Book of Stabbing","floor":25,"turns":2},{"damage":6,"enemies":"Gremlin Leader","floor":28,"turns":3},{"damage":0,"enemies":"Snecko","floor":30,"turns":2},{"damage":0,"enemies":"Chosen and Byrds","floor":31,"turns":3},{"damage":30,"enemies":"Collector","floor":33,"turns":4},{"damage":0,"enemies":"3 Shapes","floor":35,"turns":3},{"damage":0,"enemies":"Orb Walker","floor":36,"turns":2},{"damage":5,"enemies":"2 Orb Walkers","floor":38,"turns":3},{"damage":10,"enemies":"Writhing Mass","floor":41,"turns":4},{"damage":27,"enemies":"4 Shapes","floor":44,"turns":5},{"damage":44,"enemies":"Sphere and 2 Shapes","floor":45,"turns":4},{"damage":32,"enemies":"Donu and Deca","floor":48,"turns":3}],"seed_played":"8251942014512022544","potions_obtained":[{"floor":7,"key":"SteroidPotion"},{"floor":14,"key":"AttackPotion"},{"floor":18,"key":"SkillPotion"},{"floor":31,"key":"Explosive Potion"},{"floor":33,"key":"LiquidBronze"},{"floor":35,"key":"Swift Potion"},{"floor":38,"key":"BottledSpark"},{"floor":41,"key":"Dexterity Potion"}],"is_trial":false,"path_per_floor":["M","M","M","?","$","R","M","R","T","?","R","?","?","M","R","B",null,"M","?","$","?","M","M","R","E","T","R","E","R","M","M","R","B",null,"M","M","$","?","$","R","M","R","T","M","M","R","?","B",null],"character_chosen":"MARISA","items_purchased":["Membership Card","Frozen Eye","Bottled Lightning","BreadOfAWashokuLover","Flash of Steel","MagicAbsorber","Orbital","OortCloud"],"campfire_rested":2,"item_purchase_floors":[5,20,20,37,37,37,39,39],"current_hp_per_floor":[81,80,80,69,69,69,57,57,57,37,37,19,19,19,43,31,82,77,77,77,61,51,51,51,55,55,55,53,53,57,61,61,35,82,82,82,82,77,77,77,71,71,71,51,13,37,37,11],"gold":131,"neow_bonus":"TEN_PERCENT_HP_BONUS","is_daily":false,"chose_seed":false,"campfire_upgraded":6,"win_rate":0.0,"timestamp":1609357630,"path_taken":["M","M","M","?","$","R","M","R","T","?","R","?","?","?","R","BOSS","M","?","$","?","M","M","R","E","T","R","E","R","M","M","R","BOSS","M","M","$","?","$","R","M","R","T","M","M","R","?","BOSS"],"items_purchased_type":["Relic","Relic","Relic","Relic","Card","Card","Card","Card"],"build_version":"2020-12-22","purchased_purges":4,"victory":true,"max_hp_per_floor":[82,82,82,82,82,82,82,82,82,82,82,82,82,82,82,82,82,82,82,82,82,82,82,82,82,82,82,82,82,82,82,82,82,82,82,82,82,82,82,82,82,82,82,82,82,82,82,82],"card_choices":[{"not_picked":["SporeBomb","WitchOfGreed"],"picked":"NonDirectionalLaser","floor":1},{"not_picked":["DragonMeteor","DeepEcoloBomb"],"picked":"MilkyWay","floor":2},{"not_picked":["OrrerysSun","WitchLeyline"],"picked":"Acceleration","floor":3},{"not_picked":["NonDirectionalLaser","GalacticHalo"],"picked":"PowerUp","floor":7},{"not_picked":["Acceleration","GasGiant"],"picked":"GalacticHalo","floor":14},{"not_picked":["CollectingQuirk","SuperNova"],"picked":"JA","floor":16},{"not_picked":["MysteriousBeam","NonDirectionalLaser"],"picked":"SporeBomb+1","floor":18},{"not_picked":["LuminesStrike+1","ShootTheMoon"],"picked":"DoubleSpark","floor":22},{"not_picked":["GravityBeat","SporeBomb"],"picked":"EarthLightRay","floor":23},{"not_picked":["GalacticHalo","EventHorizon"],"picked":"StarlightTyphoon+1","floor":25},{"not_picked":["UnstableBomb","EarthLightRay"],"picked":"ChargeUpSpray","floor":28},{"not_picked":["GasGiant+1","WitchLeyline+1"],"picked":"LuminesStrike","floor":30},{"not_picked":["ShootTheMoon+1","BlazingStar"],"picked":"RefractionSpark+1","floor":31},{"not_picked":["MillisecondPulsars","BigCrunch"],"picked":"SuperNova","floor":33},{"not_picked":["GrandCross","AlicesGift+1"],"picked":"DarkMatter","floor":35},{"not_picked":["GasGiant","MysteriousBeam"],"picked":"SuperPerseids","floor":36},{"not_picked":["GalacticHalo+1","UnstableBomb"],"picked":"WitchLeyline","floor":38},{"not_picked":["GalacticHalo+1","LuminesStrike+1","ShootingEcho+1"],"picked":"SKIP","floor":41},{"not_picked":["DeepEcoloBomb","AsteroidBelt","ShootTheMoon+1"],"picked":"SKIP","floor":44},{"not_picked":["StarBarrage+1","MysteriousBeam","DoubleSpark"],"picked":"SKIP","floor":45}],"player_experience":752715,"relics_obtained":[{"floor":9,"key":"Girya"},{"floor":21,"key":"Necronomicon"},{"floor":25,"key":"Lizard Tail"},{"floor":26,"key":"Potion Belt"},{"floor":28,"key":"Orichalcum"},{"floor":38,"key":"Bird Faced Urn"},{"floor":43,"key":"Omamori"}],"event_choices":[{"damage_healed":0,"gold_gain":75,"player_choice":"Gather Gold","damage_taken":11,"max_hp_gain":0,"max_hp_loss":0,"event_name":"World of Goop","floor":4,"gold_loss":0},{"damage_healed":0,"gold_gain":0,"player_choice":"Take Damage","damage_taken":20,"relics_obtained":["Golden Idol"],"max_hp_gain":0,"max_hp_loss":0,"event_name":"Golden Idol","floor":10,"gold_loss":0},{"damage_healed":0,"gold_gain":0,"player_choice":"Success","damage_taken":18,"relics_obtained":["FossilizedHelix"],"max_hp_gain":0,"max_hp_loss":0,"event_name":"Scrap Ooze","floor":12,"gold_loss":0},{"damage_healed":0,"gold_gain":0,"cards_transformed":["Defend_MRS"],"player_choice":"Transformed","damage_taken":0,"max_hp_gain":0,"max_hp_loss":0,"event_name":"Transmorgrifier","floor":13,"gold_loss":0,"cards_obtained":["PowerUp"]},{"damage_healed":0,"gold_gain":99,"player_choice":"Stole From Cult","damage_taken":0,"max_hp_gain":0,"max_hp_loss":0,"event_name":"Nest","floor":19,"gold_loss":0},{"damage_healed":0,"gold_gain":0,"player_choice":"Obtained Book","damage_taken":16,"max_hp_gain":0,"max_hp_loss":0,"event_name":"Cursed Tome","floor":21,"gold_loss":0},{"damage_healed":0,"gold_gain":0,"player_choice":"Fight","damage_taken":0,"max_hp_gain":0,"max_hp_loss":0,"event_name":"Mysterious Sphere","floor":38,"gold_loss":0},{"damage_healed":0,"gold_gain":0,"player_choice":"Took Portal","damage_taken":0,"max_hp_gain":0,"max_hp_loss":0,"event_name":"SecretPortal","floor":47,"gold_loss":0}],"is_beta":false,"boss_relics":[{"not_picked":["Velvet Choker","Fusion Hammer"],"picked":"SacredBark"},{"not_picked":["Black Star","SlaversCollar"],"picked":"RampagingMagicTools"}],"items_purged_floors":[5,20,37,39],"is_endless":false,"potions_floor_spawned":[7,14,18,31,33,35,38,41,44],"ascension_level":0}}