{"host":"ohysexhjt9sgbosk","time":1609347276,"event":{"mods":["BaseMod","Colored Map","Colored Powertips","Curses Come First","Evolution","Minty Spire (QoL Compilation)","Rare Cards Sparkle","StSLib"],"gold_per_floor":[116,129,149,159,174,206,206,222,271,299,317,335,335,352,352,449,449,469,176,176,194,42,42,68,68,68,88,119,119,119,134,134,230,230,244,0,0,0,10,10,42,56,81,95,123,123,139,155,155,155],"floor_reached":51,"playtime":4747,"items_purged":[],"score":926,"play_id":"50f5051f-8cb2-4600-9fb1-d3413d69f283","local_time":"20201230095436","is_ascension_mode":true,"campfire_choices":[{"data":"Body Slam","floor":7,"key":"SMITH"},{"data":"Dual Wield","floor":15,"key":"SMITH"},{"data":"Barricade","floor":23,"key":"SMITH"},{"data":"Corruption","floor":25,"key":"SMITH"},{"floor":29,"key":"REST"},{"data":"Mind Blast","floor":32,"key":"SMITH"},{"data":"Madness","floor":40,"key":"SMITH"},{"data":"Madness","floor":46,"key":"SMITH"},{"data":"Reaper","floor":49,"key":"SMITH"}],"circlet_count":0,"master_deck":["Iron Wave","Iron Wave","Iron Wave","Iron Wave","Iron Wave","Shrug It Off+1","Shrug It Off","Shrug It Off+1","Shrug It Off+1","Mind Blast+1","Flex","Iron Wave","Body Slam+1","Sword Boomerang","Anger+1","Thunderclap","Cleave","Cleave","Cleave","Dual Wield+1","Rampage","Feed","Pommel Strike+1","Barricade+1","Shockwave","Inflame+1","Armaments+1","Clothesline+1","Body Slam+1","Corruption+1","Flame Barrier","Cleave+1","Reaper+1","Body Slam","Madness+1","Madness+1","Heavy Blade","Body Slam+1","Thunderclap","Seeing Red+1"],"relics":["Burning Blood","EVO:Axolotl","Toy Ornithopter","Potion Belt","Oddly Smooth Stone","Philosopher\u0027s Stone","Blood Vial","Orrery","Anchor","Kunai","Happy Flower","War Paint","Busted Crown","Red Mask","Shuriken","Omamori","Boot"],"acts_visited":["Exordium","TheCity","TheBeyond"],"potions_floor_usage":[8,10,14,16,41,44,45,45,50,50],"damage_taken":[{"damage":0,"enemies":"Cultist","floor":1,"turns":4},{"damage":0,"enemies":"Jaw Worm","floor":2,"turns":4},{"damage":0,"enemies":"2 Louse","floor":3,"turns":3},{"damage":0,"enemies":"Large Slime","floor":4,"turns":8},{"damage":8,"enemies":"Exordium Wildlife","floor":5,"turns":6},{"damage":9,"enemies":"3 Sentries","floor":6,"turns":8},{"damage":3,"enemies":"Lots of Slimes","floor":8,"turns":4},{"damage":15,"enemies":"Gremlin Nob","floor":10,"turns":5},{"damage":4,"enemies":"Looter","floor":11,"turns":3},{"damage":0,"enemies":"Blue Slaver","floor":12,"turns":2},{"damage":0,"enemies":"Large Slime","floor":14,"turns":5},{"damage":67,"enemies":"Hexaghost","floor":16,"turns":13},{"damage":0,"enemies":"3 Byrds","floor":18,"turns":4},{"damage":0,"enemies":"Chosen","floor":21,"turns":3},{"damage":0,"enemies":"Gremlin Leader","floor":24,"turns":5},{"damage":0,"enemies":"Snecko","floor":27,"turns":6},{"damage":29,"enemies":"Slavers","floor":28,"turns":4},{"damage":19,"enemies":"Snake Plant","floor":31,"turns":4},{"damage":10,"enemies":"Collector","floor":33,"turns":7},{"damage":0,"enemies":"Orb Walker","floor":35,"turns":1},{"damage":0,"enemies":"3 Darklings","floor":39,"turns":4},{"damage":6,"enemies":"Reptomancer","floor":41,"turns":6},{"damage":0,"enemies":"Maw","floor":42,"turns":6},{"damage":31,"enemies":"Writhing Mass","floor":44,"turns":6},{"damage":0,"enemies":"Nemesis","floor":45,"turns":1},{"damage":0,"enemies":"4 Shapes","floor":47,"turns":3},{"damage":0,"enemies":"Jaw Worm Horde","floor":48,"turns":3},{"damage":81,"enemies":"Donu and Deca","floor":50,"turns":9}],"seed_played":"-7693200746634222259","potions_obtained":[{"floor":3,"key":"FairyPotion"},{"floor":6,"key":"AttackPotion"},{"floor":8,"key":"Weak Potion"},{"floor":10,"key":"FearPotion"},{"floor":11,"key":"DuplicationPotion"},{"floor":14,"key":"SneckoOil"},{"floor":24,"key":"FairyPotion"},{"floor":33,"key":"Explosive Potion"},{"floor":35,"key":"CultistPotion"},{"floor":41,"key":"Swift Potion"},{"floor":44,"key":"FearPotion"},{"floor":47,"key":"PowerPotion"}],"is_trial":false,"path_per_floor":["M","M","M","M","M","E","R","M","T","E","M","M","?","M","R","B",null,"M","$","?","M","$","R","E","R","T","M","E","R","$","M","R","B",null,"M","?","?","?","M","R","E","M","T","M","E","R","M","M","R","B",null],"character_chosen":"IRONCLAD","items_purchased":["Blood Vial","Orrery","Anchor"],"campfire_rested":1,"item_purchase_floors":[19,19,22],"current_hp_per_floor":[80,80,80,80,78,75,75,80,80,71,73,79,63,74,74,18,80,80,80,80,80,80,80,80,80,80,80,60,83,83,70,70,68,83,83,83,73,73,81,81,83,83,83,63,81,81,83,83,83,22],"gold":155,"neow_bonus":"RANDOM_COLORLESS","is_daily":false,"chose_seed":false,"campfire_upgraded":8,"win_rate":0.0,"timestamp":1609347276,"path_taken":["M","M","M","M","M","E","R","M","T","E","M","M","?","M","R","BOSS","M","$","?","M","?","R","E","R","T","M","E","R","$","M","R","BOSS","M","?","?","?","?","R","E","M","T","M","E","R","?","M","R","BOSS"],"items_purchased_type":["Relic","Relic","Relic"],"build_version":"2020-12-22","purchased_purges":0,"victory":true,"max_hp_per_floor":[80,80,80,80,80,80,80,80,80,80,80,80,80,80,80,80,80,80,80,80,80,80,80,80,80,80,80,83,83,83,83,83,83,83,83,83,83,83,83,83,83,83,83,83,83,83,83,83,83,83],"card_choices":[{"not_picked":["Bandage Up","Trip"],"picked":"Mind Blast","floor":0},{"not_picked":["Metallicize","Havoc"],"picked":"Flex","floor":1},{"not_picked":["Sever Soul","Warcry"],"picked":"Iron Wave","floor":2},{"not_picked":["Perfected Strike","Brutality"],"picked":"Body Slam","floor":3},{"not_picked":["Warcry","Ghostly Armor"],"picked":"Sword Boomerang","floor":4},{"not_picked":["Heavy Blade","Perfected Strike"],"picked":"Anger","floor":5},{"not_picked":["Havoc","Entrench"],"picked":"Thunderclap","floor":6},{"not_picked":["Clothesline","Iron Wave"],"picked":"Cleave","floor":8},{"not_picked":["Corruption","Shrug It Off"],"picked":"Cleave","floor":10},{"not_picked":["Battle Trance","Clothesline"],"picked":"Cleave","floor":11},{"not_picked":["Flex","Rupture"],"picked":"Dual Wield","floor":12},{"not_picked":["Metallicize","Perfected Strike"],"picked":"Rampage","floor":14},{"not_picked":["Immolate","Offering"],"picked":"Feed","floor":16},{"not_picked":["Evolve+1","Wild Strike"],"picked":"Pommel Strike+1","floor":18},{"not_picked":["Sword Boomerang","Inflame"],"picked":"Barricade","floor":19},{"not_picked":["Clothesline+1","Body Slam"],"picked":"Shockwave","floor":19},{"not_picked":["Shrug It Off","Sentinel"],"picked":"Inflame+1","floor":19},{"not_picked":["Entrench","Evolve"],"picked":"Armaments+1","floor":19},{"not_picked":["Cleave","Armaments"],"picked":"Clothesline+1","floor":19},{"not_picked":["Pommel Strike","Whirlwind"],"picked":"Body Slam+1","floor":21},{"not_picked":["Havoc","Dual Wield"],"picked":"Corruption","floor":24},{"not_picked":["Ghostly Armor","Armaments"],"picked":"Flame Barrier","floor":27},{"not_picked":["Headbutt","Havoc"],"picked":"Fire Breathing","floor":28},{"not_picked":["Twin Strike","Havoc"],"picked":"Cleave+1","floor":31},{"not_picked":["Berserk","Demon Form"],"picked":"Reaper","floor":33},{"not_picked":[],"picked":"Body Slam","floor":35},{"not_picked":["Havoc"],"picked":"SKIP","floor":39},{"not_picked":[],"picked":"Heavy Blade","floor":41},{"not_picked":[],"picked":"Body Slam+1","floor":42},{"not_picked":[],"picked":"Thunderclap","floor":44},{"not_picked":[],"picked":"Seeing Red+1","floor":45},{"not_picked":["Sever Soul"],"picked":"SKIP","floor":47},{"not_picked":["True Grit+1"],"picked":"SKIP","floor":48}],"player_experience":40547,"relics_obtained":[{"floor":6,"key":"Toy Ornithopter"},{"floor":9,"key":"Potion Belt"},{"floor":10,"key":"Oddly Smooth Stone"},{"floor":24,"key":"Kunai"},{"floor":26,"key":"Happy Flower"},{"floor":28,"key":"War Paint"},{"floor":41,"key":"Shuriken"},{"floor":43,"key":"Omamori"},{"floor":45,"key":"Boot"}],"event_choices":[{"damage_healed":0,"gold_gain":0,"player_choice":"Entered Light","damage_taken":16,"max_hp_gain":0,"max_hp_loss":0,"event_name":"Shining Light","floor":13,"gold_loss":0,"cards_upgraded":["Shrug It Off","Anger"]},{"cards_removed":["Bash"],"damage_healed":0,"gold_gain":0,"player_choice":"Purged","damage_taken":0,"max_hp_gain":0,"max_hp_loss":0,"event_name":"Purifier","floor":20,"gold_loss":0},{"damage_healed":0,"gold_gain":0,"player_choice":"Paid","damage_taken":0,"relics_obtained":["Red Mask"],"max_hp_gain":0,"max_hp_loss":0,"event_name":"Tomb of Lord Red Mask","floor":36,"gold_loss":244},{"damage_healed":0,"gold_gain":0,"player_choice":"Embrace Madness","damage_taken":10,"max_hp_gain":0,"max_hp_loss":0,"event_name":"Winding Halls","floor":37,"gold_loss":0,"cards_obtained":["Madness","Madness"]},{"cards_removed":["Fire Breathing"],"damage_healed":0,"gold_gain":0,"player_choice":"Removed Power","damage_taken":0,"max_hp_gain":0,"max_hp_loss":0,"event_name":"Falling","floor":38,"gold_loss":0}],"is_beta":false,"boss_relics":[{"not_picked":["Tiny House","Cursed Key"],"picked":"Philosopher\u0027s Stone"},{"not_picked":["SacredBark","Fusion Hammer"],"picked":"Busted Crown"}],"items_purged_floors":[],"is_endless":false,"potions_floor_spawned":[3,6,8,10,11,14,24,33,35,41,44,47],"ascension_level":1}}