{"host":"jyuuog6ydc2s7nd8","time":1609302552,"event":{"mods":["BaseMod","Better Vampires","Minty Spire (QoL Compilation)","Shop Mod","StSLib","The Hierophant","The Servant 0.9.4","TheBandit","[IsaacMod]ÒÔÈö¼âËþ"],"gold_per_floor":[113,126,126,142,165,165,200,200,200,219,253,253,134,144,144,144,144],"floor_reached":16,"playtime":400,"items_purged":["Strike_R"],"score":270,"play_id":"29f0987c-e196-4b7a-88dd-4ac986e89742","local_time":"20201230122912","is_ascension_mode":true,"campfire_choices":[{"data":"Perfected Strike","floor":6.0,"key":"SMITH"},{"data":"Bash","floor":8.0,"key":"SMITH"},{"data":"Pommel Strike","floor":15,"key":"SMITH"}],"circlet_count":0,"master_deck":["AscendersBane","Strike_R","Strike_R","Strike_R","Defend_R","Defend_R","Defend_R","Bash+1","Perfected Strike+1","Pommel Strike+1","Power Through","Bloodletting"],"relics":["Burning Blood","HushsDoor","BookOfRevelations","D6","Bag of Marbles","Sundial","Magic Flower","BookofShadows"],"acts_visited":["Exordium"],"potions_floor_usage":[11],"damage_taken":[{"damage":14.0,"enemies":"Jaw Worm","floor":1.0,"turns":4.0},{"damage":1.0,"enemies":"Cultist","floor":2.0,"turns":3.0},{"damage":14.0,"enemies":"Small Slimes","floor":4.0,"turns":3.0},{"damage":20.0,"enemies":"Gremlin Nob","floor":7.0,"turns":4.0},{"damage":14.0,"enemies":"Red Slaver","floor":10.0,"turns":3.0},{"damage":0,"enemies":"Lagavulin","floor":11,"turns":4},{"damage":42,"enemies":"3 Louse","floor":14,"turns":6},{"damage":18,"enemies":"Hexaghost","floor":16,"turns":9}],"seed_played":"6069987204509386159","potions_obtained":[{"floor":4.0,"key":"Block Potion"},{"floor":7.0,"key":"Ancient Potion"},{"floor":10.0,"key":"PowerPotion"}],"is_trial":false,"path_per_floor":["M","M","?","M","T","R","E","R","T","M","E","?","$","M","R","B"],"character_chosen":"IRONCLAD","items_purchased":["Bloodletting"],"campfire_rested":0,"item_purchase_floors":[13],"current_hp_per_floor":[60,65,65,57,57,57,43,43,43,38,47,47,47,14,14,0,0],"gold":144,"neow_bonus":"RANDOM_COMMON_RELIC","is_daily":false,"chose_seed":false,"campfire_upgraded":3,"win_rate":0.0,"timestamp":1609302552,"path_taken":["M","M","?","M","?","R","E","R","T","M","E","?","$","?","R","BOSS"],"items_purchased_type":["Card"],"build_version":"2020-12-22","purchased_purges":1,"victory":false,"max_hp_per_floor":[75,75,75,75,75,75,75,75,75,75,75,75,75,75,75,75,75],"card_choices":[{"not_picked":["Rampage","Iron Wave"],"picked":"Perfected Strike","floor":1.0},{"not_picked":["Wild Strike","True Grit"],"picked":"Bomb","floor":2.0},{"not_picked":["Anger","Barricade"],"picked":"Pommel Strike","floor":4.0},{"not_picked":["Clash","Anger","Twin Strike"],"picked":"SKIP","floor":7.0},{"not_picked":["Rage","Twin Strike"],"picked":"Power Through","floor":10.0},{"not_picked":["Pommel Strike","Clash","Impervious"],"picked":"SKIP","floor":11},{"not_picked":["Pommel Strike","Clash","Impervious"],"picked":"SKIP","floor":11},{"not_picked":["Iron Wave","Sword Boomerang","Carnage"],"picked":"SKIP","floor":14}],"player_experience":1786360,"relics_obtained":[{"floor":5.0,"key":"Bag of Marbles"},{"floor":7.0,"key":"Sundial"},{"floor":9.0,"key":"Magic Flower"},{"floor":11,"key":"BookofShadows"}],"event_choices":[{"cards_removed":["Strike_R"],"damage_healed":0.0,"max_hp_gain":0.0,"max_hp_loss":0.0,"gold_gain":0.0,"event_name":"Bonfire Elementals","player_choice":"Offered Basic","floor":3.0,"gold_loss":0.0,"damage_taken":0.0},{"cards_removed":["Defend_R"],"damage_healed":0,"gold_gain":0,"player_choice":"Forget","damage_taken":0,"max_hp_gain":0,"max_hp_loss":0,"event_name":"Living Wall","floor":12,"gold_loss":0}],"is_beta":false,"boss_relics":[],"items_purged_floors":[13],"is_endless":false,"potions_floor_spawned":[4,7,10],"killed_by":"Hexaghost","ascension_level":20}}