{"host":"8g198xe1n7br41jb","time":1609330650,"event":{"mods":["BaseMod","Downfall","Minty Spire (QoL Compilation)","StSLib","SuperFastMode"],"gold_per_floor":[99,99,99,117,134,150,150,150,167,178,36,67,67,99,118,118,118,118],"floor_reached":16,"playtime":1256,"items_purged":[],"score":112,"play_id":"0dee1c1b-11ac-447c-abe3-b8d91fc34d10","local_time":"20201230131730","is_ascension_mode":false,"campfire_choices":[{"data":"champ:Execute","floor":1,"key":"SMITH"},{"data":"champ:HoldFirm","floor":8,"key":"SMITH"},{"data":"expansioncontent:LastStand","floor":13,"key":"SMITH"}],"circlet_count":0,"master_deck":["champ:Strike","champ:Strike","champ:Strike","champ:Strike","champ:Defend","champ:Defend","champ:Defend","champ:Defend","champ:Execute+1","Iron Wave","champ:FanOfKnives","champ:HoldFirm+1","champ:FaceSlap","champ:ViciousMockery","champ:ShieldWall","champ:CrownThrow","champ:GladiatorStyle","expansioncontent:LastStand+1","champ:AdrenalArmor","champ:EndlessRage","champ:MurderStrike"],"relics":["champ:ChampionCrown","Calipers","InkBottle","Prayer Wheel","Bag of Marbles"],"acts_visited":["Exordium"],"potions_floor_usage":[12,16,16,16],"damage_taken":[{"damage":5,"enemies":"2 Louse","floor":4,"turns":2},{"damage":11,"enemies":"Cultist","floor":5,"turns":3},{"damage":7,"enemies":"Jaw Worm","floor":6,"turns":3},{"damage":7,"enemies":"Blue Slaver","floor":9,"turns":4},{"damage":0,"enemies":"Exordium Wildlife","floor":10,"turns":6},{"damage":3,"enemies":"downfall:FleeingMerchant","floor":11,"turns":4},{"damage":17,"enemies":"Lagavulin","floor":12,"turns":7},{"damage":21,"enemies":"3 Sentries","floor":14,"turns":10},{"damage":6,"enemies":"2 Fungi Beasts","floor":15,"turns":3},{"damage":50,"enemies":"downfall:Defect","floor":16,"turns":8}],"seed_played":"-1124651115884792372","potions_obtained":[{"floor":5,"key":"Strength Potion"},{"floor":6,"key":"Slimebound:ThreeZeroPotion"},{"floor":9,"key":"Swift Potion"},{"floor":14,"key":"EssenceOfSteel"}],"is_trial":false,"path_per_floor":["R","?","?","M","M","M","T","R","M","M","$","E","R","E","M","B"],"character_chosen":"THE_CHAMP","items_purchased":["champ:GladiatorStyle","expansioncontent:LastStand"],"campfire_rested":0,"item_purchase_floors":[11,11],"current_hp_per_floor":[81,81,81,81,75,73,73,73,71,71,71,59,59,51,45,0,0,0],"gold":118,"neow_bonus":"ONE_RARE_RELIC","is_daily":false,"chose_seed":false,"campfire_upgraded":3,"win_rate":0.0,"timestamp":1609330650,"path_taken":["R","?","?","?","M","M","T","R","?","M","?","E","R","E","M","BOSS"],"items_purchased_type":["Card","Card"],"build_version":"2020-12-22","purchased_purges":0,"victory":false,"max_hp_per_floor":[81,81,81,81,81,81,81,81,81,81,81,81,81,81,81,81,81,81],"card_choices":[{"not_picked":["champ:PerfectedStrike","champ:Haymaker"],"picked":"champ:FanOfKnives","floor":4},{"not_picked":["champ:TornadoPunch","champ:SkillfulDodge"],"picked":"champ:HoldFirm","floor":5},{"not_picked":["champ:FlashCut","champ:Haymaker"],"picked":"champ:FaceSlap","floor":6},{"not_picked":["champ:Backstep","champ:TornadoPunch"],"picked":"champ:ViciousMockery","floor":9},{"not_picked":["champ:FlashCut","champ:FanOfKnives"],"picked":"champ:ShieldWall","floor":10},{"not_picked":["champ:FanOfKnives","champ:Haymaker"],"picked":"champ:CrownThrow","floor":11},{"not_picked":["champ:DefensiveStyle","champ:FightOn"],"picked":"champ:AdrenalArmor","floor":12},{"not_picked":["champ:AdrenalArmor","champ:Backstep"],"picked":"champ:EndlessRage","floor":14},{"not_picked":["champ:StanceDance","champ:EnGarde"],"picked":"champ:MurderStrike","floor":15},{"not_picked":["champ:CrookedStrike","champ:FlashCut","champ:DefensiveStyle"],"picked":"SKIP","floor":15}],"player_experience":1193015,"relics_obtained":[{"floor":7,"key":"InkBottle"},{"floor":12,"key":"Prayer Wheel"},{"floor":14,"key":"Bag of Marbles"}],"event_choices":[{"cards_removed":["champ:Taunt"],"damage_healed":0,"gold_gain":0,"player_choice":"Took Card","damage_taken":0,"max_hp_gain":0,"max_hp_loss":0,"event_name":"NoteForYourself","floor":3,"gold_loss":0,"cards_obtained":["Iron Wave"]}],"is_beta":false,"boss_relics":[],"items_purged_floors":[],"is_endless":false,"potions_floor_spawned":[5,6,9,10,14,15],"killed_by":"downfall:Defect","ascension_level":0}}