{"host":"bf9sa99gaumonoeu","time":1609294935,"event":{"mods":["AchievementEnabler","BaseMod","Colored Map","Downfall","Friendly Minions","Marisa????????","Minty Spire (QoL Compilation)","Replay The Spire","StSLib","The Cursed","The Disciple","The Servant 0.9.4"],"gold_per_floor":[99,111,126,139,153,166,166,192,226,226,243,275,200,235,246,246,246,246],"floor_reached":16,"playtime":1220,"items_purged":[],"score":130,"play_id":"26266d6a-14ca-4e8d-b032-bae2cac06362","local_time":"20201230002215","is_ascension_mode":true,"campfire_choices":[{"data":"hexamod:HexaLevel","floor":1.0,"key":"SMITH"},{"data":"hexamod:FlamesFromBeyond","floor":13.0,"key":"SMITH"}],"circlet_count":0,"master_deck":["hexamod:Strike","hexamod:Strike","hexamod:Strike","hexamod:Strike","hexamod:Defend","hexamod:Defend","hexamod:Defend","hexamod:Sear","hexamod:Float","hexamod:HexaLevel+1","hexamod:ThermalTransfer+1","hexamod:InspiringFlames","hexamod:FlamesFromBeyond+1","hexamod:HeatShield","hexamod:ExtraCrispy"],"relics":["hexamod:SpiritBrand","Vajra","Gremlin Food","Smiling Mask","Replay:Ringing Soul","downfall:HeartBlessingGreen","Boot"],"acts_visited":["Exordium"],"potions_floor_usage":[],"damage_taken":[{"damage":0.0,"enemies":"Cultist","floor":2.0,"turns":3.0},{"damage":1.0,"enemies":"Jaw Worm","floor":3.0,"turns":4.0},{"damage":0.0,"enemies":"2 Louse","floor":4.0,"turns":3.0},{"damage":14.0,"enemies":"Exordium Thugs","floor":5.0,"turns":5.0},{"damage":1.0,"enemies":"2 Fungi Beasts","floor":6.0,"turns":5.0},{"damage":5.0,"enemies":"Lagavulin","floor":9.0,"turns":7.0},{"damage":1.0,"enemies":"Exordium Wildlife","floor":11.0,"turns":4.0},{"damage":5.0,"enemies":"3 Sentries","floor":12.0,"turns":7.0},{"damage":12.0,"enemies":"Lagavulin","floor":14.0,"turns":7.0},{"damage":10.0,"enemies":"Exordium Thugs","floor":15.0,"turns":4.0},{"damage":28,"enemies":"downfall:Defect","floor":16,"turns":5}],"seed_played":"4490193933506668572","potions_obtained":[{"floor":3.0,"key":"Swift Potion"},{"floor":4.0,"key":"SteroidPotion"},{"floor":6.0,"key":"ColorlessPotion"},{"floor":14.0,"key":"Fire Potion"}],"is_trial":false,"path_per_floor":["R","M","M","M","M","M","T","T","E","?","M","E","R","E","M","B"],"character_chosen":"THE_SPIRIT","items_purchased":[],"campfire_rested":0,"item_purchase_floors":[],"current_hp_per_floor":[70,70,69,69,55,54,54,54,49,49,48,43,43,34,27,0,0,0],"gold":246,"neow_bonus":"TRANSFORM_CARD","is_daily":false,"chose_seed":false,"campfire_upgraded":2,"win_rate":0.0,"timestamp":1609294935,"path_taken":["R","M","M","M","M","M","T","?","E","?","M","E","R","E","M","BOSS"],"items_purchased_type":[],"build_version":"2020-12-22","purchased_purges":0,"victory":false,"max_hp_per_floor":[70,70,70,70,70,70,70,70,70,70,70,70,70,73,76,76,76,76],"card_choices":[{"not_picked":["hexamod:NightmareStrike","hexamod:ChargedBarrage","hexamod:HeatMetal"],"picked":"SKIP","floor":2.0},{"not_picked":["hexamod:PowerFromBeyond","hexamod:FastForward"],"picked":"hexamod:ThermalTransfer","floor":3.0},{"not_picked":["hexamod:SkipABeat","hexamod:NightmareGuise","hexamod:PhantomCloak"],"picked":"SKIP","floor":4.0},{"not_picked":["hexamod:NightmareGuise","hexamod:Haunt","hexamod:FastForward"],"picked":"SKIP","floor":5.0},{"not_picked":["hexamod:ThermalTransfer","hexamod:RadiantFlame","hexamod:NightmareStrike"],"picked":"SKIP","floor":6.0},{"not_picked":["hexamod:ThermalTransfer","hexamod:RadiantFlame","hexamod:NightmareStrike"],"picked":"SKIP","floor":6.0},{"not_picked":["hexamod:Firestarter","hexamod:GhostOfSpireFuture"],"picked":"hexamod:InspiringFlames","floor":9.0},{"not_picked":["hexamod:Firestarter","hexamod:NightmareGuise"],"picked":"hexamod:FlamesFromBeyond","floor":11.0},{"not_picked":["hexamod:RainOfEmbers","hexamod:GhostShield","hexamod:TimeWarp"],"picked":"SKIP","floor":12.0},{"not_picked":["hexamod:NightmareGuise","hexamod:AdvancingGuard"],"picked":"hexamod:HeatShield","floor":14.0},{"not_picked":["hexamod:BurningTouch","hexamod:HauntingEcho"],"picked":"hexamod:ExtraCrispy","floor":15.0}],"player_experience":581642,"relics_obtained":[{"floor":7.0,"key":"Vajra"},{"floor":8.0,"key":"Gremlin Food"},{"floor":9.0,"key":"Smiling Mask"},{"floor":12.0,"key":"Replay:Ringing Soul"},{"floor":14.0,"key":"Boot"}],"event_choices":[{"damage_healed":0.0,"max_hp_gain":0.0,"max_hp_loss":0.0,"gold_gain":0.0,"event_name":"Upgrade Shrine","player_choice":"Upgraded","floor":10.0,"gold_loss":0.0,"damage_taken":0.0,"cards_upgraded":["hexamod:ThermalTransfer"]}],"is_beta":false,"boss_relics":[],"items_purged_floors":[],"is_endless":false,"potions_floor_spawned":[3,4,6,14],"killed_by":"downfall:Defect","ascension_level":1}}