{"host":"waq1ashgqt0tulkv","time":1609371086,"event":{"mods":["BaseMod","Downfall","Hermit","Infinite Spire","Minty Spire (QoL Compilation)","Replay The Spire","StSLib","The Servant 0.9.4"],"gold_per_floor":[116,116,135,61,81,97,97,113,113,132,145,157,3,20,20,20,20,118,118,128,128,128,138,154,186,186,186,186,186,201,216,230,230,230],"floor_reached":33,"playtime":1294,"items_purged":["Strike_B"],"score":265,"play_id":"6cf8a598-e7c7-43f7-b4d9-a94b784475cc","local_time":"20201230163126","is_ascension_mode":false,"campfire_choices":[{"floor":17,"key":"DIG"},{"floor":26,"key":"REST"},{"floor":29,"key":"REST"}],"circlet_count":0,"master_deck":["Strike_B","Strike_B","Strike_B","Defend_B","Defend_B","Defend_B","Defend_B","Zap","Dualcast","Streamline","Loop","Conserve Battery","Auto Shields","Cold Snap","Barrage","Tempest","Redo","FTL","Amplify","Cold Snap","ReplayTheSpireMod:Faulty Equipment","Barrage+1","Hologram+1","infinitespire:Oblivion","Storm","Ball Lightning","FIFO Queue"],"relics":["Cracked Core","NeowsBlessing","Replay:WaspNest","Dream Catcher","Nuclear Battery","infinitespire:CheckeredPen","Bag of Preparation","infinitespire:Satchel","Matryoshka"],"acts_visited":["Exordium","TheCity"],"potions_floor_usage":[25,33],"damage_taken":[{"damage":0,"enemies":"2 Louse","floor":1,"turns":1},{"damage":0,"enemies":"Jaw Worm","floor":3,"turns":1},{"damage":0,"enemies":"Cultist","floor":5,"turns":1},{"damage":13,"enemies":"Exordium Thugs","floor":6,"turns":5},{"damage":6,"enemies":"Large Slime","floor":8,"turns":6},{"damage":14,"enemies":"Blue Slaver","floor":10,"turns":3},{"damage":11,"enemies":"2 Fungi Beasts","floor":11,"turns":3},{"damage":1,"enemies":"Large Slime","floor":12,"turns":5},{"damage":4,"enemies":"Exordium Thugs","floor":14,"turns":3},{"damage":27,"enemies":"Hexaghost","floor":18,"turns":10},{"damage":16,"enemies":"Shell Parasite","floor":20,"turns":5},{"damage":0,"enemies":"Chosen","floor":23,"turns":3},{"damage":29,"enemies":"Centurion and Healer","floor":24,"turns":3},{"damage":15,"enemies":"Nightmare","floor":25,"turns":5},{"damage":3,"enemies":"Snake Plant","floor":30,"turns":3},{"damage":1,"enemies":"3 Cultists","floor":31,"turns":5},{"damage":11,"enemies":"Chosen and Byrds","floor":32,"turns":6},{"damage":44,"enemies":"Slavers","floor":33,"turns":2}],"seed_played":"6510912064739417339","potions_obtained":[{"floor":3,"key":"Weak Potion"},{"floor":8,"key":"FearPotion"},{"floor":11,"key":"SmokeBomb"},{"floor":12,"key":"Energy Potion"},{"floor":14,"key":"DuplicationPotion"},{"floor":31,"key":"Languid Potion"}],"is_trial":false,"path_per_floor":["M","?","M","$","M","M","?","M","T","M","M","M","$","M","PTL","PTL","R","B",null,"M","AVR","?","M","M","NM","R","?","T","R","M","M","M","E"],"character_chosen":"DEFECT","items_purchased":["Loop","FTL"],"campfire_rested":2,"item_purchase_floors":[4,13],"current_hp_per_floor":[75,75,75,75,75,62,67,61,61,47,36,35,35,31,31,31,31,4,75,59,59,59,59,30,15,37,37,37,59,56,55,44,0,0],"gold":230,"neow_bonus":"THREE_ENEMY_KILL","is_daily":false,"chose_seed":false,"campfire_upgraded":0,"win_rate":0.0,"timestamp":1609371086,"path_taken":["M","?","M","$","M","M","?","M","T","M","M","?","?","M","PTL","PTL","R","BOSS","M","AVR","?","M","M","NM","R","?","T","R","?","M","?","E"],"items_purchased_type":["Card","Card"],"build_version":"2020-12-13","purchased_purges":1,"victory":false,"max_hp_per_floor":[75,75,75,75,75,75,75,75,75,75,75,75,75,75,75,75,75,75,75,75,75,75,75,75,75,75,75,75,75,75,75,75,75,75],"card_choices":[{"not_picked":["Scrape","Skim"],"picked":"Stack","floor":1},{"not_picked":["Stack","Consume"],"picked":"Streamline","floor":3},{"not_picked":["Stack","Skim"],"picked":"Conserve Battery","floor":5},{"not_picked":["Melter","Steam"],"picked":"Auto Shields","floor":6},{"not_picked":["Reinforced Body","Genetic Algorithm"],"picked":"Cold Snap","floor":8},{"not_picked":["Thunder Strike","Panic Button"],"picked":"Barrage","floor":10},{"not_picked":["Heatsinks","Steam"],"picked":"Tempest","floor":11},{"not_picked":["Ball Lightning","BasicCrystalCard"],"picked":"Redo","floor":12},{"not_picked":["ReplayTheSpireMod:Repulse","Gash","Chaos"],"picked":"SKIP","floor":14},{"not_picked":["Seek","All For One"],"picked":"Amplify","floor":18},{"not_picked":["Panic Button+1","Tempest"],"picked":"Cold Snap","floor":20},{"not_picked":["Panic Button","BasicCrystalCard+1"],"picked":"Barrage+1","floor":23},{"not_picked":["Multi-Cast","Rip and Tear"],"picked":"Hologram+1","floor":24},{"not_picked":["infinitespire:Collect","ReplayTheSpireMod:Haul"],"picked":"infinitespire:Oblivion","floor":25},{"not_picked":["Streamline","BasicCrystalCard+1"],"picked":"Storm","floor":25},{"not_picked":["ReplaySort","BasicCrystalCard"],"picked":"Ball Lightning","floor":29},{"not_picked":["ReplayTheSpireMod:GoodbyeWorld","Blizzard"],"picked":"FIFO Queue","floor":30},{"not_picked":["Gash","Hologram","Sweeping Beam"],"picked":"SKIP","floor":31},{"not_picked":["ReplayTheSpireMod:System Scan","Gash","ReplaySort"],"picked":"SKIP","floor":32}],"player_experience":6826,"relics_obtained":[{"floor":9,"key":"Replay:WaspNest"},{"floor":17,"key":"Dream Catcher"},{"floor":25,"key":"infinitespire:Satchel"},{"floor":28,"key":"Matryoshka"}],"event_choices":[{"damage_healed":0,"gold_gain":0,"player_choice":"Ignored","damage_taken":0,"max_hp_gain":0,"max_hp_loss":0,"event_name":"Golden Wing","floor":2,"gold_loss":0},{"cards_removed":["Stack"],"damage_healed":5,"gold_gain":0,"player_choice":"Offered Common","damage_taken":0,"max_hp_gain":0,"max_hp_loss":0,"event_name":"Bonfire Elementals","floor":7,"gold_loss":0},{"cards_removed":["Stack"],"damage_healed":5,"gold_gain":0,"player_choice":"Offered Special","damage_taken":0,"max_hp_gain":0,"max_hp_loss":0,"event_name":"Bonfire Elementals","floor":7,"gold_loss":0}],"is_beta":false,"boss_relics":[{"not_picked":["Sozu","Ring of Chaos"],"picked":"Nuclear Battery"}],"items_purged_floors":[13],"is_endless":false,"potions_floor_spawned":[3,8,11,12,14,18,23,24,31,32],"killed_by":"Slavers","ascension_level":0}}