{"host":"e8rlfedn69rz2s07","time":1609286566,"event":{"mods":["Act Like it!","BaseMod","Conspire","Hubris","Infinite Spire","Minty Spire (QoL Compilation)","Permanent Neow","Relic Stats","Replay The Spire","Shop Mod","StSLib","The Jungle"],"gold_per_floor":[123,123,123,151,7,51,51,73,152,152,152,152],"floor_reached":11,"playtime":360,"items_purged":[],"score":142,"play_id":"e553086e-d09d-447f-b865-df4555290e96","local_time":"20201230020246","is_ascension_mode":true,"campfire_choices":[{"floor":10.0,"key":"REST"}],"circlet_count":0,"master_deck":["AscendersBane","Strike_B","Strike_B","Strike_B+1","Defend_B+1","Defend_B","Defend_B","Defend_B+1","Zap","Dualcast","hubris:Greed","Creative AI","hubris:Greed","Glacier","Sweeping Beam","FIFO Queue","conspire:Rain+1","Rebound","Cold Snap"],"relics":["Cracked Core","ReplayTheSpireMod:Shallot","Letter Opener"],"acts_visited":["Exordium"],"potions_floor_usage":[],"damage_taken":[{"damage":9.0,"enemies":"Jaw Worm","floor":1.0,"turns":4.0},{"damage":4.0,"enemies":"Small Slimes","floor":4.0,"turns":5.0},{"damage":17.0,"enemies":"3 Sentries","floor":6.0,"turns":11.0},{"damage":0.0,"enemies":"Cultist","floor":8.0,"turns":4.0},{"damage":39,"enemies":"Gremlin Nob","floor":11,"turns":4}],"seed_played":"-6535492662846373854","potions_obtained":[{"floor":1.0,"key":"Explosive Potion"}],"is_trial":false,"path_per_floor":["M","?","?","M","$","E","?","M","T","R","E"],"character_chosen":"DEFECT","items_purchased":["FIFO Queue","conspire:Rain+1"],"campfire_rested":1,"item_purchase_floors":[5,5],"current_hp_per_floor":[55,55,55,51,51,34,13,13,13,34,0,0],"gold":152,"neow_bonus":"THREE_RARE_CARDS","is_daily":false,"chose_seed":false,"campfire_upgraded":0,"win_rate":0.0,"timestamp":1609286566,"path_taken":["M","?","?","?","$","E","?","M","T","R","E"],"items_purchased_type":["Card","Card"],"build_version":"2020-12-22","purchased_purges":0,"victory":false,"max_hp_per_floor":[71,71,71,71,71,71,71,71,71,71,71,71],"relic_stats":{"counters":[5,28],"Letter Opener":[0],"obtain_stats":[{"ReplayTheSpireMod:Shallot":6,"Letter Opener":9,"Cracked Core":0},{"ReplayTheSpireMod:Shallot":3,"Letter Opener":4,"Cracked Core":0},{"ReplayTheSpireMod:Shallot":20,"Letter Opener":24,"Cracked Core":0}]},"card_choices":[{"not_picked":["Multi-Cast","ReplayRNGCard"],"picked":"Creative AI","floor":0.0},{"not_picked":["Cold Snap","Streamline"],"picked":"Glacier","floor":1.0},{"not_picked":["Hologram","Sunder"],"picked":"Sweeping Beam","floor":4.0},{"not_picked":["Panic Button","Reinforced Body"],"picked":"Rebound","floor":6.0},{"not_picked":["Streamline","Steam"],"picked":"Cold Snap","floor":8.0}],"player_experience":929722,"relics_obtained":[{"floor":6.0,"key":"ReplayTheSpireMod:Shallot"},{"floor":9.0,"key":"Letter Opener"}],"event_choices":[{"cards_removed":["Strike_B"],"damage_healed":0.0,"max_hp_gain":0.0,"max_hp_loss":0.0,"gold_gain":0.0,"event_name":"Bonfire Elementals","player_choice":"Offered Basic","floor":3.0,"gold_loss":0.0,"damage_taken":0.0},{"damage_healed":0.0,"max_hp_gain":0.0,"max_hp_loss":0.0,"gold_gain":0.0,"event_name":"Shining Light","player_choice":"Entered Light","floor":7.0,"gold_loss":0.0,"damage_taken":21.0,"cards_upgraded":["Defend_B","Strike_B"]}],"is_beta":false,"boss_relics":[],"items_purged_floors":[],"is_endless":false,"potions_floor_spawned":[1],"killed_by":"Gremlin Nob","ascension_level":20}}