{"host":"8nqgve6y8ahjd8xo","time":1609321951,"event":{"mods":["ATMod(阿瑾Mod)","AchievementEnabler","BaseMod","Better Vampires","Better-Laid Plans","Colored Map","Colored Powertips","Minty Spire (QoL Compilation)","MostiFishMod","Quick Restart","Red Circlet Mod","Replay The Spire","RumiaBox-露米娅的神秘盒子","Ryuuou龙王","Shop Mod","StSLib","TestMod","Uncapped","Waifu the Spire","[IsaacMod]以撒尖塔","[功能]功能增强和修复MOD","vexMod","【功能Mod】Neow奖励","【功能Mod】混沌之环修复补丁","【遗物Mod】死灵法师NEW","【遗物Mod】简单游戏","【遗物卡牌】REMEMod","没有小屋子和绿帽子啦","篝火指南"],"gold_per_floor":[116,131,106,124,124,124,168,168,168,5,51,51,68,100,100,196,196,223,295,295,316,339,339,339,339,339,339,365,389,1199,1248,1248,1353,1353,1388,1420,1110,1160,886,886,934,934,961,961,961,997,997,1037,1037,1065,1086,1086,712,432,491,578],"floor_reached":57,"playtime":1688,"items_purged":["Strike_B","Strike_B","Strike_B","Strike_B+1","Defend_B","Doom and Gloom+1","Defend_B"],"score":2771,"play_id":"291ee5dc-24d5-40f3-8189-1dd5d2ee2fcc","local_time":"20201230175231","is_ascension_mode":true,"campfire_choices":[{"data":"Zap","floor":8.0,"key":"SMITH"},{"data":"Dualcast","floor":12.0,"key":"SMITH"},{"data":"Skim","floor":15.0,"key":"SMITH"},{"data":"Coolheaded","floor":23.0,"key":"SMITH"},{"data":"MostiFishMod:TalkingToTheRain","floor":25.0,"key":"SMITH"},{"floor":27.0,"key":"DIG"},{"data":"Coolheaded","floor":32,"key":"SMITH"},{"floor":40,"key":"RECALL"},{"floor":42,"key":"DIG"},{"floor":44,"key":"DIG"},{"data":"Turbo","floor":49,"key":"SMITH"}],"circlet_count":0,"master_deck":["AscendersBane","Defend_B","Zap+1","Dualcast+1","AT_CelerityRune","AT_EMC2","ReplayTheSpireMod:System Scan","Skim+1","MostiFishMod:DawningShadow","Coolheaded+1","Turbo+1","Reinforced Body","MostiFishMod:TalkingToTheRain+1","Coolheaded+1","Creative AI","AT_DarkMatter","MostiFishMod:LinkProtocol","AT_ThreeBodyProblem+1","Echo Form+1","MostiFishMod:GatherIntelligence+1","Darkness+1"],"relics":["EasyRelic","HushsDoor","testmod-TestBox","DaveBox","AT_ATBox","REME_ComplimentaryCards","GnawedLeaf","testmod-Alchemist","Transparent","vexMod:FluxCapacitor","SynthV:TestCard","Golden Idol","Civilization","testmod-LifeArmor","REME_ArchaeologicalTools","AT_PhaseBoots","FeatherPendant","DeathBook","Pear","Strawberry","Oddly Smooth Stone","Shovel","Whetstone","D4","testmod-DeterminationOfClimber","GuppysCollar","Golden Egg","Replay:Wax Seal","MerchantsRug","vexMod:Dragonfruit","ArrowTower","Membership Card","Cables","Dream Catcher","vexMod:FocusSash","GuppysHead","SynthV:C4","Replay:Bandana","Mirror","Orrery","Replay:Ringing Soul","Centennial Puzzle","Solar Panel"],"acts_visited":["Exordium","TheCity","TheBeyond","TheEnding"],"potions_floor_usage":[],"damage_taken":[{"damage":14.0,"enemies":"Small Slimes","floor":1.0,"turns":2.0},{"damage":14.0,"enemies":"Cultist","floor":2.0,"turns":2.0},{"damage":17.0,"enemies":"2 Louse","floor":4.0,"turns":2.0},{"damage":32.0,"enemies":"Replay:BlueRogue","floor":7.0,"turns":3.0},{"damage":7.0,"enemies":"Looter","floor":11.0,"turns":1.0},{"damage":7.0,"enemies":"Lots of Slimes","floor":13.0,"turns":1.0},{"damage":16.0,"enemies":"Red Slaver","floor":14.0,"turns":2.0},{"damage":24.0,"enemies":"The Guardian","floor":16.0,"turns":3.0},{"damage":8.0,"enemies":"Chosen","floor":18.0,"turns":1.0},{"damage":18.0,"enemies":"Hiden Room Battle","floor":19.0,"turns":2.0},{"damage":12.0,"enemies":"Shell Parasite","floor":21.0,"turns":1.0},{"damage":26.0,"enemies":"Sentry and Sphere","floor":22.0,"turns":2.0},{"damage":15.0,"enemies":"Centurion and Healer","floor":28.0,"turns":1.0},{"damage":45,"enemies":"Slavers","floor":31,"turns":2},{"damage":36,"enemies":"Collector","floor":33,"turns":2},{"damage":18,"enemies":"3 Darklings","floor":35,"turns":1},{"damage":20,"enemies":"3 Shapes","floor":36,"turns":1},{"damage":24,"enemies":"Mind Bloom Boss Battle","floor":38,"turns":1},{"damage":27,"enemies":"Reptomancer","floor":41,"turns":1},{"damage":31,"enemies":"Writhing Mass","floor":46,"turns":1},{"damage":35,"enemies":"4 Shapes","floor":48,"turns":1},{"damage":39,"enemies":"Time Eater","floor":50,"turns":2},{"damage":43,"enemies":"Donu and Deca","floor":51,"turns":1},{"damage":47,"enemies":"Shield and Spear","floor":55,"turns":1},{"damage":104,"enemies":"Delirium","floor":56,"turns":2}],"seed_played":"945928832142437834","potions_obtained":[{"floor":2.0,"key":"Swift Potion"},{"floor":2.0,"key":"Strength Potion"},{"floor":4.0,"key":"SpeedPotion"},{"floor":11.0,"key":"Adrenaline Potion"},{"floor":18.0,"key":"Swift Potion"}],"is_trial":false,"path_per_floor":["M","M","?","M","?","?","E","R","T","$","M","R","M","M","R","B",null,"M","?","?","M","M","R","?","R","T","R","M","T","?","E","R","B",null,"M","M","$","?","$","R","E","R","T","R","?","M","?","M","R","B","B",null,"R","$","E","B",null],"character_chosen":"DEFECT","items_purchased":["AT_SpeedBoots","DeathBook","GuppysCollar","Damocles","MerchantsRug","vexMod:Dragonfruit","Membership Card","Cables","Replay:Bandana","Echo Form","Mirror","Orrery","Replay:Ringing Soul","Centennial Puzzle"],"campfire_rested":0,"item_purchase_floors":[10,17,34,34,37,37,39,39,53,53,53,53,54,54],"current_hp_per_floor":[71,71,71,71,47,47,65,65,65,65,74,74,81,89,89,98,83,93,122,122,135,150,150,90,90,90,90,167,167,71,162,162,210,180,209,241,246,279,279,279,315,315,315,315,315,352,352,393,393,435,479,479,479,479,528,576],"gold":578,"neow_bonus":"BOSS_RELIC","is_daily":false,"chose_seed":false,"campfire_upgraded":7,"win_rate":0.0,"timestamp":1609321951,"path_taken":["M","M","?","?","?","?","E","R","T","$","M","R","M","?","R","BOSS","M","?","?","M","?","R","?","R","T","R","M","?","?","E","R","BOSS","M","M","$","?","$","R","E","R","T","R","?","M","?","M","R","BOSS","BOSS","R","$","E","BOSS"],"items_purchased_type":["Relic","Relic","Relic","Relic","Relic","Relic","Relic","Relic","Relic","Card","Relic","Relic","Relic","Relic"],"build_version":"2020-12-22","purchased_purges":7,"victory":true,"max_hp_per_floor":[71,71,71,71,71,71,72,72,72,72,74,74,81,89,89,98,83,93,122,122,135,150,150,150,150,150,150,167,167,167,187,187,210,180,209,241,246,279,279,279,315,315,315,315,315,352,352,393,393,435,479,479,479,479,528,576],"card_choices":[{"not_picked":["Undo","Rebound","Panic Button"],"picked":"SKIP","floor":1.0},{"not_picked":["Panic Button","AT_HeatAcrobatics","Rip and Tear","Stack"],"picked":"Doom and Gloom","floor":2.0},{"not_picked":["Beam Cell","Redo","Hello World","Sweeping Beam"],"picked":"ReplayTheSpireMod:System Scan","floor":4.0},{"not_picked":["Melter","Barrage","Distribution","MostiFishMod:Hijack","Leap"],"picked":"SKIP","floor":7.0},{"not_picked":["MostiFishMod:PushDownKick","BasicCrystalCard","ReplayGash","Stack","ReplaySort"],"picked":"SKIP","floor":11.0},{"not_picked":["Hologram","Cold Snap","MostiFishMod:LinkProtocol","Undo"],"picked":"Skim","floor":13.0},{"not_picked":["REME_Compress","Hello World","Streamline","Leap","Tempest"],"picked":"SKIP","floor":14.0},{"not_picked":["ReplayTheSpireMod:Fabricate Wheel","Seek","MostiFishMod:Culaccino","Creative AI"],"picked":"MostiFishMod:DawningShadow","floor":16.0},{"not_picked":["REME_SelfUpgrade+1","AT_HeatAcrobatics","Go for the Eyes+1","Panic Button"],"picked":"Coolheaded","floor":18.0},{"not_picked":["MostiFishMod:PushDownKick","Barrage","BootSequence","Rip and Tear"],"picked":"Turbo","floor":19.0},{"not_picked":["Go for the Eyes","AT_HeatAcrobatics","Chaos","ReplaySolidLightProjector"],"picked":"MostiFishMod:TalkingToTheRain","floor":21.0},{"not_picked":["Crystallizer","Go for the Eyes","Aggregate","Redo","Beam Cell"],"picked":"SKIP","floor":22.0},{"not_picked":["Auto Shields+1","Panic Button","Compile Driver","Scrape"],"picked":"Coolheaded","floor":28.0},{"not_picked":["Undo","AT_ThreeBodyProblem","Panic Button","REME_SelfUpgrade","Hyperbeam"],"picked":"SKIP","floor":31},{"not_picked":["Reboot","MostiFishMod:Tomorrow","MostiFishMod:Exploitation","Fission"],"picked":"Creative AI","floor":33},{"not_picked":["Cancel","Sunder","Gash","AT_HeatAcrobatics"],"picked":"AT_DarkMatter","floor":35},{"not_picked":["Beam Cell","Coolheaded","Sweeping Beam","Steam"],"picked":"MostiFishMod:LinkProtocol","floor":36},{"not_picked":["Rip and Tear+1","Redo","Chill","BasicCrystalCard","ReplayTheSpireMod:Calculation Training"],"picked":"SKIP","floor":41},{"not_picked":["ReplayTheSpireMod:Omega Cannon","FTL","Barrage","Compile Driver"],"picked":"AT_ThreeBodyProblem+1","floor":46},{"not_picked":["Conserve Battery+1","Go for the Eyes","Static Discharge","Hologram","Reinforced Body"],"picked":"SKIP","floor":48},{"not_picked":["Gash","Genetic Algorithm+1","AT_ThunderBolt","Electrodynamics"],"picked":"MostiFishMod:GatherIntelligence+1","floor":53},{"not_picked":["MostiFishMod:LinkProtocol+1","Redo","Steam","Sunder"],"picked":"Darkness+1","floor":55}],"player_experience":1322984,"relics_obtained":[{"floor":1.0,"key":"SynthV:TestCard"},{"floor":6.0,"key":"Civilization"},{"floor":7.0,"key":"testmod-LifeArmor"},{"floor":9.0,"key":"REME_ArchaeologicalTools"},{"floor":19.0,"key":"Pear"},{"floor":19.0,"key":"Strawberry"},{"floor":24.0,"key":"Oddly Smooth Stone"},{"floor":26.0,"key":"Shovel"},{"floor":27.0,"key":"Whetstone"},{"floor":31,"key":"D4"},{"floor":35,"key":"Golden Egg"},{"floor":36,"key":"Replay:Wax Seal"},{"floor":38,"key":"ArrowTower"},{"floor":41,"key":"Dream Catcher"},{"floor":42,"key":"vexMod:FocusSash"},{"floor":43,"key":"GuppysHead"},{"floor":44,"key":"SynthV:C4"},{"floor":55,"key":"Solar Panel"}],"event_choices":[{"damage_healed":0.0,"max_hp_gain":0.0,"max_hp_loss":0.0,"gold_gain":0.0,"event_name":"Golden Idol","player_choice":"Take Damage","floor":5.0,"gold_loss":0.0,"damage_taken":24.0,"relics_obtained":["Golden Idol"]},{"damage_healed":0.0,"max_hp_gain":0.0,"max_hp_loss":0.0,"gold_gain":0.0,"event_name":"Wheel of Change","player_choice":"Relic","floor":6.0,"gold_loss":0.0,"damage_taken":0.0},{"damage_healed":0.0,"max_hp_gain":0.0,"max_hp_loss":0.0,"gold_gain":0.0,"event_name":"HidenRoomEvent","player_choice":"Fight","floor":19.0,"gold_loss":0.0,"damage_taken":0.0},{"damage_healed":0.0,"max_hp_gain":0.0,"max_hp_loss":0.0,"gold_gain":0.0,"event_name":"The Library","player_choice":"Read","floor":20.0,"gold_loss":0.0,"damage_taken":0.0,"cards_obtained":["Reinforced Body"]},{"damage_healed":0,"gold_gain":810,"player_choice":"GOLD GOLD GOLD GOLD GOLD GOLD GOLD GOLD GOLD ","damage_taken":96,"max_hp_gain":0,"max_hp_loss":0,"event_name":"Knowing Skull","floor":30,"potions_obtained":[],"gold_loss":0,"cards_obtained":[]},{"damage_healed":0,"gold_gain":0,"player_choice":"Fight","damage_taken":0,"max_hp_gain":0,"max_hp_loss":0,"event_name":"MindBloom","floor":38,"gold_loss":0},{"cards_removed":["Defend_B"],"damage_healed":0,"gold_gain":0,"player_choice":"Removed Skill","damage_taken":0,"max_hp_gain":0,"max_hp_loss":0,"event_name":"Falling","floor":45,"gold_loss":0},{"damage_healed":0,"gold_gain":0,"player_choice":"Memory 1","damage_taken":0,"max_hp_gain":0,"max_hp_loss":0,"event_name":"SensoryStone","floor":47,"gold_loss":0}],"is_beta":false,"boss_relics":[{"not_picked":["testmod-HarvestTotem","HaiYi:Twilight"],"picked":"FeatherPendant"},{"not_picked":[]},{"not_picked":["Cursed Key","Black Star"],"picked":"testmod-DeterminationOfClimber"},{"not_picked":[]}],"items_purged_floors":[10,17,34,37,39,53,54],"is_endless":false,"potions_floor_spawned":[2,2,4,7,7,11,11,14,14,16,18,21,21,22,22,22,31,33,35,36,38,41,41,46,48,48,55],"ascension_level":20}}