{"host":"r6jigiblrojhp6xe","time":1609320659,"event":{"mods":["AchievementEnabler","BaseMod","DeckTracker","Minty Spire (QoL Compilation)","Quick Restart","Rare Cards Sparkle","Relic Stats","StSLib","SuperFastMode","The Cursed","everything is the same but u backflip on backflip"],"gold_per_floor":[109,109,122,142,152,152,152,152,152,77,90,124,124,124,124,197,197,208,208,219,219,229,229,114,114,114,131,56,56,36,36,36,113,113,125,137,37,56,56,56,70,70,97,127,146,146,180,195,195,195,195],"floor_reached":52,"playtime":1979,"items_purged":["Strike_G","Dagger Throw","Defend_G"],"score":2320,"play_id":"830d7770-7475-44b8-b418-d8d501a50c11","local_time":"20201230183059","is_ascension_mode":true,"campfire_choices":[{"data":"Flechettes","floor":6,"key":"SMITH"},{"data":"Neutralize","floor":8,"key":"SMITH"},{"floor":13,"key":"REST"},{"data":"Well Laid Plans","floor":15,"key":"SMITH"},{"data":"Malaise","floor":23,"key":"SMITH"},{"data":"Concentrate","floor":25,"key":"SMITH"},{"data":"Reflex","floor":29,"key":"SMITH"},{"data":"Survivor","floor":32,"key":"SMITH"},{"floor":40,"key":"REST"},{"floor":42,"key":"REST"},{"floor":46,"key":"RECALL"},{"floor":49,"key":"REST"}],"circlet_count":0,"master_deck":["AscendersBane","Defend_G","Defend_G","Survivor+1","Neutralize+1","Blur","Flechettes+1","Reflex+1","Well Laid Plans+1","Malaise+1","Acrobatics+1","Concentrate+1","Reflex+1","Backflip","After Image"],"relics":["Ring of the Snake","Happy Flower","The Courier","HoveringKite","WingedGreaves","Fusion Hammer","Bronze Scales","Gremlin Horn","Nunchaku"],"acts_visited":["Exordium","TheCity","TheBeyond"],"potions_floor_usage":[5,5,20],"damage_taken":[{"damage":1,"enemies":"Cultist","floor":1,"turns":4},{"damage":0,"enemies":"2 Louse","floor":3,"turns":3},{"damage":1,"enemies":"Jaw Worm","floor":4,"turns":5},{"damage":1,"enemies":"Red Slaver","floor":5,"turns":4},{"damage":0,"enemies":"Looter","floor":11,"turns":2},{"damage":19,"enemies":"Gremlin Nob","floor":12,"turns":4},{"damage":4,"enemies":"The Guardian","floor":16,"turns":9},{"damage":2,"enemies":"Chosen","floor":18,"turns":6},{"damage":12,"enemies":"Spheric Guardian","floor":20,"turns":5},{"damage":0,"enemies":"Centurion and Healer","floor":22,"turns":4},{"damage":1,"enemies":"Snake Plant","floor":27,"turns":4},{"damage":0,"enemies":"Automaton","floor":33,"turns":3},{"damage":29,"enemies":"3 Shapes","floor":35,"turns":2},{"damage":0,"enemies":"3 Darklings","floor":36,"turns":2},{"damage":0,"enemies":"4 Shapes","floor":38,"turns":1},{"damage":0,"enemies":"Jaw Worm Horde","floor":41,"turns":1},{"damage":0,"enemies":"Reptomancer","floor":44,"turns":1},{"damage":0,"enemies":"Spire Growth","floor":45,"turns":2},{"damage":0,"enemies":"Giant Head","floor":47,"turns":2},{"damage":0,"enemies":"Sphere and 2 Shapes","floor":48,"turns":1},{"damage":0,"enemies":"Donu and Deca","floor":50,"turns":2},{"damage":0,"enemies":"Time Eater","floor":51,"turns":6}],"seed_played":"-1428802355719176567","potions_obtained":[{"floor":3,"key":"GamblersBrew"},{"floor":4,"key":"Block Potion"},{"floor":12,"key":"Ancient Potion"},{"floor":16,"key":"SneckoOil"},{"floor":22,"key":"ColorlessPotion"},{"floor":27,"key":"Regen Potion"},{"floor":38,"key":"Regen Potion"}],"is_trial":false,"path_per_floor":["M","?","M","M","M","R","?","R","T","$","M","E","R","?","R","B",null,"M","?","M","?","M","R","$","R","T","M","?","R","$","?","R","B",null,"M","M","$","M","?","R","M","R","T","E","M","R","E","M","R","B","B",null],"character_chosen":"THE_SILENT","items_purchased":["Concentrate","Backflip"],"campfire_rested":4,"item_purchase_floors":[24,30],"current_hp_per_floor":[58,51,51,50,49,49,31,31,31,31,31,12,30,30,30,26,52,50,50,38,38,38,38,38,38,38,37,37,37,37,37,37,37,54,25,25,25,25,25,43,43,60,60,60,60,60,60,60,60,60,60],"gold":195,"neow_bonus":"REMOVE_TWO","is_daily":false,"chose_seed":false,"campfire_upgraded":7,"win_rate":0.0,"timestamp":1609320659,"path_taken":["M","?","M","M","M","R","?","R","T","?","?","E","R","?","R","BOSS","M","?","M","?","M","R","$","R","T","M","?","R","$","?","R","BOSS","M","M","$","M","?","R","M","R","T","E","?","R","E","?","R","BOSS","BOSS"],"items_purchased_type":["Card","Card"],"build_version":"2020-12-22","purchased_purges":3,"victory":true,"max_hp_per_floor":[60,60,60,60,60,60,60,60,60,60,60,60,60,60,60,60,60,60,60,60,60,60,60,60,60,60,60,60,60,60,60,60,60,60,60,60,60,60,60,60,60,60,60,60,60,60,60,60,60,60,60],"relic_stats":{"Nunchaku":[3],"Happy Flower":[19],"Gremlin Horn":[3,3],"counters":[22,73],"Bronze Scales":[30],"HoveringKite":[36],"obtain_stats":[{"Nunchaku":47,"Happy Flower":9,"Gremlin Horn":44,"Bronze Scales":43,"HoveringKite":17,"The Courier":12,"WingedGreaves":26,"Fusion Hammer":34,"Ring of the Snake":0},{"Nunchaku":19,"Happy Flower":4,"Gremlin Horn":17,"Bronze Scales":16,"HoveringKite":7,"The Courier":6,"WingedGreaves":10,"Fusion Hammer":12,"Ring of the Snake":0},{"Nunchaku":64,"Happy Flower":16,"Gremlin Horn":60,"Bronze Scales":59,"HoveringKite":31,"The Courier":22,"WingedGreaves":46,"Fusion Hammer":53,"Ring of the Snake":0}],"Ring of the Snake":[44]},"card_choices":[{"not_picked":["Quick Slash","Tactician"],"picked":"Dagger Throw","floor":1},{"not_picked":["Prepared","Underhanded Strike"],"picked":"Blur","floor":3},{"not_picked":["Caltrops","Blade Dance"],"picked":"Flechettes","floor":4},{"not_picked":["Cloak And Dagger","Outmaneuver"],"picked":"Reflex","floor":5},{"not_picked":["Infinite Blades","Catalyst","Outmaneuver"],"picked":"SKIP","floor":11},{"not_picked":["Accuracy","Slice","Dodge and Roll"],"picked":"SKIP","floor":12},{"not_picked":["Bullet Time","Envenom"],"picked":"Malaise","floor":16},{"not_picked":["Bane+1","Underhanded Strike","Deflect"],"picked":"SKIP","floor":18},{"not_picked":["Underhanded Strike","Doppelganger","Flying Knee"],"picked":"SKIP","floor":20},{"not_picked":["Blur","Expertise"],"picked":"Acrobatics+1","floor":22},{"not_picked":["Distraction+1","Setup"],"picked":"Reflex","floor":27},{"not_picked":["Wraith Form v2","Corpse Explosion"],"picked":"After Image","floor":33},{"not_picked":["Skewer","Prepared","Concentrate"],"picked":"SKIP","floor":35},{"not_picked":["Outmaneuver","Finisher","Dodge and Roll+1"],"picked":"SKIP","floor":36},{"not_picked":["Prepared","Acrobatics","Leg Sweep"],"picked":"SKIP","floor":38},{"not_picked":["Deflect","PiercingWail","Quick Slash+1"],"picked":"SKIP","floor":41},{"not_picked":["Predator","Eviscerate","PiercingWail"],"picked":"SKIP","floor":44},{"not_picked":["Bane","Dash+1","Dagger Spray+1"],"picked":"SKIP","floor":45},{"not_picked":["Flechettes","Envenom","Acrobatics"],"picked":"SKIP","floor":47},{"not_picked":["Dodge and Roll","Dagger Throw","Choke"],"picked":"SKIP","floor":48}],"player_experience":551501,"relics_obtained":[{"floor":9,"key":"Happy Flower"},{"floor":12,"key":"The Courier"},{"floor":26,"key":"WingedGreaves"},{"floor":43,"key":"Bronze Scales"},{"floor":44,"key":"Gremlin Horn"},{"floor":47,"key":"Nunchaku"}],"event_choices":[{"cards_removed":["Strike_G"],"damage_healed":0,"gold_gain":0,"player_choice":"Card Removal","damage_taken":7,"max_hp_gain":0,"max_hp_loss":0,"event_name":"Golden Wing","floor":2,"gold_loss":0},{"damage_healed":0,"gold_gain":0,"player_choice":"Entered Light","damage_taken":18,"max_hp_gain":0,"max_hp_loss":0,"event_name":"Shining Light","floor":7,"gold_loss":0,"cards_upgraded":["Strike_G","Reflex"]},{"damage_healed":0,"gold_gain":0,"cards_transformed":["Strike_G"],"player_choice":"Change","damage_taken":0,"max_hp_gain":0,"max_hp_loss":0,"event_name":"Living Wall","floor":14,"gold_loss":0,"cards_obtained":["Well Laid Plans"]},{"damage_healed":0,"gold_gain":0,"player_choice":"Ignored","damage_taken":0,"max_hp_gain":0,"max_hp_loss":0,"event_name":"The Mausoleum","floor":19,"gold_loss":0},{"cards_removed":["Strike_G"],"damage_healed":0,"gold_gain":0,"player_choice":"Elegance","damage_taken":0,"max_hp_gain":0,"max_hp_loss":0,"event_name":"Back to Basics","floor":21,"gold_loss":0},{"cards_removed":["Defend_G"],"damage_healed":0,"gold_gain":0,"player_choice":"Gave Gold","damage_taken":0,"max_hp_gain":0,"max_hp_loss":0,"event_name":"Beggar","floor":28,"gold_loss":75},{"damage_healed":0,"gold_gain":0,"player_choice":"Ignored","damage_taken":0,"max_hp_gain":0,"max_hp_loss":0,"event_name":"Vampires","floor":31,"gold_loss":0},{"damage_healed":0,"gold_gain":0,"player_choice":"Ignored","damage_taken":0,"max_hp_gain":0,"max_hp_loss":0,"event_name":"SecretPortal","floor":39,"gold_loss":0}],"is_beta":false,"boss_relics":[{"not_picked":["Philosopher\u0027s Stone","Calling Bell"],"picked":"HoveringKite"},{"not_picked":["Pandora\u0027s Box","Snecko Eye"],"picked":"Fusion Hammer"}],"items_purged_floors":[10,24,37],"is_endless":false,"potions_floor_spawned":[3,4,12,16,22,27,38,41,45,47,48],"ascension_level":20}}