{"host":"51fyd6gkml7xavq8","time":1609368874,"event":{"mods":["BaseMod","BetterRewards","Colored Map","Energized Spire","Infinite Spire","Minty Spire (QoL Compilation)","Replay The Spire","Shop Mod","Spicy Shops","StSLib","The Blue Laboratory","[IsaacMod]????"],"gold_per_floor":[114,30,30,50,119,119,69,69,69,6,6,34,84,108,108,213,213,235,235,260,400,325,348,348,374,401,401,401,456,456],"floor_reached":29,"playtime":1002,"items_purged":["Dualcast","Strike_B","Strike_B","infinitespire:Pacifist","Delirium"],"score":252,"play_id":"27b39283-8bc6-42e4-a367-d1d610bdad4e","local_time":"20201230195434","is_ascension_mode":true,"campfire_choices":[{"data":"Zap","floor":6,"key":"SMITH"},{"data":"Defragment","floor":8,"key":"SMITH"},{"data":"Ball Lightning","floor":11,"key":"SMITH"},{"data":"Ball Lightning","floor":15,"key":"SMITH"},{"data":"EpicFetus","floor":24,"key":"SMITH"},{"data":"BettingIsNotGood","floor":27,"key":"SMITH"}],"circlet_count":0,"master_deck":["Strike_B","Strike_B","Defend_B","Defend_B","Defend_B","Defend_B","Zap+1","BettingIsNotGood+1","Ball Lightning+1","Defragment+1","Ball Lightning+1","Echo Form","ReplayTheSpireMod:Faulty Equipment","EpicFetus+1","ReplayTheSpireMod:Faulty Equipment"],"relics":["Cracked Core","HushsDoor","SteamSale","MerchantsRug","TheBean","Pondfish Scales","ReplayTheSpireMod:Shallot","Ring of Greed","ReplayTheSpireMod:Ring of Addiction","Replay:Bandana","Membership Card","Toy Ornithopter","Chameleon Ring","infinitespire:Cupcake","MutagenicStrength","Strange Spoon","Counterbalance","Replay:Mystery Machine","BFFS","BelialBook","ReplayTheSpireMod:Ninjato","SalivaCoin"],"acts_visited":["Exordium","TheCity"],"potions_floor_usage":[],"damage_taken":[{"damage":11,"enemies":"Jaw Worm","floor":1,"turns":4},{"damage":0,"enemies":"2 Louse","floor":4,"turns":1},{"damage":8,"enemies":"Gremlin Nob","floor":12,"turns":3},{"damage":0,"enemies":"Cultist","floor":14,"turns":3},{"damage":44,"enemies":"The Guardian","floor":16,"turns":8},{"damage":0,"enemies":"Chosen","floor":18,"turns":3},{"damage":21,"enemies":"3 Byrds","floor":20,"turns":4},{"damage":3,"enemies":"Snecko","floor":23,"turns":3},{"damage":11,"enemies":"Cultist and Chosen","floor":25,"turns":3},{"damage":49,"enemies":"Book of Stabbing","floor":29,"turns":4}],"seed_played":"-3186217054650485970","potions_obtained":[{"floor":1,"key":"blueLaboratory:CorrosionFlask"},{"floor":4,"key":"Languid Potion"},{"floor":12,"key":"Strength Potion"},{"floor":13,"key":"blueLaboratory:TrueEctoplasm"},{"floor":13,"key":"Strength Potion"},{"floor":13,"key":"Swift Potion"}],"is_trial":false,"path_per_floor":["M","$","?","M","?","R","$","R","T","$","R","E","?","M","R","B",null,"M","?","M","$","?","M","R","M","T","R","?","E"],"character_chosen":"DEFECT","items_purchased":["MerchantsRug","TheBean","EssenceOfDarkness","blueLaboratory:PolymorphPotion","blueLaboratory:BubblePotion","Strength Potion","EpicFetus","Strange Spoon","Counterbalance","Replay:Mystery Machine","BFFS","BelialBook","ReplayTheSpireMod:Ninjato"],"campfire_rested":0,"item_purchase_floors":[0,2,21,21,21,21,21,21,21,21,21,21,21],"current_hp_per_floor":[64,64,64,64,49,49,49,49,49,49,49,41,41,46,46,7,73,73,73,50,50,50,47,47,36,36,36,36,0,0],"gold":456,"neow_bonus":"","is_daily":false,"chose_seed":false,"campfire_upgraded":6,"win_rate":0.0,"timestamp":1609368874,"path_taken":["M","$","?","M","?","R","$","R","T","$","R","E","?","M","R","BOSS","M","?","M","$","?","?","R","M","T","R","?","E"],"items_purchased_type":["Relic","Relic","Potion","Potion","Potion","Potion","Card","Relic","Relic","Relic","Relic","Relic","Relic"],"build_version":"2020-12-22","purchased_purges":5,"victory":false,"max_hp_per_floor":[75,75,75,75,75,75,75,75,75,75,75,75,75,75,75,75,73,73,73,71,71,71,69,69,69,67,67,67,65,65],"card_choices":[{"not_picked":[],"picked":"BettingIsNotGood","floor":0},{"not_picked":["Skim","Redo"],"picked":"Ball Lightning","floor":1},{"not_picked":["Rebound","Leap"],"picked":"Defragment","floor":4},{"not_picked":["Barrage","Steam"],"picked":"Ball Lightning","floor":12},{"not_picked":["Compile Driver","Turbo","Glacier"],"picked":"SKIP","floor":14},{"not_picked":["Mirror Shield","Seek"],"picked":"Echo Form","floor":16},{"not_picked":["Pulse","Panic Button","Stack"],"picked":"SKIP","floor":18},{"not_picked":["Sunder","Steam Power","Chill"],"picked":"SKIP","floor":20},{"not_picked":["Beam Cell","Compile Driver","Machine Learning"],"picked":"SKIP","floor":23},{"not_picked":["Ball Lightning","BasicCrystalCard","Conserve Battery+1"],"picked":"SKIP","floor":25}],"player_experience":435157,"relics_obtained":[{"floor":9,"key":"Pondfish Scales"},{"floor":12,"key":"ReplayTheSpireMod:Shallot"},{"floor":13,"key":"Ring of Greed"},{"floor":13,"key":"ReplayTheSpireMod:Ring of Addiction"},{"floor":13,"key":"Replay:Bandana"},{"floor":13,"key":"Membership Card"},{"floor":13,"key":"Toy Ornithopter"},{"floor":13,"key":"Chameleon Ring"},{"floor":26,"key":"SalivaCoin"}],"event_choices":[{"damage_healed":0,"gold_gain":0,"player_choice":"Inject Mutagens","damage_taken":0,"relics_obtained":["MutagenicStrength"],"max_hp_gain":0,"max_hp_loss":0,"event_name":"Drug Dealer","floor":19,"gold_loss":0},{"cards_removed":["Normality"],"damage_healed":0,"gold_gain":0,"player_choice":"Gave Gold","damage_taken":0,"max_hp_gain":0,"max_hp_loss":0,"event_name":"Beggar","floor":22,"gold_loss":75},{"damage_healed":0,"gold_gain":0,"player_choice":"Ignored","damage_taken":0,"max_hp_gain":0,"max_hp_loss":0,"event_name":"Vampires","floor":28,"gold_loss":0}],"is_beta":false,"boss_relics":[{"not_picked":["energizedSpire:OldTV","MagicMushroom"],"picked":"infinitespire:Cupcake"},{"not_picked":[]}],"items_purged_floors":[2,7,10,21,21],"is_endless":false,"potions_floor_spawned":[1,4,12,20],"killed_by":"Book of Stabbing","ascension_level":3}}