{"host":"am0cr9xwekqmrere","time":1609312801,"event":{"mods":["AchievementEnabler","Act Like it!","BaseMod","Better Altar","Better Match","Better Note","Better Sensory Stone","Better Skull","Better Third Choice","BetterRewards","Conspire","Hubris","Infinite Spire","Minty Spire (QoL Compilation)","Rare Cards Sparkle","Spicy Shops","StSLib","The Marked","Unceasing Turn Reminder"],"gold_per_floor":[111,111,386,401,11,45,45,80,135,151,164,164,183,183,183,284,284,303,320,320,92,92,92,109,109,109,42,57,57,82,93,93,93,93],"floor_reached":33,"playtime":1313,"items_purged":["Regret","Decay"],"score":375,"play_id":"46282cba-8126-44e0-b4ed-0dac1a71c991","local_time":"20201230012001","is_ascension_mode":false,"campfire_choices":[{"floor":7,"key":"REST"},{"floor":12,"key":"REST"},{"data":"theMarked:EmpowerWeapon","floor":15,"key":"SMITH"},{"data":"infinitespire:Fortify","floor":23,"key":"SMITH"},{"floor":25,"key":"REST"},{"floor":32,"key":"REST"}],"circlet_count":0,"master_deck":["theMarked:Strike","theMarked:Strike","theMarked:Strike","theMarked:Strike","theMarked:Strike","theMarked:Defend","theMarked:Defend","theMarked:Defend","theMarked:Defend","theMarked:SoldierOfQuellstein","theMarked:HeritageOfTheMarked","theMarked:EmpowerWeapon+1","theMarked:ResourceFulStrike","infinitespire:Fortify+1","theMarked:RogueSparks","theMarked:EternalStudent","theMarked:Frustration","theMarked:TwofoldDefense","theMarked:EnhancedHearing","theMarked:PowerFlow","theMarked:SummonStrength","theMarked:WardOff","theMarked:EmpowerWeapon","theMarked:TurnInvisible","theMarked:BanishingStrike","theMarked:EnhancedHearing+1","theMarked:Aftermath+1","theMarked:WardOff+1"],"relics":["theMarked:ArtifactOfAir","Toolbox","Shuriken","Toy Ornithopter","Bottled Lightning","Centennial Puzzle","infinitespire:Blanks Blanky","Cursed Key","PreservedInsect","Frozen Egg 2","conspire:BottledYoYo"],"acts_visited":["Exordium","TheCity"],"potions_floor_usage":[10,16,28,31,33],"damage_taken":[{"damage":0,"enemies":"conspire:RoseBush","floor":1,"turns":3},{"damage":9,"enemies":"Small Slimes","floor":4,"turns":4},{"damage":28,"enemies":"Lagavulin","floor":6,"turns":7},{"damage":27,"enemies":"3 Sentries","floor":8,"turns":8},{"damage":13,"enemies":"infinitespire:Voidling","floor":10,"turns":3},{"damage":6,"enemies":"Lots of Slimes","floor":11,"turns":4},{"damage":3,"enemies":"Gremlin Gang","floor":13,"turns":5},{"damage":33,"enemies":"The Guardian","floor":16,"turns":6},{"damage":0,"enemies":"Shell Parasite","floor":18,"turns":5},{"damage":20,"enemies":"Chosen","floor":19,"turns":5},{"damage":5,"enemies":"Snecko","floor":24,"turns":5},{"damage":17,"enemies":"Shelled Parasite and Fungi","floor":28,"turns":5},{"damage":35,"enemies":"Gremlin Leader","floor":30,"turns":4},{"damage":13,"enemies":"Centurion and Healer","floor":31,"turns":6},{"damage":71,"enemies":"Collector","floor":33,"turns":7}],"seed_played":"8797028390415952448","potions_obtained":[{"floor":1,"key":"FairyPotion"},{"floor":8,"key":"FearPotion"},{"floor":10,"key":"PowerPotion"},{"floor":19,"key":"ColorlessPotion"},{"floor":30,"key":"SteroidPotion"},{"floor":31,"key":"PowerPotion"}],"is_trial":false,"path_per_floor":["M","?","?","M","$","E","R","E","T","M","M","R","M","?","R","B",null,"M","M","?","$","?","R","M","R","T","$","M","AVR","E","M","R","B"],"character_chosen":"THE_DEFAULT","items_purchased":["theMarked:HeritageOfTheMarked","Toolbox","theMarked:EmpowerWeapon","Shuriken","Toy Ornithopter","PreservedInsect","theMarked:EnhancedHearing+1"],"campfire_rested":4,"item_purchase_floors":[0,0,0,5,5,21,27],"current_hp_per_floor":[63,46,46,37,37,9,30,3,3,38,32,68,65,65,65,37,70,70,50,50,50,50,50,45,70,70,70,53,53,18,10,70,0,0],"gold":93,"neow_bonus":"","is_daily":false,"chose_seed":false,"campfire_upgraded":2,"win_rate":0.0,"timestamp":1609312801,"path_taken":["M","?","?","?","$","E","R","E","T","?","M","R","?","?","R","BOSS","M","M","?","$","?","R","M","R","T","?","M","AVR","E","?","R","BOSS"],"items_purchased_type":["Card","Relic","Card","Relic","Relic","Relic","Card"],"build_version":"2020-12-22","purchased_purges":2,"victory":false,"max_hp_per_floor":[70,70,70,70,70,70,70,70,70,70,70,70,70,70,70,70,70,70,70,70,70,70,70,70,70,70,70,70,70,70,70,70,70,70],"card_choices":[{"not_picked":["theMarked:Parkour","theMarked:GodGivenPower"],"picked":"theMarked:ResourceFulStrike","floor":1},{"not_picked":["infinitespire:Oblivion","infinitespire:FutureSight"],"picked":"infinitespire:Fortify","floor":2},{"not_picked":["theMarked:Parkour","theMarked:RepellingDischarge"],"picked":"theMarked:RogueSparks","floor":4},{"not_picked":["theMarked:Parkour","theMarked:EmpowerWeapon"],"picked":"theMarked:EternalStudent","floor":6},{"not_picked":["theMarked:Static","theMarked:PowerFlow"],"picked":"theMarked:Frustration","floor":8},{"not_picked":["theMarked:ShockingTouch","theMarked:Indomitable"],"picked":"theMarked:TwofoldDefense","floor":10},{"not_picked":["theMarked:Parkour","theMarked:Aftermath"],"picked":"theMarked:EnhancedHearing","floor":11},{"not_picked":["theMarked:TwofoldDefense","theMarked:Improvise"],"picked":"theMarked:PowerFlow","floor":13},{"not_picked":["theMarked:ThrowWeapon","theMarked:ChannelForce"],"picked":"theMarked:SummonStrength","floor":16},{"not_picked":["theMarked:ElectricStrings","theMarked:RepellingDischarge"],"picked":"theMarked:WardOff","floor":18},{"not_picked":["theMarked:WastefulAttack","theMarked:Frustration"],"picked":"theMarked:EmpowerWeapon","floor":19},{"not_picked":["theMarked:ResourceFulStrike+1","theMarked:RepellingDischarge"],"picked":"theMarked:BanishingStrike","floor":24},{"not_picked":["theMarked:LightningStrikesTwice","theMarked:Parkour"],"picked":"theMarked:Aftermath+1","floor":28},{"not_picked":["theMarked:ResourceFulStrike","theMarked:WardOff+1","theMarked:Polarize+1"],"picked":"SKIP","floor":30},{"not_picked":["theMarked:ResourceFulStrike","theMarked:Frustration"],"picked":"theMarked:WardOff+1","floor":31}],"player_experience":2538647,"relics_obtained":[{"floor":6,"key":"Bottled Lightning"},{"floor":8,"key":"Centennial Puzzle"},{"floor":9,"key":"Regal Pillow"},{"floor":26,"key":"Frozen Egg 2"},{"floor":30,"key":"conspire:BottledYoYo"}],"event_choices":[{"damage_healed":0,"gold_gain":275,"player_choice":"Desecrate","damage_taken":0,"max_hp_gain":0,"max_hp_loss":0,"event_name":"Golden Shrine","floor":3,"gold_loss":0,"cards_obtained":["Regret"]},{"cards_removed":["theMarked:EternalStudent"],"damage_healed":0,"gold_gain":0,"player_choice":"Take \u0026 Give","damage_taken":0,"max_hp_gain":0,"max_hp_loss":0,"event_name":"betterNote:BetterNote","floor":20,"gold_loss":0,"cards_obtained":["theMarked:TurnInvisible"]},{"damage_healed":0,"gold_gain":0,"player_choice":"Ignored","damage_taken":0,"max_hp_gain":0,"max_hp_loss":0,"event_name":"Vampires","floor":22,"gold_loss":0}],"is_beta":false,"boss_relics":[{"not_picked":["conspire:RunicOctahedron","Snecko Eye"],"picked":"Cursed Key"}],"items_purged_floors":[21,29],"is_endless":false,"potions_floor_spawned":[1,8,10,19,30,31],"killed_by":"Collector","ascension_level":0}}