{"host":"ilrepnd391jk07a9","time":1609306076,"event":{"mods":["Aspiration","BaseMod","Better Altar","Better Note","Better Skull","Better Third Choice","BetterRewards","Colored Powertips","DeckTracker","Defuse TimeMaze Blight","Downfall","GifTheSpireLib","Gremlin Skip","Halation","Highlight Path","Hubris","Minty Spire (QoL Compilation)","Quick Restart","Relic Stats","Replay The Spire","StSLib","Stuff the Spire","everything is the same but u backflip on backflip","vexMod"],"gold_per_floor":[99,117,127,127,146,174,200,200,233,248,248,262,23,49,65,161,161,161,175,15,27,40,74,151,76,135,147,147,172,186,212,222,319,319,244,264,281,141,159,159,231,261,261,271,284,315,240,289,303,303],"floor_reached":51,"playtime":7069,"items_purged":["Guardian:Strike_Guardian","Guardian:Defend_Guardian","Guardian:TwinSlam+1"],"score":1173,"play_id":"3fcfdb53-fdb3-46bf-844c-39fe27604dff","local_time":"20201230182756","is_ascension_mode":true,"campfire_choices":[{"data":"Guardian:TwinSlam","floor":1.0,"key":"SMITH"},{"data":"Guardian:DecasProtection","floor":8.0,"key":"SMITH"},{"data":"Guardian:Harden","floor":11.0,"key":"SMITH"},{"data":"Guardian:CurlUp","floor":18.0,"key":"SMITH"},{"data":"Guardian:Emergency","floor":25.0,"key":"SMITH"},{"data":"Guardian:DecasProtection","floor":28.0,"key":"SMITH"},{"data":"Guardian:ExploitGems","floor":35.0,"key":"SMITH"},{"floor":43,"key":"RECALL"},{"floor":47,"key":"REST"}],"circlet_count":0,"master_deck":["Guardian:Defend_Guardian","Guardian:Defend_Guardian","Guardian:CurlUp+1","Guardian:Preprogram","Guardian:Recover","Guardian:ChargeCore","Guardian:DecasProtection+1","Guardian:StasisField","Guardian:Harden+1","Guardian:ChargeUp","Guardian:FuturePlans","Guardian:FloatingOrbs","Guardian:SpikerProtocol+1","Guardian:SphericShield","Guardian:SphericShield+1","Guardian:ShieldSpikes+1","Guardian:DecasProtection+1","Guardian:Emergency+1","Guardian:ExploitGems+1","Guardian:Clone+1","Guardian:TimeCapacitor+1"],"relics":["SlaversCollar","Toy Ornithopter","Boot","Oddly Smooth Stone","Quantum Egg","halation:Pancakes","Tiny Chest","halation:OrihimeAndHikoboshiSamaAndTears","Astrolabe","Question Card","downfall:HeartBlessingBlue","Replay:Bottled Eggs","Art of War","StuffTheSpire:Rhapsscallions","halation:SmartPhone","downfall:HeartBlessingGreen","halation:SelfBoilingWater","ReplayTheSpireMod:TigerMarble","Dream Catcher","downfall:HeartBlessingRed","Bag of Marbles"],"acts_visited":["Exordium","TheCity","TheBeyond"],"potions_floor_usage":[44,49],"damage_taken":[{"damage":3.0,"enemies":"Small Slimes","floor":2.0,"turns":3.0},{"damage":0.0,"enemies":"Cultist","floor":3.0,"turns":4.0},{"damage":0.0,"enemies":"2 Louse","floor":5.0,"turns":1.0},{"damage":9.0,"enemies":"Lagavulin","floor":6.0,"turns":6.0},{"damage":0.0,"enemies":"3 Sentries","floor":9.0,"turns":8.0},{"damage":0.0,"enemies":"Red Slaver","floor":10.0,"turns":4.0},{"damage":4.0,"enemies":"Large Slime","floor":12.0,"turns":7.0},{"damage":0.0,"enemies":"downfall:FleeingMerchant","floor":13.0,"turns":4.0},{"damage":3.0,"enemies":"Replay:BlueRogue","floor":14.0,"turns":7.0},{"damage":0.0,"enemies":"Exordium Wildlife","floor":15.0,"turns":5.0},{"damage":0.0,"enemies":"downfall:Watcher","floor":16.0,"turns":7.0},{"damage":0.0,"enemies":"3 Byrds","floor":19.0,"turns":2.0},{"damage":0.0,"enemies":"downfall:FleeingMerchant","floor":20.0,"turns":4.0},{"damage":2.0,"enemies":"Shelled Parasite and Fungi","floor":21.0,"turns":6.0},{"damage":1.0,"enemies":"Snake Plant","floor":22.0,"turns":5.0},{"damage":13.0,"enemies":"Slavers","floor":23.0,"turns":5.0},{"damage":7.0,"enemies":"Centurion and Healer","floor":27.0,"turns":9.0},{"damage":6.0,"enemies":"Replay:Snechameleon","floor":29.0,"turns":7.0},{"damage":0.0,"enemies":"Shelled Parasite and Fungi","floor":30.0,"turns":5.0},{"damage":11.0,"enemies":"Slavers","floor":31.0,"turns":5.0},{"damage":0.0,"enemies":"Cultist and Chosen","floor":32.0,"turns":9.0},{"damage":0.0,"enemies":"downfall:Defect","floor":33.0,"turns":9.0},{"damage":2.0,"enemies":"Orb Walker","floor":36.0,"turns":5.0},{"damage":4.0,"enemies":"3 Darklings","floor":37.0,"turns":6.0},{"damage":0.0,"enemies":"downfall:FleeingMerchant","floor":38.0,"turns":4.0},{"damage":31,"enemies":"Transient","floor":39,"turns":5},{"damage":0,"enemies":"Giant Head","floor":42,"turns":16},{"damage":43,"enemies":"4 Shapes","floor":44,"turns":9},{"damage":3,"enemies":"Sphere and 2 Shapes","floor":45,"turns":6},{"damage":0,"enemies":"Nemesis","floor":46,"turns":8},{"damage":0,"enemies":"Jaw Worm Horde","floor":49,"turns":3},{"damage":0,"enemies":"downfall:Ironclad","floor":50,"turns":16}],"seed_played":"-736159340602606984","potions_obtained":[{"floor":5.0,"key":"Venom Potion"},{"floor":10.0,"key":"Weak Potion"},{"floor":14.0,"key":"Block Potion"},{"floor":16.0,"key":"AttackPotion"},{"floor":22.0,"key":"Adrenaline Potion"},{"floor":23.0,"key":"Dexterity Potion"},{"floor":27.0,"key":"Dexterity Potion"},{"floor":29.0,"key":"Guardian:BlockOnCardUsePotion"},{"floor":36.0,"key":"BlessingOfTheForge"},{"floor":39,"key":"Regen Potion"},{"floor":44,"key":"Guardian:AcceleratePotion"},{"floor":45,"key":"DuplicationPotion"},{"floor":49,"key":"Elixir"}],"is_trial":false,"path_per_floor":["R","M","M","?","M","E","T","R","E","M","R","M","$","E","M","B",null,"R","M","$","M","M","E","T","R","?","M","R","E","M","E","M","B",null,"R","M","M","?","M","HB","T","E","R","M","M","E","R","T","M","B",null],"character_chosen":"GUARDIAN","items_purchased":["Guardian:Gem_Blue","Guardian:FuturePlans","Guardian:Gem_Green"],"campfire_rested":1,"item_purchase_floors":[13,13,20],"current_hp_per_floor":[80,77,77,16,16,7,61,61,61,61,61,57,57,54,54,54,80,80,80,80,78,77,64,64,74,38,41,41,35,35,26,26,36,92,92,90,86,86,55,46,46,46,46,23,20,20,33,33,38,38],"gold":303,"neow_bonus":"BOSS_RELIC","is_daily":false,"chose_seed":false,"campfire_upgraded":7,"win_rate":0.0,"timestamp":1609306076,"path_taken":["R","M","M","?","?","E","T","R","E","M","R","M","$","E","M","BOSS","R","M","$","M","?","E","T","R","?","M","R","E","M","E","M","BOSS","R","M","M","?","M","HB","T","E","R","M","M","E","R","?","M","BOSS"],"items_purchased_type":["Card","Card","Card"],"build_version":"2020-12-22","purchased_purges":3,"victory":true,"max_hp_per_floor":[80,80,80,80,80,80,80,80,80,80,80,80,80,80,80,80,80,80,80,80,80,80,80,80,90,90,90,90,90,90,92,92,92,92,92,92,92,92,92,46,46,46,46,46,46,46,46,46,46,46],"relic_stats":{"Dream Catcher":1,"counters":[32,200],"Astrolabe":["Guardian:SphericShield","Guardian:ShieldSpikes","Guardian:Gem_Crimson"],"Tiny Chest":1,"Art of War":[30],"Boot":[178],"Question Card":17,"obtain_stats":[{"halation:SmartPhone":34,"halation:OrihimeAndHikoboshiSamaAndTears":14,"downfall:HeartBlessingRed":47,"StuffTheSpire:Rhapsscallions":31,"Quantum Egg":6,"Astrolabe":17,"Guardian:ModeShifter":0,"Oddly Smooth Stone":4,"downfall:HeartBlessingGreen":35,"Boot":4,"Question Card":23,"halation:SelfBoilingWater":41,"halation:Pancakes":7,"SlaversCollar":0,"Dream Catcher":46,"downfall:HeartBlessingBlue":25,"Tiny Chest":9,"Art of War":29,"ReplayTheSpireMod:TigerMarble":42,"Bag of Marbles":48,"Replay:Bottled Eggs":26,"Toy Ornithopter":4},{"halation:SmartPhone":22,"halation:OrihimeAndHikoboshiSamaAndTears":9,"downfall:HeartBlessingRed":30,"StuffTheSpire:Rhapsscallions":20,"Quantum Egg":4,"Astrolabe":11,"Guardian:ModeShifter":0,"Oddly Smooth Stone":2,"downfall:HeartBlessingGreen":22,"Boot":2,"Question Card":16,"halation:SelfBoilingWater":26,"halation:Pancakes":4,"SlaversCollar":0,"Dream Catcher":30,"downfall:HeartBlessingBlue":16,"Tiny Chest":5,"Art of War":18,"ReplayTheSpireMod:TigerMarble":27,"Bag of Marbles":30,"Replay:Bottled Eggs":16,"Toy Ornithopter":2},{"halation:SmartPhone":122,"halation:OrihimeAndHikoboshiSamaAndTears":44,"downfall:HeartBlessingRed":181,"StuffTheSpire:Rhapsscallions":104,"Quantum Egg":14,"Astrolabe":56,"Guardian:ModeShifter":0,"Oddly Smooth Stone":7,"downfall:HeartBlessingGreen":122,"Boot":7,"Question Card":78,"halation:SelfBoilingWater":142,"halation:Pancakes":14,"SlaversCollar":0,"Dream Catcher":181,"downfall:HeartBlessingBlue":78,"Tiny Chest":22,"Art of War":94,"ReplayTheSpireMod:TigerMarble":158,"Bag of Marbles":181,"Replay:Bottled Eggs":78,"Toy Ornithopter":7}],"Toy Ornithopter":30},"card_choices":[{"not_picked":["Guardian:TemporalStrike","Guardian:FuturePlans"],"picked":"Guardian:Preprogram","floor":2.0},{"not_picked":["Guardian:Incinerate","Guardian:VentSteam"],"picked":"Guardian:Recover","floor":3.0},{"not_picked":["Guardian:CrystalBeam","Guardian:RollAttack"],"picked":"Guardian:ChargeCore","floor":5.0},{"not_picked":["Guardian:VentSteam","Guardian:PiercingHide"],"picked":"Guardian:DecasProtection","floor":6.0},{"not_picked":["Guardian:Gem_White","Guardian:PiercingHide"],"picked":"Guardian:StasisField","floor":9.0},{"not_picked":["Guardian:PiercingHide","Guardian:WalkerClaw"],"picked":"Guardian:Harden","floor":10.0},{"not_picked":["Guardian:RollAttack","Guardian:PiercingHide"],"picked":"Guardian:Gem_Cyan","floor":12.0},{"not_picked":["Guardian:Planning","Guardian:Harden"],"picked":"Guardian:ChargeUp","floor":13.0},{"not_picked":["Guardian:Gem_Green","Guardian:Preprogram"],"picked":"Guardian:FloatingOrbs","floor":14.0},{"not_picked":["Guardian:Recover","Guardian:TemporalStrike"],"picked":"Guardian:SpikerProtocol","floor":15.0},{"not_picked":["Guardian:StasisField","Guardian:FastForward"],"picked":"Guardian:SphericShield","floor":16.0},{"not_picked":["Guardian:Incinerate","Guardian:VentSteam"],"picked":"Guardian:DecasProtection","floor":19.0},{"not_picked":["Guardian:WalkerClaw","Guardian:Gem_Red"],"picked":"Guardian:Emergency","floor":20.0},{"not_picked":["Guardian:Reroute+1","Guardian:ShieldCharger","Guardian:Gem_Red"],"picked":"SKIP","floor":21.0},{"not_picked":["Guardian:ArmoredProtocol","Guardian:CrystalBeam+1","Guardian:Planning"],"picked":"SKIP","floor":22.0},{"not_picked":["Guardian:ArmoredProtocol","Guardian:ChargeUp","Guardian:CrystalBeam"],"picked":"SKIP","floor":23.0},{"not_picked":["Guardian:ChargeCore","Guardian:PrimingBeam","Guardian:Orbwalk+1"],"picked":"Guardian:Gem_Cyan","floor":26.0},{"not_picked":["Guardian:VentSteam+1","Guardian:Gem_Green","Guardian:WalkerClaw","Guardian:Repulse"],"picked":"SKIP","floor":27.0},{"not_picked":["Guardian:VentSteam","Guardian:TimeBomb","Guardian:GuardianWhirl+1"],"picked":"Guardian:Gem_Lightblue","floor":29.0},{"not_picked":["Guardian:Harden","Guardian:ArmoredProtocol","Guardian:ShieldSpikes"],"picked":"Guardian:ExploitGems","floor":30.0},{"not_picked":["Guardian:Recover","Guardian:RollAttack","Guardian:TemporalStrike+1"],"picked":"Guardian:Gem_Green","floor":31.0},{"not_picked":["Guardian:RefractedBeam","Guardian:Planning","Guardian:ArmoredProtocol+1"],"picked":"Guardian:Clone+1","floor":32.0},{"not_picked":["Guardian:GemFinder","Guardian:AncientConstruct","Guardian:ConstructionForm"],"picked":"Guardian:Gem_Orange","floor":33.0},{"not_picked":["Guardian:Recover+1","Guardian:RollAttack","Guardian:CrystalBeam"],"picked":"Guardian:TimeCapacitor+1","floor":36.0},{"not_picked":["Guardian:TimeBomb","Guardian:CrystalBeam","Guardian:ShieldSpikes","Guardian:RollAttack+1"],"picked":"SKIP","floor":37.0},{"not_picked":["Guardian:RefractedBeam","Guardian:Gem_Green","Guardian:BronzeArmor+1","Guardian:GuardianWhirl+1"],"picked":"SKIP","floor":38.0},{"not_picked":["Guardian:TemporalShield+1","Guardian:VentSteam+1","Guardian:ChargeCore","Guardian:WalkerClaw"],"picked":"SKIP","floor":39},{"not_picked":["Guardian:Gem_Green","Guardian:VentSteam","Guardian:DonusPower+1","Guardian:StasisStrike"],"picked":"SKIP","floor":42},{"not_picked":["Guardian:EvasiveProtocol+1","Guardian:Clone+1","Guardian:TemporalStrike","Guardian:DecasProtection"],"picked":"SKIP","floor":44},{"not_picked":["Guardian:Gem_Green","Guardian:Reroute","Guardian:WalkerClaw+1","Guardian:Suspension"],"picked":"SKIP","floor":45},{"not_picked":["Guardian:FloatingOrbs","Guardian:Emergency+1","Guardian:ChargeCore+1","Guardian:Gem_Blue"],"picked":"SKIP","floor":46},{"not_picked":["Guardian:PrismaticBarrier","Guardian:ChargeUp","Guardian:FuturePlans","Guardian:CrystalBeam"],"picked":"SKIP","floor":49}],"player_experience":830352,"relics_obtained":[{"floor":6.0,"key":"Quantum Egg"},{"floor":7.0,"key":"halation:Pancakes"},{"floor":9.0,"key":"Tiny Chest"},{"floor":14.0,"key":"halation:OrihimeAndHikoboshiSamaAndTears"},{"floor":23.0,"key":"Question Card"},{"floor":26.0,"key":"Replay:Bottled Eggs"},{"floor":29.0,"key":"Art of War"},{"floor":31.0,"key":"StuffTheSpire:Rhapsscallions"},{"floor":41,"key":"halation:SelfBoilingWater"},{"floor":42,"key":"ReplayTheSpireMod:TigerMarble"},{"floor":46,"key":"Dream Catcher"},{"floor":48,"key":"Bag of Marbles"}],"event_choices":[{"damage_healed":0.0,"max_hp_gain":0.0,"max_hp_loss":0.0,"gold_gain":0.0,"event_name":"betterSkull:BetterSkull","player_choice":"RE RE RE ","floor":4.0,"gold_loss":0.0,"damage_taken":67.0,"cards_upgraded":[],"relics_obtained":["Toy Ornithopter","Boot","Oddly Smooth Stone"]}],"is_beta":false,"boss_relics":[{"not_picked":["Honey Jar","aspiration:FutureDiary"],"picked":"Astrolabe"},{"not_picked":["halation:HeavySnake","Fusion Hammer"],"picked":"halation:SmartPhone"}],"items_purged_floors":[13,20,38],"is_endless":false,"potions_floor_spawned":[5,10,14,16,22,23,27,29,30,36,39,44,45,46,49],"ascension_level":2}}