{"host":"raai0vtvcfkt8csp","time":1609307458,"event":{"mods":["2.2 Compatiblity","AchievementEnabler","BaseMod","Block Reminder","DeckTracker","Defective Defect","GifTheSpireLib","Minty Spire (QoL Compilation)","Quick Restart","Random Character Button","Rare Cards Sparkle","StSLib","Unceasing Turn Reminder"],"gold_per_floor":[16,116,126,144,154,189,189,219,219,237,248,248,279,297,297,392,392,403,417,428,428,441,441,470,470,470,470,470],"floor_reached":27,"playtime":1293,"items_purged":[],"score":295,"play_id":"84645247-20ed-4c98-abe0-d0ac4be3def0","local_time":"20201230065058","is_ascension_mode":true,"campfire_choices":[{"data":"Alpha","floor":7,"key":"SMITH"},{"floor":12,"key":"REST"},{"floor":15,"key":"REST"},{"floor":23,"key":"REST"},{"floor":25,"key":"RECALL"}],"circlet_count":0,"master_deck":["Strike_P","Strike_P","Strike_P","Strike_P","Defend_P","Defend_P","Defend_P","Defend_P","Eruption","Vigilance","FlyingSleeves","Wallop","Prostrate","DeceiveReality","Alpha+1","FlurryOfBlows","Prostrate","Worship","WheelKick","TalkToTheHand","DevaForm","Protect","Sanctity","LikeWater","Crescendo+1"],"relics":["PureWater","Unceasing Top","Ancient Tea Set","Blue Candle","TungstenRod","Philosopher\u0027s Stone","Mango","CloakClasp"],"acts_visited":["Exordium","TheCity"],"potions_floor_usage":[18,18,22,24,27,27],"damage_taken":[{"damage":0,"enemies":"2 Louse","floor":1,"turns":4},{"damage":1,"enemies":"Cultist","floor":3,"turns":3},{"damage":0,"enemies":"Small Slimes","floor":4,"turns":2},{"damage":3,"enemies":"Looter","floor":5,"turns":4},{"damage":8,"enemies":"3 Sentries","floor":6,"turns":12},{"damage":32,"enemies":"Gremlin Nob","floor":8,"turns":5},{"damage":0,"enemies":"3 Louse","floor":10,"turns":4},{"damage":4,"enemies":"Blue Slaver","floor":11,"turns":4},{"damage":10,"enemies":"Lagavulin","floor":13,"turns":6},{"damage":7,"enemies":"Exordium Wildlife","floor":14,"turns":4},{"damage":11,"enemies":"Hexaghost","floor":16,"turns":7},{"damage":6,"enemies":"3 Byrds","floor":18,"turns":4},{"damage":6,"enemies":"Shell Parasite","floor":19,"turns":6},{"damage":0,"enemies":"Snecko","floor":20,"turns":9},{"damage":8,"enemies":"3 Cultists","floor":22,"turns":4},{"damage":28,"enemies":"Gremlin Leader","floor":24,"turns":7},{"damage":53,"enemies":"Masked Bandits","floor":27,"turns":7}],"seed_played":"6329721920190883856","potions_obtained":[{"floor":4,"key":"LiquidBronze"},{"floor":8,"key":"StancePotion"},{"floor":10,"key":"Dexterity Potion"},{"floor":18,"key":"Explosive Potion"},{"floor":20,"key":"Block Potion"},{"floor":24,"key":"ColorlessPotion"}],"is_trial":false,"path_per_floor":["M","?","M","M","M","E","R","E","T","M","M","R","E","M","R","B",null,"M","M","M","?","M","R","E","R","T","?"],"character_chosen":"WATCHER","items_purchased":[],"campfire_rested":3,"item_purchase_floors":[],"current_hp_per_floor":[72,72,71,71,68,60,60,28,28,28,24,45,35,28,49,38,72,66,60,60,48,40,63,49,49,49,0,0],"gold":470,"neow_bonus":"ONE_RARE_RELIC","is_daily":false,"chose_seed":false,"campfire_upgraded":1,"win_rate":0.0,"timestamp":1609307458,"path_taken":["M","?","M","M","M","E","R","E","T","M","M","R","E","M","R","BOSS","M","M","?","?","M","R","E","R","T","?"],"items_purchased_type":[],"build_version":"2020-12-22","purchased_purges":0,"victory":false,"max_hp_per_floor":[72,72,72,72,72,72,72,72,72,72,72,72,72,72,72,72,72,72,72,72,77,77,77,91,91,91,91,91],"card_choices":[{"not_picked":["Crescendo","Halt"],"picked":"FlyingSleeves","floor":1},{"not_picked":["CarveReality","Meditate"],"picked":"Wallop","floor":3},{"not_picked":["Consecrate","ReachHeaven"],"picked":"Prostrate","floor":4},{"not_picked":["Nirvana","Indignation"],"picked":"DeceiveReality","floor":5},{"not_picked":["WaveOfTheHand","Adaptation"],"picked":"Alpha","floor":6},{"not_picked":["FearNoEvil","SashWhip"],"picked":"FlurryOfBlows","floor":8},{"not_picked":["EmptyMind","JustLucky"],"picked":"Prostrate","floor":10},{"not_picked":["CrushJoints","Collect"],"picked":"Worship","floor":11},{"not_picked":["BattleHymn","PathToVictory"],"picked":"WheelKick","floor":13},{"not_picked":["EmptyFist","ThirdEye"],"picked":"TalkToTheHand","floor":14},{"not_picked":["DeusExMachina","Scrawl"],"picked":"DevaForm","floor":16},{"not_picked":["CutThroughFate","JustLucky+1"],"picked":"Protect","floor":18},{"not_picked":["EmptyMind","CutThroughFate"],"picked":"Sanctity","floor":19},{"not_picked":["Sanctity","ThirdEye"],"picked":"LikeWater","floor":20},{"not_picked":["BowlingBash","EmptyFist"],"picked":"Crescendo+1","floor":22},{"not_picked":["CarveReality+1","Blasphemy","Meditate"],"picked":"SKIP","floor":24}],"player_experience":516367,"relics_obtained":[{"floor":6,"key":"Ancient Tea Set"},{"floor":8,"key":"Blue Candle"},{"floor":13,"key":"TungstenRod"},{"floor":24,"key":"Mango"},{"floor":26,"key":"CloakClasp"}],"event_choices":[{"damage_healed":0,"gold_gain":100,"player_choice":"Gold","damage_taken":0,"max_hp_gain":0,"max_hp_loss":0,"event_name":"Wheel of Change","floor":2,"gold_loss":0},{"damage_healed":0,"gold_gain":0,"player_choice":"Shed Blood","damage_taken":18,"max_hp_gain":5,"max_hp_loss":0,"event_name":"Forgotten Altar","floor":21,"gold_loss":0},{"damage_healed":0,"gold_gain":0,"player_choice":"Fought Bandits","damage_taken":0,"max_hp_gain":0,"max_hp_loss":0,"event_name":"Masked Bandits","floor":27,"gold_loss":0}],"is_beta":false,"boss_relics":[{"not_picked":["Busted Crown","VioletLotus"],"picked":"Philosopher\u0027s Stone"}],"items_purged_floors":[],"is_endless":false,"potions_floor_spawned":[4,8,10,16,18,20,24],"killed_by":"Masked Bandits","ascension_level":1}}