{"host":"cgaibh95wzkurumv","time":1609291177,"event":{"mods":["BaseMod","Minty Spire (QoL Compilation)","Replay The Spire","StSLib","The Runesmith"],"gold_per_floor":[114,189,114,114,189,219,69,69,69,119,154,154,154,107,107,232,232,272,287,87,102,2,2,57,57,82,129,129,144,144,184,184,284,284,299,299,299,339,561,616,616,656,656,656,106,106,106,121,121,141],"floor_reached":51,"playtime":8618,"items_purged":["Strike_R","Strike_R"],"score":697,"play_id":"a901c5f2-9214-4dc9-ad32-bd8c9aa88c41","local_time":"20201229221937","daily_mods":["Allstar","Colorless Cards","Night Terrors"],"is_ascension_mode":false,"campfire_choices":[{"floor":8,"key":"REST"},{"data":"Armaments","floor":12,"key":"SMITH"},{"data":"Magnetism","floor":15,"key":"SMITH"},{"data":"Discovery","floor":23,"key":"SMITH"},{"data":"Disarm","floor":25,"key":"SMITH"},{"data":"Mayhem","floor":30,"key":"SMITH"},{"data":"Flame Barrier","floor":32,"key":"SMITH"},{"data":"Shrug It Off","floor":41,"key":"SMITH"},{"data":"Iron Wave","floor":44,"key":"SMITH"},{"data":"Madness","floor":49,"key":"SMITH"}],"circlet_count":0,"master_deck":["Strike_R","Strike_R","Defend_R+1","Defend_R+1","Defend_R+1","Defend_R+1","Bash","Survey Options+1","HandOfGreed+1","Discovery+1","Forethought","Magnetism+1","Iron Wave+1","Flame Barrier+1","Havoc","Armaments+1","Warcry","Mayhem+1","Headbutt","Replay:BasicMightCard+1","Shrug It Off+1","Disarm+1","Feed","Replay:Sssssssssshield+1","Double Tap+1","Reckless Charge+1","Madness+1","Madness"],"relics":["Black Blood","FossilizedHelix","ClockworkSouvenir","Ancient Tea Set","Art of War","Nunchaku","Garlic","Centennial Puzzle","Red Mask","Snecko Heart","War Paint","Mummified Hand","Replay:Bottled Eggs","ReplayTheSpireMod:Spearhead","Orrery"],"acts_visited":["Exordium","TheCity","TheBeyond"],"potions_floor_usage":[6,31,50],"damage_taken":[{"damage":13,"enemies":"Jaw Worm","floor":1,"turns":4},{"damage":23,"enemies":"Lagavulin","floor":6,"turns":8},{"damage":16,"enemies":"Gremlin Nob","floor":10,"turns":5},{"damage":0,"enemies":"2 Louse","floor":11,"turns":2},{"damage":39,"enemies":"Slime Boss","floor":16,"turns":17},{"damage":0,"enemies":"Chosen","floor":18,"turns":6},{"damage":3,"enemies":"Shell Parasite","floor":19,"turns":7},{"damage":11,"enemies":"Snake Plant","floor":21,"turns":4},{"damage":13,"enemies":"Replay:Snechameleon","floor":24,"turns":5},{"damage":23,"enemies":"Masked Bandits","floor":27,"turns":5},{"damage":0,"enemies":"Snecko","floor":29,"turns":6},{"damage":0,"enemies":"Centurion and Healer","floor":31,"turns":4},{"damage":65,"enemies":"Pondfish","floor":33,"turns":21},{"damage":11,"enemies":"3 Darklings","floor":35,"turns":6},{"damage":0,"enemies":"Orb Walker","floor":38,"turns":5},{"damage":32,"enemies":"Nemesis","floor":40,"turns":9},{"damage":6,"enemies":"4 Shapes","floor":42,"turns":9},{"damage":0,"enemies":"3 Darklings","floor":48,"turns":5},{"damage":30,"enemies":"Replay:Hell Engine","floor":50,"turns":15}],"seed_played":"6838610760785432018","potions_obtained":[{"floor":1,"key":"Adrenaline Potion"},{"floor":19,"key":"Adrenaline Potion"},{"floor":24,"key":"ColorlessPotion"},{"floor":27,"key":"Adrenaline Potion"},{"floor":33,"key":"BloodPotion"},{"floor":38,"key":"Milkshake"}],"is_trial":false,"path_per_floor":["M","?","$","?","?","E","$","R","T","E","M","R","?","$","R","B",null,"M","M","$","M","$","R","E","R","T","?","?","M","R","M","R","B",null,"M","?","?","M","?","E","R","M","T","R","$","?","?","M","R","B",null],"character_chosen":"IRONCLAD","items_purchased":["ClockworkSouvenir","Warcry","Nunchaku","Strength Potion","Replay:Bottled Eggs","ReplayTheSpireMod:Spearhead","Orrery"],"campfire_rested":1,"item_purchase_floors":[7,14,20,20,45,45,45],"current_hp_per_floor":[73,62,62,55,47,30,30,75,75,65,71,71,56,56,56,23,75,75,75,75,75,75,75,74,74,74,63,63,75,75,75,75,22,75,75,75,75,75,75,55,55,61,61,61,61,52,52,64,64,46],"gold":141,"neow_bonus":"","is_daily":true,"chose_seed":false,"campfire_upgraded":9,"win_rate":0.0,"timestamp":1609291177,"path_taken":["M","?","$","?","?","E","$","R","T","E","?","R","?","?","R","BOSS","M","?","$","M","?","R","E","R","T","?","?","M","R","?","R","BOSS","M","?","?","?","?","E","R","M","T","R","$","?","?","M","R","BOSS"],"items_purchased_type":["Relic","Card","Relic","Potion","Relic","Relic","Relic"],"build_version":"2020-12-22","purchased_purges":2,"victory":true,"max_hp_per_floor":[80,80,80,80,80,80,80,75,75,75,75,75,75,75,75,75,75,75,75,75,75,75,75,75,75,75,75,75,75,75,75,75,75,75,75,75,75,75,75,75,75,75,75,75,75,75,75,75,75,75],"card_choices":[{"not_picked":["Clothesline","Twin Strike"],"picked":"Iron Wave","floor":1},{"not_picked":["Poisoned Strike","Perfected Strike"],"picked":"Flame Barrier","floor":6},{"not_picked":["Trip","Combust"],"picked":"Havoc","floor":10},{"not_picked":["Shrug It Off","Heavy Blade"],"picked":"Armaments","floor":11},{"not_picked":["Apotheosis","Panache"],"picked":"Mayhem","floor":16},{"not_picked":["Battle Trance","Replay:Undeath\u0027s Touch+1"],"picked":"Headbutt","floor":18},{"not_picked":["Rage","Iron Wave"],"picked":"Replay:BasicMightCard+1","floor":19},{"not_picked":["Pommel Strike","Mind Blast"],"picked":"Shrug It Off","floor":21},{"not_picked":["Dual Wield","Good Instincts+1"],"picked":"Disarm","floor":24},{"not_picked":["Perfected Strike","Havoc","Feel No Pain"],"picked":"SKIP","floor":29},{"not_picked":["Whirlwind","ReplayTheSpireMod:Private Reserves+1","ReplayTheSpireMod:Uncanny Aura+1"],"picked":"SKIP","floor":31},{"not_picked":["Magnetism","Panache"],"picked":"Feed","floor":33},{"not_picked":["Twin Strike+1","Clothesline+1","Sword Boomerang+1"],"picked":"SKIP","floor":35},{"not_picked":["Replay:Parry","Replay:Sssssssssstrike"],"picked":"Replay:Sssssssssshield","floor":36},{"not_picked":["Twin Strike","Wild Strike+1","Armaments"],"picked":"SKIP","floor":38},{"not_picked":["ReplayTheSpireMod:Strike From Hell+1","Brutality","Enlightenment"],"picked":"SKIP","floor":40},{"not_picked":["Heavy Blade+1","Flex+1","Pommel Strike"],"picked":"SKIP","floor":42},{"not_picked":["Feel No Pain+1","Sword Boomerang+1"],"picked":"Double Tap","floor":45},{"not_picked":["Cleave+1","Iron Wave"],"picked":"Reckless Charge+1","floor":45},{"not_picked":["Pommel Strike+1","Perfected Strike","PanicButton+1"],"picked":"SKIP","floor":48}],"player_experience":246486,"relics_obtained":[{"floor":6,"key":"FossilizedHelix"},{"floor":9,"key":"Ancient Tea Set"},{"floor":10,"key":"Art of War"},{"floor":24,"key":"Garlic"},{"floor":26,"key":"Centennial Puzzle"},{"floor":27,"key":"Red Mask"},{"floor":40,"key":"War Paint"},{"floor":43,"key":"Mummified Hand"}],"event_choices":[{"damage_healed":0,"gold_gain":75,"player_choice":"Gather Gold","damage_taken":11,"max_hp_gain":0,"max_hp_loss":0,"event_name":"World of Goop","floor":2,"gold_loss":0},{"cards_removed":["Strike_R"],"damage_healed":0,"gold_gain":0,"player_choice":"Card Removal","damage_taken":7,"max_hp_gain":0,"max_hp_loss":0,"event_name":"Golden Wing","floor":4,"gold_loss":0},{"damage_healed":0,"gold_gain":75,"player_choice":"Touch","damage_taken":8,"max_hp_gain":0,"max_hp_loss":0,"event_name":"FaceTrader","floor":5,"gold_loss":0},{"damage_healed":0,"gold_gain":0,"player_choice":"Entered Light","damage_taken":15,"max_hp_gain":0,"max_hp_loss":0,"event_name":"Shining Light","floor":13,"gold_loss":0,"cards_upgraded":["Defend_R","HandOfGreed"]},{"damage_healed":0,"gold_gain":0,"player_choice":"Fought Bandits","damage_taken":0,"max_hp_gain":0,"max_hp_loss":0,"event_name":"Masked Bandits","floor":27,"gold_loss":0},{"damage_healed":0,"gold_gain":0,"player_choice":"Ignored","damage_taken":0,"max_hp_gain":0,"max_hp_loss":0,"event_name":"N\u0027loth","floor":28,"gold_loss":0},{"damage_healed":0,"gold_gain":0,"player_choice":"Memory 1","damage_taken":0,"max_hp_gain":0,"max_hp_loss":0,"event_name":"SensoryStone","floor":36,"gold_loss":0},{"damage_healed":0,"gold_gain":0,"player_choice":"Ignored","damage_taken":0,"max_hp_gain":0,"max_hp_loss":0,"event_name":"SecretPortal","floor":37,"gold_loss":0},{"damage_healed":0,"gold_gain":222,"player_choice":"Wore Mask","damage_taken":0,"max_hp_gain":0,"max_hp_loss":0,"event_name":"Tomb of Lord Red Mask","floor":39,"gold_loss":0},{"damage_healed":0,"gold_gain":0,"player_choice":"Embrace Madness","damage_taken":9,"max_hp_gain":0,"max_hp_loss":0,"event_name":"Winding Halls","floor":46,"gold_loss":0,"cards_obtained":["Madness","Madness"]},{"damage_healed":0,"gold_gain":0,"player_choice":"Upgraded","damage_taken":0,"max_hp_gain":0,"max_hp_loss":0,"event_name":"Upgrade Shrine","floor":47,"gold_loss":0,"cards_upgraded":["Double Tap"]}],"is_beta":false,"boss_relics":[{"not_picked":["Mark of Pain","Astrolabe"],"picked":"Black Blood"},{"not_picked":["Snecko Eye","Replay:Drink Me"],"picked":"Snecko Heart"}],"items_purged_floors":[3,22],"is_endless":false,"potions_floor_spawned":[1,19,24,27,33,38,40,48],"ascension_level":0}}