{"host":"baymyijz6sxaqj5s","time":1609315447,"event":{"mods":["AchievementEnabler","BaseMod","Colored Map","Colored Powertips","DeckTracker","Highlight Path","KOR Keyword Fix","Keyboard Shortcuts","Minty Spire (QoL Compilation)","Quick Restart","StSLib","SuperFastMode"],"gold_per_floor":[118,118,136,151,171,171,188,188,188,203,203,203,203,213,213,213,213],"floor_reached":16,"playtime":501,"items_purged":[],"score":94,"play_id":"1ae551a6-3915-493c-af7b-ec7b0d7c2e46","local_time":"20201230170407","is_ascension_mode":false,"campfire_choices":[{"data":"Dualcast","floor":6,"key":"SMITH"},{"data":"Capacitor","floor":8,"key":"SMITH"},{"floor":11,"key":"REST"},{"floor":15,"key":"REST"}],"circlet_count":0,"master_deck":["Strike_B+1","Strike_B","Strike_B","Defend_B","Defend_B","Defend_B+1","Defend_B","Zap","Dualcast+1","Capacitor+1","Cold Snap","Self Repair","Multi-Cast","Compile Driver"],"relics":["Cracked Core","PreservedInsect"],"acts_visited":["Exordium"],"potions_floor_usage":[10,10],"damage_taken":[{"damage":2,"enemies":"2 Louse","floor":1,"turns":3},{"damage":0,"enemies":"Small Slimes","floor":3,"turns":2},{"damage":1,"enemies":"Cultist","floor":4,"turns":3},{"damage":13,"enemies":"Large Slime","floor":5,"turns":7},{"damage":13,"enemies":"Lots of Slimes","floor":7,"turns":5},{"damage":21,"enemies":"Exordium Thugs","floor":10,"turns":6},{"damage":7,"enemies":"Exordium Wildlife","floor":14,"turns":5},{"damage":75,"enemies":"Hexaghost","floor":16,"turns":16}],"seed_played":"-2499293989899043196","potions_obtained":[{"floor":1,"key":"Energy Potion"},{"floor":3,"key":"Dexterity Potion"},{"floor":14,"key":"FocusPotion"}],"is_trial":false,"path_per_floor":["M","?","M","M","M","R","M","R","T","M","R","?","?","M","R","B"],"character_chosen":"DEFECT","items_purchased":[],"campfire_rested":2,"item_purchase_floors":[],"current_hp_per_floor":[80,64,64,63,50,50,44,44,44,30,54,47,47,47,71,0,0],"gold":213,"neow_bonus":"TEN_PERCENT_HP_BONUS","is_daily":false,"chose_seed":false,"campfire_upgraded":2,"win_rate":0.0,"timestamp":1609315447,"path_taken":["M","?","M","M","M","R","M","R","T","M","R","?","?","M","R","BOSS"],"items_purchased_type":[],"build_version":"2020-12-22","purchased_purges":0,"victory":false,"max_hp_per_floor":[82,82,82,82,82,82,82,82,82,82,82,82,82,82,82,82,82],"card_choices":[{"not_picked":["Sunder","Force Field","Loop"],"picked":"SKIP","floor":1},{"not_picked":["Stack","Cold Snap"],"picked":"Capacitor","floor":3},{"not_picked":["BootSequence","Hello World"],"picked":"Cold Snap","floor":4},{"not_picked":["Chaos","Hologram"],"picked":"Self Repair","floor":5},{"not_picked":["Hello World","Tempest","Rebound"],"picked":"SKIP","floor":7},{"not_picked":["Static Discharge","Self Repair"],"picked":"Multi-Cast","floor":10},{"not_picked":["Steam Power","Scrape"],"picked":"Compile Driver","floor":14}],"player_experience":293970,"relics_obtained":[{"floor":9,"key":"PreservedInsect"}],"event_choices":[{"damage_healed":0,"gold_gain":0,"player_choice":"Entered Light","damage_taken":16,"max_hp_gain":0,"max_hp_loss":0,"event_name":"Shining Light","floor":2,"gold_loss":0,"cards_upgraded":["Strike_B","Defend_B"]},{"cards_removed":["Strike_B"],"damage_healed":0,"gold_gain":0,"player_choice":"Card Removal","damage_taken":7,"max_hp_gain":0,"max_hp_loss":0,"event_name":"Golden Wing","floor":12,"gold_loss":0},{"damage_healed":0,"gold_gain":0,"player_choice":"Ignored","damage_taken":0,"max_hp_gain":0,"max_hp_loss":0,"event_name":"Liars Game","floor":13,"gold_loss":0}],"is_beta":false,"boss_relics":[],"items_purged_floors":[],"is_endless":false,"potions_floor_spawned":[1,3,14],"killed_by":"Hexaghost","ascension_level":0}}