{"host":"gzsdmyo07u314vug","time":1609291914,"event":{"mods":["2.2 Compatiblity","BaseMod","Downfall","GifTheSpireLib","Minty Spire (QoL Compilation)","Quick Restart","Rare Cards Sparkle","Relic Stats","Replay The Spire","Shop Mod","StSLib","The Bug Knight","The Construct","The Elementalist","The Servant 0.9.4","Unceasing Turn Reminder","everything is the same but u backflip on backflip","slay the spire mod where everything is the same but ironclad has a cowboy hat","vexMod"],"gold_per_floor":[110,35,35,35,55,67,67,84,161,211,231,265,265,276,276,276,276],"floor_reached":16,"playtime":1222,"items_purged":[],"score":204,"play_id":"fb6f03cd-4ec6-4eaf-9ea4-823c67bfe3fc","local_time":"20201229223154","is_ascension_mode":true,"campfire_choices":[{"data":"Survivor","floor":7,"key":"SMITH"},{"floor":13,"key":"REST"},{"data":"Leg Sweep","floor":15,"key":"SMITH"}],"circlet_count":0,"master_deck":["AscendersBane","Strike_G","Strike_G","Strike_G","Strike_G","Defend_G","Defend_G","Defend_G","Defend_G","Survivor+1","Neutralize+1","Underhanded Strike","Backflip","Acrobatics","Blade Dance","Leg Sweep+1","Reflex"],"relics":["Ring of the Snake","Bottled Flame","Bag of Marbles"],"acts_visited":["Exordium"],"potions_floor_usage":[8,11,12,16],"damage_taken":[{"damage":5,"enemies":"Jaw Worm","floor":1,"turns":6},{"damage":6,"enemies":"Small Slimes","floor":5,"turns":4},{"damage":0,"enemies":"Cultist","floor":6,"turns":4},{"damage":7,"enemies":"Exordium Wildlife","floor":8,"turns":8},{"damage":0,"enemies":"Exordium Thugs","floor":11,"turns":5},{"damage":15,"enemies":"Lagavulin","floor":12,"turns":8},{"damage":3,"enemies":"Looter","floor":14,"turns":3},{"damage":44,"enemies":"The Guardian","floor":16,"turns":22}],"seed_played":"-6587948226925501615","potions_obtained":[{"floor":1,"key":"Energy Potion"},{"floor":6,"key":"Energy Potion"},{"floor":8,"key":"Flashbang"},{"floor":11,"key":"champ:CounterPotion"}],"is_trial":false,"path_per_floor":["M","?","?","$","M","M","R","M","T","?","M","E","R","M","R","B"],"character_chosen":"THE_SILENT","items_purchased":[],"campfire_rested":1,"item_purchase_floors":[],"current_hp_per_floor":[54,54,54,54,48,48,48,41,41,41,41,26,45,42,42,0,0],"gold":276,"neow_bonus":"UPGRADE_CARD","is_daily":false,"chose_seed":false,"campfire_upgraded":2,"win_rate":0.0,"timestamp":1609291914,"path_taken":["M","?","?","$","?","M","R","M","T","?","M","E","R","M","R","BOSS"],"items_purchased_type":[],"build_version":"2020-12-22","purchased_purges":0,"victory":false,"max_hp_per_floor":[66,66,66,66,66,66,66,66,66,66,66,66,66,66,66,66,66],"relic_stats":{"counters":[8,60],"obtain_stats":[{"Bottled Flame":9,"Bag of Marbles":12,"Ring of the Snake":0},{"Bottled Flame":4,"Bag of Marbles":6,"Ring of the Snake":0},{"Bottled Flame":22,"Bag of Marbles":35,"Ring of the Snake":0}],"Ring of the Snake":[16]},"card_choices":[{"not_picked":["ReplayTheSpireMod:Tripwire","Deadly Poison"],"picked":"Underhanded Strike","floor":1},{"not_picked":["Terror","Sucker Punch"],"picked":"Backflip","floor":5},{"not_picked":["Bouncing Flask","Underhanded Strike","Outmaneuver"],"picked":"SKIP","floor":6},{"not_picked":["PiercingWail","Blur"],"picked":"Acrobatics","floor":8},{"not_picked":["Catalyst","Draining Mist"],"picked":"Blade Dance","floor":11},{"not_picked":["Blade Dance","Flying Knee"],"picked":"Leg Sweep","floor":12},{"not_picked":["Outmaneuver","Grand Finale"],"picked":"Reflex","floor":14}],"player_experience":597193,"relics_obtained":[{"floor":9,"key":"Bottled Flame"},{"floor":12,"key":"Bag of Marbles"}],"event_choices":[{"cards_removed":["Strike_G"],"damage_healed":0,"gold_gain":0,"player_choice":"Card Removal","damage_taken":0,"max_hp_gain":0,"max_hp_loss":0,"event_name":"The Cleric","floor":2,"gold_loss":75},{"cards_removed":["Defend_G"],"damage_healed":0,"gold_gain":0,"player_choice":"Offered Basic","damage_taken":0,"max_hp_gain":0,"max_hp_loss":0,"event_name":"Bonfire Elementals","floor":3,"gold_loss":0}],"is_beta":false,"boss_relics":[],"items_purged_floors":[],"is_endless":false,"potions_floor_spawned":[1,6,8,11],"killed_by":"The Guardian","ascension_level":20}}