{"host":"71h53w2p123dt4nv","time":1609359741,"event":{"mods":["AchievementEnabler","BaseMod","Better Third Choice","Minty Spire (QoL Compilation)","Rare Cards Sparkle","Shop Mod","StSLib","The Animator"],"gold_per_floor":[111,61,89,106,128,163,182,198,274,274,35,35,53,67,67,162,262,273,298,326,251,268,268,318,318,367,104,117,128,128,139,139,139,139],"floor_reached":33,"playtime":4506,"items_purged":[],"score":273,"play_id":"137e6dac-29f2-4cb8-9b07-69a25f447d8c","local_time":"20201230212221","is_ascension_mode":false,"campfire_choices":[{"floor":10,"key":"REST"},{"floor":15,"key":"REST"},{"floor":23,"key":"REST"},{"floor":30,"key":"REST"},{"floor":32,"key":"REST"}],"circlet_count":0,"master_deck":["animator:Strike_MadokaMagica","animator:Defend_MadokaMagica","animator:Strike","animator:Defend","animator:Defend","animator:IrohaTamaki","animator:YuiTsuruno","animator:Guren+1","animator:Shigure","animator:DolaSchwi","animator:Shinoa","animator:YachiyoNanami","animator:ElricAlphonse","animator:Scar","animator:Entoma+8","animator:Saber","animator:Canti","animator:OrikoMikuni+1","animator:Gilgamesh+8","CurseOfTheBell","animator:NagisaMomoe","animator:KyokoSakura+1","animator:Tet","animator:SuzuneAmano+1","animator:DolaCouronne","animator:Gluttony","animator:Mitsuba+1","animator:YachiyoNanami"],"relics":["animator:LivingPicture","animator:TheMissingPiece","Vajra","Question Card","Molten Egg 2","Calling Bell","War Paint","Darkstone Periapt","StoneCalendar","Lantern","Centennial Puzzle","Smiling Mask","animator:Buoy"],"acts_visited":["Exordium","TheCity"],"potions_floor_usage":[7,18,22,24,24,29,31],"damage_taken":[{"damage":0,"enemies":"2 Louse","floor":1,"turns":3},{"damage":3,"enemies":"Jaw Worm","floor":3,"turns":4},{"damage":1,"enemies":"Cultist","floor":4,"turns":3},{"damage":4,"enemies":"Blue Slaver","floor":5,"turns":4},{"damage":20,"enemies":"3 Sentries","floor":6,"turns":9},{"damage":0,"enemies":"Lots of Slimes","floor":7,"turns":3},{"damage":4,"enemies":"Exordium Wildlife","floor":8,"turns":4},{"damage":10,"enemies":"Looter","floor":13,"turns":2},{"damage":16,"enemies":"Blue Slaver","floor":14,"turns":3},{"damage":34,"enemies":"The Guardian","floor":16,"turns":9},{"damage":10,"enemies":"3 Byrds","floor":18,"turns":4},{"damage":28,"enemies":"Chosen","floor":20,"turns":5},{"damage":28,"enemies":"Centurion and Healer","floor":22,"turns":4},{"damage":11,"enemies":"Gremlin Leader","floor":24,"turns":7},{"damage":8,"enemies":"Shelled Parasite and Fungi","floor":28,"turns":5},{"damage":8,"enemies":"3 Cultists","floor":29,"turns":4},{"damage":10,"enemies":"Snake Plant","floor":31,"turns":3},{"damage":53,"enemies":"Collector","floor":33,"turns":6}],"seed_played":"1395365888429789878","potions_obtained":[{"floor":4,"key":"AttackPotion"},{"floor":7,"key":"Dexterity Potion"},{"floor":13,"key":"Ancient Potion"},{"floor":14,"key":"AttackPotion"},{"floor":20,"key":"Energy Potion"},{"floor":28,"key":"SkillPotion"},{"floor":29,"key":"Dexterity Potion"}],"is_trial":false,"path_per_floor":["M","?","M","M","M","E","M","M","T","R","$","?","M","M","R","B",null,"M","?","M","?","M","R","E","?","T","$","M","M","R","M","R","B"],"character_chosen":"THE_ANIMATOR","items_purchased":["animator:Saber","animator:Canti","animator:SuzuneAmano+1","animator:Buoy","animator:DolaCouronne"],"campfire_rested":5,"item_purchase_floors":[11,11,27,27,27],"current_hp_per_floor":[66,66,63,62,58,38,38,34,34,53,53,53,44,28,48,14,67,57,57,29,29,4,25,17,17,17,17,11,15,37,29,52,0,0],"gold":139,"neow_bonus":"TRANSFORM_CARD","is_daily":false,"chose_seed":false,"campfire_upgraded":0,"win_rate":0.0,"timestamp":1609359741,"path_taken":["M","?","M","M","M","E","M","M","T","R","$","?","M","M","R","BOSS","M","?","M","?","M","R","E","?","T","$","?","M","R","M","R","BOSS"],"items_purchased_type":["Card","Card","Card","Relic","Card"],"build_version":"2020-12-22","purchased_purges":0,"victory":false,"max_hp_per_floor":[66,66,66,66,66,66,66,66,66,66,66,66,67,67,67,67,67,67,67,67,67,70,70,73,73,73,73,75,75,75,77,77,77,77],"card_choices":[{"not_picked":["animator:OrikoMikuni","animator:Evileye"],"picked":"animator:Shigure","floor":1},{"not_picked":["animator:Sloth","animator:ElricAlphonse"],"picked":"animator:DolaSchwi","floor":3},{"not_picked":["animator:RinTohsaka","animator:ShinjiMatou"],"picked":"animator:Shinoa","floor":4},{"not_picked":["animator:KyokoSakura","animator:OrikoMikuni"],"picked":"animator:YachiyoNanami","floor":5},{"not_picked":["animator:Demiurge","animator:NarberalGamma"],"picked":"animator:ElricAlphonse","floor":6},{"not_picked":["animator:Hakurou","animator:Benimaru"],"picked":"animator:Scar","floor":7},{"not_picked":["animator:FielNirvalen","animator:Millim"],"picked":"animator:Entoma","floor":8},{"not_picked":["animator:IrohaTamaki+1","animator:SayakaMiki","animator:YachiyoNanami"],"picked":"animator:OrikoMikuni","floor":13},{"not_picked":["animator:Cocytus+1","animator:Scar+1","animator:IrohaTamaki+1"],"picked":"animator:Entoma+1","floor":14},{"not_picked":["animator:Shizu+1","animator:Albedo+1","animator:Sora"],"picked":"animator:Gilgamesh+1","floor":16},{"not_picked":["animator:Assassin+1","animator:Shuna","animator:Mitsuba+1"],"picked":"animator:Entoma+1","floor":18},{"not_picked":["animator:Mikaela+1","animator:Benimaru+1","animator:Shinoa"],"picked":"animator:NagisaMomoe","floor":20},{"not_picked":["animator:SayakaMiki","animator:IrohaTamaki+1","animator:MamiTomoe+1"],"picked":"animator:KyokoSakura+1","floor":22},{"not_picked":["animator:Evileye","animator:IrohaTamaki+1","animator:Archer"],"picked":"animator:Tet","floor":24},{"not_picked":["animator:KyokoSakura+1","animator:Assassin+1","animator:Rider"],"picked":"animator:Gluttony","floor":28},{"not_picked":["animator:NarberalGamma","animator:IrohaTamaki+1","animator:Shion+1"],"picked":"animator:Mitsuba+1","floor":29},{"not_picked":["animator:SayakaMiki","animator:YuiTsuruno+1","animator:OrikoMikuni"],"picked":"animator:YachiyoNanami","floor":31}],"player_experience":197932,"relics_obtained":[{"floor":6,"key":"Vajra"},{"floor":9,"key":"Question Card"},{"floor":17,"key":"War Paint"},{"floor":17,"key":"Darkstone Periapt"},{"floor":17,"key":"StoneCalendar"},{"floor":24,"key":"Centennial Puzzle"},{"floor":26,"key":"Smiling Mask"}],"event_choices":[{"cards_removed":["animator:Defend"],"damage_healed":0,"gold_gain":0,"player_choice":"Card Removal","damage_taken":0,"max_hp_gain":0,"max_hp_loss":0,"event_name":"The Cleric","floor":2,"gold_loss":50},{"damage_healed":0,"gold_gain":0,"player_choice":"Box","damage_taken":0,"relics_obtained":["Molten Egg 2"],"max_hp_gain":0,"max_hp_loss":0,"event_name":"Big Fish","floor":12,"gold_loss":0,"cards_obtained":["Regret"]},{"damage_healed":0,"gold_gain":0,"player_choice":"Opened","damage_taken":0,"relics_obtained":["Lantern"],"max_hp_gain":0,"max_hp_loss":0,"event_name":"The Mausoleum","floor":19,"gold_loss":0},{"cards_removed":["Regret"],"damage_healed":0,"gold_gain":0,"player_choice":"Gave Gold","damage_taken":0,"max_hp_gain":0,"max_hp_loss":0,"event_name":"Beggar","floor":21,"gold_loss":75},{"cards_removed":["animator:Strike"],"damage_healed":0,"gold_gain":0,"player_choice":"Purged","damage_taken":0,"max_hp_gain":0,"max_hp_loss":0,"event_name":"Purifier","floor":25,"gold_loss":0}],"is_beta":false,"boss_relics":[{"not_picked":["Velvet Choker","Tiny House"],"picked":"Calling Bell"}],"items_purged_floors":[],"is_endless":false,"potions_floor_spawned":[4,7,13,14,20,28,29],"killed_by":"Collector","ascension_level":0}}