{"host":"f5n4tidiz2n5sooh","time":1609320635,"event":{"mods":["BaseMod","Bestiary","Colored Map","Minty Spire (QoL Compilation)","Relic Stats","StSLib"],"gold_per_floor":[117,132,207,220,230,230,256,276,276,306,306,306,324,1,1,78,78,95,95,95,20,32,59,59,91,91,91,126,126,159,159,159,236,236,252,252,270,87,87,120,120,139,139,166,166,166,166,166,166,166,166,166,166,113,140,140],"floor_reached":57,"playtime":3737,"items_purged":["Pain","Bite"],"score":2884,"play_id":"43d4374d-1d55-42c7-a906-115e36b3ea80","local_time":"20201230033035","is_ascension_mode":true,"campfire_choices":[{"floor":6,"key":"REST"},{"floor":11,"key":"REST"},{"floor":15,"key":"REST"},{"floor":24,"key":"REST"},{"floor":27,"key":"RECALL"},{"floor":29,"key":"REST"},{"floor":32,"key":"REST"},{"floor":41,"key":"REST"},{"floor":45,"key":"REST"},{"floor":47,"key":"REST"},{"floor":49,"key":"REST"},{"floor":53,"key":"REST"}],"circlet_count":0,"master_deck":["AscendersBane","Defend_R","Defend_R","Defend_R","Defend_R","Bash","Carnage","Shrug It Off","Clothesline","True Grit","Flame Barrier","Feel No Pain","Corruption","Spot Weakness","Demon Form","Power Through","Bite","Bite","Bite","Spot Weakness","Dark Embrace+1","Demon Form+1","Feel No Pain+1","Spot Weakness+1","Flame Barrier+1","Shockwave+1"],"relics":["Fusion Hammer","Nunchaku","Pear","Red Skull","WarpedTongs","ClockworkSouvenir","Snecko Eye","FossilizedHelix","Frozen Egg 2","Gambling Chip","HornCleat","MutagenicStrength","Runic Cube","Blood Vial","Question Card","Sundial","Self Forming Clay"],"acts_visited":["Exordium","TheCity","TheBeyond","TheEnding"],"potions_floor_usage":[8,10,16,28,28,33,44,50,56],"damage_taken":[{"damage":1,"enemies":"Cultist","floor":1,"turns":4},{"damage":0,"enemies":"Small Slimes","floor":2,"turns":2},{"damage":2,"enemies":"Jaw Worm","floor":4,"turns":2},{"damage":0,"enemies":"Blue Slaver","floor":5,"turns":3},{"damage":26,"enemies":"Gremlin Nob","floor":7,"turns":4},{"damage":0,"enemies":"Large Slime","floor":8,"turns":3},{"damage":23,"enemies":"3 Sentries","floor":10,"turns":11},{"damage":0,"enemies":"Looter","floor":13,"turns":2},{"damage":28,"enemies":"Slime Boss","floor":16,"turns":9},{"damage":8,"enemies":"Shell Parasite","floor":18,"turns":4},{"damage":11,"enemies":"Spheric Guardian","floor":22,"turns":4},{"damage":24,"enemies":"Slavers","floor":23,"turns":6},{"damage":5,"enemies":"Book of Stabbing","floor":25,"turns":5},{"damage":3,"enemies":"Gremlin Leader","floor":28,"turns":8},{"damage":38,"enemies":"Slavers","floor":30,"turns":8},{"damage":0,"enemies":"Champ","floor":33,"turns":8},{"damage":0,"enemies":"Orb Walker","floor":35,"turns":3},{"damage":0,"enemies":"3 Darklings","floor":37,"turns":3},{"damage":50,"enemies":"Reptomancer","floor":40,"turns":6},{"damage":0,"enemies":"4 Shapes","floor":42,"turns":6},{"damage":45,"enemies":"Nemesis","floor":44,"turns":9},{"damage":0,"enemies":"Donu and Deca","floor":50,"turns":7},{"damage":65,"enemies":"Awakened One","floor":51,"turns":8},{"damage":17,"enemies":"Shield and Spear","floor":55,"turns":6},{"damage":72,"enemies":"The Heart","floor":56,"turns":8}],"seed_played":"7740639206269695184","potions_obtained":[{"floor":1,"key":"BloodPotion"},{"floor":4,"key":"SteroidPotion"},{"floor":8,"key":"DistilledChaos"},{"floor":16,"key":"FearPotion"},{"floor":25,"key":"LiquidBronze"},{"floor":30,"key":"FearPotion"},{"floor":33,"key":"Regen Potion"},{"floor":40,"key":"LiquidMemories"},{"floor":44,"key":"ColorlessPotion"}],"is_trial":false,"path_per_floor":["M","M","?","M","M","R","E","M","T","E","R","?","M","$","R","B",null,"M","?","?","$","M","E","R","E","T","R","E","R","E","?","R","B",null,"M","?","M","$","?","E","R","M","T","E","R","?","R","?","R","B","B",null,"R","$","E","B",null],"character_chosen":"IRONCLAD","items_purchased":["ClockworkSouvenir","Corruption","Spot Weakness","Ancient Potion","PowerPotion"],"campfire_rested":11,"item_purchase_floors":[14,14,14,38,54],"current_hp_per_floor":[67,67,56,54,54,75,49,64,74,51,76,76,76,76,85,57,78,70,70,59,59,51,32,49,57,57,57,59,59,35,35,52,59,59,59,59,59,59,59,24,41,53,53,20,37,37,53,56,56,56,9,44,56,56,50,11],"gold":140,"neow_bonus":"BOSS_RELIC","is_daily":false,"chose_seed":false,"campfire_upgraded":0,"win_rate":0.0,"timestamp":1609320635,"path_taken":["M","M","?","M","M","R","E","M","T","E","R","?","M","$","R","BOSS","M","?","?","?","M","E","R","E","T","R","E","R","E","?","R","BOSS","M","?","M","$","?","E","R","M","T","E","R","?","R","?","R","BOSS","BOSS","R","$","E","BOSS"],"items_purchased_type":["Relic","Card","Card","Potion","Potion"],"build_version":"2020-12-22","purchased_purges":2,"victory":true,"max_hp_per_floor":[75,75,75,75,75,75,75,75,85,85,85,85,85,85,85,85,85,85,85,59,59,59,59,59,59,59,59,59,59,59,59,59,59,59,59,59,59,59,59,59,59,59,59,59,59,56,56,56,56,56,56,56,56,56,56,56],"relic_stats":{"Blood Vial":6,"Nunchaku":[22],"counters":[25,139],"Sundial":[16],"Self Forming Clay":[69],"Gambling Chip":[31],"Snecko Eye":[165,163,176,186],"Question Card":2,"obtain_stats":[{"Pear":9,"Self Forming Clay":55,"Frozen Egg 2":25,"Question Card":43,"Burning Blood":0,"WarpedTongs":12,"ClockworkSouvenir":14,"Blood Vial":40,"Nunchaku":7,"HornCleat":30,"Sundial":44,"Gambling Chip":28,"MutagenicStrength":31,"Snecko Eye":17,"Fusion Hammer":0,"Red Skull":10,"FossilizedHelix":23,"Runic Cube":34},{"Pear":6,"Self Forming Clay":24,"Frozen Egg 2":13,"Question Card":20,"Burning Blood":0,"WarpedTongs":7,"ClockworkSouvenir":8,"Blood Vial":19,"Nunchaku":5,"HornCleat":15,"Sundial":21,"Gambling Chip":14,"MutagenicStrength":15,"Snecko Eye":9,"Fusion Hammer":0,"Red Skull":7,"FossilizedHelix":12,"Runic Cube":16},{"Pear":18,"Self Forming Clay":131,"Frozen Egg 2":59,"Question Card":101,"Burning Blood":0,"WarpedTongs":29,"ClockworkSouvenir":31,"Blood Vial":95,"Nunchaku":15,"HornCleat":75,"Sundial":110,"Gambling Chip":67,"MutagenicStrength":75,"Snecko Eye":40,"Fusion Hammer":0,"Red Skull":29,"FossilizedHelix":54,"Runic Cube":83}],"WarpedTongs":[99],"Runic Cube":[28]},"card_choices":[{"not_picked":["Sentinel","Heavy Blade"],"picked":"Carnage","floor":1},{"not_picked":["Clash","Headbutt"],"picked":"Shrug It Off","floor":2},{"not_picked":["Heavy Blade","Thunderclap"],"picked":"Clothesline","floor":4},{"not_picked":["Wild Strike","Clash","Perfected Strike"],"picked":"SKIP","floor":5},{"not_picked":["Rage","Iron Wave"],"picked":"True Grit","floor":7},{"not_picked":["Heavy Blade","True Grit"],"picked":"Flame Barrier","floor":8},{"not_picked":["Blood for Blood","Dual Wield","Clash"],"picked":"SKIP","floor":10},{"not_picked":["Shrug It Off","Hemokinesis"],"picked":"Feel No Pain","floor":13},{"not_picked":["Offering","Limit Break"],"picked":"Demon Form","floor":16},{"not_picked":["Rage","Body Slam","Clash"],"picked":"SKIP","floor":18},{"not_picked":["Inflame","Flex","Havoc"],"picked":"SKIP","floor":22},{"not_picked":["Heavy Blade","Evolve","Perfected Strike"],"picked":"SKIP","floor":23},{"not_picked":["Warcry","True Grit"],"picked":"Spot Weakness","floor":25},{"not_picked":["Shrug It Off","Cleave","Anger"],"picked":"SKIP","floor":28},{"not_picked":["Armaments","Flex"],"picked":"Dark Embrace+1","floor":30},{"not_picked":["Exhume","Double Tap"],"picked":"Demon Form+1","floor":33},{"not_picked":["Havoc+1","Uppercut"],"picked":"Feel No Pain+1","floor":35},{"not_picked":["Flex+1","Headbutt+1","Evolve+1"],"picked":"SKIP","floor":37},{"not_picked":["Armaments","Wild Strike"],"picked":"Spot Weakness+1","floor":40},{"not_picked":["Cleave","Pommel Strike"],"picked":"Flame Barrier+1","floor":42},{"not_picked":["Iron Wave","Armaments","Perfected Strike+1","Dark Embrace+1"],"picked":"SKIP","floor":44},{"not_picked":["Disarm","Intimidate","Dropkick"],"picked":"Shockwave+1","floor":55}],"player_experience":1947690,"relics_obtained":[{"floor":7,"key":"Nunchaku"},{"floor":9,"key":"Pear"},{"floor":10,"key":"Red Skull"},{"floor":23,"key":"FossilizedHelix"},{"floor":25,"key":"Frozen Egg 2"},{"floor":28,"key":"Gambling Chip"},{"floor":30,"key":"HornCleat"},{"floor":40,"key":"Blood Vial"},{"floor":43,"key":"Question Card"},{"floor":44,"key":"Sundial"},{"floor":55,"key":"Self Forming Clay"}],"event_choices":[{"damage_healed":0,"gold_gain":75,"player_choice":"Gather Gold","damage_taken":11,"max_hp_gain":0,"max_hp_loss":0,"event_name":"World of Goop","floor":3,"gold_loss":0},{"damage_healed":0,"gold_gain":0,"player_choice":"Rummage","damage_taken":0,"relics_obtained":["WarpedTongs"],"max_hp_gain":0,"max_hp_loss":0,"event_name":"Accursed Blacksmith","floor":12,"gold_loss":0,"cards_obtained":["Pain"]},{"damage_healed":0,"gold_gain":0,"player_choice":"Read","damage_taken":0,"max_hp_gain":0,"max_hp_loss":0,"event_name":"The Library","floor":19,"gold_loss":0,"cards_obtained":["Power Through"]},{"damage_healed":0,"gold_gain":0,"player_choice":"Became a vampire","damage_taken":0,"max_hp_gain":0,"max_hp_loss":26,"event_name":"Vampires","floor":20,"gold_loss":0,"cards_obtained":["Bite","Bite","Bite","Bite","Bite"]},{"damage_healed":0,"gold_gain":0,"player_choice":"Inject Mutagens","damage_taken":0,"relics_obtained":["MutagenicStrength"],"max_hp_gain":0,"max_hp_loss":0,"event_name":"Drug Dealer","floor":31,"gold_loss":0},{"damage_healed":0,"gold_gain":0,"player_choice":"Ignored","damage_taken":0,"max_hp_gain":0,"max_hp_loss":0,"event_name":"Tomb of Lord Red Mask","floor":36,"gold_loss":0},{"damage_healed":0,"gold_gain":0,"player_choice":"Ignored","damage_taken":0,"max_hp_gain":0,"max_hp_loss":0,"event_name":"Mysterious Sphere","floor":39,"gold_loss":0},{"damage_healed":0,"gold_gain":0,"player_choice":"Max HP","damage_taken":0,"max_hp_gain":0,"max_hp_loss":3,"event_name":"Winding Halls","floor":46,"gold_loss":0},{"cards_removed":["Bite"],"damage_healed":5,"gold_gain":0,"player_choice":"Offered Special","damage_taken":0,"max_hp_gain":0,"max_hp_loss":0,"event_name":"Bonfire Elementals","floor":48,"gold_loss":0}],"is_beta":false,"boss_relics":[{"not_picked":["Runic Dome","Black Star"],"picked":"Snecko Eye"},{"not_picked":["Mark of Pain","Pandora\u0027s Box"],"picked":"Runic Cube"}],"items_purged_floors":[21,38],"is_endless":false,"potions_floor_spawned":[1,4,8,16,25,30,33,40,44,55],"ascension_level":20}}