{"host":"l60rmjjsfi0fipmi","time":1609354030,"event":{"mods":["BaseMod","Colored Map","DeckTracker","Highlight Path","Minty Spire (QoL Compilation)"],"gold_per_floor":[111,128,140,151,151,180,180,180,259,259,285,460,488,505,505,605,605,594,185,198,209,237,237,287,312,391,391,406,406,406],"floor_reached":29,"playtime":3880,"items_purged":["Defend_G"],"score":301,"play_id":"31e168b4-ac4d-4092-8fe0-ed855604d3d6","local_time":"20201230134710","is_ascension_mode":true,"campfire_choices":[{"floor":7,"key":"DIG"},{"floor":10,"key":"REST"},{"floor":15,"key":"REST"},{"floor":23,"key":"REST"},{"floor":27,"key":"REST"}],"circlet_count":0,"master_deck":["Strike_G","Strike_G+1","Strike_G","Strike_G","Strike_G+1","Defend_G+1","Defend_G","Defend_G","Defend_G+1","Survivor","Neutralize","Sucker Punch","Poisoned Stab","Dash","Infinite Blades","Burst","Bouncing Flask","Doubt","Noxious Fumes","Well Laid Plans","Eviscerate","Sadistic Nature","Deadly Poison","Bane"],"relics":["Ring of the Snake","Shovel","Whetstone","War Paint","Ornamental Fan","Pear","Pocketwatch","SlaversCollar","Red Mask","PreservedInsect"],"acts_visited":["Exordium","TheCity"],"potions_floor_usage":[13,13,16,16,22,22,25,29],"damage_taken":[{"damage":0,"enemies":"Small Slimes","floor":1,"turns":3},{"damage":0,"enemies":"2 Louse","floor":2,"turns":3},{"damage":0,"enemies":"Jaw Worm","floor":3,"turns":3},{"damage":0,"enemies":"2 Fungi Beasts","floor":4,"turns":4},{"damage":33,"enemies":"Lagavulin","floor":6,"turns":11},{"damage":11,"enemies":"3 Sentries","floor":11,"turns":9},{"damage":6,"enemies":"Gremlin Nob","floor":13,"turns":4},{"damage":3,"enemies":"Lots of Slimes","floor":14,"turns":6},{"damage":30,"enemies":"Hexaghost","floor":16,"turns":11},{"damage":6,"enemies":"2 Thieves","floor":18,"turns":5},{"damage":0,"enemies":"Chosen","floor":20,"turns":5},{"damage":32,"enemies":"Snake Plant","floor":21,"turns":3},{"damage":51,"enemies":"Masked Bandits","floor":22,"turns":6},{"damage":35,"enemies":"Gremlin Leader","floor":25,"turns":6},{"damage":19,"enemies":"Shelled Parasite and Fungi","floor":28,"turns":5},{"damage":20,"enemies":"3 Cultists","floor":29,"turns":4}],"seed_played":"-4088122186562786354","potions_obtained":[{"floor":2,"key":"AttackPotion"},{"floor":6,"key":"Fire Potion"},{"floor":11,"key":"Poison Potion"},{"floor":14,"key":"Energy Potion"},{"floor":21,"key":"DistilledChaos"},{"floor":22,"key":"FearPotion"},{"floor":28,"key":"GamblersBrew"}],"is_trial":false,"path_per_floor":["M","M","M","M","?","E","R","?","T","R","E","?","E","M","R","B",null,"M","$","M","M","?","R","?","E","T","R","M","M"],"character_chosen":"THE_SILENT","items_purchased":["Sadistic Nature","Deadly Poison","Regen Potion","Bane"],"campfire_rested":4,"item_purchase_floors":[19,19,19,19],"current_hp_per_floor":[77,77,77,77,82,49,49,24,24,48,47,47,41,38,65,35,92,86,86,86,54,18,45,45,10,10,37,18,0,0],"gold":406,"neow_bonus":"TEN_PERCENT_HP_BONUS","is_daily":false,"chose_seed":false,"campfire_upgraded":0,"win_rate":0.0,"timestamp":1609354030,"path_taken":["M","M","M","M","?","E","R","?","T","R","E","?","E","M","R","BOSS","M","$","M","M","?","R","?","E","T","R","M","M"],"items_purchased_type":["Card","Card","Potion","Card"],"build_version":"2020-12-22","purchased_purges":1,"victory":false,"max_hp_per_floor":[77,77,77,77,82,82,82,82,82,82,92,92,92,92,92,92,92,92,92,92,92,92,92,92,92,92,92,92,92,92],"card_choices":[{"not_picked":["Underhanded Strike","Prepared"],"picked":"Sucker Punch","floor":1},{"not_picked":["Catalyst","Terror"],"picked":"Poisoned Stab","floor":2},{"not_picked":["Backflip","Quick Slash"],"picked":"Dash","floor":3},{"not_picked":["Prepared","Backflip"],"picked":"Infinite Blades","floor":4},{"not_picked":["Acrobatics","Reflex"],"picked":"Burst","floor":6},{"not_picked":["Outmaneuver","Distraction"],"picked":"Bouncing Flask","floor":11},{"not_picked":["Bane","Dagger Throw"],"picked":"Noxious Fumes","floor":13},{"not_picked":["Outmaneuver","Slice"],"picked":"Well Laid Plans","floor":14},{"not_picked":["Flying Knee+1","Poisoned Stab"],"picked":"Eviscerate","floor":18},{"not_picked":["Outmaneuver","Tactician+1","Escape Plan"],"picked":"SKIP","floor":20},{"not_picked":["Slice","Backflip","Bane"],"picked":"SKIP","floor":21},{"not_picked":["Noxious Fumes","Riddle With Holes+1","Sucker Punch+1"],"picked":"SKIP","floor":25},{"not_picked":["Outmaneuver+1","Blade Dance+1","Expertise+1"],"picked":"SKIP","floor":28}],"player_experience":117086,"relics_obtained":[{"floor":6,"key":"Shovel"},{"floor":7,"key":"Whetstone"},{"floor":9,"key":"Ornamental Fan"},{"floor":11,"key":"Pear"},{"floor":13,"key":"Pocketwatch"},{"floor":22,"key":"Red Mask"},{"floor":25,"key":"PreservedInsect"}],"event_choices":[{"damage_healed":0,"gold_gain":0,"player_choice":"Donut","damage_taken":0,"max_hp_gain":5,"max_hp_loss":0,"event_name":"Big Fish","floor":5,"gold_loss":0},{"damage_healed":0,"gold_gain":0,"player_choice":"Success","damage_taken":25,"relics_obtained":["War Paint"],"max_hp_gain":0,"max_hp_loss":0,"event_name":"Scrap Ooze","floor":8,"gold_loss":0},{"damage_healed":0,"gold_gain":175,"player_choice":"AGREE","damage_taken":0,"max_hp_gain":0,"max_hp_loss":0,"event_name":"Liars Game","floor":12,"gold_loss":0,"cards_obtained":["Doubt"]},{"damage_healed":0,"gold_gain":0,"player_choice":"Fought Bandits","damage_taken":0,"max_hp_gain":0,"max_hp_loss":0,"event_name":"Masked Bandits","floor":22,"gold_loss":0},{"damage_healed":0,"gold_gain":100,"player_choice":"Bet on Murderer","damage_taken":0,"max_hp_gain":0,"max_hp_loss":0,"event_name":"The Joust","floor":24,"gold_loss":50}],"is_beta":false,"boss_relics":[{"not_picked":["SacredBark","Philosopher\u0027s Stone"],"picked":"SlaversCollar"}],"items_purged_floors":[19],"is_endless":false,"potions_floor_spawned":[2,6,11,14,21,22,28],"killed_by":"3 Cultists","ascension_level":1}}