{"host":"ufl0k2so27eic2iy","time":1609350550,"event":{"mods":["BaseMod","Minty Spire (QoL Compilation)","StSLib","The Animator"],"gold_per_floor":[122,122,15,15,39,86,86,130,130,130,130,7,7,51,51,144,144,157,207,177,202,31,65,65,108,108,120,132,1,34,58,58,58,58],"floor_reached":33,"playtime":1813,"items_purged":["animator:Strike","animator:YoshinoHaruhiko"],"score":599,"play_id":"84cebda1-dc07-4d38-a265-26a860ddfff0","local_time":"20201230174910","is_ascension_mode":true,"campfire_choices":[{"data":"animator:KrulTepes","floor":7,"key":"SMITH"},{"data":"animator:LuciaKonohana","floor":10,"key":"SMITH"},{"data":"animator:Priestess","floor":13,"key":"SMITH"},{"data":"animator:Vesta","floor":15,"key":"SMITH"},{"data":"animator:SougenEsaka","floor":24,"key":"SMITH"},{"floor":27,"key":"REST"},{"data":"animator:LuciaKonohana","floor":32,"key":"SMITH"}],"circlet_count":0,"master_deck":["AscendersBane","animator:Strike_Rewrite","animator:Defend_Rewrite","animator:Defend","animator:Defend","animator:Defend+1","animator:ShizuruNakatsu","animator:HighElfArcher","animator:KyokoSakura","animator:Kaijin","animator:KrulTepes+1","animator:Priestess+1","animator:LuciaKonohana+1","animator:ChihayaOhtori","animator:Priestess","animator:Vesta+1","animator:Rimuru","animator:Yuuichirou","animator:HiiragiShinya","animator:SougenEsaka+1","animator:Emonzaemon","animator:SilverFang","animator:SilverFang","animator:Kyubey","animator:Chibimoth","animator:LuciaKonohana+1"],"relics":["animator:LivingPicture","animator:TheMissingPiece","Golden Idol","Blood Vial","Oddly Smooth Stone","Blood Vial","PreservedInsect","Matryoshka","Blood Vial","Champion Belt","Blood Vial","Velvet Choker","Blood Vial","Ornamental Fan","animator:PurpleTeddyBear","MawBank","animator:OldCoffin","TwistedFunnel","animator:ExquisiteBloodVial","Akabeko"],"acts_visited":["Exordium","TheCity"],"potions_floor_usage":[16,23,25,33],"damage_taken":[{"damage":4,"enemies":"Cultist","floor":1,"turns":5},{"damage":2,"enemies":"Small Slimes","floor":5,"turns":4},{"damage":3,"enemies":"Lagavulin","floor":6,"turns":10},{"damage":19,"enemies":"Gremlin Nob","floor":8,"turns":4},{"damage":0,"enemies":"Lagavulin","floor":14,"turns":7},{"damage":8,"enemies":"Slime Boss","floor":16,"turns":16},{"damage":0,"enemies":"Shell Parasite","floor":18,"turns":7},{"damage":28,"enemies":"2 Thieves","floor":20,"turns":5},{"damage":7,"enemies":"Sentry and Sphere","floor":21,"turns":6},{"damage":22,"enemies":"Slavers","floor":23,"turns":6},{"damage":6,"enemies":"Gremlin Leader","floor":25,"turns":7},{"damage":16,"enemies":"Book of Stabbing","floor":30,"turns":8},{"damage":13,"enemies":"Snake Plant","floor":31,"turns":5},{"damage":44,"enemies":"Automaton","floor":33,"turns":6}],"seed_played":"5630572467164820019","potions_obtained":[{"floor":8,"key":"Block Potion"},{"floor":14,"key":"Dexterity Potion"},{"floor":20,"key":"Fire Potion"},{"floor":23,"key":"animator:FalseLifePotion"}],"is_trial":false,"path_per_floor":["M","?","$","?","M","E","R","E","T","R","?","$","R","E","R","B",null,"M","?","M","M","$","E","R","E","T","R","?","$","E","M","R","B"],"character_chosen":"THE_ANIMATOR","items_purchased":["animator:Kaijin","animator:KrulTepes","animator:Priestess","animator:Emonzaemon","animator:SilverFang","TwistedFunnel"],"campfire_rested":1,"item_purchase_floors":[3,3,12,22,22,29],"current_hp_per_floor":[50,50,50,50,48,45,45,29,29,29,29,29,29,33,33,31,49,55,55,27,28,28,14,14,19,19,35,35,35,30,29,29,0,0],"gold":58,"neow_bonus":"TRANSFORM_CARD","is_daily":false,"chose_seed":true,"campfire_upgraded":6,"win_rate":0.0,"timestamp":1609350550,"path_taken":["M","?","$","?","M","E","R","E","T","R","?","$","R","E","R","BOSS","M","?","M","M","$","E","R","E","T","R","?","?","E","M","R","BOSS"],"items_purchased_type":["Card","Card","Card","Card","Card","Relic"],"build_version":"2020-12-22","purchased_purges":2,"victory":false,"max_hp_per_floor":[60,60,60,54,54,54,54,55,55,55,55,55,55,55,55,55,55,55,55,55,55,55,55,55,56,56,56,56,56,57,57,57,57,57],"card_choices":[{"not_picked":["animator:LizardPriest","animator:ShizuruNakatsu"],"picked":"animator:KyokoSakura","floor":1},{"not_picked":["animator:KyokoSakura","animator:Shimako"],"picked":"animator:Priestess","floor":5},{"not_picked":["animator:Guren","animator:Geryuganshoop"],"picked":"animator:LuciaKonohana","floor":6},{"not_picked":["animator:Shimako","animator:Midou"],"picked":"animator:ChihayaOhtori","floor":8},{"not_picked":["animator:YuiTsuruno","animator:Konayuki"],"picked":"animator:Vesta","floor":14},{"not_picked":["animator:Boros","animator:Saitama"],"picked":"animator:Rimuru","floor":16},{"not_picked":["animator:OrikoMikuni","animator:Millim"],"picked":"animator:Yuuichirou","floor":18},{"not_picked":["animator:Kaijin","animator:YachiyoNanami"],"picked":"animator:HiiragiShinya","floor":20},{"not_picked":["animator:ShizuruNakatsu","animator:Kagari"],"picked":"animator:SougenEsaka","floor":21},{"not_picked":["animator:KyokoSakura","animator:SakuyaOhtori"],"picked":"animator:SilverFang","floor":23},{"not_picked":["animator:ChihayaOhtori","animator:Mikaela"],"picked":"animator:Kyubey","floor":25},{"not_picked":["animator:Shigure","animator:Melzalgald"],"picked":"animator:Chibimoth","floor":30},{"not_picked":["animator:SakuyaOhtori","animator:Shimako"],"picked":"animator:LuciaKonohana","floor":31}],"player_experience":2383695,"relics_obtained":[{"floor":6,"key":"Blood Vial"},{"floor":6,"key":"Oddly Smooth Stone"},{"floor":8,"key":"Blood Vial"},{"floor":8,"key":"PreservedInsect"},{"floor":9,"key":"Matryoshka"},{"floor":14,"key":"Blood Vial"},{"floor":14,"key":"Champion Belt"},{"floor":16,"key":"Blood Vial"},{"floor":23,"key":"Blood Vial"},{"floor":23,"key":"Ornamental Fan"},{"floor":25,"key":"animator:PurpleTeddyBear"},{"floor":26,"key":"MawBank"},{"floor":26,"key":"animator:OldCoffin"},{"floor":30,"key":"animator:ExquisiteBloodVial"},{"floor":30,"key":"Akabeko"}],"event_choices":[{"damage_healed":0,"gold_gain":0,"player_choice":"Ignored","damage_taken":0,"max_hp_gain":0,"max_hp_loss":0,"event_name":"Shining Light","floor":2,"gold_loss":0},{"damage_healed":0,"gold_gain":0,"player_choice":"Lose Max HP","damage_taken":0,"relics_obtained":["Golden Idol"],"max_hp_gain":0,"max_hp_loss":6,"event_name":"Golden Idol","floor":4,"gold_loss":0},{"cards_removed":["animator:Strike"],"damage_healed":0,"gold_gain":0,"player_choice":"Forget","damage_taken":0,"max_hp_gain":0,"max_hp_loss":0,"event_name":"Living Wall","floor":11,"gold_loss":0},{"damage_healed":0,"gold_gain":50,"player_choice":"Stole From Cult","damage_taken":0,"max_hp_gain":0,"max_hp_loss":0,"event_name":"Nest","floor":19,"gold_loss":0},{"damage_healed":0,"gold_gain":0,"player_choice":"Ignored","damage_taken":0,"max_hp_gain":0,"max_hp_loss":0,"event_name":"Vampires","floor":28,"gold_loss":0}],"is_beta":false,"boss_relics":[{"not_picked":["animator:CursedBlade","Cursed Key"],"picked":"Velvet Choker"}],"items_purged_floors":[12,22],"is_endless":false,"potions_floor_spawned":[8,14,20,21,23],"killed_by":"Automaton","ascension_level":15}}