{"host":"6pgtslebjnyv5xmi","time":1609314178,"event":{"mods":["AchievementEnabler","BaseMod","Colored Map","Minty Spire (QoL Compilation)","Rare Cards Sparkle","StSLib","SuperFastMode","everything is the same but u backflip on backflip"],"gold_per_floor":[114,129,144,159,174,174,189,204,504,534,34,49,79,94,94,194,194,209,209,209,134,149,164,164,194,194,194,224,324,339,354,354,454,454,469,469,519,534,434,434,449,464,464,464,464],"floor_reached":44,"playtime":14033,"items_purged":["Doubt","Strike_B"],"score":516,"play_id":"08b0edce-d7cd-4c5d-87cc-a75fbf0a7fd5","local_time":"20201230164258","daily_mods":["Cursed Run","Diverse","DeadlyEvents"],"is_ascension_mode":false,"campfire_choices":[{"data":"Redo","floor":6,"key":"SMITH"},{"data":"Fire Breathing","floor":15,"key":"SMITH"},{"data":"Doom and Gloom","floor":24,"key":"SMITH"},{"data":"Zap","floor":27,"key":"SMITH"},{"data":"1","floor":32,"key":"LIFT"},{"data":"2","floor":40,"key":"LIFT"}],"circlet_count":0,"master_deck":["Strike_B","Strike_B","Strike_B","Defend_B","Defend_B","Defend_B","Defend_B","Zap+1","Dualcast","PiercingWail","Doom and Gloom+1","Fire Breathing+1","Redo+1","Second Wind","ThirdEye+1","DeusExMachina+1","Prepared+1","Ghostly+1","Ghostly+1","Ghostly+1","Ghostly+1","Ghostly+1","Swivel+1","Chill+1","Decay","Blasphemy+1","SandsOfTime+1","Pain","Bullet Time+1","Dark Shackles+1","Noxious Fumes+1","Parasite","Decay"],"relics":["Cursed Key","Darkstone Periapt","Du-Vu Doll","Old Coin","Meat on the Bone","Question Card","Toxic Egg 2","Bottled Flame","Empty Cage","Bottled Tornado","Pear","Eternal Feather","Letter Opener","Girya","StrikeDummy","Inserter","Ice Cream","HornCleat"],"acts_visited":["Exordium","TheCity","TheBeyond"],"potions_floor_usage":[10,10,13,16,16,16,33,33,41],"damage_taken":[{"damage":1,"enemies":"Cultist","floor":1,"turns":4},{"damage":0,"enemies":"Small Slimes","floor":2,"turns":3},{"damage":0,"enemies":"Jaw Worm","floor":3,"turns":3},{"damage":17,"enemies":"Exordium Thugs","floor":4,"turns":5},{"damage":0,"enemies":"2 Fungi Beasts","floor":5,"turns":2},{"damage":0,"enemies":"Looter","floor":7,"turns":3},{"damage":8,"enemies":"Blue Slaver","floor":8,"turns":4},{"damage":14,"enemies":"3 Sentries","floor":10,"turns":5},{"damage":1,"enemies":"3 Louse","floor":12,"turns":2},{"damage":22,"enemies":"Gremlin Nob","floor":13,"turns":4},{"damage":16,"enemies":"Large Slime","floor":14,"turns":5},{"damage":36,"enemies":"Hexaghost","floor":16,"turns":8},{"damage":22,"enemies":"Shell Parasite","floor":18,"turns":6},{"damage":8,"enemies":"3 Byrds","floor":22,"turns":8},{"damage":24,"enemies":"Snecko","floor":23,"turns":8},{"damage":20,"enemies":"Book of Stabbing","floor":25,"turns":7},{"damage":44,"enemies":"Gremlin Leader","floor":28,"turns":8},{"damage":3,"enemies":"Colosseum Slavers","floor":29,"turns":6},{"damage":4,"enemies":"Colosseum Nobs","floor":29,"turns":7},{"damage":2,"enemies":"Sentry and Sphere","floor":30,"turns":5},{"damage":3,"enemies":"Snake Plant","floor":31,"turns":5},{"damage":39,"enemies":"Collector","floor":33,"turns":8},{"damage":6,"enemies":"3 Shapes","floor":35,"turns":4},{"damage":4,"enemies":"Mind Bloom Boss Battle","floor":37,"turns":5},{"damage":2,"enemies":"Orb Walker","floor":38,"turns":5},{"damage":5,"enemies":"Writhing Mass","floor":41,"turns":5},{"damage":13,"enemies":"4 Shapes","floor":42,"turns":5},{"damage":68,"enemies":"Nemesis","floor":44,"turns":8}],"seed_played":"9091901603564859836","potions_obtained":[{"floor":4,"key":"EssenceOfSteel"},{"floor":7,"key":"Dexterity Potion"},{"floor":8,"key":"FearPotion"},{"floor":10,"key":"LiquidMemories"},{"floor":13,"key":"FearPotion"},{"floor":14,"key":"GamblersBrew"},{"floor":22,"key":"BlessingOfTheForge"},{"floor":28,"key":"PotionOfCapacity"},{"floor":29,"key":"Block Potion"},{"floor":33,"key":"Swift Potion"},{"floor":35,"key":"Strength Potion"},{"floor":41,"key":"Strength Potion"}],"is_trial":false,"path_per_floor":["M","M","M","M","M","R","M","M","T","E","$","M","E","M","R","B",null,"M","?","T","$","M","M","R","E","T","R","E","?","M","M","R","B",null,"M","?","?","M","$","R","M","M","T","E"],"character_chosen":"DEFECT","items_purchased":["Question Card","Toxic Egg 2"],"campfire_rested":0,"item_purchase_floors":[11,11],"current_hp_per_floor":[74,74,74,57,57,57,57,49,55,41,41,52,42,38,38,20,87,65,43,49,49,41,29,29,31,37,52,20,37,35,44,59,38,71,65,60,56,54,54,71,72,59,65,0,0],"gold":464,"neow_bonus":"","is_daily":true,"chose_seed":false,"campfire_upgraded":4,"win_rate":0.0,"timestamp":1609314178,"path_taken":["M","M","?","?","?","R","M","M","T","E","?","M","?","M","R","BOSS","M","?","?","$","M","M","R","?","T","R","E","?","M","M","R","BOSS","M","?","?","?","?","R","M","M","T","?"],"items_purchased_type":["Relic","Relic"],"build_version":"2020-12-22","purchased_purges":2,"victory":false,"max_hp_per_floor":[75,75,75,75,75,75,75,75,81,81,81,81,81,81,81,87,87,87,43,49,49,49,49,49,59,65,65,65,65,65,65,65,71,71,71,71,71,71,71,71,77,77,83,83,83],"card_choices":[{"not_picked":["Compile Driver","Poisoned Stab"],"picked":"PiercingWail","floor":1},{"not_picked":["EmptyFist","Havoc"],"picked":"Doom and Gloom","floor":2},{"not_picked":["Outmaneuver","Melter"],"picked":"Fire Breathing","floor":3},{"not_picked":["PathToVictory","FlyingSleeves"],"picked":"Redo","floor":4},{"not_picked":["Genetic Algorithm","CrushJoints"],"picked":"Second Wind","floor":5},{"not_picked":["Poisoned Stab","Headbutt","Barrage"],"picked":"SKIP","floor":7},{"not_picked":["Flame Barrier","Warcry","Consecrate"],"picked":"SKIP","floor":8},{"not_picked":["Outmaneuver","Slice","Quick Slash"],"picked":"SKIP","floor":10},{"not_picked":["EmptyMind+1","Heavy Blade","Vengeance+1","Crescendo+1"],"picked":"SKIP","floor":12},{"not_picked":["Hyperbeam","Thunderclap","FlurryOfBlows"],"picked":"ThirdEye+1","floor":13},{"not_picked":["LikeWater","Poisoned Stab","EmptyBody+1","Dagger Spray"],"picked":"SKIP","floor":14},{"not_picked":["Hyperbeam","Core Surge","Double Tap+1"],"picked":"DeusExMachina+1","floor":16},{"not_picked":["Prostrate+1","Carnage","Coolheaded+1"],"picked":"Prepared+1","floor":18},{"not_picked":["TalkToTheHand","Clothesline","Protect+1"],"picked":"Swivel+1","floor":22},{"not_picked":["Deflect+1","Underhanded Strike","Lockon","Crescendo+1"],"picked":"SKIP","floor":23},{"not_picked":["Cold Snap","Rebound","Fasting2"],"picked":"Chill+1","floor":25},{"not_picked":["Prepared+1","Crescendo+1","Pray+1"],"picked":"Blasphemy+1","floor":28},{"not_picked":["Sword Boomerang","Halt+1","Prostrate+1","PiercingWail+1"],"picked":"SKIP","floor":30},{"not_picked":["Underhanded Strike","Shrug It Off+1","Barrage"],"picked":"SandsOfTime+1","floor":31},{"not_picked":["MasterReality","After Image","Reboot+1"],"picked":"Bullet Time+1","floor":33},{"not_picked":["Clothesline","JustLucky","Warcry+1","Body Slam"],"picked":"SKIP","floor":35},{"not_picked":["Sadistic Nature","Swift Strike","Enlightenment+1"],"picked":"Dark Shackles+1","floor":36},{"not_picked":["SignatureMove+1","Flex+1","Blade Dance+1"],"picked":"Noxious Fumes+1","floor":38},{"not_picked":["Fasting2","Backstab+1","True Grit+1","ThirdEye+1"],"picked":"SKIP","floor":41},{"not_picked":["Rage+1","Perfected Strike+1","Gash","Sucker Punch"],"picked":"SKIP","floor":42}],"player_experience":601762,"relics_obtained":[{"floor":9,"key":"Old Coin"},{"floor":10,"key":"Meat on the Bone"},{"floor":13,"key":"Bottled Flame"},{"floor":20,"key":"Bottled Tornado"},{"floor":25,"key":"Pear"},{"floor":26,"key":"Eternal Feather"},{"floor":28,"key":"Letter Opener"},{"floor":29,"key":"Girya"},{"floor":29,"key":"StrikeDummy"},{"floor":37,"key":"Ice Cream"},{"floor":43,"key":"HornCleat"}],"event_choices":[{"damage_healed":0,"gold_gain":0,"player_choice":"Became a Ghost","damage_taken":0,"max_hp_gain":0,"max_hp_loss":44,"event_name":"Ghosts","floor":19,"gold_loss":0,"cards_obtained":["Ghostly","Ghostly","Ghostly","Ghostly","Ghostly"]},{"damage_healed":0,"gold_gain":0,"player_choice":"Fight","damage_taken":0,"max_hp_gain":0,"max_hp_loss":0,"event_name":"Colosseum","floor":29,"gold_loss":0},{"damage_healed":0,"gold_gain":0,"player_choice":"Fought Nobs","damage_taken":0,"max_hp_gain":0,"max_hp_loss":0,"event_name":"Colosseum","floor":29,"gold_loss":0},{"damage_healed":0,"gold_gain":0,"player_choice":"Memory 2","damage_taken":5,"max_hp_gain":0,"max_hp_loss":0,"event_name":"SensoryStone","floor":36,"gold_loss":0},{"damage_healed":0,"gold_gain":0,"player_choice":"Fight","damage_taken":0,"max_hp_gain":0,"max_hp_loss":0,"event_name":"MindBloom","floor":37,"gold_loss":0}],"is_beta":false,"boss_relics":[{"not_picked":["Calling Bell","Philosopher\u0027s Stone"],"picked":"Empty Cage"},{"not_picked":["Astrolabe","Runic Dome"],"picked":"Inserter"}],"items_purged_floors":[21,39],"is_endless":false,"potions_floor_spawned":[4,7,8,10,13,14,22,28,29,33,35,38,41],"killed_by":"Nemesis","ascension_level":0}}