{"host":"i0avyit1s6jb1siw","time":1609311190,"event":{"mods":["BaseMod","DeckTracker","Dota2Spire","Highlight Path","Minty Spire (QoL Compilation)","Quick Restart","Replay The Spire","StSLib","SuperFastMode"],"gold_per_floor":[113,123,48,63,75,75,75,75,75,75,102,114,148,168,168,241,241,261,278,178,196,209,209,259,284,284,319,139,139,155,174,174,251,251,261,261,301,320,62,62,77,77,77,77,77,106,125,153,170,170,170],"floor_reached":50,"playtime":1352,"items_purged":["Defend_P","Strike_P","Strike_P","Pain"],"score":1333,"play_id":"57c9a01f-3f59-4a74-a0fa-0ff08b28fd69","local_time":"20201230075310","is_ascension_mode":true,"campfire_choices":[{"data":"Eruption","floor":6.0,"key":"SMITH"},{"floor":8.0,"key":"REST"},{"data":"TalkToTheHand","floor":15.0,"key":"SMITH"},{"data":"Ragnarok","floor":23.0,"key":"SMITH"},{"data":"MentalFortress","floor":29.0,"key":"SMITH"},{"floor":32.0,"key":"REST"},{"floor":40.0,"key":"RECALL"}],"circlet_count":0,"master_deck":["AscendersBane","Strike_P","Defend_P","Defend_P","Defend_P","Eruption+1","Vigilance","CarveReality","Replay:AtTheReady","TalkToTheHand+1","EmptyFist","MentalFortress+1","Ragnarok+1","Protect","Vault","FearNoEvil"],"relics":["PureWater","Damaru","Strawberry","Dota2Spire:Desolator","Dota2Spire:DrumOfEndurance","Snecko Eye","Dota2Spire:BladeMail","Chameleon Ring","SacredBark","HornCleat","Dota2Spire:CrimsonGuard","PreservedInsect","Orichalcum"],"acts_visited":["Exordium","TheCity","TheBeyond"],"potions_floor_usage":[],"damage_taken":[{"damage":1.0,"enemies":"2 Louse","floor":1.0,"turns":4.0},{"damage":7.0,"enemies":"Cultist","floor":2.0,"turns":3.0},{"damage":18.0,"enemies":"Small Slimes","floor":4.0,"turns":6.0},{"damage":10.0,"enemies":"Red Slaver","floor":5.0,"turns":3.0},{"damage":12.0,"enemies":"Replay:BlueRogue","floor":11.0,"turns":4.0},{"damage":0.0,"enemies":"Large Slime","floor":12.0,"turns":2.0},{"damage":0.0,"enemies":"Gremlin Nob","floor":13.0,"turns":2.0},{"damage":0.0,"enemies":"Looter","floor":14.0,"turns":2.0},{"damage":24.0,"enemies":"Hexaghost","floor":16.0,"turns":10.0},{"damage":1.0,"enemies":"2 Thieves","floor":18.0,"turns":2.0},{"damage":8.0,"enemies":"Shell Parasite","floor":19.0,"turns":2.0},{"damage":12.0,"enemies":"Snake Plant","floor":21.0,"turns":4.0},{"damage":0.0,"enemies":"Chosen and Byrds","floor":22.0,"turns":5.0},{"damage":2.0,"enemies":"Gremlin Leader","floor":25.0,"turns":5.0},{"damage":10.0,"enemies":"Replay:Snechameleon","floor":27.0,"turns":4.0},{"damage":0.0,"enemies":"3 Cultists","floor":30.0,"turns":3.0},{"damage":6.0,"enemies":"Snake Plant","floor":31.0,"turns":4.0},{"damage":0.0,"enemies":"Champ","floor":33.0,"turns":8.0},{"damage":0.0,"enemies":"Orb Walker","floor":35.0,"turns":3.0},{"damage":1.0,"enemies":"3 Shapes","floor":38.0,"turns":4.0},{"damage":0.0,"enemies":"Maw","floor":41.0,"turns":8.0},{"damage":51,"enemies":"Giant Head","floor":46,"turns":10},{"damage":0,"enemies":"4 Shapes","floor":47,"turns":6},{"damage":0,"enemies":"R_Hoarder","floor":48,"turns":6},{"damage":0,"enemies":"Spire Growth","floor":49,"turns":3},{"damage":38,"enemies":"Giant Head","floor":50,"turns":7}],"seed_played":"7694295256867478026","potions_obtained":[{"floor":4.0,"key":"Dexterity Potion"},{"floor":12.0,"key":"Toxic Potion"},{"floor":14.0,"key":"PowerPotion"},{"floor":21.0,"key":"Swift Potion"},{"floor":25.0,"key":"Block Potion"},{"floor":44.0,"key":"Doom Potion"},{"floor":44.0,"key":"Dexterity Potion"},{"floor":48,"key":"Strength Potion"}],"is_trial":false,"path_per_floor":["M","M","$","M","M","R","?","R","T","?","E","M","E","M","R","B",null,"M","M","$","M","M","R","?","E","T","E","$","R","M","M","R","B",null,"M","?","?","M","$","R","M","PTL","PTL","R","T","E","M","E","M","E"],"character_chosen":"WATCHER","items_purchased":["Dota2Spire:HealingSalve","Fruit Juice"],"campfire_rested":2,"item_purchase_floors":[28,39],"current_hp_per_floor":[60,53,53,35,25,25,25,45,52,52,40,40,40,40,40,16,60,59,51,51,39,39,39,32,30,30,20,20,20,20,14,36,57,71,71,71,71,70,70,70,70,70,70,85,85,34,34,38,38,0,0],"gold":170,"neow_bonus":"RANDOM_COMMON_RELIC","is_daily":false,"chose_seed":false,"campfire_upgraded":4,"win_rate":0.0,"timestamp":1609311190,"path_taken":["M","M","$","M","M","R","?","R","T","?","E","?","E","M","R","BOSS","M","M","$","M","M","R","?","E","T","E","$","R","M","?","R","BOSS","M","?","?","M","$","R","M","PTL","PTL","R","T","E","M","E","M","E"],"items_purchased_type":["Potion","Potion"],"build_version":"2020-12-22","purchased_purges":4,"victory":false,"max_hp_per_floor":[68,68,68,68,68,68,68,68,75,75,75,75,75,75,75,75,75,75,75,75,75,75,75,75,75,75,75,75,75,75,75,75,75,75,75,75,75,75,75,75,75,75,75,90,90,90,90,90,90,90,90],"card_choices":[{"not_picked":["JustLucky","Halt","Fasting2"],"picked":"SKIP","floor":1.0},{"not_picked":["LikeWater","Fasting2","Replay:DivineShield"],"picked":"SKIP","floor":2.0},{"not_picked":["FlyingSleeves","Replay:BluntJabs"],"picked":"CarveReality","floor":4.0},{"not_picked":["WheelKick","JustLucky","LikeWater"],"picked":"SKIP","floor":5.0},{"not_picked":["WaveOfTheHand","CarveReality"],"picked":"TalkToTheHand","floor":11.0},{"not_picked":["Replay:Anticipation","Halt"],"picked":"EmptyFist","floor":12.0},{"not_picked":["Protect","CutThroughFate","CrushJoints"],"picked":"SKIP","floor":13.0},{"not_picked":["PathToVictory","Blasphemy"],"picked":"MentalFortress","floor":14.0},{"not_picked":["Scrawl","Blasphemy"],"picked":"Ragnarok","floor":16.0},{"not_picked":["ThirdEye","EmptyBody","Replay:ManipulateFuture+1"],"picked":"SKIP","floor":18.0},{"not_picked":["Consecrate","JustLucky","Replay:Battleflow"],"picked":"SKIP","floor":19.0},{"not_picked":["BowlingBash","Consecrate+1","Sanctity"],"picked":"SKIP","floor":21.0},{"not_picked":["SashWhip","Pray","Consecrate+1"],"picked":"SKIP","floor":22.0},{"not_picked":["DeusExMachina","Replay:Hum","MentalFortress"],"picked":"SKIP","floor":25.0},{"not_picked":["CrushJoints","JustLucky","ConjureBlade"],"picked":"SKIP","floor":27.0},{"not_picked":["Crescendo","Protect","JustLucky"],"picked":"SKIP","floor":30.0},{"not_picked":["Crescendo","JustLucky"],"picked":"Protect","floor":30.0},{"not_picked":["Replay:ManipulateFuture","WaveOfTheHand","WindmillStrike"],"picked":"SKIP","floor":31.0},{"not_picked":["Alpha","DeusExMachina"],"picked":"Vault","floor":33.0},{"not_picked":["SandsOfTime","FollowUp+1","Consecrate"],"picked":"SKIP","floor":35.0},{"not_picked":["Replay:ManipulateFuture","PathToVictory+1","EmptyBody+1"],"picked":"SKIP","floor":38.0},{"not_picked":["WindmillStrike","Consecrate","Nirvana"],"picked":"SKIP","floor":41.0},{"not_picked":["EmptyMind","CrushJoints","SashWhip"],"picked":"SKIP","floor":46},{"not_picked":["FollowUp","Weave+1"],"picked":"FearNoEvil","floor":47},{"not_picked":["Crescendo","Consecrate","ThirdEye"],"picked":"SKIP","floor":48},{"not_picked":["Nirvana","SandsOfTime","Weave"],"picked":"SKIP","floor":49}],"player_experience":2137839,"relics_obtained":[{"floor":9.0,"key":"Strawberry"},{"floor":11.0,"key":"Dota2Spire:Desolator"},{"floor":13.0,"key":"Dota2Spire:DrumOfEndurance"},{"floor":25.0,"key":"Dota2Spire:BladeMail"},{"floor":27.0,"key":"Chameleon Ring"},{"floor":37.0,"key":"HornCleat"},{"floor":45.0,"key":"Dota2Spire:CrimsonGuard"},{"floor":46,"key":"PreservedInsect"},{"floor":48,"key":"Orichalcum"}],"event_choices":[{"damage_healed":0.0,"max_hp_gain":0.0,"max_hp_loss":0.0,"gold_gain":0.0,"event_name":"Liars Game","player_choice":"Ignored","floor":7.0,"gold_loss":0.0,"damage_taken":0.0},{"damage_healed":0.0,"max_hp_gain":0.0,"max_hp_loss":0.0,"gold_gain":0.0,"cards_transformed":["Strike_P"],"event_name":"Transmorgrifier","player_choice":"Transformed","floor":10.0,"gold_loss":0.0,"damage_taken":0.0,"cards_obtained":["Replay:AtTheReady"]},{"damage_healed":0.0,"max_hp_gain":0.0,"max_hp_loss":0.0,"gold_gain":50.0,"event_name":"FaceTrader","player_choice":"Touch","floor":24.0,"gold_loss":0.0,"damage_taken":7.0},{"damage_healed":0.0,"max_hp_gain":0.0,"max_hp_loss":0.0,"gold_gain":0.0,"event_name":"Tomb of Lord Red Mask","player_choice":"Ignored","floor":36.0,"gold_loss":0.0,"damage_taken":0.0}],"is_beta":false,"boss_relics":[{"not_picked":["Replay:Ancient Bell","Astrolabe"],"picked":"Snecko Eye"},{"not_picked":["Abe\u0027s Treasure","Coffee Dripper"],"picked":"SacredBark"}],"items_purged_floors":[3,20,28,39],"is_endless":false,"potions_floor_spawned":[4,12,14,21,25,30,47,48,49],"killed_by":"Giant Head","ascension_level":20}}