{"host":"yp47u74hk6n79vj1","time":1609366688,"event":{"mods":["BaseMod","Colored Map","Highlight Path","Minty Spire (QoL Compilation)"],"gold_per_floor":[212,287,287,212,287,287,312,4,29,42,58,58,58,86,86,182,182,202,212,226,245,245,278,289,289,338,379,402,446,458,485,497,610,622,650,677,564,583,1,32,82,110,110,121,168,188,188,205,205,205,205,205,55,86,86,86],"floor_reached":55,"playtime":2788,"items_purged":["Bash","Defend_R","Strike_R","Strike_R","Strike_R"],"score":836,"play_id":"9e254851-7f73-4699-a0b9-d5e59a57101c","local_time":"20201230171808","is_ascension_mode":true,"campfire_choices":[{"data":"Shrug It Off","floor":6,"key":"SMITH"},{"data":"Apotheosis","floor":12,"key":"SMITH"},{"floor":15,"key":"RECALL"},{"data":"Ghostly Armor","floor":30,"key":"SMITH"},{"floor":32,"key":"REST"},{"floor":49,"key":"REST"},{"data":"Inflame","floor":52,"key":"SMITH"}],"circlet_count":0,"master_deck":["Strike_R","Defend_R+1","Defend_R","Defend_R","Shrug It Off+1","Fire Breathing","Apotheosis+1","Inflame+1","Battle Trance+1","Cleave","Body Slam+1","Juggernaut","Ghostly Armor+1","Shrug It Off","Spot Weakness+1"],"relics":["Burning Blood","Bird Faced Urn","Toy Ornithopter","Vajra","Busted Crown","Turnip","MawBank","TungstenRod","Orichalcum","Black Star","Gambling Chip","Lee\u0027s Waffle","Centennial Puzzle","Smiling Mask","Incense Burner","Bronze Scales","Gremlin Horn","Lizard Tail","Pantograph","War Paint"],"acts_visited":["Exordium","TheCity","TheBeyond","TheEnding"],"potions_floor_usage":[7,21,27,33,40,41,44,45,45,45,55,55,55],"damage_taken":[{"damage":3,"enemies":"Small Slimes","floor":1,"turns":3},{"damage":41,"enemies":"Gremlin Nob","floor":7,"turns":5},{"damage":0,"enemies":"2 Louse","floor":10,"turns":3},{"damage":4,"enemies":"Jaw Worm","floor":11,"turns":4},{"damage":1,"enemies":"3 Sentries","floor":14,"turns":4},{"damage":7,"enemies":"The Guardian","floor":16,"turns":10},{"damage":0,"enemies":"Spheric Guardian","floor":18,"turns":4},{"damage":7,"enemies":"Chosen","floor":19,"turns":4},{"damage":0,"enemies":"Centurion and Healer","floor":20,"turns":7},{"damage":4,"enemies":"Chosen and Byrds","floor":21,"turns":4},{"damage":28,"enemies":"Gremlin Leader","floor":23,"turns":6},{"damage":24,"enemies":"Snake Plant","floor":24,"turns":3},{"damage":8,"enemies":"Book of Stabbing","floor":27,"turns":6},{"damage":11,"enemies":"Shelled Parasite and Fungi","floor":28,"turns":5},{"damage":39,"enemies":"Slavers","floor":29,"turns":6},{"damage":11,"enemies":"Snecko","floor":31,"turns":6},{"damage":68,"enemies":"Automaton","floor":33,"turns":10},{"damage":23,"enemies":"3 Darklings","floor":35,"turns":6},{"damage":0,"enemies":"3 Shapes","floor":36,"turns":4},{"damage":15,"enemies":"Maw","floor":38,"turns":8},{"damage":53,"enemies":"Giant Head","floor":40,"turns":10},{"damage":4,"enemies":"Mind Bloom Boss Battle","floor":41,"turns":7},{"damage":65,"enemies":"Nemesis","floor":42,"turns":9},{"damage":7,"enemies":"Spire Growth","floor":44,"turns":5},{"damage":12,"enemies":"2 Orb Walkers","floor":45,"turns":4},{"damage":17,"enemies":"3 Darklings","floor":46,"turns":3},{"damage":4,"enemies":"4 Shapes","floor":48,"turns":5},{"damage":35,"enemies":"Donu and Deca","floor":50,"turns":9},{"damage":56,"enemies":"Shield and Spear","floor":54,"turns":8},{"damage":138,"enemies":"The Heart","floor":55,"turns":12}],"seed_played":"-1558309820015209643","potions_obtained":[{"floor":1,"key":"Fire Potion"},{"floor":10,"key":"BloodPotion"},{"floor":16,"key":"Weak Potion"},{"floor":19,"key":"HeartOfIron"},{"floor":20,"key":"BlessingOfTheForge"},{"floor":27,"key":"AttackPotion"},{"floor":31,"key":"FearPotion"},{"floor":33,"key":"BloodPotion"},{"floor":40,"key":"Explosive Potion"},{"floor":42,"key":"Explosive Potion"},{"floor":44,"key":"PowerPotion"},{"floor":48,"key":"BlessingOfTheForge"}],"is_trial":false,"path_per_floor":["M","?","?","$","?","R","E","$","T","M","M","R","?","E","R","B",null,"M","M","M","M","?","E","M","?","T","E","M","E","R","M","R","B",null,"M","M","$","M","$","E","?","E","T","M","?","M","?","M","R","B",null,"R","$","E","B"],"character_chosen":"IRONCLAD","items_purchased":["Apotheosis","Inflame","Gambling Chip","Lee\u0027s Waffle","Dexterity Potion","SkillPotion"],"campfire_rested":2,"item_purchase_floors":[8,8,39,39,53,53],"current_hp_per_floor":[80,69,74,74,66,66,31,31,31,41,47,47,47,56,56,59,85,85,85,85,85,85,69,55,55,55,81,82,53,53,54,79,23,85,71,83,83,76,92,54,85,32,32,42,57,52,52,60,87,64,92,92,92,44,0,0],"gold":86,"neow_bonus":"HUNDRED_GOLD","is_daily":false,"chose_seed":false,"campfire_upgraded":4,"win_rate":0.0,"timestamp":1609366688,"path_taken":["M","?","?","$","?","R","E","$","T","?","M","R","?","E","R","BOSS","M","?","M","M","?","E","?","?","T","E","M","E","R","M","R","BOSS","M","M","$","M","$","E","?","E","T","M","?","M","?","M","R","BOSS","R","$","E","BOSS"],"items_purchased_type":["Card","Card","Relic","Relic","Potion","Potion"],"build_version":"2020-12-22","purchased_purges":5,"victory":false,"max_hp_per_floor":[80,80,85,85,85,85,85,85,85,85,85,85,85,85,85,85,85,85,85,85,85,85,85,85,85,85,85,85,85,85,85,85,85,85,85,85,85,85,92,92,92,92,92,92,92,92,92,92,92,92,92,92,92,92,92,92],"card_choices":[{"not_picked":["Ghostly Armor","Blood for Blood"],"picked":"Shrug It Off","floor":1},{"not_picked":["Headbutt","Twin Strike"],"picked":"Fire Breathing","floor":7},{"not_picked":["Wild Strike","Anger"],"picked":"Battle Trance","floor":10},{"not_picked":["Twin Strike","Uppercut"],"picked":"Cleave","floor":11},{"not_picked":["Reckless Charge","Feel No Pain"],"picked":"Body Slam","floor":14},{"not_picked":["Offering","Corruption"],"picked":"Juggernaut","floor":16},{"not_picked":["Sword Boomerang"],"picked":"SKIP","floor":18},{"not_picked":["Body Slam"],"picked":"SKIP","floor":19},{"not_picked":["Clothesline+1"],"picked":"SKIP","floor":20},{"not_picked":["Anger"],"picked":"SKIP","floor":21},{"not_picked":[],"picked":"Ghostly Armor","floor":23},{"not_picked":["Warcry"],"picked":"SKIP","floor":24},{"not_picked":["Infernal Blade+1"],"picked":"SKIP","floor":27},{"not_picked":["Pommel Strike"],"picked":"SKIP","floor":28},{"not_picked":["Feel No Pain"],"picked":"SKIP","floor":29},{"not_picked":["Twin Strike"],"picked":"SKIP","floor":31},{"not_picked":["Twin Strike"],"picked":"SKIP","floor":35},{"not_picked":["Body Slam"],"picked":"SKIP","floor":36},{"not_picked":[],"picked":"Shrug It Off","floor":38},{"not_picked":["Clash"],"picked":"SKIP","floor":40},{"not_picked":["Clothesline"],"picked":"SKIP","floor":42},{"not_picked":["Headbutt+1"],"picked":"SKIP","floor":44},{"not_picked":[],"picked":"Spot Weakness","floor":46},{"not_picked":["True Grit"],"picked":"SKIP","floor":48},{"not_picked":["Intimidate"],"picked":"SKIP","floor":54}],"player_experience":584023,"relics_obtained":[{"floor":7,"key":"Bird Faced Urn"},{"floor":9,"key":"Toy Ornithopter"},{"floor":14,"key":"Vajra"},{"floor":23,"key":"Turnip"},{"floor":26,"key":"MawBank"},{"floor":27,"key":"TungstenRod"},{"floor":29,"key":"Orichalcum"},{"floor":40,"key":"Centennial Puzzle"},{"floor":40,"key":"Smiling Mask"},{"floor":41,"key":"Incense Burner"},{"floor":42,"key":"Bronze Scales"},{"floor":42,"key":"Gremlin Horn"},{"floor":45,"key":"Lizard Tail"},{"floor":54,"key":"Pantograph"},{"floor":54,"key":"War Paint"}],"event_choices":[{"damage_healed":0,"gold_gain":75,"player_choice":"Gather Gold","damage_taken":11,"max_hp_gain":0,"max_hp_loss":0,"event_name":"World of Goop","floor":2,"gold_loss":0},{"damage_healed":0,"gold_gain":0,"player_choice":"Donut","damage_taken":0,"max_hp_gain":5,"max_hp_loss":0,"event_name":"Big Fish","floor":3,"gold_loss":0},{"damage_healed":0,"gold_gain":75,"player_choice":"Touch","damage_taken":8,"max_hp_gain":0,"max_hp_loss":0,"event_name":"FaceTrader","floor":5,"gold_loss":0},{"damage_healed":0,"gold_gain":0,"player_choice":"Forge","damage_taken":0,"max_hp_gain":0,"max_hp_loss":0,"event_name":"Accursed Blacksmith","floor":13,"gold_loss":0,"cards_upgraded":["Battle Trance"]},{"damage_healed":0,"gold_gain":0,"player_choice":"Upgraded","damage_taken":0,"max_hp_gain":0,"max_hp_loss":0,"event_name":"Upgrade Shrine","floor":22,"gold_loss":0,"cards_upgraded":["Body Slam"]},{"damage_healed":0,"gold_gain":0,"player_choice":"Ignored","damage_taken":0,"max_hp_gain":0,"max_hp_loss":0,"event_name":"Ghosts","floor":25,"gold_loss":0},{"damage_healed":0,"gold_gain":0,"player_choice":"Fight","damage_taken":0,"max_hp_gain":0,"max_hp_loss":0,"event_name":"MindBloom","floor":41,"gold_loss":0},{"damage_healed":0,"gold_gain":0,"player_choice":"Fight","damage_taken":0,"max_hp_gain":0,"max_hp_loss":0,"event_name":"Mysterious Sphere","floor":45,"gold_loss":0},{"cards_removed":["Strike_R"],"damage_healed":0,"gold_gain":0,"player_choice":"Removed Attack","damage_taken":0,"max_hp_gain":0,"max_hp_loss":0,"event_name":"Falling","floor":47,"gold_loss":0}],"is_beta":false,"boss_relics":[{"not_picked":["Tiny House","Velvet Choker"],"picked":"Busted Crown"},{"not_picked":["Black Blood","Pandora\u0027s Box"],"picked":"Black Star"}],"items_purged_floors":[4,8,37,39,53],"is_endless":false,"potions_floor_spawned":[1,10,16,19,20,27,31,33,40,42,44,48,54],"killed_by":"The Heart","ascension_level":1}}