{"host":"dagvx55digg5grxl","time":1609327369,"event":{"mods":["2.2 Compatiblity","ATMod(°¢èªMod)","Act Like it!","Ascension Reborn","BaseMod","Block Reminder","Card Filter","Colored Powertips","Custom Start","Defuse TimeMaze Blight","Downfall","Gensokyo","Highlight Path","Koishi","KomeijiMod","Luminous","Marisa£¨ìFÓê¡¡Ä§ÀíÉ³£©","Minty Spire (QoL Compilation)","MostiFishMod","Rare Cards Sparkle","Reimu£¨²©ÀöÁéÃÎ£©","Relic Sorter","Relic Stats","Remilia£¨ÀÙÃ×ÀòÑÇ£©","Replay The Spire","RumiaBox-Â¶Ã×æ«µÄÉñÃØºÐ×Ó","StSLib","TestMod","The Animator","The Bug Knight","Uncapped","UnlockEverythingMod","Waifu the Spire","Youmu£¨»êÆÇÑýÃÎ£©","noobMod","vexMod"],"gold_per_floor":[99,116,9,9,25,25,25,25,10,184,212,255,105,152,175,286,286,286,304,554,353,192,218,218,218,503,529,560,587,587,610,629,740,740,740,750,760,760,778,778,829,992,992,1021,1040,933,933,947,973,995],"floor_reached":51,"playtime":1925,"items_purged":[],"score":846,"play_id":"8fb0a2d0-dd7a-4b16-b3a6-ced4f52bcf0a","local_time":"20201230192249","is_ascension_mode":true,"campfire_choices":[{"floor":1,"key":"RECALL"},{"data":"expansioncontent:DashGenerateEvil","floor":6,"key":"SMITH"},{"data":"hexamod:FastForward","floor":8,"key":"SMITH"},{"data":"hexamod:FastForward","floor":13,"key":"SMITH"},{"data":"hexamod:Incineration","floor":18,"key":"SMITH"},{"floor":25,"key":"REST"},{"data":"hexamod:StepThrough","floor":30,"key":"SMITH"},{"floor":35,"key":"DIG"},{"data":"hexamod:Rewind","floor":43,"key":"SMITH"},{"data":"hexamod:Float","floor":47,"key":"SMITH"}],"circlet_count":0,"master_deck":["hexamod:Strike","hexamod:Strike","hexamod:Strike","hexamod:Strike","hexamod:Defend","hexamod:Defend","hexamod:Defend","hexamod:Defend","hexamod:Sear","hexamod:Float+1","expansioncontent:DashGenerateEvil+1","AT_WaterDrop+1","hexamod:FlamesFromBeyond","hexamod:Incineration+1","hexamod:FastForward+1","hexamod:SecondSeal","hexamod:ApocalypticArmor+1","hexamod:FastForward+1","hexamod:SpectralAdrenaline","ReplayTheSpireMod:Splinters","hexamod:Incineration+1","hexamod:GhostflameInferno+1","hexamod:GiftsFromTheDead+1","hexamod:EtherealExpedition+1","hexamod:ThermalTransfer+1","testmod-EternalityOfKhronos+1","hexamod:GhostflameBarrier+1","hexamod:StepThrough+1","hexamod:AdvancingGuard+1","hexamod:BurningTouch+1","hexamod:UnlimitedPower+1","hexamod:Rewind+1","hexamod:ApocalypseNow+1","hexamod:FastForward+1","hexamod:InspiringFlames+1","hexamod:SoulSteal+1","hexamod:BurningTouch+1","hexamod:Hexaguard+1","Gensokyo:ScrapIron","Gensokyo:RustyChest","Gensokyo:Shovel","hexamod:ShieldOfDarkness+1","hexamod:CatchUp+1"],"relics":["hexamod:SpiritBrand","DaveBox","AT_ATBox","ice","testmod-TestBox","testmod-Brilliant","BrkXgEgg","Dream Catcher","testmod-BalancedPeriapt","downfall:HeartBlessingRed","downfall:HeartBlessingBlue","Pear","testmod-Fanaticism","Pet Ghost","Akabeko","vexMod:FocusSash","hexamod:InflammatoryLetter","HereWithMe","Iron Hammer","StoneCalendar","Dodecahedron","Happy Flower","testmod-Acrobat"],"acts_visited":["Gensokyo:Gensokyo","Gensokyo:Gensokyoer","Gensokyo:Gensokyoest"],"potions_floor_usage":[12,16,21,21,33,33,44,49,50,50,50,50],"damage_taken":[{"damage":0,"enemies":"Gensokyo:Gryphon","floor":2,"turns":3},{"damage":7,"enemies":"Gensokyo:3_Fairies","floor":5,"turns":5},{"damage":4,"enemies":"downfall:FleeingMerchant","floor":9,"turns":4},{"damage":6,"enemies":"Gensokyo:Python","floor":10,"turns":5},{"damage":4,"enemies":"Gensokyo:3_Kodama","floor":11,"turns":2},{"damage":0,"enemies":"Gensokyo:Cirno","floor":12,"turns":4},{"damage":12,"enemies":"Gensokyo:Kitsune","floor":15,"turns":3},{"damage":14,"enemies":"downfall:Ironclad","floor":16,"turns":6},{"damage":17,"enemies":"Gensokyo:AngelMirror","floor":19,"turns":3},{"damage":17,"enemies":"downfall:FleeingMerchant","floor":21,"turns":4},{"damage":30,"enemies":"Gensokyo:3_Dogs","floor":23,"turns":3},{"damage":13,"enemies":"Gensokyo:Koishi","floor":26,"turns":7},{"damage":20,"enemies":"Gensokyo:Swordslinger","floor":27,"turns":2},{"damage":0,"enemies":"Gensokyo:Reisen","floor":28,"turns":3},{"damage":0,"enemies":"Gensokyo:3_Gloops","floor":29,"turns":2},{"damage":0,"enemies":"Gensokyo:Chomper_and_Gloop","floor":31,"turns":2},{"damage":29,"enemies":"Gensokyo:Wraith","floor":32,"turns":2},{"damage":17,"enemies":"downfall:Watcher","floor":33,"turns":4},{"damage":0,"enemies":"Gensokyo:AncientGuardian","floor":36,"turns":2},{"damage":0,"enemies":"Gensokyo:3_Bats","floor":37,"turns":1},{"damage":0,"enemies":"Gensokyo:AtlasGolem","floor":39,"turns":3},{"damage":0,"enemies":"Gensokyo:SeedOfUnknown","floor":42,"turns":3},{"damage":0,"enemies":"Gensokyo:Kasen","floor":44,"turns":1},{"damage":0,"enemies":"Gensokyo:3_Boulders","floor":45,"turns":1},{"damage":0,"enemies":"Gensokyo:Dusk_and_Dawn","floor":48,"turns":1},{"damage":35,"enemies":"Gensokyo:SeedOfUnknown","floor":49,"turns":4},{"damage":26,"enemies":"downfall:Defect","floor":50,"turns":6}],"seed_played":"7897260772121720528","potions_obtained":[{"floor":11,"key":"BlessingOfTheForge"},{"floor":15,"key":"Fire Potion"},{"floor":16,"key":"Milkshake"},{"floor":19,"key":"DistilledChaos"},{"floor":27,"key":"PowerPotion"},{"floor":28,"key":"AttackPotion"},{"floor":36,"key":"Fire Potion"},{"floor":42,"key":"DistilledChaos"},{"floor":48,"key":"hexamod:EctoCoolerPotion"}],"is_trial":false,"path_per_floor":["R","M","COS","?","M","R","T","R","$","M","M","E","R","?","M","B",null,"R","M","?","$","COS","M","T","R","E","M","E","M","R","M","M","B",null,"R","M","M","?","M","?","T","M","R","E","M","COS","R","M","M","B",null],"character_chosen":"THE_SPIRIT","items_purchased":["testmod-EternalityOfKhronos+1"],"campfire_rested":1,"item_purchase_floors":[21],"current_hp_per_floor":[70,70,70,70,63,63,63,63,59,53,49,49,70,70,58,44,70,70,63,59,49,49,26,26,47,39,37,37,37,37,37,20,15,70,70,70,70,70,70,70,70,70,70,70,70,70,70,70,51,70],"gold":995,"neow_bonus":"COLORLESS_CARD","is_daily":false,"chose_seed":false,"campfire_upgraded":7,"win_rate":0.0,"timestamp":1609327369,"path_taken":["R","M","COS","?","M","R","T","R","$","M","M","E","R","?","M","BOSS","R","M","?","?","COS","M","T","R","E","M","E","M","R","M","M","BOSS","R","M","M","?","M","?","T","M","R","E","M","COS","R","M","M","BOSS"],"items_purchased_type":["Card"],"build_version":"2020-12-22","purchased_purges":0,"victory":true,"max_hp_per_floor":[70,70,70,70,70,70,70,70,70,70,70,70,70,70,70,70,70,70,70,70,70,70,70,70,70,70,70,70,70,70,70,70,70,70,70,70,70,70,70,70,70,70,70,70,70,70,70,70,70,70],"relic_stats":{"Dream Catcher":1,"Happy Flower":[5],"counters":[27,86],"StoneCalendar":[52],"obtain_stats":[{"testmod-TestBox":0,"AT_ATBox":0,"Pear":14,"DaveBox":0,"downfall:HeartBlessingRed":13,"Dodecahedron":40,"Happy Flower":41,"StoneCalendar":39,"BrkXgEgg":0,"hexamod:InflammatoryLetter":28,"ice":0,"vexMod:FocusSash":26,"Pet Ghost":24,"Akabeko":26,"testmod-Brilliant":0,"testmod-Fanaticism":17,"Frozen Eye":26,"Dream Catcher":9,"downfall:HeartBlessingBlue":13,"testmod-Acrobat":44,"HereWithMe":34,"Iron Hammer":35,"testmod-BalancedPeriapt":12,"hexamod:SpiritBrand":0},{"testmod-TestBox":0,"AT_ATBox":0,"Pear":6,"DaveBox":0,"downfall:HeartBlessingRed":6,"Dodecahedron":21,"Happy Flower":21,"StoneCalendar":21,"BrkXgEgg":0,"hexamod:InflammatoryLetter":14,"ice":0,"vexMod:FocusSash":12,"Pet Ghost":11,"Akabeko":12,"testmod-Brilliant":0,"testmod-Fanaticism":8,"Frozen Eye":11,"Dream Catcher":3,"downfall:HeartBlessingBlue":6,"testmod-Acrobat":23,"HereWithMe":18,"Iron Hammer":18,"testmod-BalancedPeriapt":6,"hexamod:SpiritBrand":0},{"testmod-TestBox":0,"AT_ATBox":0,"Pear":23,"DaveBox":0,"downfall:HeartBlessingRed":23,"Dodecahedron":70,"Happy Flower":70,"StoneCalendar":69,"BrkXgEgg":0,"hexamod:InflammatoryLetter":54,"ice":0,"vexMod:FocusSash":49,"Pet Ghost":42,"Akabeko":45,"testmod-Brilliant":0,"testmod-Fanaticism":32,"Frozen Eye":42,"Dream Catcher":10,"downfall:HeartBlessingBlue":23,"testmod-Acrobat":74,"HereWithMe":64,"Iron Hammer":64,"testmod-BalancedPeriapt":23,"hexamod:SpiritBrand":0}]},"card_choices":[{"not_picked":["hexamod:BacktrackSmack","hexamod:ThermalTransfer"],"picked":"hexamod:FlamesFromBeyond","floor":2},{"not_picked":["hexamod:Haunt+1","hexamod:HauntingEcho+1"],"picked":"hexamod:Incineration+1","floor":5},{"not_picked":["hexamod:NightmareGuise","hexamod:SpectralAdrenaline"],"picked":"hexamod:FastForward","floor":5},{"not_picked":["hexamod:Again","hexamod:BacktrackSmack"],"picked":"hexamod:SecondSeal","floor":9},{"not_picked":["hexamod:ExtraCrispy","hexamod:AdvancingGuard"],"picked":"hexamod:ApocalypticArmor+1","floor":10},{"not_picked":["hexamod:InspiringFlames","hexamod:SkipABeat"],"picked":"hexamod:FastForward","floor":11},{"not_picked":["hexamod:RecurringNightmare","hexamod:GhostShield"],"picked":"hexamod:SpectralAdrenaline","floor":12},{"not_picked":["hexamod:RainOfEmbers","hexamod:GhostShield"],"picked":"hexamod:Incineration","floor":14},{"not_picked":["hexamod:StepThrough","hexamod:Hexaguard"],"picked":"hexamod:GhostflameInferno+1","floor":15},{"not_picked":["hexamod:ApocalypseNow+1","hexamod:SearingWound+1"],"picked":"hexamod:GiftsFromTheDead+1","floor":16},{"not_picked":["hexamod:ExtraCrispy","hexamod:SpectersWail"],"picked":"hexamod:EtherealExpedition+1","floor":19},{"not_picked":["hexamod:SkipABeat","hexamod:GhostLash"],"picked":"hexamod:ThermalTransfer+1","floor":21},{"not_picked":["hexamod:PhantomCloak","hexamod:SpectralSpark","hexamod:SoulSteal"],"picked":"SKIP","floor":23},{"not_picked":["hexamod:BurningTouch","hexamod:ShieldOfDarkness"],"picked":"hexamod:GhostflameBarrier+1","floor":25},{"not_picked":["hexamod:GhostOfSpirePresent","hexamod:SwordOfDarkness"],"picked":"hexamod:StepThrough","floor":26},{"not_picked":["hexamod:NightmareGuise+1","hexamod:Firestarter"],"picked":"hexamod:AdvancingGuard+1","floor":27},{"not_picked":["hexamod:GhostShield","hexamod:SwordOfDarkness+1"],"picked":"hexamod:BurningTouch+1","floor":28},{"not_picked":["hexamod:ShieldOfDarkness","hexamod:Again","hexamod:GhostShield"],"picked":"SKIP","floor":29},{"not_picked":["hexamod:GhostLash+1","hexamod:StepThrough"],"picked":"hexamod:UnlimitedPower+1","floor":31},{"not_picked":["hexamod:GhostOfSpireFuture","hexamod:BacktrackSmack"],"picked":"hexamod:Rewind","floor":32},{"not_picked":["hexamod:SearingWound+1","hexamod:ApocalypticArmor+1"],"picked":"hexamod:ApocalypseNow+1","floor":33},{"not_picked":["hexamod:Rewind","hexamod:BacktrackSmack+1"],"picked":"hexamod:FastForward+1","floor":36},{"not_picked":["hexamod:NightmareGuise+1","hexamod:SpectralAdrenaline"],"picked":"hexamod:InspiringFlames+1","floor":37},{"not_picked":["hexamod:GhostflameBarrier","hexamod:HauntingEcho+1"],"picked":"hexamod:SoulSteal+1","floor":39},{"not_picked":["hexamod:RainOfEmbers","hexamod:PhantomFireball","hexamod:BurningTouch"],"picked":"SKIP","floor":42},{"not_picked":["hexamod:ShieldOfDarkness","hexamod:SecondSeal"],"picked":"hexamod:BurningTouch+1","floor":44},{"not_picked":["hexamod:ShieldOfDarkness","hexamod:Haunt"],"picked":"hexamod:Hexaguard+1","floor":45},{"not_picked":["hexamod:InspiringFlames","hexamod:AdvancingGuard"],"picked":"hexamod:ShieldOfDarkness+1","floor":48},{"not_picked":["hexamod:GhostLash","hexamod:GhostOfSpireFuture"],"picked":"hexamod:CatchUp+1","floor":49}],"player_experience":406643,"relics_obtained":[{"floor":12,"key":"testmod-BalancedPeriapt"},{"floor":14,"key":"Pear"},{"floor":24,"key":"Pet Ghost"},{"floor":26,"key":"vexMod:FocusSash"},{"floor":28,"key":"hexamod:InflammatoryLetter"},{"floor":35,"key":"Iron Hammer"},{"floor":41,"key":"Happy Flower"},{"floor":44,"key":"testmod-Acrobat"}],"event_choices":[{"damage_healed":0,"gold_gain":0,"player_choice":"Swap Relic","damage_taken":0,"relics_obtained":["DaveBox"],"max_hp_gain":0,"max_hp_loss":0,"event_name":"¸ø×Ô¼ºµÄºÐ×Ó","floor":40,"relics_lost":["DaveBox"],"gold_loss":0}],"is_beta":false,"boss_relics":[{"not_picked":["Replay:Bronze Core","Calling Bell"],"picked":"testmod-Fanaticism"},{"not_picked":["GreenFoldingFan","ExusiaiGun"],"picked":"HereWithMe"}],"items_purged_floors":[],"is_endless":false,"potions_floor_spawned":[11,15,16,19,27,28,32,36,42,48],"ascension_level":0}}