{"host":"tmf10eeko6je6wes","time":1609370630,"event":{"mods":["AchievementEnabler","BaseMod","Colored Map","Colored Powertips","DeckTracker","Highlight Path","Minty Spire (QoL Compilation)","Permanent Neow","Quick Restart","Relic Sorter","Relic Stats","Shop Mod","StSLib","SuperFastMode","Synergy Search"],"gold_per_floor":[119,119,138,138,13,13,188,200,227,227,245,261,278,4,4,4,4],"floor_reached":16,"playtime":378,"items_purged":[],"score":92,"play_id":"a3218641-0518-4d2c-b31b-f4b31c6e421b","local_time":"20201230182350","is_ascension_mode":false,"campfire_choices":[{"data":"Eruption","floor":6,"key":"SMITH"},{"data":"Vigilance","floor":10,"key":"SMITH"},{"floor":15,"key":"REST"}],"circlet_count":0,"master_deck":["Strike_P","Strike_P","Strike_P","Strike_P","Defend_P","Defend_P","Defend_P","Defend_P","Eruption+1","Vigilance+1","Dramatic Entrance+1","Consecrate","EmptyBody","JustLucky","Prostrate","CrushJoints","Doubt","Prostrate","WreathOfFlame","PathToVictory","ClearTheMind","DevaForm","EmptyBody","WheelKick"],"relics":["PureWater","Orichalcum","Membership Card"],"acts_visited":["Exordium"],"potions_floor_usage":[16,16],"damage_taken":[{"damage":0,"enemies":"Small Slimes","floor":1,"turns":3},{"damage":1,"enemies":"Jaw Worm","floor":3,"turns":2},{"damage":0,"enemies":"2 Louse","floor":8,"turns":1},{"damage":1,"enemies":"2 Fungi Beasts","floor":11,"turns":3},{"damage":6,"enemies":"Exordium Wildlife","floor":12,"turns":2},{"damage":6,"enemies":"Looter","floor":13,"turns":3},{"damage":79,"enemies":"Hexaghost","floor":16,"turns":14}],"seed_played":"-8156896745133836541","potions_obtained":[{"floor":3,"key":"StancePotion"},{"floor":12,"key":"DuplicationPotion"}],"is_trial":false,"path_per_floor":["M","?","M","?","$","R","?","M","T","R","M","M","M","$","R","B"],"character_chosen":"WATCHER","items_purchased":["JustLucky","Prostrate","CrushJoints","Membership Card","DevaForm","EmptyBody","WheelKick"],"campfire_rested":1,"item_purchase_floors":[5,5,5,14,14,14,14],"current_hp_per_floor":[72,72,71,71,71,71,71,71,71,71,70,64,58,58,72,0,0],"gold":4,"neow_bonus":"RANDOM_COLORLESS","is_daily":false,"chose_seed":false,"campfire_upgraded":2,"win_rate":0.0,"timestamp":1609370630,"path_taken":["M","?","M","?","$","R","?","M","T","R","M","M","M","$","R","BOSS"],"items_purchased_type":["Card","Card","Card","Relic","Card","Card","Card"],"build_version":"2020-12-22","purchased_purges":0,"victory":false,"max_hp_per_floor":[72,72,72,72,72,72,72,72,72,72,72,72,72,72,72,72,72],"relic_stats":{"counters":[7,28],"Orichalcum":[0],"obtain_stats":[{"Membership Card":14,"PureWater":0,"Orichalcum":9},{"Membership Card":6,"PureWater":0,"Orichalcum":3},{"Membership Card":14,"PureWater":0,"Orichalcum":6}]},"card_choices":[{"not_picked":["Good Instincts","Forethought"],"picked":"Dramatic Entrance","floor":0},{"not_picked":["FollowUp","Perseverance"],"picked":"Consecrate","floor":1},{"not_picked":["Crescendo","Protect"],"picked":"EmptyBody","floor":3},{"not_picked":["Halt","ReachHeaven"],"picked":"Prostrate","floor":8},{"not_picked":["EmptyBody","ThirdEye"],"picked":"WreathOfFlame","floor":11},{"not_picked":["Evaluate","JustLucky"],"picked":"PathToVictory","floor":12},{"not_picked":["Consecrate","Vengeance"],"picked":"ClearTheMind","floor":13}],"player_experience":30805,"relics_obtained":[{"floor":9,"key":"Orichalcum"}],"event_choices":[{"damage_healed":0,"gold_gain":0,"player_choice":"Grow","damage_taken":0,"max_hp_gain":0,"max_hp_loss":0,"event_name":"Living Wall","floor":2,"gold_loss":0,"cards_upgraded":["Dramatic Entrance"]},{"damage_healed":0,"gold_gain":0,"player_choice":"Leave","damage_taken":0,"max_hp_gain":0,"max_hp_loss":0,"event_name":"The Cleric","floor":4,"gold_loss":0},{"damage_healed":0,"gold_gain":175,"player_choice":"AGREE","damage_taken":0,"max_hp_gain":0,"max_hp_loss":0,"event_name":"Liars Game","floor":7,"gold_loss":0,"cards_obtained":["Doubt"]}],"is_beta":false,"boss_relics":[],"items_purged_floors":[],"is_endless":false,"potions_floor_spawned":[3,12],"killed_by":"Hexaghost","ascension_level":0}}