{"host":"5e8hz7cc6ggj6iat","time":1609351260,"event":{"mods":["BaseMod","Minty Spire (QoL Compilation)","StSLib"],"gold_per_floor":[114,129,144,159,174,204,219,219,519,549,564,594,594,269,269,369,369,384,83,83,98,98,113,143,158,158,173,203,203,233,248,248,348,348,363,363,27,42,57,87,87,87,87,87,102,132,162,192,192,192],"floor_reached":51,"playtime":3332,"items_purged":["Strike_B","Strike_B"],"score":1174,"play_id":"3457cc3a-f269-4832-905d-e9bab1b06a11","local_time":"20201230180100","daily_mods":["Cursed Run","Diverse","DeadlyEvents"],"is_ascension_mode":false,"campfire_choices":[{"data":"Doom and Gloom","floor":8.0,"key":"SMITH"},{"data":"Headbutt","floor":15.0,"key":"SMITH"},{"data":"1","floor":29.0,"key":"LIFT"},{"data":"2","floor":32,"key":"LIFT"},{"data":"3","floor":42,"key":"LIFT"},{"data":"Creative AI","floor":44,"key":"SMITH"},{"data":"Redo","floor":49,"key":"SMITH"}],"circlet_count":0,"master_deck":["Strike_B","Strike_B","Defend_B","Defend_B","Defend_B","Defend_B","Zap","Dualcast","Compile Driver","Doom and Gloom+1","Melter","Redo+1","Genetic Algorithm","Headbutt+1","Flame Barrier","Decay","Omniscience+1","CurseOfTheBell","Coolheaded+1","Armaments+1","Shame","Heavy Blade+1","Lockon","Chill+1","Electrodynamics","Parasite","Sword Boomerang+1","Shrug It Off+1","Caltrops+1","Shame","Creative AI+1","Blind+1","Dark Shackles+1","Metamorphosis+1","Shockwave+1","Coolheaded+1","Redo+1","Writhe","Decay","Metallicize+1","Doubt"],"relics":["Cursed Key","Darkstone Periapt","Du-Vu Doll","Meat on the Bone","Old Coin","Bottled Flame","Question Card","Toxic Egg 2","Calling Bell","Lantern","Pear","Girya","Bag of Marbles","Eternal Feather","Letter Opener","StrikeDummy","Anchor","Vajra","Inserter","Gambling Chip","Happy Flower","HornCleat","Regal Pillow","Singing Bowl","Art of War"],"acts_visited":["Exordium","TheCity","TheBeyond"],"potions_floor_usage":[30,33,33,50,50,50],"damage_taken":[{"damage":1.0,"enemies":"Cultist","floor":1.0,"turns":3.0},{"damage":5.0,"enemies":"Small Slimes","floor":2.0,"turns":2.0},{"damage":0.0,"enemies":"Jaw Worm","floor":3.0,"turns":3.0},{"damage":11.0,"enemies":"Exordium Thugs","floor":4.0,"turns":4.0},{"damage":0.0,"enemies":"2 Fungi Beasts","floor":5.0,"turns":2.0},{"damage":6.0,"enemies":"3 Sentries","floor":6.0,"turns":5.0},{"damage":7.0,"enemies":"Looter","floor":7.0,"turns":3.0},{"damage":20.0,"enemies":"Gremlin Nob","floor":10.0,"turns":4.0},{"damage":0.0,"enemies":"Blue Slaver","floor":11.0,"turns":2.0},{"damage":9.0,"enemies":"Lagavulin","floor":12.0,"turns":5.0},{"damage":8.0,"enemies":"Hexaghost","floor":16.0,"turns":6.0},{"damage":7.0,"enemies":"Shell Parasite","floor":18.0,"turns":4.0},{"damage":0.0,"enemies":"3 Byrds","floor":21.0,"turns":2.0},{"damage":0.0,"enemies":"Snecko","floor":23.0,"turns":2.0},{"damage":4.0,"enemies":"Book of Stabbing","floor":24.0,"turns":4.0},{"damage":0.0,"enemies":"Sentry and Sphere","floor":25.0,"turns":2.0},{"damage":21.0,"enemies":"Snake Plant","floor":27.0,"turns":2.0},{"damage":0.0,"enemies":"Gremlin Leader","floor":28.0,"turns":6.0},{"damage":13,"enemies":"Book of Stabbing","floor":30,"turns":3},{"damage":0,"enemies":"Snecko","floor":31,"turns":2},{"damage":43,"enemies":"Collector","floor":33,"turns":6},{"damage":0,"enemies":"3 Shapes","floor":35,"turns":2},{"damage":0,"enemies":"Orb Walker","floor":38,"turns":4},{"damage":3,"enemies":"Writhing Mass","floor":39,"turns":3},{"damage":31,"enemies":"Nemesis","floor":40,"turns":3},{"damage":0,"enemies":"4 Shapes","floor":45,"turns":2},{"damage":0,"enemies":"Reptomancer","floor":46,"turns":2},{"damage":6,"enemies":"Giant Head","floor":47,"turns":6},{"damage":0,"enemies":"Reptomancer","floor":48,"turns":4},{"damage":2,"enemies":"Donu and Deca","floor":50,"turns":7}],"seed_played":"9091901603564859836","potions_obtained":[{"floor":4.0,"key":"EssenceOfSteel"},{"floor":6.0,"key":"Dexterity Potion"},{"floor":7.0,"key":"FearPotion"},{"floor":10.0,"key":"LiquidMemories"},{"floor":18.0,"key":"FearPotion"},{"floor":27.0,"key":"Explosive Potion"},{"floor":30,"key":"PowerPotion"},{"floor":31,"key":"Ancient Potion"},{"floor":33,"key":"PotionOfCapacity"},{"floor":38,"key":"BlessingOfTheForge"},{"floor":45,"key":"Explosive Potion"},{"floor":47,"key":"EssenceOfSteel"}],"is_trial":false,"path_per_floor":["M","M","M","M","M","E","M","R","T","E","M","E","?","$","R","B",null,"M","$","?","M","?","M","E","M","T","M","E","R","E","M","R","B",null,"M","?","$","M","M","E","?","R","T","R","M","E","E","E","R","B",null],"character_chosen":"DEFECT","items_purchased":["Toxic Egg 2","Armaments+1","Bag of Marbles","Shockwave+1","Gambling Chip"],"campfire_rested":0,"item_purchase_floors":[14,19,19,37,37],"current_hp_per_floor":[74,69,69,58,58,52,45,45,51,43,43,46,46,46,46,56,103,96,96,102,102,102,102,98,98,104,83,83,98,85,85,100,75,121,121,111,111,111,108,77,113,127,133,133,133,133,129,131,137,141],"gold":192,"neow_bonus":"","is_daily":true,"chose_seed":false,"campfire_upgraded":4,"win_rate":0.0,"timestamp":1609351260,"path_taken":["M","M","?","?","M","E","M","R","T","?","M","E","?","$","R","BOSS","M","$","?","M","?","?","?","M","T","M","E","R","E","M","R","BOSS","M","?","$","M","M","E","?","R","T","R","?","E","?","E","R","BOSS"],"items_purchased_type":["Relic","Card","Relic","Card","Relic"],"build_version":"2020-12-22","purchased_purges":2,"victory":true,"max_hp_per_floor":[75,75,75,75,75,75,75,75,81,81,81,81,81,81,81,87,103,103,103,109,109,109,109,109,109,115,115,115,115,115,115,115,121,121,121,121,121,121,121,121,127,127,133,133,133,133,135,137,137,143],"card_choices":[{"not_picked":["PiercingWail","Poisoned Stab"],"picked":"Compile Driver","floor":1.0},{"not_picked":["EmptyFist","Havoc"],"picked":"Doom and Gloom","floor":2.0},{"not_picked":["Fire Breathing","Outmaneuver"],"picked":"Melter","floor":3.0},{"not_picked":["PathToVictory","FlyingSleeves"],"picked":"Redo","floor":4.0},{"not_picked":["CrushJoints","Second Wind"],"picked":"Genetic Algorithm","floor":5.0},{"not_picked":["Poisoned Stab","Barrage"],"picked":"Headbutt","floor":6.0},{"not_picked":["Warcry","Consecrate"],"picked":"Flame Barrier","floor":7.0},{"not_picked":["Outmaneuver","Slice","Quick Slash"],"picked":"SKIP","floor":10.0},{"not_picked":["Warcry","FearNoEvil","Feel No Pain"],"picked":"SKIP","floor":11.0},{"not_picked":["Sentinel","Stack","Gash"],"picked":"SKIP","floor":12.0},{"not_picked":["Rainbow+1","Brutality","Juggernaut"],"picked":"Omniscience+1","floor":16.0},{"not_picked":["Prostrate+1","Carnage","Prepared+1"],"picked":"Coolheaded+1","floor":18.0},{"not_picked":["Offering+1","Havoc+1","Perfected Strike"],"picked":"Heavy Blade+1","floor":21.0},{"not_picked":["Compile Driver","Deflect+1","Underhanded Strike"],"picked":"Lockon","floor":23.0},{"not_picked":["Doom and Gloom","Cold Snap","Rebound"],"picked":"Chill+1","floor":24.0},{"not_picked":["MentalFortress","Go for the Eyes+1","Wallop"],"picked":"Electrodynamics","floor":25.0},{"not_picked":["Beam Cell","Prostrate+1","Sever Soul+1","Protect+1"],"picked":"SKIP","floor":27.0},{"not_picked":["Calculated Gamble+1","Halt+1","Prostrate+1"],"picked":"Sword Boomerang+1","floor":28.0},{"not_picked":["Bloodletting+1","Meditate+1","SandsOfTime"],"picked":"Shrug It Off+1","floor":30},{"not_picked":["Setup+1","Worship+1","Prostrate+1"],"picked":"Caltrops+1","floor":31},{"not_picked":["Scrawl+1","Buffer","Burst+1"],"picked":"Creative AI","floor":33},{"not_picked":["Clothesline","JustLucky","Warcry+1","Body Slam"],"picked":"SKIP","floor":35},{"not_picked":["Master of Strategy+1","Dark Shackles+1","Mayhem"],"picked":"Blind+1","floor":36},{"not_picked":["Sadistic Nature","Swift Strike","Enlightenment+1"],"picked":"Dark Shackles+1","floor":36},{"not_picked":["Discovery+1","Forethought+1","Purity+1"],"picked":"Metamorphosis+1","floor":36},{"not_picked":["Force Field+1","Uppercut","Compile Driver+1","FearNoEvil"],"picked":"SKIP","floor":38},{"not_picked":["Cold Snap","Fasting2","Backstab"],"picked":"Coolheaded+1","floor":39},{"not_picked":["Havoc+1","Hyperbeam","Perfected Strike+1"],"picked":"Redo+1","floor":40},{"not_picked":["Poisoned Stab+1","Iron Wave+1","Leap+1"],"picked":"Metallicize+1","floor":45},{"not_picked":["Amplify+1","Bane","Perfected Strike+1","Prepared+1"],"picked":"SKIP","floor":46},{"not_picked":["Seeing Red+1","Sucker Punch+1","Clash","Wild Strike"],"picked":"Singing Bowl","floor":47},{"not_picked":["Backstab","Sentinel+1","Warcry+1","Setup+1"],"picked":"Singing Bowl","floor":48}],"player_experience":2623634,"relics_obtained":[{"floor":6.0,"key":"Meat on the Bone"},{"floor":9.0,"key":"Old Coin"},{"floor":10.0,"key":"Bottled Flame"},{"floor":12.0,"key":"Question Card"},{"floor":17.0,"key":"Lantern"},{"floor":17.0,"key":"Pear"},{"floor":17.0,"key":"Girya"},{"floor":24.0,"key":"Letter Opener"},{"floor":26.0,"key":"StrikeDummy"},{"floor":28.0,"key":"Anchor"},{"floor":30,"key":"Vajra"},{"floor":40,"key":"Happy Flower"},{"floor":43,"key":"HornCleat"},{"floor":46,"key":"Regal Pillow"},{"floor":47,"key":"Singing Bowl"},{"floor":48,"key":"Art of War"}],"event_choices":[{"cards_removed":["Doubt"],"damage_healed":0.0,"max_hp_gain":0.0,"max_hp_loss":0.0,"gold_gain":0.0,"event_name":"Wheel of Change","player_choice":"Card Removal","floor":13.0,"gold_loss":0.0,"damage_taken":0.0},{"damage_healed":0.0,"max_hp_gain":0.0,"max_hp_loss":0.0,"gold_gain":0.0,"event_name":"Addict","player_choice":"Stole Relic","floor":20.0,"gold_loss":0.0,"damage_taken":0.0,"relics_obtained":["Eternal Feather"],"cards_obtained":["Shame"]},{"damage_healed":0.0,"max_hp_gain":0.0,"max_hp_loss":0.0,"gold_gain":0.0,"event_name":"Ghosts","player_choice":"Ignored","floor":22.0,"gold_loss":0.0,"damage_taken":0.0},{"damage_healed":0,"gold_gain":0,"player_choice":"Memory 3","damage_taken":10,"max_hp_gain":0,"max_hp_loss":0,"event_name":"SensoryStone","floor":36,"gold_loss":0},{"damage_healed":30,"gold_gain":0,"player_choice":"Writhe","damage_taken":0,"max_hp_gain":0,"max_hp_loss":0,"event_name":"Winding Halls","floor":41,"gold_loss":0,"cards_obtained":["Writhe"]}],"is_beta":false,"boss_relics":[{"not_picked":["Philosopher\u0027s Stone","Empty Cage"],"picked":"Calling Bell"},{"not_picked":["Astrolabe","Runic Dome"],"picked":"Inserter"}],"items_purged_floors":[14,19],"is_endless":false,"potions_floor_spawned":[4,6,7,10,18,27,30,31,33,38,45,47],"ascension_level":0}}