{"host":"akjsb4vg7478j4ls","time":1609339681,"event":{"mods":["BaseMod","Colored Powertips","Minty Spire (QoL Compilation)","Rare Cards Sparkle"],"gold_per_floor":[167,167,14,89,105,105,105,132,132,148,148,158,184,202,202,306,306,326,27,38,38,55,87,87,97,174,174,185,38,58,77,77,172,172,191,201,217,23,23,23,42,42,97,107,123,123,156,169,169,169,169],"floor_reached":50,"playtime":2557,"items_purged":[],"score":558,"play_id":"d4e988a4-6533-4ec5-bc5b-112f73517182","local_time":"20201230124801","is_ascension_mode":false,"campfire_choices":[{"data":"Perfected Strike","floor":6,"key":"SMITH"},{"data":"Perfected Strike","floor":11,"key":"SMITH"},{"floor":15,"key":"REST"},{"floor":24,"key":"REST"},{"floor":27,"key":"REST"},{"data":"Double Tap","floor":32,"key":"SMITH"},{"data":"Barricade","floor":40,"key":"SMITH"},{"data":"Demon Form","floor":42,"key":"SMITH"},{"floor":49,"key":"REST"}],"circlet_count":0,"master_deck":["Strike_R","Strike_R","Strike_R","Strike_R","Strike_R","Defend_R","Defend_R+1","Defend_R","Defend_R","Bash","Heavy Blade","Perfected Strike+1","Ghostly Armor","Wild Strike","Perfected Strike+1","Sentinel","Demon Form+1","Armaments","Double Tap+1","Burning Pact","Havoc","Searing Blow+1","Perfected Strike+1","Twin Strike","Headbutt","Perfected Strike+1","Havoc+1","Wild Strike+1","Barricade+1","Iron Wave+1","Perfected Strike+1","Power Through","Inflame","Whirlwind+1","Anger+1","Pommel Strike+1","Shame","Cleave+1","Flame Barrier","Wild Strike+1","Pommel Strike+1"],"relics":["Tiny House","HandDrill","Bag of Marbles","Incense Burner","Peace Pipe","Philosopher\u0027s Stone","Matryoshka","Kunai","Boot","Molten Egg 2","Vajra","Cursed Key","Bronze Scales","Red Skull","Orichalcum"],"acts_visited":["Exordium","TheCity","TheBeyond"],"potions_floor_usage":[8,16,33,33,33,47,47,47,50],"damage_taken":[{"damage":5,"enemies":"Jaw Worm","floor":1,"turns":4},{"damage":0,"enemies":"2 Louse","floor":5,"turns":2},{"damage":8,"enemies":"Lagavulin","floor":8,"turns":5},{"damage":0,"enemies":"Cultist","floor":10,"turns":1},{"damage":0,"enemies":"Large Slime","floor":12,"turns":3},{"damage":9,"enemies":"3 Sentries","floor":13,"turns":9},{"damage":11,"enemies":"Lots of Slimes","floor":14,"turns":5},{"damage":51,"enemies":"Hexaghost","floor":16,"turns":7},{"damage":11,"enemies":"Shell Parasite","floor":18,"turns":3},{"damage":1,"enemies":"Spheric Guardian","floor":20,"turns":3},{"damage":17,"enemies":"Snecko","floor":22,"turns":4},{"damage":17,"enemies":"Slavers","floor":23,"turns":6},{"damage":9,"enemies":"Centurion and Healer","floor":25,"turns":5},{"damage":0,"enemies":"3 Cultists","floor":28,"turns":5},{"damage":0,"enemies":"Sentry and Sphere","floor":30,"turns":4},{"damage":0,"enemies":"Cultist and Chosen","floor":31,"turns":4},{"damage":96,"enemies":"Automaton","floor":33,"turns":7},{"damage":24,"enemies":"3 Darklings","floor":35,"turns":3},{"damage":0,"enemies":"Orb Walker","floor":36,"turns":1},{"damage":12,"enemies":"Spire Growth","floor":37,"turns":3},{"damage":2,"enemies":"Maw","floor":41,"turns":3},{"damage":0,"enemies":"Transient","floor":44,"turns":5},{"damage":1,"enemies":"Sphere and 2 Shapes","floor":45,"turns":4},{"damage":37,"enemies":"Nemesis","floor":47,"turns":3},{"damage":0,"enemies":"Spire Growth","floor":48,"turns":2},{"damage":77,"enemies":"Awakened One","floor":50,"turns":5}],"seed_played":"2385613486881860081","potions_obtained":[{"floor":0,"key":"DuplicationPotion"},{"floor":12,"key":"FearPotion"},{"floor":16,"key":"SpeedPotion"},{"floor":22,"key":"BloodPotion"},{"floor":23,"key":"DistilledChaos"},{"floor":28,"key":"Explosive Potion"},{"floor":33,"key":"GamblersBrew"},{"floor":35,"key":"EntropicBrew"},{"floor":45,"key":"SteroidPotion"},{"floor":48,"key":"GamblersBrew"}],"is_trial":false,"path_per_floor":["M","?","$","?","M","R","?","E","T","M","R","M","E","M","R","B",null,"M","$","M","?","M","E","R","M","T","R","M","$","M","M","R","B",null,"M","M","M","$","?","R","M","R","T","M","M","$","E","M","R","B"],"character_chosen":"IRONCLAD","items_purchased":["HandDrill","Matryoshka","Havoc","Vajra","Inflame","Whirlwind+1","Anger+1"],"campfire_rested":4,"item_purchase_floors":[3,19,19,29,38,38,38],"current_hp_per_floor":[80,85,85,74,74,74,74,66,66,66,66,66,57,46,73,22,90,79,79,78,78,61,44,71,62,62,89,89,89,89,89,89,11,90,66,66,54,54,90,90,88,88,88,88,87,87,50,50,77,0,0],"gold":169,"neow_bonus":"BOSS_RELIC","is_daily":false,"chose_seed":false,"campfire_upgraded":5,"win_rate":0.0,"timestamp":1609339681,"path_taken":["M","?","$","?","M","R","?","E","T","M","R","M","E","?","R","BOSS","M","$","M","?","M","E","R","M","T","R","?","$","M","M","R","BOSS","M","M","?","$","?","R","M","R","T","M","M","$","E","M","R","BOSS"],"items_purchased_type":["Relic","Relic","Card","Relic","Card","Card","Card"],"build_version":"2020-12-22","purchased_purges":0,"victory":false,"max_hp_per_floor":[85,90,90,90,90,90,90,90,90,90,90,90,90,90,90,90,90,90,90,90,90,90,90,90,90,90,90,90,90,90,90,90,90,90,90,90,90,90,90,90,90,90,90,90,90,90,90,90,90,90,90],"card_choices":[{"not_picked":["Blood for Blood","Body Slam"],"picked":"Heavy Blade","floor":0},{"not_picked":["Fire Breathing","Cleave"],"picked":"Perfected Strike","floor":1},{"not_picked":["Body Slam","Thunderclap"],"picked":"Ghostly Armor","floor":5},{"not_picked":["Fiend Fire","Heavy Blade"],"picked":"Wild Strike","floor":8},{"not_picked":["Shrug It Off","Combust"],"picked":"Perfected Strike","floor":10},{"not_picked":["Clash","Body Slam"],"picked":"Sentinel","floor":12},{"not_picked":["Immolate","Dark Embrace"],"picked":"Demon Form","floor":13},{"not_picked":["Reckless Charge","Sword Boomerang"],"picked":"Armaments","floor":14},{"not_picked":["Fiend Fire","Corruption"],"picked":"Double Tap","floor":16},{"not_picked":["Reckless Charge","Body Slam"],"picked":"Burning Pact","floor":18},{"not_picked":["Clothesline","Clash"],"picked":"Searing Blow+1","floor":20},{"not_picked":["Clash","Body Slam"],"picked":"Dual Wield","floor":22},{"not_picked":["Entrench","Evolve"],"picked":"Twin Strike","floor":23},{"not_picked":["Flame Barrier","Warcry"],"picked":"Headbutt","floor":25},{"not_picked":["Cleave+1","Dropkick+1"],"picked":"Perfected Strike+1","floor":28},{"not_picked":["Combust+1","Pummel+1"],"picked":"Havoc+1","floor":30},{"not_picked":["Sword Boomerang+1","Dual Wield+1"],"picked":"Wild Strike+1","floor":31},{"not_picked":["Fiend Fire+1","Juggernaut"],"picked":"Barricade","floor":33},{"not_picked":["Shrug It Off+1","Thunderclap+1"],"picked":"Iron Wave+1","floor":35},{"not_picked":["Sword Boomerang+1","Cleave+1"],"picked":"Perfected Strike+1","floor":36},{"not_picked":["Burning Pact+1","Havoc"],"picked":"Power Through","floor":37},{"not_picked":["Wild Strike+1","Body Slam+1"],"picked":"Pommel Strike+1","floor":41},{"not_picked":["Intimidate+1","Thunderclap+1"],"picked":"Cleave+1","floor":44},{"not_picked":["Hemokinesis+1","Sword Boomerang+1"],"picked":"Flame Barrier","floor":45},{"not_picked":["Corruption","Thunderclap+1"],"picked":"Wild Strike+1","floor":47},{"not_picked":["Anger+1","Heavy Blade+1"],"picked":"Pommel Strike+1","floor":48}],"player_experience":52116,"relics_obtained":[{"floor":8,"key":"Bag of Marbles"},{"floor":9,"key":"Incense Burner"},{"floor":13,"key":"Peace Pipe"},{"floor":23,"key":"Kunai"},{"floor":26,"key":"Boot"},{"floor":26,"key":"Molten Egg 2"},{"floor":43,"key":"Bronze Scales"},{"floor":43,"key":"Red Skull"},{"floor":47,"key":"Orichalcum"}],"event_choices":[{"damage_healed":0,"gold_gain":0,"player_choice":"Donut","damage_taken":0,"max_hp_gain":5,"max_hp_loss":0,"event_name":"Big Fish","floor":2,"gold_loss":0},{"damage_healed":0,"gold_gain":75,"player_choice":"Gather Gold","damage_taken":11,"max_hp_gain":0,"max_hp_loss":0,"event_name":"World of Goop","floor":4,"gold_loss":0},{"damage_healed":0,"gold_gain":0,"player_choice":"Bought 0 Potions","damage_taken":0,"max_hp_gain":0,"max_hp_loss":0,"event_name":"The Woman in Blue","floor":7,"gold_loss":0},{"damage_healed":0,"gold_gain":0,"player_choice":"Copied","damage_taken":0,"max_hp_gain":0,"max_hp_loss":0,"event_name":"Duplicator","floor":21,"gold_loss":0,"cards_obtained":["Perfected Strike"]},{"cards_removed":["Dual Wield"],"damage_healed":36,"gold_gain":0,"player_choice":"Offered Uncommon","damage_taken":0,"max_hp_gain":0,"max_hp_loss":0,"event_name":"Bonfire Elementals","floor":39,"gold_loss":0}],"is_beta":false,"boss_relics":[{"not_picked":["Ectoplasm","Snecko Eye"],"picked":"Philosopher\u0027s Stone"},{"not_picked":["SacredBark","Coffee Dripper"],"picked":"Cursed Key"}],"items_purged_floors":[],"is_endless":false,"potions_floor_spawned":[12,16,22,23,28,30,33,35,45,48],"killed_by":"Awakened One","ascension_level":0}}