{"host":"ssxitfvam0vm32fl","time":1609299843,"event":{"mods":["BaseMod","Colored Map","Colored Powertips","Downfall","Highlight Path","Minty Spire (QoL Compilation)","Quick Restart","StSLib"],"gold_per_floor":[99,130,130,130,130,130,155,305,333,183,22,122,83,83,97,193,193,193,211,227,243,262,362,388,388,388,388],"floor_reached":25,"playtime":2291,"items_purged":["Slimebound:Icky"],"score":230,"play_id":"9dcc558f-980b-4b80-8d6e-bef53e463a11","local_time":"20201230014403","is_ascension_mode":false,"campfire_choices":[{"data":"champ:Taunt","floor":1.0,"key":"SMITH"},{"floor":5.0,"key":"RECALL"},{"floor":10.0,"key":"REST"},{"data":"champ:MurderStrike","floor":18,"key":"SMITH"}],"circlet_count":0,"master_deck":["champ:Strike","champ:Strike","champ:Strike","champ:Strike","champ:Defend","champ:Defend","champ:Defend","champ:Defend","champ:Execute","champ:Taunt+1","champ:ArenaPreparation","champ:StanceDance","champ:EnragedBash","champ:FocusedGladiator","champ:Encircle","champ:IronFortress","champ:AdrenalArmor","champ:AdrenalArmor","champ:BerserkersShout","champ:FanOfKnives","champ:MurderStrike+1","champ:GutPunch","champ:FaceSlap","champ:EnGarde","champ:BerserkersShout","champ:Improvising","Guardian:Aged"],"relics":["champ:ChampionCrown","downfall:HeartsMalice","Matryoshka","Nunchaku","Potion Belt","Smiling Mask","downfall:HeartBlessingRed","downfall:HeartBlessingGreen","Cursed Key","champ:BlackKnightHelmet","InkBottle","Blood Vial"],"acts_visited":["TheCity"],"potions_floor_usage":[25,25],"damage_taken":[{"damage":0.0,"enemies":"Gremlin Nob","floor":2.0,"turns":1.0},{"damage":0.0,"enemies":"2 Louse","floor":3.0,"turns":1.0},{"damage":0.0,"enemies":"Cultist","floor":6.0,"turns":1.0},{"damage":84.0,"enemies":"Lagavulin","floor":9.0,"turns":7.0},{"damage":58.0,"enemies":"downfall:FleeingMerchant","floor":11.0,"turns":4.0},{"damage":33.0,"enemies":"downfall:FleeingMerchant","floor":13.0,"turns":4.0},{"damage":9.0,"enemies":"Small Slimes","floor":15.0,"turns":2.0},{"damage":84.0,"enemies":"downfall:Silent","floor":16.0,"turns":11.0},{"damage":45,"enemies":"3 Byrds","floor":19,"turns":5},{"damage":28,"enemies":"Chosen","floor":20,"turns":3},{"damage":50,"enemies":"Centurion and Healer","floor":21,"turns":4},{"damage":29,"enemies":"Cultist and Chosen","floor":22,"turns":4},{"damage":95,"enemies":"Cultist and Chosen","floor":23,"turns":6},{"damage":14,"enemies":"Slavers","floor":25,"turns":1}],"seed_played":"-4433538139985816949","potions_obtained":[{"floor":9.0,"key":"SteroidPotion"},{"floor":14.0,"key":"champ:UltimateStancePotion"},{"floor":14.0,"key":"GamblersBrew"},{"floor":14.0,"key":"LiquidMemories"},{"floor":15.0,"key":"Strength Potion"},{"floor":20,"key":"BlessingOfTheForge"},{"floor":21,"key":"SkillPotion"}],"is_trial":false,"path_per_floor":["R","E","M","?","R","M","T","?","E","R","$","?","$","?","M","B",null,"R","M","M","M","M","?","T","E"],"character_chosen":"THE_CHAMP","items_purchased":["champ:IronFortress","champ:AdrenalArmor","champ:BerserkersShout"],"campfire_rested":1,"item_purchase_floors":[11,11,13],"current_hp_per_floor":[90,90,90,90,90,90,90,90,41,68,68,68,68,68,68,29,90,90,84,84,69,69,8,8,0,0,0],"gold":388,"neow_bonus":"THREE_ENEMY_KILL","is_daily":false,"chose_seed":false,"campfire_upgraded":2,"win_rate":0.0,"timestamp":1609299843,"path_taken":["R","E","M","?","R","?","T","?","E","R","$","?","$","?","M","BOSS","R","M","M","?","M","?","T","E"],"items_purchased_type":["Card","Card","Card"],"build_version":"2020-12-22","purchased_purges":1,"victory":false,"max_hp_per_floor":[90,90,90,90,90,90,90,90,90,90,90,90,90,90,90,90,90,90,90,90,90,90,90,90,90,90,90],"card_choices":[{"not_picked":["champ:BladeFlurry","champ:IgnorePain"],"picked":"champ:ArenaPreparation","floor":2.0},{"not_picked":["champ:Lariat","champ:Haymaker"],"picked":"champ:StanceDance","floor":3.0},{"not_picked":["champ:PreciseThrust","champ:Circumvent"],"picked":"champ:EnragedBash","floor":6.0},{"not_picked":["champ:PreciseThrust","champ:Encircle"],"picked":"champ:FocusedGladiator","floor":9.0},{"not_picked":["champ:RapidStrikes","champ:Duel"],"picked":"champ:Encircle","floor":11.0},{"not_picked":["champ:FocusedDefense","champ:HoldFirm"],"picked":"champ:AdrenalArmor","floor":13.0},{"not_picked":["champ:GladiatorsShout","champ:IronFortress"],"picked":"champ:FanOfKnives","floor":15.0},{"not_picked":["champ:ShieldThrow","champ:IgnorePain"],"picked":"champ:MurderStrike","floor":16.0},{"not_picked":["champ:StanceDance","champ:FocusedDefense"],"picked":"champ:GutPunch","floor":19},{"not_picked":["champ:RecklessLeap","champ:ArenaPreparation+1"],"picked":"champ:FaceSlap","floor":20},{"not_picked":["champ:FlashCut","champ:SkillfulDodge"],"picked":"champ:EnGarde","floor":21},{"not_picked":["champ:FlashCut","champ:Lariat"],"picked":"champ:BerserkersShout","floor":22},{"not_picked":["champ:FlashCut","champ:StanceDance"],"picked":"champ:Improvising","floor":23}],"player_experience":201726,"relics_obtained":[{"floor":2.0,"key":"Matryoshka"},{"floor":7.0,"key":"Nunchaku"},{"floor":7.0,"key":"Potion Belt"},{"floor":9.0,"key":"Smiling Mask"},{"floor":23,"key":"champ:BlackKnightHelmet"},{"floor":23,"key":"InkBottle"},{"floor":24,"key":"Blood Vial"}],"event_choices":[{"damage_healed":0.0,"max_hp_gain":0.0,"max_hp_loss":0.0,"gold_gain":0.0,"event_name":"Lab","player_choice":"Got Potions","floor":14.0,"gold_loss":0.0,"damage_taken":0.0}],"is_beta":false,"boss_relics":[{"not_picked":["Sozu","Ectoplasm"],"picked":"Cursed Key"}],"items_purged_floors":[11],"is_endless":false,"potions_floor_spawned":[9,15,20,21],"killed_by":"Slavers","ascension_level":0}}