{"host":"m78cb9j8mt6kw0f2","time":1609334678,"event":{"mods":["Act Like it!","BaseMod","Best Route Mod","BetterRewards","Colored Powertips","Downfall","Friendly Minions","Highlight Path","Kiyohime£®«Âºß£©","Marisa£®ÏF”Í°°ƒß¿Ì…≥£©","Minty Spire (QoL Compilation)","Quick Restart","Random Character Button","Reimu£®≤©¿ˆ¡È√Œ£©","Remilia£®¿Ÿ√◊¿Ú—«£©","Replay The Spire","Shop Mod","StSLib","SuperFastMode","Synergy Search","Td1madao Mod","The Cursed","Youmu£®ªÍ∆«—˝√Œ£©","slay the spire mod where everything is the same but ironclad has a cowboy hat"],"gold_per_floor":[115,40,52,52,52,79,179,79,79,79,98,98,59,78,78,173,173,183,198,217,92,92,92,125,144,144,163,163,163,163,182,182,199,199,294,294,307,317,333,352,352,352,368,383,383,397,397,415,441,458,458,458],"floor_reached":53,"playtime":1534,"items_purged":["Defend_RM","Defend_RM","RedMoon"],"score":640,"play_id":"fe8f1fe0-a257-49ca-ad92-12c07b49b732","local_time":"20201230212438","is_ascension_mode":false,"campfire_choices":[{"data":"TricksterDevil","floor":10.0,"key":"SMITH"},{"data":"EternalNight","floor":12.0,"key":"SMITH"},{"data":"HunterOfTheNight","floor":15.0,"key":"SMITH"},{"data":"ScarletCoffin","floor":23.0,"key":"SMITH"},{"data":"ScarletShoot","floor":28.0,"key":"SMITH"},{"data":"BloodAndWine","floor":32.0,"key":"SMITH"},{"data":"SuperhumanBloodyKnife","floor":34,"key":"SMITH"},{"data":"QueenOfMidnight","floor":42,"key":"SMITH"},{"floor":47,"key":"RECALL"},{"data":"TwelveNightmare","floor":51,"key":"SMITH"}],"circlet_count":0,"master_deck":["Strike_RM+1","ScarletShoot+1","HunterOfTheNight+1","ForecastOfChange+1","TricksterDevil+1","EternalNight+1","BombardNight","BombardNight","UltimateOffering+1","ScarletCoffin+1","TheCursedMod:Dregs","Pain","BloodAndWine+1","SuperhumanBloodyKnife+1","NightLord+1","BloodHunter+1","EmergencyRegeneration+1","QueenOfMidnight+1","TwelveNightmare+1","RedRainbow+1","EquivalentExchange+1","HunterOfTheNight+1"],"relics":["ScarletHat","NeowsBlessing","Replay:Bottled Flurry","Kintsugi","Replay:Baseball","Prayer Wheel","RedBat","Philosopher\u0027s Stone","HornCleat","War Paint"],"acts_visited":["Exordium","TheCity","TheBeyond"],"potions_floor_usage":[33],"damage_taken":[{"damage":0.0,"enemies":"Small Slimes","floor":1.0,"turns":1.0},{"damage":0.0,"enemies":"Jaw Worm","floor":3.0,"turns":1.0},{"damage":0.0,"enemies":"Lagavulin","floor":6.0,"turns":1.0},{"damage":0.0,"enemies":"Cultist","floor":11.0,"turns":3.0},{"damage":5.0,"enemies":"Looter","floor":14.0,"turns":4.0},{"damage":27.0,"enemies":"Hexaghost","floor":16.0,"turns":8.0},{"damage":8.0,"enemies":"Chosen","floor":18.0,"turns":4.0},{"damage":14.0,"enemies":"2 Thieves","floor":19.0,"turns":4.0},{"damage":48.0,"enemies":"Snecko","floor":20.0,"turns":6.0},{"damage":4.0,"enemies":"Replay:Snechameleon","floor":24.0,"turns":4.0},{"damage":3.0,"enemies":"Sentry and Sphere","floor":25.0,"turns":3.0},{"damage":10.0,"enemies":"Shelled Parasite and Fungi","floor":27.0,"turns":3.0},{"damage":3.0,"enemies":"Snake Plant","floor":31.0,"turns":2.0},{"damage":77,"enemies":"3 Cultists","floor":33,"turns":2},{"damage":90,"enemies":"Champ","floor":35,"turns":6},{"damage":38,"enemies":"Orb Walker","floor":37,"turns":2},{"damage":24,"enemies":"3 Darklings","floor":38,"turns":3},{"damage":28,"enemies":"Jaw Worm Horde","floor":39,"turns":4},{"damage":35,"enemies":"4 Shapes","floor":40,"turns":3},{"damage":170,"enemies":"Transient","floor":43,"turns":3},{"damage":38,"enemies":"3 Darklings","floor":44,"turns":2},{"damage":53,"enemies":"Spire Growth","floor":46,"turns":4},{"damage":80,"enemies":"Transient","floor":48,"turns":5},{"damage":58,"enemies":"Nemesis","floor":49,"turns":7},{"damage":8,"enemies":"Sphere and 2 Shapes","floor":50,"turns":3},{"damage":102,"enemies":"Replay:Hell Engine","floor":52,"turns":5}],"seed_played":"2860927377580603282","potions_obtained":[{"floor":1.0,"key":"SpeedPotion"},{"floor":19.0,"key":"Toxic Potion"},{"floor":20.0,"key":"Fire Potion"},{"floor":24.0,"key":"AttackPotion"},{"floor":31.0,"key":"Doom Potion"},{"floor":33,"key":"Languid Potion"},{"floor":35,"key":"ZuzhouPotion:ReiMu"}],"is_trial":false,"path_per_floor":["M","$","M","?","$","E","?","$","T","R","M","R","$","M","R","B",null,"M","M","M","$","?","R","E","M","T","M","R","PTL","PTL","M","R","M","R","B",null,"M","M","M","M","?","R","M","M","T","M","R","M","E","M","R","B",null],"character_chosen":"REMILIA","items_purchased":["BombardNight"],"campfire_rested":0,"item_purchase_floors":[13],"current_hp_per_floor":[75,75,75,60,60,60,60,60,60,60,62,62,62,57,57,30,75,70,59,16,16,16,16,17,17,17,16,16,16,16,16,16,1,1,10,75,68,59,59,46,46,46,75,68,68,40,40,75,75,67,67,75],"gold":458,"neow_bonus":"THREE_ENEMY_KILL","is_daily":false,"chose_seed":false,"campfire_upgraded":9,"win_rate":0.0,"timestamp":1609334678,"path_taken":["M","$","M","?","$","E","?","?","T","R","M","R","$","M","R","BOSS","M","M","M","$","?","R","E","M","T","M","R","PTL","PTL","M","R","?","R","BOSS","M","M","M","M","?","R","M","M","T","M","R","M","E","M","R","BOSS"],"items_purchased_type":["Card"],"build_version":"2020-12-22","purchased_purges":3,"victory":true,"max_hp_per_floor":[75,75,75,75,75,75,75,75,75,75,75,75,75,75,75,75,75,75,75,75,75,75,75,75,75,75,75,75,75,75,75,75,75,75,75,75,75,75,75,75,75,75,75,75,75,75,75,75,75,75,75,75],"card_choices":[{"not_picked":["VampireClaw","FavorOfDestiny"],"picked":"HunterOfTheNight","floor":1.0},{"not_picked":["MastersStateliness","UnderTheZenith"],"picked":"ForecastOfChange","floor":3.0},{"not_picked":["DevilSight","BombardNight"],"picked":"TricksterDevil","floor":6.0},{"not_picked":["BombardNight","CharismaGuard"],"picked":"EternalNight","floor":11.0},{"not_picked":["AfternoonTea","MastersStateliness"],"picked":"UltimateOffering","floor":14.0},{"not_picked":["HeartBreak","ChaoticDestiny"],"picked":"ScarletCoffin","floor":16.0},{"not_picked":["DiffusionOfMisfortune","MastersStateliness+1","UnstableMagic+1"],"picked":"SKIP","floor":18.0},{"not_picked":["EndlessAdversity+1","DevilSight","FavorOfDestiny"],"picked":"SKIP","floor":19.0},{"not_picked":["BadLadyScramble","MastersStateliness","BloodyTrap+1"],"picked":"SKIP","floor":20.0},{"not_picked":["StarOfDavid","ScarletGensokyo"],"picked":"BloodAndWine","floor":24.0},{"not_picked":["ScarletImprint+1","UnstableMagic"],"picked":"SuperhumanBloodyKnife","floor":25.0},{"not_picked":["CharismaGuard","BloodyTrap+1"],"picked":"NightLord+1","floor":25.0},{"not_picked":["FavorOfDestiny","DiffusionOfMisfortune"],"picked":"BloodHunter+1","floor":27.0},{"not_picked":["ScarletImprint","MastersStateliness","BombardNight"],"picked":"SKIP","floor":27.0},{"not_picked":["ScarletMeister","UnstableMagic"],"picked":"EmergencyRegeneration+1","floor":31.0},{"not_picked":["VampirishNight","BloodHunter+1","FavorOfDestiny+1"],"picked":"SKIP","floor":31.0},{"not_picked":["ScarletDevilSign","BloodHunter","VampirishNight"],"picked":"SKIP","floor":33},{"not_picked":["MastersStateliness","DiffusionOfMisfortune","EndlessAdversity"],"picked":"SKIP","floor":33},{"not_picked":["TricksterDevil","ForecastOfChange"],"picked":"QueenOfMidnight","floor":35},{"not_picked":["UnderTheZenith","StarOfDavid"],"picked":"TwelveNightmare","floor":37},{"not_picked":["StarOfDavid","ScarletDevilSign","SuperhumanBloodyKnife"],"picked":"SKIP","floor":37},{"not_picked":["ScarletDevil","UltimateOffering"],"picked":"RedRainbow+1","floor":38},{"not_picked":["CharismaGuard+1","EternalNight+1","BloodHunter"],"picked":"SKIP","floor":38},{"not_picked":["ScarletNetherworld+1","CharismaGuard+1"],"picked":"EquivalentExchange","floor":39},{"not_picked":["RedRainbow+1","Septette+1","ScarletDevilSign+1"],"picked":"SKIP","floor":39},{"not_picked":["ScarletDevil+1","EndlessAdversity","CeilingFear"],"picked":"SKIP","floor":40},{"not_picked":["ScarletDevil","EndlessAdversity+1","FavorOfDestiny"],"picked":"SKIP","floor":40},{"not_picked":["CharismaGuard+1","BloodHunter","GlobalNightmare"],"picked":"SKIP","floor":43},{"not_picked":["ScarletDevil","NightLord","ScarletSymphony+1"],"picked":"SKIP","floor":43},{"not_picked":["NightDance","MastersStateliness+1","VampireKiss+1"],"picked":"SKIP","floor":44},{"not_picked":["DiffusionOfMisfortune+1","BombardNight+1","BloodAndWine+1"],"picked":"SKIP","floor":44},{"not_picked":["BloodyMagicSquare","BlasphemousPunishment+1","ScarletDream+1"],"picked":"SKIP","floor":46},{"not_picked":["RedRainbow","ForecastOfChange","BloodyMagicSquare+1"],"picked":"SKIP","floor":46},{"not_picked":["MastersStateliness","UnstableMagic+1","RedRainbow"],"picked":"SKIP","floor":48},{"not_picked":["BloodAndWine+1","BlasphemousPunishment","ScarletNetherworld+1"],"picked":"SKIP","floor":48},{"not_picked":["BloodAndWine+1","Stigmanizer","GlobalNightmare+1"],"picked":"SKIP","floor":49},{"not_picked":["Maim+1","BombardNight+1","BloodySeventeenLaser"],"picked":"SKIP","floor":50},{"not_picked":["DevilSight+1","StarOfDavid+1","DiffusionOfMisfortune+1"],"picked":"SKIP","floor":50}],"player_experience":255412,"relics_obtained":[{"floor":6.0,"key":"Replay:Bottled Flurry"},{"floor":19.0,"key":"Replay:Baseball"},{"floor":24.0,"key":"Prayer Wheel"},{"floor":26.0,"key":"RedBat"},{"floor":45,"key":"HornCleat"},{"floor":49,"key":"War Paint"}],"event_choices":[{"damage_healed":0.0,"max_hp_gain":0.0,"max_hp_loss":0.0,"gold_gain":0.0,"event_name":"Shining Light","player_choice":"Entered Light","floor":4.0,"gold_loss":0.0,"damage_taken":15.0,"cards_upgraded":["Strike_RM","ForecastOfChange"]},{"damage_healed":0.0,"max_hp_gain":0.0,"max_hp_loss":0.0,"gold_gain":100.0,"event_name":"Golden Shrine","player_choice":"Pray","floor":7.0,"gold_loss":0.0,"damage_taken":0.0},{"damage_healed":0.0,"max_hp_gain":0.0,"max_hp_loss":0.0,"gold_gain":0.0,"event_name":"Lab","player_choice":"Got Potions","floor":22.0,"gold_loss":0.0,"damage_taken":0.0},{"damage_healed":0,"gold_gain":0,"player_choice":"Copied","damage_taken":0,"max_hp_gain":0,"max_hp_loss":0,"event_name":"Duplicator","floor":41,"gold_loss":0,"cards_obtained":["HunterOfTheNight"]}],"is_beta":false,"boss_relics":[{"not_picked":["SacredBark","SlaversCollar"],"picked":"Kintsugi"},{"not_picked":["Runic Pyramid","Abe\u0027s Treasure"],"picked":"Philosopher\u0027s Stone"}],"items_purged_floors":[2,8,21],"is_endless":false,"potions_floor_spawned":[1,16,19,20,24,31,35,37,38,48,49,50],"ascension_level":0}}