{"host":"s41rn2jhghpwfrvz","time":1609371958,"event":{"mods":["BaseMod","Minty Spire (QoL Compilation)","Quick Restart","Relic Stats","SuperFastMode"],"gold_per_floor":[115,115,125,143,166,196,196,222,222,297,327,327,361,381,381,455,455,469,489,489,74,92,126,136,169,169,202,202,102,137,153,153,226,226,237,112,137,137,137,168,30,60,109,144,144,171,171,183,183,183,183,183,183,19,54,54],"floor_reached":57,"playtime":1721,"items_purged":["Searing Blow+1","Evaluate","Beam Cell","Quick Slash+1"],"score":3594,"play_id":"1f1220df-c192-444e-ad4a-9370c9a8ef9e","local_time":"20201231014558","daily_mods":["SealedDeck","Diverse","Elite Swarm"],"is_ascension_mode":true,"campfire_choices":[{"data":"Pommel Strike","floor":7,"key":"SMITH"},{"data":"Vault","floor":12,"key":"SMITH"},{"data":"TalkToTheHand","floor":15,"key":"SMITH"},{"data":"Grand Finale","floor":32,"key":"SMITH"},{"data":"Clumsy","floor":45,"key":"PURGE"},{"floor":47,"key":"RECALL"},{"data":"Chill","floor":49,"key":"PURGE"},{"data":"Turbo","floor":53,"key":"PURGE"}],"circlet_count":0,"master_deck":["AscendersBane","Second Wind+1","Pommel Strike+1","Grand Finale+1","Vault+1","TalkToTheHand+1","EmptyMind+1","InnerPeace+1","TalkToTheHand+1"],"relics":["Burning Blood","Centennial Puzzle","MealTicket","Prayer Wheel","Boot","Sundial","Blood Vial","Astrolabe","PreservedInsect","War Paint","Paper Frog","Red Skull","Blue Candle","Gremlin Horn","Cursed Key","Peace Pipe","MawBank","Bird Faced Urn","Oddly Smooth Stone","Bottled Lightning","Juzu Bracelet","Anchor","Letter Opener"],"acts_visited":["Exordium","TheCity","TheBeyond","TheEnding"],"potions_floor_usage":[56,56,56,56],"damage_taken":[{"damage":0,"enemies":"Small Slimes","floor":1,"turns":3},{"damage":0,"enemies":"Cultist","floor":3,"turns":3},{"damage":0,"enemies":"2 Louse","floor":4,"turns":3},{"damage":5,"enemies":"Gremlin Nob","floor":6,"turns":3},{"damage":37,"enemies":"3 Sentries","floor":8,"turns":9},{"damage":0,"enemies":"Lagavulin","floor":11,"turns":5},{"damage":0,"enemies":"Gremlin Nob","floor":13,"turns":4},{"damage":0,"enemies":"2 Fungi Beasts","floor":14,"turns":4},{"damage":5,"enemies":"The Guardian","floor":16,"turns":5},{"damage":3,"enemies":"Shell Parasite","floor":18,"turns":3},{"damage":0,"enemies":"Chosen","floor":19,"turns":3},{"damage":3,"enemies":"Centurion and Healer","floor":22,"turns":2},{"damage":8,"enemies":"Book of Stabbing","floor":23,"turns":3},{"damage":0,"enemies":"Snake Plant","floor":24,"turns":2},{"damage":25,"enemies":"Slavers","floor":25,"turns":6},{"damage":0,"enemies":"Gremlin Leader","floor":27,"turns":3},{"damage":9,"enemies":"Slavers","floor":30,"turns":3},{"damage":2,"enemies":"Cultist and Chosen","floor":31,"turns":4},{"damage":0,"enemies":"Collector","floor":33,"turns":3},{"damage":9,"enemies":"3 Shapes","floor":35,"turns":2},{"damage":0,"enemies":"Mind Bloom Boss Battle","floor":37,"turns":3},{"damage":0,"enemies":"Reptomancer","floor":40,"turns":2},{"damage":0,"enemies":"Giant Head","floor":42,"turns":2},{"damage":0,"enemies":"Reptomancer","floor":44,"turns":2},{"damage":0,"enemies":"Nemesis","floor":46,"turns":2},{"damage":0,"enemies":"3 Darklings","floor":48,"turns":2},{"damage":19,"enemies":"Time Eater","floor":50,"turns":3},{"damage":0,"enemies":"Awakened One","floor":51,"turns":3},{"damage":0,"enemies":"Shield and Spear","floor":55,"turns":1},{"damage":4,"enemies":"The Heart","floor":56,"turns":5}],"seed_played":"-5574683909136710593","potions_obtained":[{"floor":1,"key":"SteroidPotion"},{"floor":4,"key":"LiquidMemories"},{"floor":37,"key":"EntropicBrew"}],"is_trial":true,"path_per_floor":["M","?","M","M","T","E","R","E","T","?","E","R","E","M","R","B",null,"M","M","?","$","M","E","M","E","T","E","?","$","E","M","R","B",null,"M","$","?","?","?","E","$","E","T","E","R","E","R","M","R","B","B",null,"R","$","E","B",null],"character_chosen":"IRONCLAD","items_purchased":["PreservedInsect","War Paint","Anchor"],"campfire_rested":0,"item_purchase_floors":[21,21,54],"current_hp_per_floor":[74,74,75,75,75,75,75,44,44,33,39,39,45,53,53,56,70,75,75,75,75,75,73,75,56,56,64,64,75,72,75,75,75,75,72,75,75,75,75,75,75,75,75,75,75,75,75,75,75,62,70,74,74,75,75,75],"gold":54,"neow_bonus":"","is_daily":false,"chose_seed":false,"campfire_upgraded":4,"win_rate":0.0,"timestamp":1609371958,"path_taken":["M","?","M","?","?","E","R","E","T","?","E","R","E","M","R","BOSS","M","M","?","$","?","E","M","E","T","E","?","$","E","M","R","BOSS","M","$","?","?","?","E","$","E","T","E","R","E","R","M","R","BOSS","BOSS","R","$","E","BOSS"],"items_purchased_type":["Relic","Relic","Relic"],"build_version":"2020-12-22","purchased_purges":4,"victory":true,"max_hp_per_floor":[75,75,75,75,75,75,75,75,75,75,75,75,75,75,75,75,75,75,75,75,75,75,75,75,75,75,75,75,75,75,75,75,75,75,75,75,75,75,75,75,75,75,75,75,75,75,75,75,75,75,75,75,75,75,75,75],"relic_stats":{"Gremlin Horn":[11,13],"counters":[30,98],"Astrolabe":["Searing Blow","EmptyMind","InnerPeace"],"Blue Candle":[0],"PreservedInsect":550,"Juzu Bracelet":0,"Letter Opener":[15],"War Paint":["Intimidate","Second Wind"],"Boot":[79],"Cursed Key":1,"MawBank":12,"Burning Blood":100,"Blood Vial":14,"Peace Pipe":3,"Centennial Puzzle":[33],"Sundial":[100],"Bird Faced Urn":[0],"MealTicket":15,"Prayer Wheel":8,"obtain_stats":[{"Gremlin Horn":30,"Astrolabe":17,"Blue Candle":27,"Oddly Smooth Stone":43,"PreservedInsect":21,"Juzu Bracelet":46,"Letter Opener":55,"War Paint":21,"Boot":9,"Cursed Key":34,"MawBank":40,"Burning Blood":0,"Blood Vial":13,"Peace Pipe":37,"Centennial Puzzle":5,"Anchor":54,"Sundial":11,"Bird Faced Urn":42,"MealTicket":6,"Prayer Wheel":8,"Bottled Lightning":44,"Red Skull":25,"Paper Frog":23},{"Gremlin Horn":17,"Astrolabe":9,"Blue Candle":16,"Oddly Smooth Stone":23,"PreservedInsect":11,"Juzu Bracelet":25,"Letter Opener":29,"War Paint":11,"Boot":5,"Cursed Key":19,"MawBank":22,"Burning Blood":0,"Blood Vial":7,"Peace Pipe":21,"Centennial Puzzle":3,"Anchor":28,"Sundial":6,"Bird Faced Urn":23,"MealTicket":4,"Prayer Wheel":5,"Bottled Lightning":24,"Red Skull":15,"Paper Frog":13},{"Gremlin Horn":64,"Astrolabe":39,"Blue Candle":61,"Oddly Smooth Stone":80,"PreservedInsect":45,"Juzu Bracelet":84,"Letter Opener":93,"War Paint":45,"Boot":21,"Cursed Key":71,"MawBank":78,"Burning Blood":0,"Blood Vial":30,"Peace Pipe":76,"Centennial Puzzle":9,"Anchor":92,"Sundial":26,"Bird Faced Urn":80,"MealTicket":12,"Prayer Wheel":21,"Bottled Lightning":82,"Red Skull":58,"Paper Frog":50}]},"card_choices":[{"not_picked":["WheelKick","Evaluate"],"picked":"Pommel Strike","floor":1},{"not_picked":["Coolheaded","Deflect","Cloak And Dagger"],"picked":"SKIP","floor":3},{"not_picked":["FollowUp","Consecrate","Hemokinesis"],"picked":"SKIP","floor":4},{"not_picked":["Brilliance","Exhume"],"picked":"Grand Finale","floor":6},{"not_picked":["Venomology","LessonLearned"],"picked":"Vault","floor":8},{"not_picked":["Feed","Rainbow","Ragnarok"],"picked":"SKIP","floor":11},{"not_picked":["LessonLearned","Unload","Doppelganger"],"picked":"SKIP","floor":13},{"not_picked":["JustLucky","Prostrate"],"picked":"TalkToTheHand","floor":14},{"not_picked":["Calculated Gamble","Body Slam","Streamline"],"picked":"SKIP","floor":14},{"not_picked":["Cold Snap","Rebound","Havoc"],"picked":"SKIP","floor":18},{"not_picked":["Halt+1","FollowUp","EmptyBody"],"picked":"SKIP","floor":18},{"not_picked":["Bloodletting","Backstab","Worship"],"picked":"SKIP","floor":19},{"not_picked":["DeceiveReality","Chill","Poisoned Stab"],"picked":"SKIP","floor":19},{"not_picked":["Blade Dance","Coolheaded","ThirdEye"],"picked":"SKIP","floor":22},{"not_picked":["Crescendo","Stack","Thunderclap+1"],"picked":"SKIP","floor":22},{"not_picked":["Creative AI","Buffer","Brilliance"],"picked":"SKIP","floor":23},{"not_picked":["Rupture","Escape Plan+1","Clash"],"picked":"SKIP","floor":24},{"not_picked":["Compile Driver","Leg Sweep","Sunder+1"],"picked":"SKIP","floor":24},{"not_picked":["Tools of the Trade","Unload","Malaise"],"picked":"SKIP","floor":25},{"not_picked":["Core Surge","Hyperbeam","Grand Finale"],"picked":"SKIP","floor":27},{"not_picked":["Creative AI","Biased Cognition","Alpha"],"picked":"SKIP","floor":30},{"not_picked":["EmptyFist","Adaptation","Well Laid Plans"],"picked":"SKIP","floor":31},{"not_picked":["Deadly Poison+1","Anger","ClearTheMind"],"picked":"SKIP","floor":31},{"not_picked":["Cleave","Endless Agony+1","Clothesline+1"],"picked":"SKIP","floor":35},{"not_picked":["Carnage","Warcry","Coolheaded"],"picked":"SKIP","floor":35},{"not_picked":["Immolate","Vault","Brilliance"],"picked":"SKIP","floor":40},{"not_picked":["DeusExMachina","Wish","Omniscience"],"picked":"SKIP","floor":42},{"not_picked":["Storm of Steel","Doppelganger","Feed"],"picked":"SKIP","floor":44},{"not_picked":["Feed","DeusExMachina","Establishment"],"picked":"SKIP","floor":46},{"not_picked":["Chaos","Defragment+1","Sentinel+1"],"picked":"SKIP","floor":48},{"not_picked":["EmptyBody","Headbutt","Blur"],"picked":"SKIP","floor":48},{"not_picked":["Reboot","Die Die Die","Buffer"],"picked":"SKIP","floor":55}],"player_experience":1625400,"relics_obtained":[{"floor":5,"key":"Centennial Puzzle"},{"floor":6,"key":"MealTicket"},{"floor":8,"key":"Prayer Wheel"},{"floor":9,"key":"Boot"},{"floor":11,"key":"Sundial"},{"floor":13,"key":"Blood Vial"},{"floor":23,"key":"Paper Frog"},{"floor":25,"key":"Red Skull"},{"floor":27,"key":"Blue Candle"},{"floor":30,"key":"Gremlin Horn"},{"floor":37,"key":"Peace Pipe"},{"floor":40,"key":"MawBank"},{"floor":42,"key":"Bird Faced Urn"},{"floor":43,"key":"Oddly Smooth Stone"},{"floor":44,"key":"Bottled Lightning"},{"floor":46,"key":"Juzu Bracelet"},{"floor":55,"key":"Letter Opener"}],"event_choices":[{"damage_healed":0,"gold_gain":0,"player_choice":"0 cards matched","damage_taken":0,"max_hp_gain":0,"max_hp_loss":0,"event_name":"Match and Keep!","floor":2,"gold_loss":0,"cards_obtained":[]},{"damage_healed":0,"gold_gain":75,"player_choice":"Gather Gold","damage_taken":11,"max_hp_gain":0,"max_hp_loss":0,"event_name":"World of Goop","floor":10,"gold_loss":0},{"damage_healed":0,"gold_gain":0,"player_choice":"Copied","damage_taken":0,"max_hp_gain":0,"max_hp_loss":0,"event_name":"Duplicator","floor":20,"gold_loss":0,"cards_obtained":["TalkToTheHand"]},{"damage_healed":0,"gold_gain":0,"player_choice":"Ignored","damage_taken":0,"max_hp_gain":0,"max_hp_loss":0,"event_name":"Ghosts","floor":28,"gold_loss":0},{"damage_healed":0,"gold_gain":0,"player_choice":"Fight","damage_taken":0,"max_hp_gain":0,"max_hp_loss":0,"event_name":"MindBloom","floor":37,"gold_loss":0},{"cards_removed":["Intimidate"],"damage_healed":0,"gold_gain":0,"player_choice":"Removed Skill","damage_taken":0,"max_hp_gain":0,"max_hp_loss":0,"event_name":"Falling","floor":38,"gold_loss":0},{"damage_healed":0,"gold_gain":0,"player_choice":"Upgraded","damage_taken":0,"max_hp_gain":0,"max_hp_loss":0,"event_name":"Upgrade Shrine","floor":39,"gold_loss":0,"cards_upgraded":["Quick Slash"]}],"is_beta":false,"boss_relics":[{"not_picked":["Black Blood","Mark of Pain"],"picked":"Astrolabe"},{"not_picked":["SlaversCollar","Tiny House"],"picked":"Cursed Key"}],"items_purged_floors":[21,29,36,41],"is_endless":false,"potions_floor_spawned":[1,4,11,16,19,22,24,27,31,37,44,55],"ascension_level":20}}