{"host":"b4oqa93y40rb9616","time":1609348224,"event":{"mods":["BaseMod","Colored Map","Custom Start","DeckTracker","Keyboard Shortcuts","Minty Spire (QoL Compilation)","Permanent Neow","Quick Restart","StSLib","SuperFastMode","everything is the same but u backflip on backflip"],"gold_per_floor":[112,124,141,141,141,141,166,182,182,182,202,216,231,120,120,198,198,212,231,246,246,146,146,21,21,21,37,37,87,87,122,122,122,122],"floor_reached":33,"playtime":881,"items_purged":["Strike_R","Strike_R","Strike_R"],"score":494,"play_id":"de572483-7529-4ecb-86c0-a86397813efc","local_time":"20201231021024","is_ascension_mode":true,"campfire_choices":[{"data":"Uppercut","floor":6.0,"key":"SMITH"},{"floor":10.0,"key":"REST"},{"data":"Blood for Blood","floor":15.0,"key":"SMITH"},{"floor":23.0,"key":"REST"},{"data":"Offering","floor":25.0,"key":"SMITH"},{"floor":30.0,"key":"REST"},{"data":"Dual Wield","floor":32,"key":"SMITH"}],"circlet_count":0,"master_deck":["AscendersBane","Strike_R+1","Strike_R","Defend_R","Defend_R","Defend_R","Defend_R","Bash","Madness+1","Uppercut+1","Pommel Strike","Dual Wield+1","Offering+1","Evolve","Shrug It Off","Bloodletting","Blood for Blood+1","Shockwave","Brutality","Shrug It Off","Second Wind+1","Burning Pact+1","Feel No Pain"],"relics":["Black Blood","Mercury Hourglass","Question Card","Anchor","Red Skull"],"acts_visited":["Exordium","TheCity"],"potions_floor_usage":[33],"damage_taken":[{"damage":9.0,"enemies":"Jaw Worm","floor":1.0,"turns":4.0},{"damage":2.0,"enemies":"Cultist","floor":2.0,"turns":4.0},{"damage":8.0,"enemies":"2 Louse","floor":3.0,"turns":4.0},{"damage":15.0,"enemies":"Lagavulin","floor":7.0,"turns":7.0},{"damage":11.0,"enemies":"Large Slime","floor":8.0,"turns":4.0},{"damage":10.0,"enemies":"3 Louse","floor":11.0,"turns":2.0},{"damage":12.0,"enemies":"Exordium Wildlife","floor":12.0,"turns":3.0},{"damage":9.0,"enemies":"Blue Slaver","floor":13.0,"turns":3.0},{"damage":33.0,"enemies":"The Guardian","floor":16.0,"turns":10.0},{"damage":37.0,"enemies":"Shell Parasite","floor":18.0,"turns":5.0},{"damage":11.0,"enemies":"Chosen","floor":19.0,"turns":5.0},{"damage":33.0,"enemies":"Shelled Parasite and Fungi","floor":20.0,"turns":4.0},{"damage":21.0,"enemies":"Cultist and Chosen","floor":27.0,"turns":7.0},{"damage":23,"enemies":"Book of Stabbing","floor":31,"turns":5},{"damage":37,"enemies":"Collector","floor":33,"turns":5}],"seed_played":"975646029235666883","potions_obtained":[{"floor":1.0,"key":"FearPotion"},{"floor":7.0,"key":"Dexterity Potion"},{"floor":8.0,"key":"Ancient Potion"},{"floor":18.0,"key":"Explosive Potion"},{"floor":31,"key":"Dexterity Potion"}],"is_trial":false,"path_per_floor":["M","M","M","?","?","R","E","M","T","R","M","M","M","$","R","B",null,"M","M","M","?","$","R","$","R","T","M","?","?","R","E","R","B"],"character_chosen":"IRONCLAD","items_purchased":["Shockwave"],"campfire_rested":3,"item_purchase_floors":[14],"current_hp_per_floor":[65,69,67,44,40,40,31,26,26,48,44,38,35,35,35,8,58,33,34,13,13,13,35,35,35,35,26,26,26,48,37,37,0,0],"gold":122,"neow_bonus":"RANDOM_COLORLESS","is_daily":false,"chose_seed":false,"campfire_upgraded":4,"win_rate":0.0,"timestamp":1609348224,"path_taken":["M","M","M","?","?","R","E","M","T","R","?","M","M","$","R","BOSS","M","M","M","?","$","R","$","R","T","M","?","?","R","E","R","BOSS"],"items_purchased_type":["Card"],"build_version":"2020-12-22","purchased_purges":3,"victory":false,"max_hp_per_floor":[75,75,75,75,75,75,75,75,75,75,75,75,75,75,75,75,75,75,75,75,75,75,75,75,75,75,75,75,75,75,75,75,75,75],"card_choices":[{"not_picked":["Dark Shackles","Forethought"],"picked":"Madness","floor":0.0},{"not_picked":["True Grit","Warcry"],"picked":"Uppercut","floor":1.0},{"not_picked":["Anger","Sword Boomerang"],"picked":"Pommel Strike","floor":2.0},{"not_picked":["True Grit","Havoc"],"picked":"Dual Wield","floor":3.0},{"not_picked":["Wild Strike","Armaments"],"picked":"Offering","floor":7.0},{"not_picked":["Clash","Shrug It Off"],"picked":"Evolve","floor":8.0},{"not_picked":["Uppercut","Cleave","Clash"],"picked":"Shrug It Off","floor":11.0},{"not_picked":["Disarm","Body Slam","Iron Wave"],"picked":"Bloodletting","floor":12.0},{"not_picked":["Exhume","Havoc","Anger"],"picked":"Blood for Blood","floor":13.0},{"not_picked":["Immolate","Reaper","Fiend Fire"],"picked":"Brutality","floor":16.0},{"not_picked":["Clash","Perfected Strike","Infernal Blade","True Grit"],"picked":"SKIP","floor":18.0},{"not_picked":["Iron Wave","Thunderclap","Anger"],"picked":"Shrug It Off","floor":19.0},{"not_picked":["Carnage","Headbutt","Heavy Blade"],"picked":"Second Wind+1","floor":20.0},{"not_picked":["Blood for Blood","Armaments","Sword Boomerang"],"picked":"Burning Pact+1","floor":27.0},{"not_picked":["Battle Trance+1","Disarm","Impervious"],"picked":"Feel No Pain","floor":31}],"player_experience":412069,"relics_obtained":[{"floor":7.0,"key":"Mercury Hourglass"},{"floor":9.0,"key":"Question Card"},{"floor":26.0,"key":"Anchor"},{"floor":31,"key":"Red Skull"}],"event_choices":[{"damage_healed":0.0,"max_hp_gain":0.0,"max_hp_loss":0.0,"gold_gain":0.0,"event_name":"Shining Light","player_choice":"Entered Light","floor":4.0,"gold_loss":0.0,"damage_taken":23.0,"cards_upgraded":["Strike_R","Madness"]},{"damage_healed":0.0,"max_hp_gain":0.0,"max_hp_loss":0.0,"gold_gain":0.0,"event_name":"The Woman in Blue","player_choice":"Bought 0 Potions","floor":5.0,"gold_loss":0.0,"damage_taken":0.0},{"damage_healed":0.0,"max_hp_gain":0.0,"max_hp_loss":0.0,"gold_gain":0.0,"event_name":"Cursed Tome","player_choice":"Ignored","floor":21.0,"gold_loss":0.0,"damage_taken":0.0},{"damage_healed":0.0,"max_hp_gain":0.0,"max_hp_loss":0.0,"gold_gain":0.0,"event_name":"Vampires","player_choice":"Ignored","floor":28.0,"gold_loss":0.0,"damage_taken":0.0},{"damage_healed":0.0,"max_hp_gain":0.0,"max_hp_loss":0.0,"gold_gain":50.0,"event_name":"Nest","player_choice":"Stole From Cult","floor":29.0,"gold_loss":0.0,"damage_taken":0.0}],"is_beta":false,"boss_relics":[{"not_picked":["Snecko Eye","SlaversCollar"],"picked":"Black Blood"}],"items_purged_floors":[14,22,24],"is_endless":false,"potions_floor_spawned":[1,7,8,12,18,31],"killed_by":"Collector","ascension_level":17}}