{"host":"hkfd27larxvbrzdx","time":1609327326,"event":{"mods":["AchievementEnabler","BaseMod","Colored Map","Colored Powertips","DeckTracker","Minty Spire (QoL Compilation)"],"gold_per_floor":[117,117,117,135,61,61,77,77,147,161,195,210,227,259,259,359,359,359,359,359,359,359,359,359,359,359,359,359,359,359,359,359,359,359,359,359,359,359,284,284,284,284,284,284,284],"floor_reached":44,"playtime":3779,"items_purged":["Strike_G"],"score":542,"play_id":"cf432d2f-452f-4189-8ac8-547cae9567f7","local_time":"20201230192206","is_ascension_mode":true,"campfire_choices":[{"data":"Terror","floor":6.0,"key":"SMITH"},{"data":"Noxious Fumes","floor":8.0,"key":"SMITH"},{"data":"Neutralize","floor":15.0,"key":"SMITH"},{"data":"Burst","floor":23.0,"key":"SMITH"},{"data":"Bane","floor":25.0,"key":"SMITH"},{"floor":28.0,"key":"REST"},{"floor":32.0,"key":"REST"},{"data":"Leg Sweep","floor":40,"key":"SMITH"}],"circlet_count":0,"master_deck":["Strike_G","Strike_G","Defend_G","Defend_G","Defend_G","Defend_G","Defend_G","Survivor","Neutralize+1","Bane+1","Terror+1","Noxious Fumes+1","Dagger Spray","Quick Slash","Burst+1","Tools of the Trade","Bouncing Flask","Dash+1","Leg Sweep+1","Blur+1"],"relics":["Ring of the Serpent","Akabeko","Paper Crane","Bag of Marbles","Pear","Ectoplasm","Oddly Smooth Stone","Ancient Tea Set","Lantern","Mummified Hand"],"acts_visited":["Exordium","TheCity","TheBeyond"],"potions_floor_usage":[38,41,44],"damage_taken":[{"damage":0.0,"enemies":"Jaw Worm","floor":1.0,"turns":3.0},{"damage":0.0,"enemies":"2 Louse","floor":4.0,"turns":2.0},{"damage":0.0,"enemies":"Cultist","floor":7.0,"turns":3.0},{"damage":0.0,"enemies":"Gremlin Gang","floor":10.0,"turns":1.0},{"damage":6.0,"enemies":"3 Sentries","floor":11.0,"turns":6.0},{"damage":0.0,"enemies":"Large Slime","floor":12.0,"turns":4.0},{"damage":0.0,"enemies":"3 Louse","floor":13.0,"turns":2.0},{"damage":0.0,"enemies":"Lagavulin","floor":14.0,"turns":5.0},{"damage":21.0,"enemies":"Hexaghost","floor":16.0,"turns":8.0},{"damage":0.0,"enemies":"Chosen","floor":18.0,"turns":4.0},{"damage":18.0,"enemies":"Shell Parasite","floor":20.0,"turns":5.0},{"damage":0.0,"enemies":"3 Cultists","floor":22.0,"turns":2.0},{"damage":7.0,"enemies":"Snake Plant","floor":24.0,"turns":3.0},{"damage":7.0,"enemies":"Snecko","floor":27.0,"turns":4.0},{"damage":30.0,"enemies":"Gremlin Leader","floor":29.0,"turns":7.0},{"damage":35.0,"enemies":"Collector","floor":33.0,"turns":9.0},{"damage":0,"enemies":"3 Shapes","floor":35,"turns":2},{"damage":24,"enemies":"3 Darklings","floor":36,"turns":6},{"damage":6,"enemies":"Spire Growth","floor":38,"turns":5},{"damage":38,"enemies":"Reptomancer","floor":41,"turns":8},{"damage":13,"enemies":"4 Shapes","floor":44,"turns":3}],"seed_played":"9205740904233435742","potions_obtained":[{"floor":4.0,"key":"Poison Potion"},{"floor":12.0,"key":"Energy Potion"},{"floor":13.0,"key":"Block Potion"},{"floor":16.0,"key":"SteroidPotion"},{"floor":24.0,"key":"DuplicationPotion"},{"floor":38,"key":"LiquidBronze"},{"floor":41,"key":"SkillPotion"}],"is_trial":false,"path_per_floor":["M","?","?","M","$","R","M","R","T","M","E","M","M","E","R","B",null,"M","?","M","?","M","R","M","R","T","M","R","E","?","?","R","B",null,"M","M","?","M","$","R","E","?","T","M"],"character_chosen":"THE_SILENT","items_purchased":["Noxious Fumes"],"campfire_rested":2,"item_purchase_floors":[5],"current_hp_per_floor":[70,70,70,70,70,70,70,70,70,70,64,64,64,74,74,53,80,80,80,62,62,62,62,55,55,55,48,72,42,42,42,66,31,80,80,56,56,50,50,50,12,12,12,0,0],"gold":284,"neow_bonus":"RANDOM_COMMON_RELIC","is_daily":false,"chose_seed":false,"campfire_upgraded":6,"win_rate":0.0,"timestamp":1609327326,"path_taken":["M","?","?","M","?","R","M","R","T","M","E","M","M","E","R","BOSS","M","?","M","?","?","R","M","R","T","?","R","E","?","?","R","BOSS","M","M","?","M","$","R","E","?","T","M"],"items_purchased_type":["Card"],"build_version":"2020-12-22","purchased_purges":1,"victory":false,"max_hp_per_floor":[70,70,70,70,70,70,70,70,70,70,70,70,70,80,80,80,80,80,80,80,80,80,80,80,80,80,80,80,80,80,80,80,80,80,80,80,80,80,80,80,80,80,80,80,80],"card_choices":[{"not_picked":["Underhanded Strike","Calculated Gamble"],"picked":"Bane","floor":1.0},{"not_picked":["Distraction","Deadly Poison"],"picked":"Terror","floor":4.0},{"not_picked":["Outmaneuver","Predator"],"picked":"Dagger Spray","floor":7.0},{"not_picked":["Crippling Poison","Dodge and Roll","Deadly Poison"],"picked":"SKIP","floor":10.0},{"not_picked":["Doppelganger","Skewer"],"picked":"Quick Slash","floor":11.0},{"not_picked":["Dodge and Roll","All Out Attack","Skewer"],"picked":"SKIP","floor":12.0},{"not_picked":["Dagger Spray","Endless Agony","Eviscerate"],"picked":"SKIP","floor":13.0},{"not_picked":["Riddle With Holes","Infinite Blades"],"picked":"Burst","floor":14.0},{"not_picked":["Envenom","Night Terror"],"picked":"Tools of the Trade","floor":16.0},{"not_picked":["Quick Slash","Deflect+1"],"picked":"Bouncing Flask","floor":18.0},{"not_picked":["Expertise+1","Dodge and Roll"],"picked":"Dash+1","floor":20.0},{"not_picked":["Cloak And Dagger+1","Acrobatics","Calculated Gamble+1"],"picked":"SKIP","floor":22.0},{"not_picked":["Deflect+1","Skewer","Caltrops"],"picked":"SKIP","floor":24.0},{"not_picked":["Flying Knee","Deflect+1","Acrobatics"],"picked":"SKIP","floor":27.0},{"not_picked":["Heel Hook","Skewer+1"],"picked":"Leg Sweep","floor":29.0},{"not_picked":["Terror+1","Eviscerate"],"picked":"Blur+1","floor":35},{"not_picked":["Caltrops+1","Dagger Throw","Dagger Spray"],"picked":"SKIP","floor":36},{"not_picked":["Distraction","Eviscerate+1","Dagger Spray+1"],"picked":"SKIP","floor":38},{"not_picked":["Dash","Choke","PiercingWail+1"],"picked":"SKIP","floor":41}],"player_experience":147132,"relics_obtained":[{"floor":9.0,"key":"Paper Crane"},{"floor":11.0,"key":"Bag of Marbles"},{"floor":14.0,"key":"Pear"},{"floor":26.0,"key":"Oddly Smooth Stone"},{"floor":29.0,"key":"Ancient Tea Set"},{"floor":41,"key":"Lantern"},{"floor":43,"key":"Mummified Hand"}],"event_choices":[{"cards_removed":["Strike_G"],"damage_healed":0.0,"max_hp_gain":0.0,"max_hp_loss":0.0,"gold_gain":0.0,"event_name":"Living Wall","player_choice":"Forget","floor":2.0,"gold_loss":0.0,"damage_taken":0.0},{"damage_healed":0.0,"max_hp_gain":0.0,"max_hp_loss":0.0,"gold_gain":0.0,"event_name":"Liars Game","player_choice":"Ignored","floor":3.0,"gold_loss":0.0,"damage_taken":0.0},{"damage_healed":0.0,"max_hp_gain":0.0,"max_hp_loss":0.0,"gold_gain":0.0,"event_name":"The Mausoleum","player_choice":"Ignored","floor":19.0,"gold_loss":0.0,"damage_taken":0.0},{"damage_healed":0.0,"max_hp_gain":0.0,"max_hp_loss":0.0,"gold_gain":0.0,"event_name":"N\u0027loth","player_choice":"Ignored","floor":21.0,"gold_loss":0.0,"damage_taken":0.0},{"damage_healed":0.0,"max_hp_gain":0.0,"max_hp_loss":0.0,"gold_gain":0.0,"event_name":"Vampires","player_choice":"Ignored","floor":30.0,"gold_loss":0.0,"damage_taken":0.0},{"damage_healed":0.0,"max_hp_gain":0.0,"max_hp_loss":0.0,"gold_gain":0.0,"event_name":"Ghosts","player_choice":"Ignored","floor":31.0,"gold_loss":0.0,"damage_taken":0.0},{"damage_healed":0,"gold_gain":0,"player_choice":"Ignored","damage_taken":0,"max_hp_gain":0,"max_hp_loss":0,"event_name":"Tomb of Lord Red Mask","floor":37,"gold_loss":0},{"cards_removed":["Strike_G"],"damage_healed":0,"gold_gain":0,"player_choice":"Removed Attack","damage_taken":0,"max_hp_gain":0,"max_hp_loss":0,"event_name":"Falling","floor":42,"gold_loss":0}],"is_beta":false,"boss_relics":[{"not_picked":["Empty Cage","Cursed Key"],"picked":"Ectoplasm"},{"not_picked":["WristBlade","HoveringKite"],"picked":"Ring of the Serpent"}],"items_purged_floors":[39],"is_endless":false,"potions_floor_spawned":[4,12,13,16,24,27,38,41],"killed_by":"4 Shapes","ascension_level":2}}