{"host":"51qmnr9isyv85d0p","time":1609335587,"event":{"mods":["AchievementEnabler","BaseMod","Colored Map","Colored Powertips","Curses Come First","Downfall","Minty Spire (QoL Compilation)","Relic Stats","StSLib","TestMod","vexMod"],"gold_per_floor":[99,11300,10370,10370,10381,10381,10404,9389,9389,8483,8583,7781,7799,7022,7040,7143,7143,7143,7153,7164,7164,6348,6348,6348,6348,6373,6392,6426,5426,5426,5454,5464,5560,5560,5560,5576,5576,5589,4606,4618,4618,3939,3939,3948,3982,3982,3341,3370,3388,3388],"floor_reached":51,"playtime":2596,"items_purged":["Guardian:Defend_Guardian","Guardian:Strike_Guardian","Guardian:Defend_Guardian","Guardian:Strike_Guardian","Guardian:Defend_Guardian","Guardian:Strike_Guardian","Guardian:Defend_Guardian","Guardian:Strike_Guardian"],"score":1200,"play_id":"33621ff8-bb11-4ea1-a9b9-5aa654b817c2","local_time":"20201230213947","is_ascension_mode":true,"campfire_choices":[{"data":"Guardian:TwinSlam","floor":1,"key":"SMITH"},{"data":"Guardian:SentryBeam","floor":6,"key":"SMITH"},{"data":"Guardian:CompilePackage","floor":9,"key":"SMITH"},{"data":"Guardian:CompilePackage","floor":18,"key":"SMITH"},{"data":"Guardian:CurlUp","floor":25,"key":"SMITH"},{"data":"Metamorphosis","floor":35,"key":"SMITH"},{"data":"Guardian:TimeCapacitor","floor":43,"key":"SMITH"},{"data":"Jack Of All Trades","floor":46,"key":"SMITH"}],"circlet_count":0,"master_deck":["Guardian:CurlUp+1","Guardian:TwinSlam+1","Guardian:ChargeUp","Guardian:PolyBeam","Guardian:SentryBeam+1","Guardian:TimeCapacitor+1","Guardian:BronzeOrb","Guardian:CompilePackage+1","Chrysalis+1","Metamorphosis+1","Jack Of All Trades+1","Guardian:Incinerate+1","testmod-PocketStoneCalender+1","Guardian:CompilePackage+1","Guardian:GemFire+1","Guardian:ChargeCore+1","Guardian:SentryBeam+1","Good Instincts","Guardian:TemporalStrike+1","testmod-Mystery+1","Apotheosis+1","Guardian:ExploitGems+1","expansioncontent:QuickStudy+1"],"relics":["Guardian:ModeShifter","testmod-TestBox","testmod-BouquetWithThorns","testmod-LifeArmor","testmod-Justice","Chemical X","Potion Belt","Bronze Scales","HornCleat","Guardian:PickAxe","Molten Egg 2","ClockworkSouvenir","vexMod:MemoryStick","vexMod:GhostlyGear","Ancient Tea Set","Bottled Lightning","Strange Spoon","Sozu","Bag of Preparation","Anchor","Sling","Bottled Flame","Eternal Feather","testmod-AssaultLearning","Centennial Puzzle","Lizard Tail","Frozen Eye","Meat on the Bone","Happy Flower","Philosopher\u0027s Stone","Regal Pillow","Toxic Egg 2","testmod-Charity","White Beast Statue","Orichalcum","Pear","Lee\u0027s Waffle","Strawberry","Vajra","PreservedInsect","Guardian:BottledStasis","testmod-Muramasa"],"acts_visited":["Exordium","TheCity","TheBeyond"],"potions_floor_usage":[5,8,10,15,15,16,16,20,50],"damage_taken":[{"damage":3,"enemies":"Small Slimes","floor":2,"turns":4},{"damage":0,"enemies":"downfall:FleeingMerchant","floor":3,"turns":4},{"damage":0,"enemies":"Cultist","floor":5,"turns":2},{"damage":0,"enemies":"downfall:FleeingMerchant","floor":8,"turns":4},{"damage":1,"enemies":"downfall:FleeingMerchant","floor":10,"turns":4},{"damage":0,"enemies":"2 Louse","floor":13,"turns":2},{"damage":0,"enemies":"Exordium Thugs","floor":15,"turns":2},{"damage":0,"enemies":"downfall:Watcher","floor":16,"turns":3},{"damage":0,"enemies":"3 Byrds","floor":19,"turns":2},{"damage":0,"enemies":"3 Cultists","floor":20,"turns":2},{"damage":0,"enemies":"Book of Stabbing","floor":26,"turns":2},{"damage":0,"enemies":"Shelled Parasite and Fungi","floor":27,"turns":2},{"damage":0,"enemies":"Slavers","floor":28,"turns":1},{"damage":0,"enemies":"Gremlin Leader","floor":31,"turns":2},{"damage":0,"enemies":"Snake Plant","floor":32,"turns":2},{"damage":4,"enemies":"downfall:Ironclad","floor":33,"turns":4},{"damage":0,"enemies":"Orb Walker","floor":36,"turns":1},{"damage":9,"enemies":"3 Darklings","floor":38,"turns":2},{"damage":0,"enemies":"Writhing Mass","floor":40,"turns":2},{"damage":0,"enemies":"Maw","floor":44,"turns":3},{"damage":0,"enemies":"Giant Head","floor":45,"turns":2},{"damage":0,"enemies":"Reptomancer","floor":48,"turns":2},{"damage":0,"enemies":"Transient","floor":49,"turns":5},{"damage":0,"enemies":"downfall:Defect","floor":50,"turns":2}],"seed_played":"-752195617611912640","potions_obtained":[{"floor":2,"key":"testmod-EscapePotion"},{"floor":15,"key":"DistilledChaos"},{"floor":16,"key":"Energy Potion"}],"is_trial":false,"path_per_floor":["R","M","$","?","M","R","T","$","R","$","?","$","M","$","M","B",null,"R","M","M","?","$","T","T","R","E","M","E","$","?","E","M","B",null,"R","M","?","M","$","M","T","$","R","M","E","R","$","E","M","B",null],"character_chosen":"GUARDIAN","items_purchased":["testmod-LifeArmor","testmod-Justice","Chemical X","Guardian:SentryBeam","DuplicationPotion","Strength Potion","Swift Potion","Guardian:TimeCapacitor","Bronze Scales","HornCleat","Guardian:CompilePackage","Chrysalis","FearPotion","ColorlessPotion","Guardian:BlockOnCardUsePotion","Guardian:PickAxe","Molten Egg 2","ClockworkSouvenir","Guardian:Gem_Blue","Metamorphosis","testmod-TimePotion","Fire Potion","DistilledChaos","Jack Of All Trades","Guardian:Incinerate+1","vexMod:MemoryStick","vexMod:BerryBomb","vexMod:GhostlyGear","testmod-PocketStoneCalender+1","Ancient Tea Set","Bottled Lightning","Strange Spoon","Guardian:Gem_Yellow","Guardian:Gem_Yellow","Good Instincts","Bag of Preparation","Anchor","Sling","Guardian:TemporalStrike+1","Lizard Tail","Frozen Eye","Meat on the Bone","testmod-Mystery+1","Regal Pillow","Toxic Egg 2","testmod-Charity","Apotheosis+1","Orichalcum","Pear","Lee\u0027s Waffle","Guardian:ExploitGems+1","Vajra","PreservedInsect","Guardian:BottledStasis","expansioncontent:QuickStudy+1"],"campfire_rested":0,"item_purchase_floors":[3,3,3,3,3,3,3,3,8,8,8,8,8,8,8,10,10,10,10,10,10,10,10,10,10,12,12,12,12,14,14,14,14,22,22,22,22,22,22,29,29,29,29,39,39,39,39,42,42,42,42,47,47,47,47],"current_hp_per_floor":[88,85,85,85,85,85,85,85,85,84,84,90,90,90,90,90,94,94,94,94,94,94,94,94,94,94,94,94,94,75,75,75,71,99,99,99,99,90,90,91,91,117,117,118,126,126,126,127,128,128],"gold":3388,"neow_bonus":"TEN_PERCENT_HP_BONUS","is_daily":false,"chose_seed":false,"campfire_upgraded":8,"win_rate":0.0,"timestamp":1609335587,"path_taken":["R","M","$","?","M","R","T","?","R","$","?","$","?","?","M","BOSS","R","M","M","?","$","?","T","R","E","M","E","$","?","E","M","BOSS","R","M","?","M","$","M","T","?","R","M","E","R","$","E","M","BOSS"],"items_purchased_type":["Relic","Relic","Relic","Card","Potion","Potion","Potion","Card","Relic","Relic","Card","Card","Potion","Potion","Potion","Relic","Relic","Relic","Card","Card","Potion","Potion","Potion","Card","Card","Relic","Relic","Relic","Card","Relic","Relic","Relic","Card","Card","Card","Relic","Relic","Relic","Card","Relic","Relic","Relic","Card","Relic","Relic","Relic","Card","Relic","Relic","Relic","Card","Relic","Relic","Relic","Card"],"build_version":"2020-12-22","purchased_purges":8,"victory":true,"max_hp_per_floor":[88,88,88,88,88,88,88,88,88,88,88,94,94,94,94,94,94,94,94,94,94,94,94,94,94,94,94,94,94,99,99,99,99,99,99,99,99,99,99,100,100,117,117,118,126,126,126,127,128,128],"relic_stats":{"Regal Pillow":0,"Lee\u0027s Waffle":16,"Happy Flower":[8],"counters":[24,61],"Eternal Feather":0,"PreservedInsect":58,"Bag of Preparation":[28],"Orichalcum":[6],"Sozu":8,"Strange Spoon":[126],"Centennial Puzzle":[6],"Lizard Tail":0,"Bronze Scales":[68],"Chemical X":[5],"obtain_stats":[{"vexMod:MemoryStick":12,"Regal Pillow":39,"Vajra":47,"testmod-LifeArmor":3,"Bag of Preparation":22,"testmod-BouquetWithThorns":0,"Ancient Tea Set":14,"Sling":22,"testmod-Charity":39,"ClockworkSouvenir":10,"Guardian:PickAxe":10,"Sozu":17,"Frozen Eye":29,"Centennial Puzzle":28,"Lizard Tail":29,"HornCleat":8,"Strawberry":45,"Philosopher\u0027s Stone":34,"Chemical X":3,"Toxic Egg 2":39,"Potion Belt":7,"Guardian:BottledStasis":47,"Lee\u0027s Waffle":42,"testmod-Muramasa":48,"testmod-TestBox":0,"Pear":42,"Happy Flower":31,"Guardian:ModeShifter":0,"vexMod:BerryBomb":12,"Eternal Feather":24,"PreservedInsect":47,"testmod-Justice":3,"Orichalcum":42,"White Beast Statue":41,"vexMod:GhostlyGear":12,"Strange Spoon":14,"Anchor":22,"Bottled Flame":23,"Bronze Scales":8,"testmod-AssaultLearning":26,"Molten Egg 2":10,"Bottled Lightning":14,"Meat on the Bone":29},{"vexMod:MemoryStick":5,"Regal Pillow":18,"Vajra":21,"testmod-LifeArmor":2,"Bag of Preparation":10,"testmod-BouquetWithThorns":0,"Ancient Tea Set":6,"Sling":10,"testmod-Charity":18,"ClockworkSouvenir":5,"Guardian:PickAxe":5,"Sozu":8,"Frozen Eye":13,"Centennial Puzzle":13,"Lizard Tail":13,"HornCleat":4,"Strawberry":21,"Philosopher\u0027s Stone":16,"Chemical X":2,"Toxic Egg 2":18,"Potion Belt":3,"Guardian:BottledStasis":21,"Lee\u0027s Waffle":19,"testmod-Muramasa":22,"testmod-TestBox":0,"Pear":19,"Happy Flower":14,"Guardian:ModeShifter":0,"vexMod:BerryBomb":5,"Eternal Feather":10,"PreservedInsect":21,"testmod-Justice":2,"Orichalcum":19,"White Beast Statue":19,"vexMod:GhostlyGear":5,"Strange Spoon":6,"Anchor":10,"Bottled Flame":10,"Bronze Scales":4,"testmod-AssaultLearning":11,"Molten Egg 2":5,"Bottled Lightning":6,"Meat on the Bone":13},{"vexMod:MemoryStick":18,"Regal Pillow":45,"Vajra":52,"testmod-LifeArmor":8,"Bag of Preparation":29,"testmod-BouquetWithThorns":0,"Ancient Tea Set":20,"Sling":29,"testmod-Charity":45,"ClockworkSouvenir":18,"Guardian:PickAxe":18,"Sozu":25,"Frozen Eye":34,"Centennial Puzzle":34,"Lizard Tail":34,"HornCleat":14,"Strawberry":52,"Philosopher\u0027s Stone":42,"Chemical X":8,"Toxic Egg 2":45,"Potion Belt":10,"Guardian:BottledStasis":52,"Lee\u0027s Waffle":47,"testmod-Muramasa":54,"testmod-TestBox":0,"Pear":47,"Happy Flower":36,"Guardian:ModeShifter":0,"vexMod:BerryBomb":18,"Eternal Feather":29,"PreservedInsect":52,"testmod-Justice":8,"Orichalcum":47,"White Beast Statue":47,"vexMod:GhostlyGear":18,"Strange Spoon":20,"Anchor":29,"Bottled Flame":29,"Bronze Scales":14,"testmod-AssaultLearning":31,"Molten Egg 2":18,"Bottled Lightning":20,"Meat on the Bone":34}],"Meat on the Bone":0},"card_choices":[{"not_picked":["Guardian:Repulse","Guardian:WalkerClaw"],"picked":"Guardian:ChargeUp","floor":2},{"not_picked":["Guardian:Planning","Guardian:ShieldCharger"],"picked":"Guardian:PolyBeam","floor":3},{"not_picked":["Guardian:CrystalBeam","Guardian:Recover"],"picked":"Guardian:BronzeOrb","floor":5},{"not_picked":["Guardian:Reroute","Guardian:GuardianWhirl","Guardian:TemporalShield"],"picked":"SKIP","floor":8},{"not_picked":["Guardian:Gem_Red","Guardian:Clone"],"picked":"Guardian:Gem_Purple","floor":10},{"not_picked":["Guardian:Gem_Lightblue","Guardian:SentryBeam+1","Guardian:Gem_Green"],"picked":"SKIP","floor":13},{"not_picked":["Guardian:Gem_Cyan","Guardian:Emergency"],"picked":"Guardian:CompilePackage","floor":15},{"not_picked":["Guardian:ExploitGems","Guardian:RevengeProtocol"],"picked":"Guardian:GemFire+1","floor":16},{"not_picked":["Guardian:Gem_Cyan","Guardian:PrismaticBarrier"],"picked":"Guardian:ChargeCore+1","floor":19},{"not_picked":["Guardian:Gem_Red","Guardian:PiercingHide","Guardian:Reroute+1"],"picked":"SKIP","floor":20},{"not_picked":["Guardian:Incinerate+1","Guardian:ChargeCore+1","Guardian:Gem_Fragmented"],"picked":"SKIP","floor":26},{"not_picked":["Guardian:RollAttack+1","Guardian:RefractedBeam+1","Guardian:Emergency+1"],"picked":"SKIP","floor":27},{"not_picked":["Guardian:PrimingBeam+1","Guardian:RollAttack+1","Guardian:Recover"],"picked":"SKIP","floor":28},{"not_picked":["Guardian:Gem_Cyan","Guardian:Incinerate+1","Guardian:TimeCapacitor"],"picked":"SKIP","floor":31},{"not_picked":["Guardian:RollAttack+1","Guardian:ChargeCore+1","Guardian:Harden"],"picked":"SKIP","floor":32},{"not_picked":["Guardian:TemporalStrike+1","Guardian:PrismaticBarrier","Guardian:RefractedBeam+1"],"picked":"SKIP","floor":36},{"not_picked":["Guardian:Gem_Lightblue","Guardian:VentSteam","Guardian:ChargeCore+1"],"picked":"SKIP","floor":38},{"not_picked":["Guardian:Emergency+1","Guardian:Suspension+1","Guardian:Gem_Red"],"picked":"SKIP","floor":40},{"not_picked":["Guardian:FierceBash+1","Guardian:ShieldCharger+1","Guardian:GuardianWhirl+1"],"picked":"SKIP","floor":44},{"not_picked":["Guardian:PrismaticBarrier+1","Guardian:TimeBomb+1","Guardian:TemporalStrike+1"],"picked":"SKIP","floor":45},{"not_picked":["Guardian:VentSteam+1","Guardian:Incinerate+1","Guardian:ShieldCharger+1"],"picked":"SKIP","floor":48},{"not_picked":["Guardian:PrismaticBarrier+1","Guardian:Recover+1","Guardian:Emergency+1"],"picked":"SKIP","floor":49}],"player_experience":21828,"relics_obtained":[{"floor":7,"key":"Potion Belt"},{"floor":23,"key":"Bottled Flame"},{"floor":24,"key":"Eternal Feather"},{"floor":26,"key":"testmod-AssaultLearning"},{"floor":28,"key":"Centennial Puzzle"},{"floor":31,"key":"Happy Flower"},{"floor":41,"key":"White Beast Statue"},{"floor":45,"key":"Strawberry"},{"floor":48,"key":"testmod-Muramasa"}],"event_choices":[{"damage_healed":0,"gold_gain":0,"player_choice":"Copied","damage_taken":0,"max_hp_gain":0,"max_hp_loss":0,"event_name":"Duplicator","floor":21,"gold_loss":0,"cards_obtained":["Guardian:SentryBeam"]},{"damage_healed":0,"gold_gain":0,"player_choice":"Upgraded","damage_taken":0,"max_hp_gain":0,"max_hp_loss":0,"event_name":"Upgrade Shrine","floor":37,"gold_loss":0,"cards_upgraded":["Chrysalis"]}],"is_beta":false,"boss_relics":[{"not_picked":["SlaversCollar","vexMod:CursedCompass"],"picked":"Sozu"},{"not_picked":["Black Star","testmod-Fanaticism"],"picked":"Philosopher\u0027s Stone"}],"items_purged_floors":[3,8,10,12,14,22,29,39],"is_endless":false,"potions_floor_spawned":[2,15,16,20,28,33,40,44,45,48,49],"ascension_level":1}}