{"host":"czyrp3agadxx2eka","time":1609338547,"event":{"mods":["Bard","BaseMod","Beaked The Cultist","BetterRewards","Colored Map","Downfall","Hermit","Hubris","Infinite Spire","Marisa????????","Minty Spire (QoL Compilation)","Replay The Spire","Shop Mod","StSLib","The Construct","The Cursed","The Elementalist","The Runesmith"],"gold_per_floor":[111,111,111,125,125,125,150,150,229,249,249,262,142,142,142,241,241,252,268,134,147,158,158,158,158,233,233,243,269,304,317,317,442,442,486,536,584,633,696,780,780,780,780,870,870,944,1014,1119,1119,1302,1302,1401,1401,1401,1507,1507,1507,1639,1755,1755,1877,1877,1877,1877,2005,2005,2222,2222,2172,2172],"floor_reached":69,"playtime":4704,"items_purged":["bard:Strike","bard:Strike"],"score":1613,"play_id":"13c8ca55-a215-4fd6-b45f-45db8b8ff79b","local_time":"20201230122907","is_ascension_mode":false,"campfire_choices":[{"data":"bard:Inspire","floor":6.0,"key":"SMITH"},{"data":"bard:SplendidForm","floor":8.0,"key":"SMITH"},{"data":"bard:Sift","floor":11.0,"key":"SMITH"},{"data":"bard:MagnumOpus","floor":23.0,"key":"SMITH"},{"data":"bard:MantleOfInspiration","floor":25.0,"key":"SMITH"},{"floor":32.0,"key":"DIG"},{"data":"hubris:Rewind","floor":41.0,"key":"SMITH"},{"floor":49.0,"key":"REST"},{"data":"ReplayTheSpireMod:Haul","floor":62.0,"key":"SMITH"},{"data":"beaked:WarriorSpirit","floor":64.0,"key":"SMITH"},{"data":"bard:Sift","floor":66.0,"key":"SMITH"}],"circlet_count":0,"master_deck":["bard:Strike+1","bard:Defend","bard:Defend","bard:Defend","bard:Riposte+1","bard:Inspire+1","bard:FirstStrike+1","bard:Heroism","bard:SplendidForm+1","bard:Sift+1","bard:Fermata","ReplayTheSpireMod:Black Plague+1","bard:MagnumOpus+1","bard:MantleOfInspiration+1","bard:LocateObject","bard:Gamble","bard:LingeringPerformance+1","bard:Sift+1","bard:ReverseGravity+1","hubris:Rewind+1","bard:FirstStrike+1","hubris:Greed","bard:Blink+1","Amnesia","Regret","bard:ReverseGravity","beaked:WarriorSpirit+1","ReplayTheSpireMod:Restless Dread","ReplayTheSpireMod:Haul+1","bard:Blink","hubris:Compulsion","bard:LocateObject","bard:QuickSong+1","beaked:DarkTribute"],"relics":["bard:SelfPlayingFlute","bard:BagPipes","Lantern","Sundial","elementalistmod:RedRibbon","Replay:Bottled Flurry","Replay:Multitool","Red Mask","infinitespire:EmpoweringShard","infinitespire:EvilPickle","Replay:Grab Bag","Cursed Key","beaked:SacredNecklace","hubris:HollowSoul","beaked:SacredDeck","Toy Ornithopter","hubris:DisguiseKit","Happy Flower","Whetstone","Matryoshka","Centennial Puzzle","hubris:MysteriousPyramids","Regal Pillow","Snecko Eye","hubris:Icosahedron","hubris:64BitClover","PreservedInsect","Bronze Scales","Philosopher\u0027s Stone"],"acts_visited":["Exordium","TheCity","TheBeyond","Exordium","TheCity"],"potions_floor_usage":[],"damage_taken":[{"damage":0.0,"enemies":"2 Louse","floor":1.0,"turns":3.0},{"damage":6.0,"enemies":"Jaw Worm","floor":4.0,"turns":3.0},{"damage":21.0,"enemies":"Gremlin Nob","floor":7.0,"turns":5.0},{"damage":0.0,"enemies":"Cultist","floor":10.0,"turns":2.0},{"damage":3.0,"enemies":"2 Fungi Beasts","floor":12.0,"turns":3.0},{"damage":0.0,"enemies":"The Guardian","floor":16.0,"turns":5.0},{"damage":0.0,"enemies":"Spheric Guardian","floor":18.0,"turns":3.0},{"damage":0.0,"enemies":"3 Byrds","floor":19.0,"turns":6.0},{"damage":25.0,"enemies":"Sentry and Sphere","floor":21.0,"turns":7.0},{"damage":10.0,"enemies":"Snake Plant","floor":22.0,"turns":3.0},{"damage":6.0,"enemies":"Chosen and Byrds","floor":28.0,"turns":6.0},{"damage":21.0,"enemies":"Gremlin Leader","floor":29.0,"turns":5.0},{"damage":1.0,"enemies":"Masked Bandits","floor":30.0,"turns":3.0},{"damage":0.0,"enemies":"Sentry and Sphere","floor":31.0,"turns":5.0},{"damage":10.0,"enemies":"Pondfish","floor":33.0,"turns":13.0},{"damage":3.0,"enemies":"Orb Walker","floor":35.0,"turns":3.0},{"damage":0.0,"enemies":"3 Shapes","floor":37.0,"turns":5.0},{"damage":0.0,"enemies":"Sphere and 2 Shapes","floor":39.0,"turns":2.0},{"damage":52.0,"enemies":"Nightmare","floor":40.0,"turns":7.0},{"damage":1.0,"enemies":"Nemesis","floor":44.0,"turns":3.0},{"damage":2.0,"enemies":"3 Darklings","floor":46.0,"turns":2.0},{"damage":12.0,"enemies":"Giant Head","floor":48.0,"turns":4.0},{"damage":47.0,"enemies":"infinitespire:MassOfShapes","floor":50.0,"turns":6.0},{"damage":0.0,"enemies":"Jaw Worm","floor":52.0,"turns":1.0},{"damage":0.0,"enemies":"2 Louse","floor":55.0,"turns":1.0},{"damage":0.0,"enemies":"Gremlin Nob","floor":58.0,"turns":1.0},{"damage":0.0,"enemies":"Cultist","floor":59.0,"turns":2.0},{"damage":26.0,"enemies":"Large Slime","floor":61.0,"turns":3.0},{"damage":2.0,"enemies":"Looter","floor":65.0,"turns":2.0},{"damage":9.0,"enemies":"Slime Boss","floor":67.0,"turns":4.0},{"damage":0,"enemies":"2 Thieves","floor":69,"turns":1}],"seed_played":"-5616543528379571677","potions_obtained":[{"floor":1.0,"key":"SkillPotion"},{"floor":4.0,"key":"Weak Potion"},{"floor":7.0,"key":"GamblersBrew"},{"floor":12.0,"key":"Toxic Potion"},{"floor":21.0,"key":"BlessingOfTheForge"},{"floor":28.0,"key":"Fire Potion"},{"floor":29.0,"key":"LifebloodPotion"},{"floor":40.0,"key":"Venom Potion"},{"floor":46.0,"key":"BlessingOfTheForge"},{"floor":48.0,"key":"GamblersBrew"},{"floor":50.0,"key":"champ:CounterPotion"},{"floor":55.0,"key":"DuplicationPotion"},{"floor":65.0,"key":"FairyPotion"}],"is_trial":false,"path_per_floor":["M","?","?","M","?","R","E","R","T","M","R","M","$","?","R_BF","B",null,"M","M","$","M","M","R","?","R","T","?","M","E","?","M","R_BF","B",null,"M","?","M","T","M","NM","R","T","T","E","?","M","T","E","R","B",null,"M","?","AVR","M","?","R","E","M","T","M","R","?","R","M","R","B",null,"M"],"character_chosen":"BARD","items_purchased":["bard:Fermata","bard:LocateObject"],"campfire_rested":1,"item_purchase_floors":[13,20],"current_hp_per_floor":[77,77,77,71,71,71,50,50,50,50,50,47,47,28,51,51,77,77,77,77,52,42,42,42,42,42,42,36,15,14,14,14,4,77,74,74,74,74,74,22,22,22,22,21,21,19,19,38,76,34,77,77,77,77,77,77,77,77,77,77,51,51,51,51,49,49,40,77,77,77],"gold":2172,"neow_bonus":"TEN_PERCENT_HP_BONUS","is_daily":false,"chose_seed":false,"campfire_upgraded":9,"win_rate":0.0,"timestamp":1609338547,"path_taken":["M","?","?","M","?","R","E","R","T","?","R","M","$","?","R_BF","BOSS","M","M","$","M","M","R","?","R","T","?","?","E","?","M","R_BF","BOSS","M","?","M","?","?","NM","R","?","T","E","?","M","?","E","R","BOSS","M","?","AVR","M","?","R","E","M","T","?","R","?","R","M","R","BOSS","M"],"items_purchased_type":["Card","Card"],"build_version":"2020-12-22","purchased_purges":2,"victory":false,"max_hp_per_floor":[77,77,77,77,77,77,77,77,77,77,77,77,77,77,77,77,77,77,77,77,77,77,77,77,77,77,77,77,77,77,77,77,77,77,77,77,77,77,77,77,77,77,77,77,77,77,77,77,77,77,77,77,77,77,77,77,77,77,77,77,77,77,77,77,77,77,77,77,77,77],"card_choices":[{"not_picked":["bard:Parry","bard:CuttingWords"],"picked":"bard:FirstStrike","floor":1.0},{"not_picked":["bard:Doot","bard:GlyphOfWarding"],"picked":"bard:Heroism","floor":4.0},{"not_picked":["bard:Demoralize","bard:Flourish"],"picked":"bard:SplendidForm","floor":7.0},{"not_picked":["bard:LifeDrain","bard:CuttingWords"],"picked":"bard:Sift","floor":10.0},{"not_picked":["bard:StudiedStrike","bard:Gamble","bard:InspiringSong"],"picked":"SKIP","floor":12.0},{"not_picked":["infinitespire:Menacing","infinitespire:SealOfDarkness+"],"picked":"ReplayTheSpireMod:Black Plague","floor":14.0},{"not_picked":["bard:FingerOfDeath","bard:Haste"],"picked":"bard:MagnumOpus","floor":16.0},{"not_picked":["bard:PhantasmalForce","bard:Parry","bard:LifeDrain"],"picked":"SKIP","floor":18.0},{"not_picked":["bard:EchoEcho+1","bard:InspiringSong"],"picked":"bard:MantleOfInspiration","floor":19.0},{"not_picked":["bard:Blink","bard:StudiedStrike","bard:DervishDance+1"],"picked":"SKIP","floor":21.0},{"not_picked":["bard:DiscordantVoice","bard:BucklerBash","bard:ViciousMockery"],"picked":"SKIP","floor":22.0},{"not_picked":["bard:MantleOfInspiration+1","bard:Greatness","bard:FeastOnFear"],"picked":"SKIP","floor":28.0},{"not_picked":["bard:Parry","bard:DervishDance","bard:Flourish"],"picked":"SKIP","floor":29.0},{"not_picked":["bard:LifeDrain+1","bard:SongBolt"],"picked":"bard:LingeringPerformance+1","floor":31.0},{"not_picked":["bard:Focused","bard:BottledSong"],"picked":"bard:ReverseGravity","floor":33.0},{"not_picked":["bard:FeastOnFear","bard:HideousLaughter+1"],"picked":"bard:FirstStrike+1","floor":35.0},{"not_picked":["bard:Thunderwave+1","bard:Aphasia","bard:CuttingWords"],"picked":"SKIP","floor":37.0},{"not_picked":["bard:QuickSong+1","bard:EchoEcho","bard:InspiringSong"],"picked":"SKIP","floor":39.0},{"not_picked":["bard:SongBolt","bard:StudiedStrike+1"],"picked":"bard:Blink+1","floor":40.0},{"not_picked":["bard:CuttingWords","bard:LingeringEcho","beaked:Devastation"],"picked":"bard:ReverseGravity","floor":44.0},{"not_picked":["bard:PrismaticSpray","bard:ThickOfTheFight","bard:LocateObject"],"picked":"beaked:WarriorSpirit","floor":46.0},{"not_picked":["bard:EchoEcho+1","bard:Sonata","bard:PhantasmalForce+1","beaked:Flinch"],"picked":"SKIP","floor":48.0},{"not_picked":["bard:GlyphOfWarding","bard:Parry","bard:FeastOnFear","beaked:Tweet"],"picked":"SKIP","floor":52.0},{"not_picked":["bard:BucklerBash","bard:StudiedStrike","bard:SongBolt","beaked:HuntressSpirit"],"picked":"SKIP","floor":55.0},{"not_picked":["bard:SongBolt","bard:QuickSong","bard:StudiedStrike","beaked:LiftOff"],"picked":"SKIP","floor":58.0},{"not_picked":["bard:Haste","bard:QuickSong","bard:Greatness","beaked:Daydream"],"picked":"SKIP","floor":59.0},{"not_picked":["bard:Accelerando","bard:StudiedStrike","bard:EchoEcho","beaked:SacrificialAttack"],"picked":"SKIP","floor":61.0},{"not_picked":["bard:Gamble","bard:BucklerBash","bard:Accelerando","beaked:Resilience"],"picked":"SKIP","floor":65.0},{"not_picked":["bard:CovetousAura","bard:Rhapsody","bard:MagnumOpus"],"picked":"beaked:DarkTribute","floor":67.0}],"player_experience":17037,"relics_obtained":[{"floor":7.0,"key":"Lantern"},{"floor":9.0,"key":"Sundial"},{"floor":26.0,"key":"Replay:Bottled Flurry"},{"floor":29.0,"key":"Replay:Multitool"},{"floor":30.0,"key":"Red Mask"},{"floor":32.0,"key":"infinitespire:EmpoweringShard"},{"floor":38.0,"key":"Toy Ornithopter"},{"floor":40.0,"key":"hubris:DisguiseKit"},{"floor":42.0,"key":"Happy Flower"},{"floor":43.0,"key":"Whetstone"},{"floor":44.0,"key":"Matryoshka"},{"floor":47.0,"key":"Centennial Puzzle"},{"floor":47.0,"key":"hubris:MysteriousPyramids"},{"floor":48.0,"key":"Regal Pillow"},{"floor":58.0,"key":"hubris:64BitClover"},{"floor":60.0,"key":"PreservedInsect"},{"floor":60.0,"key":"Bronze Scales"}],"event_choices":[{"damage_healed":0.0,"max_hp_gain":0.0,"max_hp_loss":0.0,"gold_gain":0.0,"event_name":"Liars Game","player_choice":"Ignored","floor":2.0,"gold_loss":0.0,"damage_taken":0.0},{"damage_healed":0.0,"max_hp_gain":0.0,"max_hp_loss":0.0,"gold_gain":0.0,"event_name":"Accursed Blacksmith","player_choice":"Forge","floor":5.0,"gold_loss":0.0,"damage_taken":0.0,"cards_upgraded":["bard:FirstStrike"]},{"damage_healed":0.0,"max_hp_gain":0.0,"max_hp_loss":0.0,"gold_gain":0.0,"cards_transformed":["bard:Defend"],"event_name":"Transmorgrifier","player_choice":"Transformed","floor":27.0,"gold_loss":0.0,"damage_taken":0.0,"cards_obtained":["bard:Gamble"]},{"damage_healed":0.0,"max_hp_gain":0.0,"max_hp_loss":0.0,"gold_gain":0.0,"event_name":"Masked Bandits","player_choice":"Fought Bandits","floor":30.0,"gold_loss":0.0,"damage_taken":0.0},{"cards_removed":["bard:Strike"],"damage_healed":0.0,"max_hp_gain":0.0,"max_hp_loss":0.0,"gold_gain":0.0,"event_name":"Falling","player_choice":"Removed Attack","floor":45.0,"gold_loss":0.0,"damage_taken":0.0},{"damage_healed":0.0,"max_hp_gain":0.0,"max_hp_loss":0.0,"gold_gain":0.0,"event_name":"Match and Keep!","player_choice":"0 cards matched","floor":56.0,"gold_loss":0.0,"damage_taken":0.0,"cards_obtained":[]}],"is_beta":false,"boss_relics":[{"not_picked":["Runesmith:UraniumAnvil","Sozu"],"picked":"bard:SelfPlayingFlute"},{"not_picked":["construct:WeddingRing","Replay:Bronze Core"],"picked":"Replay:Grab Bag"},{"not_picked":["Busted Crown","infinitespire:Cupcake"],"picked":"Cursed Key"},{"not_picked":["Fusion Hammer","ReplayTheSpireMod:DimensionalGlitch"],"picked":"beaked:SacredNecklace"},{"not_picked":["Kintsugi","SlaversCollar"],"picked":"hubris:HollowSoul"},{"not_picked":["hubris:BlackHole","Runic Pyramid"],"picked":"beaked:SacredDeck"},{"not_picked":["Honey Jar","hubris:Backtick"],"picked":"Snecko Eye"},{"not_picked":["Replay:Ancient Bell","Empty Cage"],"picked":"Philosopher\u0027s Stone"}],"items_purged_floors":[13,20],"is_endless":true,"potions_floor_spawned":[1,4,7,12,21,28,29,30,40,46,48,50,55,65,67],"killed_by":"2 Thieves","ascension_level":0}}