{"host":"lstuuc6roym1046h","time":1609359701,"event":{"mods":["AchievementEnabler","BaseMod","Minty Spire (QoL Compilation)","Relic Stats","StSLib"],"gold_per_floor":[216,196,23,35,52,52,65,65,92,120,134,164,164,179,179,179,179],"floor_reached":16,"playtime":606,"items_purged":[],"score":224,"play_id":"23a6572b-abd0-4cff-b424-3a8440764f62","local_time":"20201230202141","is_ascension_mode":true,"campfire_choices":[{"data":"Bane","floor":6.0,"key":"SMITH"},{"data":"Neutralize","floor":8.0,"key":"SMITH"},{"floor":15,"key":"REST"}],"circlet_count":0,"master_deck":["AscendersBane","Strike_G","Strike_G","Strike_G","Strike_G","Strike_G","Defend_G","Defend_G","Defend_G","Defend_G","Defend_G","Survivor","Neutralize+1","Poisoned Stab","Bane+1","Noxious Fumes","Bouncing Flask","Deadly Poison","Footwork"],"relics":["Ring of the Snake","Membership Card","Nunchaku","Potion Belt","Art of War","Gremlin Horn"],"acts_visited":["Exordium"],"potions_floor_usage":[12,16],"damage_taken":[{"damage":8.0,"enemies":"Cultist","floor":1.0,"turns":5.0},{"damage":0.0,"enemies":"Small Slimes","floor":4.0,"turns":3.0},{"damage":0.0,"enemies":"Jaw Worm","floor":5.0,"turns":4.0},{"damage":0.0,"enemies":"2 Fungi Beasts","floor":7.0,"turns":3.0},{"damage":18.0,"enemies":"Gremlin Nob","floor":10.0,"turns":4.0},{"damage":2.0,"enemies":"Exordium Thugs","floor":11.0,"turns":5.0},{"damage":15,"enemies":"Lagavulin","floor":12,"turns":4},{"damage":8,"enemies":"Looter","floor":14,"turns":3},{"damage":36,"enemies":"Slime Boss","floor":16,"turns":7}],"seed_played":"254286845975171179","potions_obtained":[{"floor":2.0,"key":"DuplicationPotion"},{"floor":5.0,"key":"Ancient Potion"},{"floor":11.0,"key":"LiquidBronze"},{"floor":12,"key":"Fire Potion"}],"is_trial":false,"path_per_floor":["M","?","$","M","M","R","M","R","T","E","M","E","?","M","R","B"],"character_chosen":"THE_SILENT","items_purchased":["Membership Card","Bane"],"campfire_rested":1,"item_purchase_floors":[3,3],"current_hp_per_floor":[51,51,51,51,51,51,51,51,51,33,31,16,16,8,27,0,0],"gold":179,"neow_bonus":"HUNDRED_GOLD","is_daily":false,"chose_seed":false,"campfire_upgraded":2,"win_rate":0.0,"timestamp":1609359701,"path_taken":["M","?","$","?","M","R","M","R","T","E","M","E","?","?","R","BOSS"],"items_purchased_type":["Relic","Card"],"build_version":"2020-12-22","purchased_purges":0,"victory":false,"max_hp_per_floor":[66,66,66,66,66,66,66,66,66,66,66,66,66,66,66,66,66],"relic_stats":{"Nunchaku":[4],"Gremlin Horn":[0,0],"counters":[9,38],"Art of War":[2],"obtain_stats":[{"Potion Belt":10,"Nunchaku":9,"Gremlin Horn":13,"Art of War":12,"Membership Card":3,"Ring of the Snake":0},{"Potion Belt":5,"Nunchaku":4,"Gremlin Horn":7,"Art of War":7,"Membership Card":1,"Ring of the Snake":0},{"Potion Belt":19,"Nunchaku":15,"Gremlin Horn":28,"Art of War":28,"Membership Card":5,"Ring of the Snake":0}],"Ring of the Snake":[18]},"card_choices":[{"not_picked":["Slice","Quick Slash"],"picked":"Poisoned Stab","floor":1.0},{"not_picked":["Outmaneuver","Dagger Throw","Calculated Gamble"],"picked":"SKIP","floor":4.0},{"not_picked":["Slice","Bane"],"picked":"Noxious Fumes","floor":5.0},{"not_picked":["Outmaneuver","Quick Slash","Prepared"],"picked":"SKIP","floor":7.0},{"not_picked":["Terror","Setup"],"picked":"Bouncing Flask","floor":10.0},{"not_picked":["Sucker Punch","Calculated Gamble"],"picked":"Deadly Poison","floor":11.0},{"not_picked":["Blur","A Thousand Cuts"],"picked":"Footwork","floor":12},{"not_picked":["Flying Knee","Flechettes","Slice"],"picked":"SKIP","floor":14}],"player_experience":839316,"relics_obtained":[{"floor":9.0,"key":"Nunchaku"},{"floor":10.0,"key":"Potion Belt"},{"floor":12,"key":"Art of War"}],"event_choices":[{"damage_healed":0.0,"max_hp_gain":0.0,"max_hp_loss":0.0,"gold_gain":0.0,"event_name":"The Woman in Blue","player_choice":"Bought 1 Potion","floor":2.0,"gold_loss":0.0,"damage_taken":0.0},{"damage_healed":0,"gold_gain":0,"player_choice":"Gave Potion","damage_taken":0,"relics_obtained":["Gremlin Horn"],"max_hp_gain":0,"max_hp_loss":0,"event_name":"WeMeetAgain","floor":13,"gold_loss":0}],"is_beta":false,"boss_relics":[],"items_purged_floors":[],"is_endless":false,"potions_floor_spawned":[5,11,12],"killed_by":"Slime Boss","ascension_level":20}}