{"host":"g7trc0x2teqyd8ye","time":1609287438,"event":{"mods":["BaseMod","Key Reminder","Minty Spire (QoL Compilation)","Relic Stats"],"gold_per_floor":[114,124,49,60,60,60,85,103,103,120,148,162,12,31,31,31,31],"floor_reached":16,"playtime":783,"items_purged":["Strike_R"],"score":217,"play_id":"d28cef16-58ca-4826-b34c-2211f68a0c0b","local_time":"20201230011718","is_ascension_mode":true,"campfire_choices":[{"data":"Bash","floor":6,"key":"SMITH"},{"floor":15,"key":"REST"}],"circlet_count":0,"master_deck":["AscendersBane","Strike_R","Strike_R","Strike_R","Defend_R","Defend_R","Defend_R","Defend_R","Bash+1","Iron Wave","Shockwave","Wild Strike","Burning Pact","Twin Strike","Anger","Armaments+1","Rage+1","Fire Breathing","Havoc+1"],"relics":["Burning Blood","Ancient Tea Set","keyreminder:keyreminder","Juzu Bracelet","Toxic Egg 2"],"acts_visited":["Exordium"],"potions_floor_usage":[7,7,16,16],"damage_taken":[{"damage":5,"enemies":"Small Slimes","floor":1,"turns":5},{"damage":14,"enemies":"Jaw Worm","floor":2,"turns":4},{"damage":5,"enemies":"2 Louse","floor":4,"turns":4},{"damage":15,"enemies":"Gremlin Nob","floor":7,"turns":4},{"damage":8,"enemies":"Gremlin Gang","floor":8,"turns":5},{"damage":22,"enemies":"Large Slime","floor":10,"turns":7},{"damage":25,"enemies":"3 Sentries","floor":11,"turns":9},{"damage":4,"enemies":"2 Fungi Beasts","floor":12,"turns":2},{"damage":16,"enemies":"Blue Slaver","floor":14,"turns":4},{"damage":42,"enemies":"The Guardian","floor":16,"turns":10}],"seed_played":"8531843743096793883","potions_obtained":[{"floor":1,"key":"FearPotion"},{"floor":4,"key":"Block Potion"},{"floor":8,"key":"Block Potion"},{"floor":11,"key":"LiquidBronze"}],"is_trial":false,"path_per_floor":["M","M","?","M","?","R","E","M","T","M","E","M","$","M","R","B"],"character_chosen":"IRONCLAD","items_purchased":["Fire Breathing"],"campfire_rested":1,"item_purchase_floors":[13],"current_hp_per_floor":[76,68,68,69,69,69,60,58,58,42,23,25,25,15,39,0,0],"gold":31,"neow_bonus":"TEN_PERCENT_HP_BONUS","is_daily":false,"chose_seed":false,"campfire_upgraded":1,"win_rate":0.0,"timestamp":1609287438,"path_taken":["M","M","?","M","?","R","E","M","T","M","E","M","$","M","R","BOSS"],"items_purchased_type":["Card"],"build_version":"2020-12-22","purchased_purges":1,"victory":false,"max_hp_per_floor":[82,82,82,82,82,82,82,82,82,82,82,82,82,82,82,82,82],"relic_stats":{"counters":[10,54],"Juzu Bracelet":0,"obtain_stats":[{"keyreminder:keyreminder":7,"Juzu Bracelet":9,"Toxic Egg 2":11,"Ancient Tea Set":7,"Burning Blood":0},{"keyreminder:keyreminder":4,"Juzu Bracelet":5,"Toxic Egg 2":7,"Ancient Tea Set":4,"Burning Blood":0},{"keyreminder:keyreminder":17,"Juzu Bracelet":22,"Toxic Egg 2":38,"Ancient Tea Set":17,"Burning Blood":0}],"Burning Blood":54},"card_choices":[{"not_picked":["Intimidate","True Grit"],"picked":"Iron Wave","floor":1},{"not_picked":["Headbutt","Havoc"],"picked":"Shockwave","floor":2},{"not_picked":["Headbutt","Battle Trance"],"picked":"Wild Strike","floor":4},{"not_picked":["Heavy Blade","True Grit"],"picked":"Burning Pact","floor":7},{"not_picked":["Whirlwind","Anger"],"picked":"Twin Strike","floor":8},{"not_picked":["Heavy Blade","Wild Strike"],"picked":"Anger","floor":10},{"not_picked":["Exhume+1","Dropkick"],"picked":"Armaments+1","floor":11},{"not_picked":["Feel No Pain","Headbutt"],"picked":"Rage+1","floor":12},{"not_picked":["Iron Wave","Dropkick"],"picked":"Havoc+1","floor":14}],"player_experience":814547,"relics_obtained":[{"floor":7,"key":"Ancient Tea Set"},{"floor":9,"key":"Juzu Bracelet"},{"floor":11,"key":"Toxic Egg 2"}],"event_choices":[{"cards_removed":["Strike_R"],"damage_healed":0,"gold_gain":0,"player_choice":"Card Removal","damage_taken":0,"max_hp_gain":0,"max_hp_loss":0,"event_name":"The Cleric","floor":3,"gold_loss":75},{"damage_healed":0,"gold_gain":0,"player_choice":"Ignored","damage_taken":0,"max_hp_gain":0,"max_hp_loss":0,"event_name":"Liars Game","floor":5,"gold_loss":0}],"is_beta":false,"boss_relics":[],"items_purged_floors":[13],"is_endless":false,"potions_floor_spawned":[1,4,8,11,14],"killed_by":"The Guardian","ascension_level":18}}