{"host":"odz7g4gpgch153rb","time":1609355763,"event":{"mods":["AchievementEnabler","BaseMod","Better Match","Better Third Choice","BetterRewards","GifTheSpireLib","Infinite Spire","Jedi Mod","Minty Spire (QoL Compilation)","Quick Restart","Replay The Spire","Spikes Relics","StSLib","Stuff the Spire","The Blue Laboratory","Trackpad"],"gold_per_floor":[118,118,118,131,131,161,161,195,220,254,265,278,289,305,305,404,504,514,613,613,538,556,556,584,601,673,673,685,699,699,699,699,794,794,811,906,906,923,937,937,971,971,996,1028,1028,1028,1047,552,552,570,570,675,675,675],"floor_reached":53,"playtime":3362,"items_purged":["Strike_P","Strike_P","Strike_P"],"score":1395,"play_id":"552b0b7b-bb0a-4b35-9189-4ff98202a33b","local_time":"20201230141603","is_ascension_mode":true,"campfire_choices":[{"data":"infinitespire:SevenWalls","floor":15.0,"key":"SMITH"},{"data":"Replay:LoomingThreat","floor":23.0,"key":"SMITH"},{"data":"Protect","floor":27.0,"key":"SMITH"},{"data":"Vigilance","floor":30.0,"key":"SMITH"},{"floor":32.0,"key":"DIG"},{"data":"PathToVictory","floor":40,"key":"SMITH"},{"data":"Replay:LoomingThreat","floor":42,"key":"SMITH"},{"data":"Eruption","floor":51,"key":"SMITH"}],"circlet_count":0,"master_deck":["AscendersBane","Defend_P","Defend_P","Defend_P","Defend_P+1","Eruption+1","Vigilance+1","PathToVictory+1","infinitespire:SevenWalls+1","DeceiveReality","Replay:LoomingThreat+1","CarveReality","Protect+1","Replay:LoomingThreat+1","PathToVictory+1","Replay:AtTheReady+1","Parasite","PathToVictory+1","Good Instincts","Ragnarok"],"relics":["HolyWater","NeowsBlessing","Replay:Kaleidoscope","jedi:archwizardhat","Bag of Marbles","SnailShell","PreservedInsect","Replay:Wanted Poster","StuffTheSpire:DarkSteelAnvil","infinitespire:CheckeredPen","Replay:Rubber Ducky","trackpad:WondrousWand","trackpad:AdjectivePendant","infinitespire:PuzzleCube","infinitespire:Beetle Shell","trackpad:ZombieHeart","infinitespire:ShieldingShard","Regal Pillow"],"acts_visited":["Exordium","TheCity","TheBeyond"],"potions_floor_usage":[33],"damage_taken":[{"damage":0.0,"enemies":"Small Slimes","floor":1.0,"turns":1.0},{"damage":0.0,"enemies":"2 Louse","floor":4.0,"turns":1.0},{"damage":0.0,"enemies":"Gremlin Nob","floor":6.0,"turns":1.0},{"damage":0.0,"enemies":"3 Sentries","floor":8.0,"turns":9.0},{"damage":3.0,"enemies":"Lagavulin","floor":10.0,"turns":5.0},{"damage":0.0,"enemies":"Jaw Worm","floor":11.0,"turns":2.0},{"damage":0.0,"enemies":"3 Louse","floor":12.0,"turns":3.0},{"damage":0.0,"enemies":"2 Fungi Beasts","floor":13.0,"turns":2.0},{"damage":0.0,"enemies":"Blue Slaver","floor":14.0,"turns":3.0},{"damage":0.0,"enemies":"Fading Forest","floor":16.0,"turns":11.0},{"damage":0.0,"enemies":"Spheric Guardian","floor":18.0,"turns":5.0},{"damage":0.0,"enemies":"Shell Parasite","floor":22.0,"turns":4.0},{"damage":0.0,"enemies":"Book of Stabbing","floor":24.0,"turns":5.0},{"damage":0.0,"enemies":"Snecko","floor":25.0,"turns":4.0},{"damage":0.0,"enemies":"3 Cultists","floor":28.0,"turns":4.0},{"damage":0.0,"enemies":"Centurion and Healer","floor":29.0,"turns":5.0},{"damage":36,"enemies":"Champ","floor":33,"turns":13},{"damage":0,"enemies":"3 Darklings","floor":35,"turns":4},{"damage":0,"enemies":"3 Shapes","floor":37,"turns":2},{"damage":0,"enemies":"Sphere and 2 Shapes","floor":38,"turns":4},{"damage":0,"enemies":"4 Shapes","floor":39,"turns":4},{"damage":0,"enemies":"Nightmare","floor":41,"turns":5},{"damage":0,"enemies":"Nemesis","floor":44,"turns":3},{"damage":0,"enemies":"Writhing Mass","floor":47,"turns":5},{"damage":10,"enemies":"3 Darklings","floor":50,"turns":2},{"damage":26,"enemies":"Donu and Deca","floor":52,"turns":10}],"seed_played":"-6642287975550499163","potions_obtained":[{"floor":6.0,"key":"LifebloodPotion"},{"floor":10.0,"key":"blueLaboratory:PressurePotion"},{"floor":12.0,"key":"Strength Potion"},{"floor":14.0,"key":"DuplicationPotion"},{"floor":16.0,"key":"Elixir"},{"floor":18.0,"key":"blueLaboratory:BottledTrinity"},{"floor":25.0,"key":"blueLaboratory:BottleOfVodka"},{"floor":29.0,"key":"blueLaboratory:MidnightOil"},{"floor":39,"key":"Milkshake"},{"floor":47,"key":"SmokeBomb"}],"is_trial":false,"path_per_floor":["M","?","?","M","?","E","T","E","T","E","M","M","M","M","R","B",null,"M","?","?","$","M","R","E","M","T","R","M","M","R","AVR","R","B",null,"M","?","M","M","M","R","NM","R","T","E","PTL","PTL","M","$","?","M","R","B",null],"character_chosen":"WATCHER","items_purchased":["infinitespire:ShieldingShard","Regal Pillow"],"campfire_rested":0,"item_purchase_floors":[48,48],"current_hp_per_floor":[65,48,48,48,34,34,34,34,34,31,31,31,31,31,31,39,64,64,64,64,64,64,64,64,64,64,64,64,64,64,64,64,28,61,61,61,61,61,61,61,61,61,61,61,61,61,62,62,62,58,58,34,34,34],"gold":675,"neow_bonus":"THREE_ENEMY_KILL","is_daily":false,"chose_seed":false,"campfire_upgraded":7,"win_rate":0.0,"timestamp":1609355763,"path_taken":["M","?","?","M","?","E","?","E","T","E","M","M","M","?","R","BOSS","M","?","?","$","M","R","E","M","T","R","M","M","R","AVR","R","BOSS","M","?","M","?","M","R","NM","R","T","E","PTL","PTL","?","$","?","M","R","BOSS"],"items_purchased_type":["Relic","Relic"],"build_version":"2020-12-22","purchased_purges":3,"victory":false,"max_hp_per_floor":[72,72,72,72,72,72,72,72,72,72,72,72,72,72,72,72,72,72,72,72,72,72,72,72,72,72,72,72,72,72,72,72,72,72,72,72,72,72,72,72,72,72,72,72,72,72,73,73,73,79,79,81,81,81],"card_choices":[{"not_picked":["Replay:Battleflow","CrushJoints"],"picked":"PathToVictory","floor":1.0},{"not_picked":["infinitespire:FutureSight","infinitespire:Oblivion"],"picked":"infinitespire:SevenWalls","floor":2.0},{"not_picked":["Evaluate","EmptyBody","SashWhip"],"picked":"SKIP","floor":4.0},{"not_picked":["Protect","Conclude"],"picked":"DeceiveReality","floor":6.0},{"not_picked":["Wallop","Crescendo","JustLucky"],"picked":"SKIP","floor":8.0},{"not_picked":["Omniscience","DeceiveReality","FlurryOfBlows"],"picked":"SKIP","floor":10.0},{"not_picked":["Vengeance","Consecrate","ForeignInfluence"],"picked":"SKIP","floor":11.0},{"not_picked":["Collect","Weave","Worship"],"picked":"SKIP","floor":12.0},{"not_picked":["Halt","FollowUp","Crescendo"],"picked":"SKIP","floor":13.0},{"not_picked":["EmptyBody","Sanctity","Collect"],"picked":"SKIP","floor":14.0},{"not_picked":["Replay:AllIn","Devotion"],"picked":"Replay:LoomingThreat","floor":16.0},{"not_picked":["Replay:ManipulateFuture","Replay:AtTheReady+1"],"picked":"CarveReality","floor":18.0},{"not_picked":["Crescendo","FlurryOfBlows","MentalFortress+1"],"picked":"SKIP","floor":22.0},{"not_picked":["Perseverance","SashWhip","FlyingSleeves+1"],"picked":"SKIP","floor":24.0},{"not_picked":["Collect","LessonLearned"],"picked":"Protect","floor":25.0},{"not_picked":["Pray","EmptyFist","JustLucky"],"picked":"SKIP","floor":28.0},{"not_picked":["ClearTheMind+1","BowlingBash+1","EmptyBody+1"],"picked":"SKIP","floor":29.0},{"not_picked":["ConjureBlade","jedi:nirvanicrebirth"],"picked":"Replay:LoomingThreat","floor":33},{"not_picked":["Replay:Anticipation","Protect+1"],"picked":"PathToVictory","floor":35},{"not_picked":["ForeignInfluence","MentalFortress","Protect"],"picked":"SKIP","floor":37},{"not_picked":["Collect+1","Conclude","CrushJoints"],"picked":"SKIP","floor":38},{"not_picked":["FollowUp","ClearTheMind+1"],"picked":"Replay:AtTheReady+1","floor":39},{"not_picked":["Replay:BluntJabs+1","ClearTheMind","Pray"],"picked":"SKIP","floor":41},{"not_picked":["Crescendo+1","Replay:Battleflow","Wireheading+1"],"picked":"SKIP","floor":44},{"not_picked":["ClearTheMind+1","LessonLearned"],"picked":"PathToVictory+1","floor":47},{"not_picked":["ReplayTheSpireMod:Necrogeddon","Trip"],"picked":"Good Instincts","floor":49},{"not_picked":["Replay:Anticipation","Wireheading","FearNoEvil"],"picked":"SKIP","floor":50},{"not_picked":["DeusExMachina","Blasphemy"],"picked":"Ragnarok","floor":52}],"player_experience":972974,"relics_obtained":[{"floor":6.0,"key":"Replay:Kaleidoscope"},{"floor":7.0,"key":"jedi:archwizardhat"},{"floor":8.0,"key":"Bag of Marbles"},{"floor":9.0,"key":"SnailShell"},{"floor":10.0,"key":"PreservedInsect"},{"floor":24.0,"key":"StuffTheSpire:DarkSteelAnvil"},{"floor":26.0,"key":"infinitespire:CheckeredPen"},{"floor":32.0,"key":"trackpad:WondrousWand"},{"floor":36,"key":"trackpad:AdjectivePendant"},{"floor":41,"key":"infinitespire:PuzzleCube"},{"floor":43,"key":"infinitespire:Beetle Shell"},{"floor":44,"key":"trackpad:ZombieHeart"}],"event_choices":[{"damage_healed":48.0,"max_hp_gain":0.0,"max_hp_loss":72.0,"gold_gain":0.0,"event_name":"betterThird:BetterShining","player_choice":"Upgrade","floor":5.0,"gold_loss":0.0,"damage_taken":14.0,"cards_upgraded":["Defend_P","PathToVictory"]},{"damage_healed":0.0,"max_hp_gain":0.0,"max_hp_loss":0.0,"gold_gain":99.0,"event_name":"betterThird:BetterNest","player_choice":"Steal","floor":19.0,"gold_loss":0.0,"damage_taken":0.0},{"damage_healed":0.0,"max_hp_gain":0.0,"max_hp_loss":0.0,"gold_gain":0.0,"event_name":"Ghosts","player_choice":"Ignored","floor":20.0,"gold_loss":0.0,"damage_taken":0.0},{"damage_healed":0,"gold_gain":0,"player_choice":"Memory 1","damage_taken":0,"max_hp_gain":0,"max_hp_loss":0,"event_name":"SensoryStone","floor":49,"gold_loss":0}],"is_beta":false,"boss_relics":[{"not_picked":["trackpad:Trackpad","trackpad:StolenKidneys"],"picked":"Replay:Wanted Poster"},{"not_picked":["Pandora\u0027s Box","infinitespire:Cupcake"],"picked":"HolyWater"}],"items_purged_floors":[21,31,48],"is_endless":true,"potions_floor_spawned":[6,10,12,14,16,18,25,29,39,47,50],"ascension_level":11}}