{"host":"344lv32hnei0mdhu","time":1609287765,"event":{"mods":["Act Like it!","BaseMod","Better Match","Better Sensory Stone","Better Skull","Better Third Choice","Better Vampires","Colored Powertips","Highlight Path","Minty Spire (QoL Compilation)","Quick Restart","Random Character Button","Rare Cards Sparkle","StSLib"],"gold_per_floor":[110,59,59,74,149,180,200,230,230,230,262,262,333,351,351,449,449,463,463,478,167,179,179,204,204,282,308,308,183,196,211,211,307,307,320,333,34,51,100,100,100,100,149,149,149,160,170,194,194,194,194],"floor_reached":50,"playtime":2102,"items_purged":["Strike_R"],"score":754,"play_id":"04b717b6-cddc-43dc-b0e4-7276e062d860","local_time":"20201229182245","is_ascension_mode":true,"campfire_choices":[{"data":"Inflame","floor":10.0,"key":"SMITH"},{"floor":15.0,"key":"REST"},{"floor":23.0,"key":"REST"},{"floor":25.0,"key":"REST"},{"floor":28.0,"key":"REST"},{"data":"Searing Blow+1","floor":32.0,"key":"SMITH"},{"data":"Searing Blow+2","floor":40,"key":"SMITH"},{"data":"Searing Blow+3","floor":41,"key":"SMITH"},{"data":"Searing Blow+4","floor":44,"key":"SMITH"},{"data":"Searing Blow+5","floor":45,"key":"SMITH"},{"floor":49,"key":"REST"}],"circlet_count":0,"master_deck":["Strike_R","Strike_R","Strike_R","Strike_R","Defend_R","Defend_R","Defend_R","Defend_R","Bash","Rage","Thunderclap","Inflame+1","Heavy Blade","Wild Strike","Blood for Blood","Metallicize","Ghostly Armor","Bludgeon","CurseOfTheBell","Body Slam+1","Wild Strike+1","Inflame+1","Sword Boomerang","Shrug It Off","Inflame","Spot Weakness","Rage+1","Searing Blow+6","Offering","Second Wind+1","Shockwave+1","Rage+1"],"relics":["Burning Blood","NeowsBlessing","Akabeko","Mercury Hourglass","Gremlin Horn","Nunchaku","Tiny Chest","Calling Bell","Blood Vial","The Courier","CaptainsWheel","DollysMirror","Pear","Kunai","White Beast Statue","Bag of Marbles","Mark of Pain","WingedGreaves","Unceasing Top","Anchor","Regal Pillow"],"acts_visited":["Exordium","TheCity","TheBeyond"],"potions_floor_usage":[33,33,33,33,33,33,35,39,47,50,50,50],"damage_taken":[{"damage":0.0,"enemies":"2 Louse","floor":1.0,"turns":1.0},{"damage":0.0,"enemies":"Small Slimes","floor":4.0,"turns":1.0},{"damage":0.0,"enemies":"Gremlin Nob","floor":6.0,"turns":1.0},{"damage":3.0,"enemies":"Jaw Worm","floor":7.0,"turns":2.0},{"damage":7.0,"enemies":"3 Sentries","floor":8.0,"turns":4.0},{"damage":27.0,"enemies":"Lagavulin","floor":11.0,"turns":7.0},{"damage":0.0,"enemies":"Large Slime","floor":14.0,"turns":5.0},{"damage":2.0,"enemies":"Slime Boss","floor":16.0,"turns":7.0},{"damage":27.0,"enemies":"2 Thieves","floor":18.0,"turns":3.0},{"damage":19.0,"enemies":"Shell Parasite","floor":20.0,"turns":6.0},{"damage":37.0,"enemies":"Shelled Parasite and Fungi","floor":22.0,"turns":4.0},{"damage":22.0,"enemies":"Slavers","floor":24.0,"turns":4.0},{"damage":7.0,"enemies":"Cultist and Chosen","floor":30.0,"turns":3.0},{"damage":30.0,"enemies":"Snake Plant","floor":31.0,"turns":3.0},{"damage":62,"enemies":"Champ","floor":33,"turns":10},{"damage":0,"enemies":"3 Darklings","floor":35,"turns":2},{"damage":5,"enemies":"3 Shapes","floor":36,"turns":3},{"damage":6,"enemies":"Sphere and 2 Shapes","floor":38,"turns":3},{"damage":19,"enemies":"2 Orb Walkers","floor":39,"turns":4},{"damage":26,"enemies":"Maw","floor":46,"turns":7},{"damage":33,"enemies":"Writhing Mass","floor":47,"turns":7},{"damage":99,"enemies":"Awakened One","floor":50,"turns":9}],"seed_played":"2755682018905444268","potions_obtained":[{"floor":6.0,"key":"Energy Potion"},{"floor":8.0,"key":"Fruit Juice"},{"floor":11.0,"key":"Block Potion"},{"floor":16.0,"key":"AttackPotion"},{"floor":20.0,"key":"Strength Potion"},{"floor":22.0,"key":"Fire Potion"},{"floor":30.0,"key":"EntropicBrew"},{"floor":31.0,"key":"Swift Potion"},{"floor":33,"key":"Fire Potion"},{"floor":35,"key":"SkillPotion"},{"floor":36,"key":"Block Potion"},{"floor":38,"key":"DuplicationPotion"},{"floor":39,"key":"HeartOfIron"},{"floor":46,"key":"Dexterity Potion"},{"floor":47,"key":"DuplicationPotion"}],"is_trial":false,"path_per_floor":["M","$","?","M","?","E","M","E","T","R","E","?","?","M","R","B",null,"M","?","M","$","M","R","E","R","T","T","R","$","M","M","R","B",null,"M","M","$","M","?","R","R","?","T","R","R","M","M","T","R","B"],"character_chosen":"IRONCLAD","items_purchased":["Thunderclap","DollysMirror","Pear","Inflame","Spot Weakness","WingedGreaves"],"campfire_rested":5,"item_purchase_floors":[2,21,21,29,29,37],"current_hp_per_floor":[78,78,71,77,66,72,75,79,79,79,58,63,63,69,90,90,90,69,51,40,50,21,52,38,69,69,69,100,100,101,79,79,25,85,93,96,96,98,87,87,87,87,87,87,87,69,44,44,90,0,0],"gold":194,"neow_bonus":"THREE_ENEMY_KILL","is_daily":false,"chose_seed":false,"campfire_upgraded":6,"win_rate":0.0,"timestamp":1609287765,"path_taken":["M","$","?","M","?","E","M","E","T","R","E","?","?","M","R","BOSS","M","?","M","$","M","R","E","R","T","?","R","$","M","M","R","BOSS","M","M","$","M","?","R","R","?","T","R","R","M","?","?","R","BOSS"],"items_purchased_type":["Card","Relic","Relic","Card","Card","Relic"],"build_version":"2020-12-22","purchased_purges":1,"victory":false,"max_hp_per_floor":[80,80,80,80,80,80,80,85,85,85,85,90,90,90,90,90,90,90,95,95,105,105,105,105,105,105,105,105,105,105,105,105,105,105,105,105,105,105,105,105,105,105,105,105,105,105,105,105,105,105,105],"card_choices":[{"not_picked":["Warcry","Heavy Blade"],"picked":"Rage","floor":1.0},{"not_picked":["Battle Trance","Wild Strike"],"picked":"Inflame","floor":4.0},{"not_picked":["Sever Soul","Power Through"],"picked":"Heavy Blade","floor":6.0},{"not_picked":["Exhume","Evolve"],"picked":"Wild Strike","floor":7.0},{"not_picked":["Sword Boomerang","Twin Strike"],"picked":"Blood for Blood","floor":8.0},{"not_picked":["Offering","Clash"],"picked":"Metallicize","floor":11.0},{"not_picked":["Warcry","Anger"],"picked":"Ghostly Armor","floor":14.0},{"not_picked":["Reaper","Offering"],"picked":"Bludgeon","floor":16.0},{"not_picked":["Clothesline","Havoc"],"picked":"Body Slam+1","floor":18.0},{"not_picked":["Iron Wave","Armaments+1"],"picked":"Wild Strike+1","floor":20.0},{"not_picked":["Anger","Havoc"],"picked":"Sword Boomerang","floor":22.0},{"not_picked":["Thunderclap","Brutality"],"picked":"Shrug It Off","floor":24.0},{"not_picked":["Pommel Strike","Havoc"],"picked":"Rage+1","floor":30.0},{"not_picked":["Iron Wave","Rampage"],"picked":"Searing Blow+1","floor":31.0},{"not_picked":["Barricade","Exhume"],"picked":"Offering","floor":33},{"not_picked":["Wild Strike+1","Anger"],"picked":"Second Wind+1","floor":35},{"not_picked":["Warcry+1","Infernal Blade","Cleave+1"],"picked":"SKIP","floor":36},{"not_picked":["Searing Blow+1","Seeing Red","Headbutt"],"picked":"SKIP","floor":38},{"not_picked":["Hemokinesis+1","Metallicize"],"picked":"Shockwave+1","floor":39},{"not_picked":["True Grit+1","Dropkick","Heavy Blade"],"picked":"SKIP","floor":46},{"not_picked":["Iron Wave","Cleave+1","Anger"],"picked":"SKIP","floor":47}],"player_experience":287199,"relics_obtained":[{"floor":6.0,"key":"Mercury Hourglass"},{"floor":8.0,"key":"Gremlin Horn"},{"floor":9.0,"key":"Nunchaku"},{"floor":11.0,"key":"Tiny Chest"},{"floor":17.0,"key":"Blood Vial"},{"floor":17.0,"key":"The Courier"},{"floor":17.0,"key":"CaptainsWheel"},{"floor":24.0,"key":"Kunai"},{"floor":26.0,"key":"White Beast Statue"},{"floor":27.0,"key":"Bag of Marbles"},{"floor":39,"key":"Unceasing Top"},{"floor":43,"key":"Anchor"},{"floor":48,"key":"Regal Pillow"}],"event_choices":[{"damage_healed":0.0,"max_hp_gain":0.0,"max_hp_loss":0.0,"gold_gain":0.0,"event_name":"betterThird:BetterScrap","player_choice":"Relic ","floor":3.0,"gold_loss":0.0,"damage_taken":7.0,"cards_obtained":["Machine Learning"]},{"damage_healed":0.0,"max_hp_gain":0.0,"max_hp_loss":0.0,"gold_gain":75.0,"event_name":"betterThird:BetterGoop","player_choice":"Gold","floor":5.0,"gold_loss":0.0,"damage_taken":11.0},{"damage_healed":0.0,"max_hp_gain":5.0,"max_hp_loss":0.0,"gold_gain":0.0,"event_name":"Big Fish","player_choice":"Donut","floor":12.0,"gold_loss":0.0,"damage_taken":0.0},{"damage_healed":0.0,"max_hp_gain":0.0,"max_hp_loss":0.0,"gold_gain":71.0,"event_name":"Golden Wing","player_choice":"Gained Gold","floor":13.0,"gold_loss":0.0,"damage_taken":0.0},{"damage_healed":0.0,"max_hp_gain":5.0,"max_hp_loss":0.0,"gold_gain":0.0,"event_name":"Forgotten Altar","player_choice":"Shed Blood","floor":19.0,"gold_loss":0.0,"damage_taken":23.0},{"damage_healed":0,"gold_gain":0,"player_choice":"Fight","damage_taken":0,"max_hp_gain":0,"max_hp_loss":0,"event_name":"Mysterious Sphere","floor":39,"gold_loss":0},{"damage_healed":0,"gold_gain":0,"player_choice":"Copied","damage_taken":0,"max_hp_gain":0,"max_hp_loss":0,"event_name":"Duplicator","floor":42,"gold_loss":0,"cards_obtained":["Rage"]}],"is_beta":false,"boss_relics":[{"not_picked":["SacredBark","Black Blood"],"picked":"Calling Bell"},{"not_picked":["Sozu","Fusion Hammer"],"picked":"Mark of Pain"}],"items_purged_floors":[37],"is_endless":false,"potions_floor_spawned":[6,8,11,16,20,22,30,31,33,35,36,38,39,46,47],"killed_by":"Awakened One","ascension_level":9}}