{"host":"hdafziggwnbzqpcb","time":1609302473,"event":{"mods":["BaseMod","Better Vampires","Colored Map","Colored Powertips","Curses Come First","Duelist Mod","GifTheSpireLib","Hero for Fun","Minty Spire (QoL Compilation)","Quick Restart","Rare Cards Sparkle","Relic Stats","Spicy Shops","StSLib","The Bug Knight","The Cursed","The Marked","The Senshi","The Wild Card","TheHero"],"gold_per_floor":[113,125,50,68,18,18,43,43,43,43,57,68,95,111,111,215,215,232,232,249,249,249],"floor_reached":21,"playtime":874,"items_purged":["theSenshi:SailorKick"],"score":220,"play_id":"9384b0c5-426c-44c9-8e79-05e40449b3ed","local_time":"20201229202753","is_ascension_mode":true,"campfire_choices":[{"data":"theSenshi:MoonCrisisMakeUp","floor":6,"key":"SMITH"},{"data":"theSenshi:MoonTiaraMagic","floor":8,"key":"SMITH"},{"data":"theSenshi:SailorKick","floor":15,"key":"SMITH"}],"circlet_count":0,"master_deck":["theSenshi:SailorKick","theSenshi:SailorKick+1","theSenshi:SailorBlock","theSenshi:SailorBlock","theSenshi:RoseThrow","theSenshi:MoonPrismPowerMakeUp","theSenshi:MoonTiaraMagic+1","theSenshi:MoonCosmicPowerMakeUp","theSenshi:MoonCrisisMakeUp+1","theSenshi:MoonPunch","theSenshi:StarlightHoneymoonTherapyKiss+1","theSenshi:LateForSchool"],"relics":["theSenshi:TransformationBroochRelic","TungstenRod","Peace Pipe","theSenshi:CutieMoonRodRelic","SlaversCollar"],"acts_visited":["Exordium","TheCity"],"potions_floor_usage":[13,13,16,16,16,20],"damage_taken":[{"damage":0,"enemies":"Cultist","floor":1,"turns":3},{"damage":8,"enemies":"2 Louse","floor":2,"turns":2},{"damage":0,"enemies":"Small Slimes","floor":4,"turns":3},{"damage":33,"enemies":"Lagavulin","floor":7,"turns":8},{"damage":13,"enemies":"Red Slaver","floor":11,"turns":4},{"damage":20,"enemies":"Blue Slaver","floor":12,"turns":3},{"damage":22,"enemies":"Gremlin Nob","floor":13,"turns":4},{"damage":0,"enemies":"Large Slime","floor":14,"turns":5},{"damage":20,"enemies":"Slime Boss","floor":16,"turns":10},{"damage":26,"enemies":"Shell Parasite","floor":18,"turns":6},{"damage":28,"enemies":"2 Thieves","floor":20,"turns":3},{"damage":18,"enemies":"Centurion and Healer","floor":21,"turns":2}],"seed_played":"4133389166777316546","potions_obtained":[{"floor":7,"key":"Strength Potion"},{"floor":11,"key":"GamblersBrew"},{"floor":12,"key":"Regen Potion"},{"floor":13,"key":"Ancient Potion"},{"floor":14,"key":"SkillPotion"},{"floor":18,"key":"LiquidBronze"}],"is_trial":false,"path_per_floor":["M","M","$","M","?","R","E","R","T","?","M","M","E","M","R","B",null,"M","?","M","M"],"character_chosen":"THE_SENSHI","items_purchased":[],"campfire_rested":0,"item_purchase_floors":[],"current_hp_per_floor":[68,60,60,60,60,60,27,27,27,68,55,35,25,25,25,5,68,42,42,14,0,0],"gold":249,"neow_bonus":"REMOVE_TWO","is_daily":false,"chose_seed":false,"campfire_upgraded":3,"win_rate":0.0,"timestamp":1609302473,"path_taken":["M","?","$","M","?","R","E","R","T","?","M","?","E","M","R","BOSS","M","?","M","?"],"items_purchased_type":[],"build_version":"2020-12-22","purchased_purges":1,"victory":false,"max_hp_per_floor":[68,68,68,68,68,68,68,68,68,68,68,68,68,68,68,68,68,68,68,68,68,68],"relic_stats":{"Peace Pipe":0,"counters":[12,53],"obtain_stats":[{"Peace Pipe":9,"theSenshi:CutieMoonRodRelic":13,"SlaversCollar":17,"theSenshi:TransformationBroochRelic":0,"TungstenRod":7},{"Peace Pipe":4,"theSenshi:CutieMoonRodRelic":7,"SlaversCollar":9,"theSenshi:TransformationBroochRelic":0,"TungstenRod":4},{"Peace Pipe":16,"theSenshi:CutieMoonRodRelic":27,"SlaversCollar":42,"theSenshi:TransformationBroochRelic":0,"TungstenRod":16}],"TungstenRod":21},"card_choices":[{"not_picked":["theSenshi:MoonsReflection","theSenshi:SupersonicWaves"],"picked":"theSenshi:MoonTiaraMagic","floor":1},{"not_picked":["theSenshi:SailorPlanetAttack","theSenshi:SchoolBag"],"picked":"theSenshi:MoonCosmicPowerMakeUp","floor":2},{"not_picked":["theSenshi:EncouragingSpeech","theSenshi:SaturnsMystery"],"picked":"theSenshi:MoonCrisisMakeUp","floor":4},{"not_picked":["theSenshi:MoonsReflection","theSenshi:SupersonicWaves","theSenshi:LunaWiseMentor"],"picked":"SKIP","floor":7},{"not_picked":["theSenshi:EncouragingSpeech","theSenshi:MoonsReflection","theSenshi:UranusStrength"],"picked":"SKIP","floor":11},{"not_picked":["theSenshi:LunasBite","theSenshi:TuxedoMaskAssists"],"picked":"theSenshi:MoonPunch","floor":12},{"not_picked":["theSenshi:SailorChibiMoonAssists","theSenshi:MoonSpiralHeartAttack","theSenshi:KlutzyLuck"],"picked":"SKIP","floor":13},{"not_picked":["theSenshi:SailorMarsAssists","theSenshi:MoonPunch","theSenshi:MoonCrystalPowerMakeUp"],"picked":"SKIP","floor":14},{"not_picked":["theSenshi:LunaSensingAllies","theSenshi:SilverCrystal"],"picked":"theSenshi:StarlightHoneymoonTherapyKiss","floor":16},{"not_picked":["theSenshi:MoonKick","theSenshi:SailorPlanetAttack","theSenshi:SailorV"],"picked":"SKIP","floor":18},{"not_picked":["theSenshi:SailorMarsAssists+1","theSenshi:UranusStrength"],"picked":"theSenshi:LateForSchool","floor":20}],"player_experience":689990,"relics_obtained":[{"floor":7,"key":"TungstenRod"},{"floor":9,"key":"Peace Pipe"},{"floor":13,"key":"theSenshi:CutieMoonRodRelic"}],"event_choices":[{"cards_removed":["theSenshi:SailorKick"],"damage_healed":0,"gold_gain":0,"player_choice":"Card Removal","damage_taken":0,"max_hp_gain":0,"max_hp_loss":0,"event_name":"The Cleric","floor":5,"gold_loss":50},{"damage_healed":41,"gold_gain":0,"player_choice":"Full Heal","damage_taken":0,"max_hp_gain":0,"max_hp_loss":0,"event_name":"Wheel of Change","floor":10,"gold_loss":0},{"damage_healed":0,"gold_gain":0,"player_choice":"Forge","damage_taken":0,"max_hp_gain":0,"max_hp_loss":0,"event_name":"Accursed Blacksmith","floor":19,"gold_loss":0,"cards_upgraded":["theSenshi:StarlightHoneymoonTherapyKiss"]}],"is_beta":false,"boss_relics":[{"not_picked":["Empty Cage","Ectoplasm"],"picked":"SlaversCollar"}],"items_purged_floors":[3],"is_endless":false,"potions_floor_spawned":[7,11,12,13,14,18],"killed_by":"Centurion and Healer","ascension_level":3}}