{"host":"am0cr9xwekqmrere","time":1609314002,"event":{"mods":["AchievementEnabler","Act Like it!","BaseMod","Better Altar","Better Match","Better Note","Better Sensory Stone","Better Skull","Better Third Choice","BetterRewards","Conspire","Hubris","Infinite Spire","Minty Spire (QoL Compilation)","Rare Cards Sparkle","Spicy Shops","StSLib","The Marked","Unceasing Turn Reminder"],"gold_per_floor":[110,110,130,0,14,14,14,48,48,60,95,107,134,169,181,314,326,357,383,6,20,38,38,238,251,251,176,176,189,4,4,4,4,4],"floor_reached":33,"playtime":1185,"items_purged":["Injury"],"score":399,"play_id":"374c7561-ac0d-4824-842b-14fafe9dd6c1","local_time":"20201230014002","is_ascension_mode":false,"campfire_choices":[{"data":"conspire:Banana","floor":6,"key":"SMITH"},{"floor":10,"key":"REST"},{"floor":15,"key":"REST"},{"floor":23,"key":"REST"},{"floor":32,"key":"REST"}],"circlet_count":0,"master_deck":["theMarked:Strike","theMarked:Strike","theMarked:Strike","theMarked:Strike","theMarked:Strike","theMarked:Defend","theMarked:Defend","theMarked:Defend","theMarked:Defend","theMarked:SoldierOfQuellstein","conspire:Banana+1","theMarked:Opportunist","theMarked:EmpowerWeapon","theMarked:Opportunist","Enlightenment","theMarked:EternalStudent","theMarked:Static","theMarked:Overcharge","theMarked:TwofoldDefense","theMarked:ElectricStrings","theMarked:TakeOffHeels","theMarked:WardOff","theMarked:ChainLightning+1","theMarked:RogueSparks","theMarked:RogueSparks","theMarked:PowerFlow+1","conspire:Banana+1","theMarked:TwofoldDefense","theMarked:DispelDoubt","theMarked:WardOff","theMarked:DeterminationOfTheMarked"],"relics":["theMarked:ArtifactOfAir","Oddly Smooth Stone","Strange Spoon","hubris:Towel","Golden Idol","infinitespire:EmpoweringShard","MawBank","theMarked:Eyepatch","Membership Card","hubris:PeanutButter","Blood Vial"],"acts_visited":["Exordium","TheCity"],"potions_floor_usage":[8,14,16,18,21,21,22,29,33,33,33],"damage_taken":[{"damage":1,"enemies":"Jaw Worm","floor":1,"turns":7},{"damage":10,"enemies":"Small Slimes","floor":3,"turns":4},{"damage":7,"enemies":"2 Louse","floor":5,"turns":4},{"damage":32,"enemies":"Gremlin Nob","floor":8,"turns":4},{"damage":10,"enemies":"Large Slime","floor":11,"turns":5},{"damage":8,"enemies":"Blue Slaver","floor":13,"turns":3},{"damage":6,"enemies":"Looter","floor":14,"turns":3},{"damage":44,"enemies":"The Guardian","floor":16,"turns":8},{"damage":10,"enemies":"Chosen","floor":18,"turns":5},{"damage":40,"enemies":"2 Thieves","floor":19,"turns":5},{"damage":8,"enemies":"Snake Plant","floor":21,"turns":4},{"damage":15,"enemies":"Cultist and Chosen","floor":22,"turns":5},{"damage":37,"enemies":"3 Cultists","floor":25,"turns":6},{"damage":4,"enemies":"Snecko","floor":29,"turns":4},{"damage":77,"enemies":"Collector","floor":33,"turns":10}],"seed_played":"3624720863031207066","potions_obtained":[{"floor":5,"key":"BlessingOfTheForge"},{"floor":11,"key":"EssenceOfSteel"},{"floor":14,"key":"PowerPotion"},{"floor":16,"key":"Swift Potion"},{"floor":21,"key":"Fire Potion"},{"floor":22,"key":"Strength Potion"},{"floor":25,"key":"DistilledChaos"},{"floor":31,"key":"Dexterity Potion"},{"floor":31,"key":"ColorlessPotion"}],"is_trial":false,"path_per_floor":["M","?","M","?","M","R","?","E","T","R","M","$","M","M","R","B",null,"M","M","$","M","M","R","?","M","T","?","?","M","$","?","R","B"],"character_chosen":"THE_DEFAULT","items_purchased":["conspire:Banana","theMarked:Opportunist","Oddly Smooth Stone","Strange Spoon","Membership Card","hubris:PeanutButter","Regen Potion","Dexterity Potion","theMarked:WardOff","theMarked:DispelDoubt","theMarked:WardOff","theMarked:DeterminationOfTheMarked"],"campfire_rested":4,"item_purchase_floors":[0,0,0,0,20,20,20,20,20,30,30,30],"current_hp_per_floor":[60,60,52,58,52,52,52,22,22,46,38,38,32,28,54,12,91,83,47,47,53,40,70,70,35,35,35,35,35,35,35,66,0,0],"gold":4,"neow_bonus":"","is_daily":false,"chose_seed":false,"campfire_upgraded":1,"win_rate":0.0,"timestamp":1609314002,"path_taken":["M","?","M","?","M","R","?","E","T","R","M","$","M","M","R","BOSS","M","M","$","M","M","R","?","M","T","?","?","M","?","?","R","BOSS"],"items_purchased_type":["Card","Card","Relic","Relic","Relic","Relic","Potion","Potion","Card","Card","Card","Card"],"build_version":"2020-12-22","purchased_purges":1,"victory":false,"max_hp_per_floor":[72,72,74,80,81,81,81,83,83,83,85,85,87,89,89,91,91,93,97,97,99,101,101,101,103,103,103,103,105,105,105,105,111,111],"card_choices":[{"not_picked":["theMarked:TwofoldDefense","theMarked:Aftermath"],"picked":"theMarked:EmpowerWeapon","floor":1},{"not_picked":["theMarked:MagicAdept","theMarked:Overcharge"],"picked":"theMarked:Opportunist","floor":3},{"not_picked":["theMarked:BanishingStrike","theMarked:Frustration"],"picked":"theMarked:EternalStudent","floor":5},{"not_picked":["theMarked:ChannelForce","theMarked:Parkour"],"picked":"theMarked:Static","floor":8},{"not_picked":["theMarked:Static","theMarked:FavorableWinds"],"picked":"theMarked:Overcharge","floor":11},{"not_picked":["theMarked:EnhanceMovement","theMarked:WastefulDefense"],"picked":"theMarked:TwofoldDefense","floor":13},{"not_picked":["theMarked:Overthink","theMarked:Parkour"],"picked":"theMarked:ElectricStrings","floor":14},{"not_picked":["theMarked:FavorableWinds","theMarked:ChannelForce"],"picked":"theMarked:TakeOffHeels","floor":16},{"not_picked":["theMarked:WastefulDefense","theMarked:ShockingTouch","theMarked:Overcharge+1"],"picked":"SKIP","floor":18},{"not_picked":["theMarked:ResourceFulStrike","theMarked:ElectricStrings","theMarked:Parkour+1"],"picked":"SKIP","floor":19},{"not_picked":["theMarked:Parkour","theMarked:WastefulAttack"],"picked":"theMarked:ChainLightning+1","floor":21},{"not_picked":["theMarked:TwofoldDefense","theMarked:SelfDefenseTraining"],"picked":"theMarked:RogueSparks","floor":22},{"not_picked":["theMarked:Opportunist+1","theMarked:EnhanceMovement"],"picked":"theMarked:RogueSparks","floor":25},{"not_picked":["theMarked:Convert+1","theMarked:SelfDefenseTraining+1"],"picked":"theMarked:PowerFlow+1","floor":27},{"not_picked":["theMarked:ReduceFriction","theMarked:HeightenedSenses"],"picked":"theMarked:TwofoldDefense","floor":29}],"player_experience":2539960,"relics_obtained":[{"floor":8,"key":"infinitespire:EmpoweringShard"},{"floor":9,"key":"MawBank"},{"floor":26,"key":"Blood Vial"}],"event_choices":[{"damage_healed":0,"gold_gain":0,"player_choice":"RENOUNCE","damage_taken":130,"max_hp_gain":0,"max_hp_loss":0,"event_name":"betterThird:BetterSerpent","floor":4,"gold_loss":130,"cards_obtained":["Enlightenment"]},{"damage_healed":0,"gold_gain":0,"player_choice":"Take Wound","damage_taken":0,"relics_obtained":["Golden Idol"],"max_hp_gain":0,"max_hp_loss":0,"event_name":"Golden Idol","floor":7,"gold_loss":0,"cards_obtained":["Injury"]},{"damage_healed":0,"gold_gain":200,"player_choice":"Gold","damage_taken":0,"max_hp_gain":0,"max_hp_loss":0,"event_name":"Wheel of Change","floor":24,"gold_loss":0},{"damage_healed":0,"gold_gain":0,"player_choice":"2","damage_taken":0,"max_hp_gain":0,"max_hp_loss":0,"event_name":"betterMatch:BetterMatch","floor":27,"gold_loss":0,"cards_obtained":["betterMatch:UncommonCard"]},{"damage_healed":0,"gold_gain":0,"player_choice":"Copied","damage_taken":0,"max_hp_gain":0,"max_hp_loss":0,"event_name":"Duplicator","floor":28,"gold_loss":0,"cards_obtained":["conspire:Banana"]},{"damage_healed":0,"gold_gain":0,"player_choice":"Got Potions","damage_taken":0,"max_hp_gain":0,"max_hp_loss":0,"event_name":"Lab","floor":31,"gold_loss":0}],"is_beta":false,"boss_relics":[{"not_picked":["Fusion Hammer","conspire:RoyalGoblet"],"picked":"theMarked:Eyepatch"}],"items_purged_floors":[20],"is_endless":false,"potions_floor_spawned":[5,11,14,16,21,22,25],"killed_by":"Collector","ascension_level":0}}