{"host":"wha9hktbkslqvblg","time":1609328212,"event":{"mods":["BaseMod","Colored Map","Minty Spire (QoL Compilation)","Relic Stats","SuperFastMode","everything is the same but u backflip on backflip"],"gold_per_floor":[117,117,127,127,127,153,153,153,153],"floor_reached":8,"playtime":49,"items_purged":[],"score":158,"play_id":"9b875ef3-5bb6-4a59-b900-ab11e5fb9085","local_time":"20201230203652","is_ascension_mode":true,"campfire_choices":[{"floor":7,"key":"REST"}],"circlet_count":0,"master_deck":["AscendersBane","Strike_R","Strike_R","Strike_R+1","Strike_R","Defend_R+1","Defend_R","Defend_R","Defend_R","Bash","Uppercut","Entrench"],"relics":["Burning Blood","NeowsBlessing","Mercury Hourglass","Toxic Egg 2"],"acts_visited":["Exordium"],"potions_floor_usage":[],"damage_taken":[{"damage":0,"enemies":"Small Slimes","floor":1,"turns":1},{"damage":0,"enemies":"2 Louse","floor":3,"turns":1},{"damage":0,"enemies":"Lagavulin","floor":6,"turns":1},{"damage":0,"enemies":"3 Sentries","floor":8,"turns":1}],"seed_played":"203666197150640031","potions_obtained":[{"floor":1,"key":"SkillPotion"}],"is_trial":false,"path_per_floor":["M","?","M","?","?","E","R","E"],"character_chosen":"IRONCLAD","items_purchased":[],"campfire_rested":1,"item_purchase_floors":[],"current_hp_per_floor":[74,39,45,22,15,21,43,43,43],"gold":153,"neow_bonus":"THREE_ENEMY_KILL","is_daily":false,"chose_seed":false,"campfire_upgraded":0,"win_rate":0.0,"timestamp":1609328212,"path_taken":["M","?","M","?","?","E","R","E"],"items_purchased_type":[],"build_version":"2020-12-22","purchased_purges":0,"victory":false,"max_hp_per_floor":[75,75,75,75,75,75,75,75,75],"relic_stats":{"counters":[4,4],"obtain_stats":[{"NeowsBlessing":0,"Toxic Egg 2":6,"Burning Blood":0,"Mercury Hourglass":2},{"NeowsBlessing":0,"Toxic Egg 2":3,"Burning Blood":0,"Mercury Hourglass":1},{"NeowsBlessing":0,"Toxic Egg 2":3,"Burning Blood":0,"Mercury Hourglass":1}],"Burning Blood":18,"Mercury Hourglass":[11]},"card_choices":[{"not_picked":["Twin Strike","Perfected Strike"],"picked":"Uppercut","floor":1},{"not_picked":["Anger","Reckless Charge"],"picked":"Entrench","floor":3},{"not_picked":["Flex+1","Combust","Headbutt"],"picked":"SKIP","floor":6}],"player_experience":911541,"relics_obtained":[{"floor":6,"key":"Toxic Egg 2"}],"event_choices":[{"damage_healed":0,"gold_gain":0,"player_choice":"Success","damage_taken":35,"relics_obtained":["Mercury Hourglass"],"max_hp_gain":0,"max_hp_loss":0,"event_name":"Scrap Ooze","floor":2,"gold_loss":0},{"damage_healed":0,"gold_gain":0,"player_choice":"Entered Light","damage_taken":23,"max_hp_gain":0,"max_hp_loss":0,"event_name":"Shining Light","floor":4,"gold_loss":0,"cards_upgraded":["Strike_R","Defend_R"]},{"cards_removed":["Strike_R"],"damage_healed":0,"gold_gain":0,"player_choice":"Card Removal","damage_taken":7,"max_hp_gain":0,"max_hp_loss":0,"event_name":"Golden Wing","floor":5,"gold_loss":0}],"is_beta":false,"boss_relics":[],"items_purged_floors":[],"is_endless":false,"potions_floor_spawned":[1],"killed_by":"3 Sentries","ascension_level":20}}