{"host":"55yei7x27djrlaep","time":1609361724,"event":{"mods":["Act Like it!","Aspiration","BaseMod","Better Altar","Better Match","Better Note","Better Sensory Stone","Better Skull","Better Third Choice","BetterRewards","Colored Map","Conspire","Friendly Minions","GifTheSpireLib","Gremlin Mod","Halation","Hermit","Hubris","Marisa????????","Minty Spire (QoL Compilation)","Pale of the Ancients","Replay The Spire","StSLib","Stuff the Spire"],"gold_per_floor":[118,118,2,2,15,40,55,90,138,149,169,169,187,206,206,308,308,318,318,318,109,24,55,55,55,55],"floor_reached":25,"playtime":1698,"items_purged":["Strike_MRS"],"score":409,"play_id":"6a27dd79-9a5e-4d50-8608-789cb9b4a7a1","local_time":"20201230235524","is_ascension_mode":true,"campfire_choices":[{"floor":12,"key":"REST"},{"data":"FinalSpark","floor":15,"key":"SMITH"},{"floor":24,"key":"REST"}],"circlet_count":0,"master_deck":["Strike_MRS","Strike_MRS","Defend_MRS","Defend_MRS","Defend_MRS","MasterSpark","UpSweep","LuminesStrike+1","GravityBeat","Occultation+1","GrandCross","DeepEcoloBomb","GalacticHalo","SuperPerseids","SprinkleStarSeal","GravityBeat","DoubleSpark","FinalSpark+1","DarkSpark","DoubleSpark","Acceleration","BlazeAway","TreasureHunter","EarthLightRay","CollectingQuirk","Singularity","IllusionStar"],"relics":["MiniHakkero","halation:PrussianBluePaint","Replay:PocketPolymizer","StuffTheSpire:Nightcore","aspiration:FetidBarrel","Potion Belt","Question Card","Bronze Scales","halation:Prosthetics","Nilry\u0027s Codex","Mummified Hand","Smiling Mask","Art of War"],"acts_visited":["Exordium","TheCity"],"potions_floor_usage":[6,6,8,10,16,23,23,23],"damage_taken":[{"damage":1,"enemies":"Cultist","floor":1,"turns":3},{"damage":4,"enemies":"2 Louse","floor":5,"turns":2},{"damage":0,"enemies":"Lagavulin","floor":6,"turns":3},{"damage":0,"enemies":"Small Slimes","floor":7,"turns":2},{"damage":3,"enemies":"Gremlin Nob","floor":8,"turns":3},{"damage":0,"enemies":"Gremlin Gang","floor":10,"turns":4},{"damage":0,"enemies":"Red Slaver","floor":11,"turns":2},{"damage":0,"enemies":"3 Louse","floor":13,"turns":3},{"damage":0,"enemies":"Exordium Wildlife","floor":14,"turns":3},{"damage":16,"enemies":"Fading Forest","floor":16,"turns":11},{"damage":6,"enemies":"Spheric Guardian","floor":18,"turns":3},{"damage":4,"enemies":"Gremlin Leader","floor":23,"turns":6},{"damage":34,"enemies":"Slavers","floor":25,"turns":1}],"seed_played":"5327443732263704280","potions_obtained":[{"floor":4,"key":"LifebloodPotion"},{"floor":4,"key":"Strength Potion"},{"floor":4,"key":"Ancient Potion"},{"floor":5,"key":"BottledSpark"},{"floor":7,"key":"Energy Potion"},{"floor":8,"key":"Strength Potion"},{"floor":14,"key":"CultistPotion"},{"floor":16,"key":"FairyPotion"},{"floor":18,"key":"Swift Potion"}],"is_trial":false,"path_per_floor":["M","?","$","?","M","E","M","E","T","M","M","R","M","M","R","B",null,"M","T","?","$","?","E","R","E"],"character_chosen":"MARISA","items_purchased":["halation:PrussianBluePaint","Replay:PocketPolymizer","WitchOfGreed","LuminesStrike","Occultation+1","DeepEcoloBomb","GalacticHalo","CollectingQuirk","Adrenaline Potion"],"campfire_rested":2,"item_purchase_floors":[0,0,0,0,0,3,3,21,21],"current_hp_per_floor":[18,18,18,18,14,14,14,11,11,11,11,32,32,32,32,16,35,29,29,13,13,13,9,19,0,0],"gold":55,"neow_bonus":"","is_daily":false,"chose_seed":false,"campfire_upgraded":1,"win_rate":0.0,"timestamp":1609361724,"path_taken":["M","?","?","?","M","E","M","E","T","?","M","R","M","M","R","BOSS","M","?","?","$","?","E","R","E"],"items_purchased_type":["Relic","Relic","Card","Card","Card","Card","Card","Card","Potion"],"build_version":"2020-12-22","purchased_purges":1,"victory":false,"max_hp_per_floor":[70,70,70,70,70,70,70,70,70,70,70,70,70,70,70,70,35,35,35,35,35,35,35,35,35,35],"card_choices":[{"not_picked":["NonDirectionalLaser","GalacticHalo"],"picked":"GrandCross","floor":1},{"not_picked":["IllusionStar","EarthLightRay"],"picked":"SuperPerseids","floor":5},{"not_picked":["NonDirectionalLaser","EventHorizon"],"picked":"AbsoluteMagnitude","floor":6},{"not_picked":["Singularity","UnstableBomb"],"picked":"SprinkleStarSeal","floor":7},{"not_picked":["SporeBomb","AlicesGift"],"picked":"GravityBeat","floor":8},{"not_picked":["GravityBeat","Singularity","DarkMatter"],"picked":"DoubleSpark","floor":10},{"not_picked":["OneTimeOff","IllusionStar","DC"],"picked":"FinalSpark","floor":11},{"not_picked":["GalacticHalo","LuminesStrike","GrandCross"],"picked":"DoubleSpark","floor":13},{"not_picked":["PowerUp","LuminesStrike","UnstableBomb"],"picked":"Acceleration","floor":14},{"not_picked":["CollectingQuirk","SatelliteIllusion","BigCrunch"],"picked":"TreasureHunter","floor":16},{"not_picked":["IllusionStar","UnstableBomb","GalacticHalo+1"],"picked":"EarthLightRay","floor":18},{"not_picked":["NonDirectionalLaser","ShootingEcho+1","IllusionStar"],"picked":"Singularity","floor":23}],"player_experience":370181,"relics_obtained":[{"floor":6,"key":"Potion Belt"},{"floor":8,"key":"Question Card"},{"floor":9,"key":"Bronze Scales"},{"floor":20,"key":"Nilry\u0027s Codex"},{"floor":23,"key":"Smiling Mask"},{"floor":23,"key":"Art of War"}],"event_choices":[{"damage_healed":0,"gold_gain":0,"player_choice":"Upgraded","damage_taken":0,"max_hp_gain":0,"max_hp_loss":0,"event_name":"Upgrade Shrine","floor":2,"gold_loss":0,"cards_upgraded":["LuminesStrike"]},{"damage_healed":0,"gold_gain":0,"player_choice":"Got Potions","damage_taken":0,"max_hp_gain":0,"max_hp_loss":0,"event_name":"Lab","floor":4,"gold_loss":0},{"damage_healed":0,"gold_gain":0,"player_choice":"Obtained Book","damage_taken":16,"max_hp_gain":0,"max_hp_loss":0,"event_name":"Cursed Tome","floor":20,"gold_loss":0},{"damage_healed":0,"gold_gain":0,"player_choice":"Obtained Relic","damage_taken":0,"relics_obtained":["Mummified Hand"],"max_hp_gain":0,"max_hp_loss":0,"event_name":"Addict","floor":22,"gold_loss":85}],"is_beta":false,"boss_relics":[{"not_picked":["Runic Pyramid","Ring of Chaos"],"picked":"halation:Prosthetics"}],"items_purged_floors":[0],"is_endless":false,"potions_floor_spawned":[5,7,8,14,16,18],"killed_by":"Slavers","ascension_level":3}}