{"host":"51qmnr9isyv85d0p","time":1609338365,"event":{"mods":["AchievementEnabler","BaseMod","Colored Map","Colored Powertips","Curses Come First","Downfall","Minty Spire (QoL Compilation)","Relic Stats","StSLib","TestMod","vexMod"],"gold_per_floor":[99,11500,11519,11519,11530,11641,11641,11675,11690,11690,11708,11708,11708,10748,10772,10891,10891,10891,10920,10920,10942,10974,10119,10143,10167,10167,9485,9485,9485,9485,9532,9564,9684,9684,9684,9709,9739,9739,9739,9739,9762,9796,9796,9846,9885,9236,9258,8655,8690,8712],"floor_reached":51,"playtime":2656,"items_purged":["Guardian:Defend_Guardian","Guardian:Strike_Guardian","Guardian:Defend_Guardian"],"score":1169,"play_id":"379888ea-0263-428f-a0ba-22955c7838bb","local_time":"20201230222605","is_ascension_mode":true,"campfire_choices":[{"data":"Guardian:TwinSlam","floor":1,"key":"SMITH"},{"data":"Guardian:FloatingOrbs","floor":18,"key":"SMITH"},{"data":"Guardian:TimeCapacitor","floor":28,"key":"SMITH"},{"data":"Guardian:ExploitGems","floor":30,"key":"SMITH"},{"data":"testmod-AutoReboundSystem","floor":35,"key":"SMITH"},{"data":"champ:VampiricStrike","floor":43,"key":"SMITH"}],"circlet_count":0,"master_deck":["Guardian:CurlUp+1","Guardian:TwinSlam+1","Guardian:BronzeArmor","Guardian:Repulse","Guardian:PiercingHide","Guardian:ArmoredProtocol","Guardian:MultiBeam","Guardian:DecasProtection","Guardian:FloatingOrbs+1","Jack Of All Trades","Guardian:ExploitGems+1","Guardian:Planning+1","Guardian:FloatingOrbs+1","Guardian:SphericShield","Guardian:PrismaticBeam","testmod-AutoReboundSystem+1","Guardian:TimeBomb","Guardian:ArmoredProtocol","champ:VampiricStrike+1","Panache","Guardian:TimeCapacitor+1","Guardian:DonusPower+1","Guardian:TimeCapacitor+1","Guardian:Gem_Fragmented","Guardian:Repulse"],"relics":["testmod-TestBox","testmod-DeterminationOfClimber","testmod-BlackFramedGlasses","Letter Opener","Pantograph","Bag of Preparation","testmod-HeartOfDaVinci","testmod-Faith","Philosopher\u0027s Stone","DollysMirror","Toy Ornithopter","Ancient Tea Set","Frozen Eye","champ:FightingForDummies","testmod-RealStoneCalender","Happy Flower","Chemical X","downfall:KnowingSkull","Oddly Smooth Stone","Runic Cube","Vajra","Potion Belt","MawBank","Mercury Hourglass","Torii","Runic Capacitor","Self Forming Clay","Anchor","hexamod:RecyclingMachine"],"acts_visited":["Exordium","TheCity","TheBeyond"],"potions_floor_usage":[6,9,14,14,16,31,33,33,47,50,50,50,50,50,50,50,50,50,50,50,50],"damage_taken":[{"damage":0,"enemies":"Cultist","floor":2,"turns":3},{"damage":0,"enemies":"Small Slimes","floor":3,"turns":1},{"damage":0,"enemies":"2 Louse","floor":5,"turns":1},{"damage":0,"enemies":"downfall:Heads","floor":6,"turns":5},{"damage":0,"enemies":"Gremlin Nob","floor":8,"turns":3},{"damage":0,"enemies":"Exordium Wildlife","floor":9,"turns":2},{"damage":0,"enemies":"Red Slaver","floor":11,"turns":2},{"damage":7,"enemies":"downfall:FleeingMerchant","floor":14,"turns":4},{"damage":0,"enemies":"Large Slime","floor":15,"turns":2},{"damage":0,"enemies":"downfall:Silent","floor":16,"turns":2},{"damage":0,"enemies":"Shell Parasite","floor":19,"turns":1},{"damage":0,"enemies":"Spheric Guardian","floor":21,"turns":1},{"damage":0,"enemies":"Snake Plant","floor":22,"turns":1},{"damage":0,"enemies":"downfall:FleeingMerchant","floor":23,"turns":2},{"damage":0,"enemies":"Chosen and Byrds","floor":25,"turns":2},{"damage":5,"enemies":"Slavers","floor":31,"turns":1},{"damage":0,"enemies":"Centurion and Healer","floor":32,"turns":1},{"damage":5,"enemies":"downfall:Ironclad","floor":33,"turns":2},{"damage":0,"enemies":"Orb Walker","floor":36,"turns":1},{"damage":0,"enemies":"3 Shapes","floor":37,"turns":1},{"damage":0,"enemies":"Sphere and 2 Shapes","floor":42,"turns":1},{"damage":0,"enemies":"Giant Head","floor":44,"turns":1},{"damage":0,"enemies":"Spire Growth","floor":45,"turns":1},{"damage":0,"enemies":"Jaw Worm Horde","floor":47,"turns":1},{"damage":0,"enemies":"Maw","floor":49,"turns":1},{"damage":0,"enemies":"downfall:Defect","floor":50,"turns":1}],"seed_played":"-229895978217140741","potions_obtained":[{"floor":3,"key":"Swift Potion"},{"floor":8,"key":"Fire Potion"},{"floor":11,"key":"PowerPotion"},{"floor":16,"key":"CultistPotion"},{"floor":32,"key":"testmod-TimePotion"},{"floor":37,"key":"EntropicBrew"},{"floor":44,"key":"Dexterity Potion"},{"floor":47,"key":"testmod-SpacePotion"},{"floor":49,"key":"Strength Potion"}],"is_trial":false,"path_per_floor":["R","M","M","?","M","?","T","E","M","?","M","?","?","$","M","B",null,"R","M","?","M","M","$","T","M","?","$","R","?","R","E","M","B",null,"R","M","M","T","?","?","T","M","R","E","M","$","M","$","M","B",null],"character_chosen":"GUARDIAN","items_purchased":["Bag of Preparation","testmod-HeartOfDaVinci","testmod-Faith","testmod-SpacePotion","SteroidPotion","BlessingOfTheForge","Guardian:DecasProtection","Guardian:FloatingOrbs","Jack Of All Trades","Toy Ornithopter","Ancient Tea Set","Frozen Eye","testmod-AutoReboundSystem","Energy Potion","Fire Potion","Guardian:TimeBomb","Guardian:ArmoredProtocol","testmod-RealStoneCalender","Happy Flower","Chemical X","Panache","Guardian:TimeCapacitor","Mercury Hourglass","Torii","Runic Capacitor","DistilledChaos","Self Forming Clay","Anchor","hexamod:RecyclingMachine","Fire Potion"],"campfire_rested":0,"item_purchase_floors":[14,14,14,14,14,14,14,14,14,23,23,23,23,23,23,23,23,27,27,27,27,27,46,46,46,46,48,48,48,48],"current_hp_per_floor":[80,80,80,80,80,80,80,80,80,80,80,80,73,78,80,80,80,80,80,80,80,80,80,80,80,80,80,80,72,72,80,80,80,80,80,80,80,80,80,80,80,80,80,80,80,80,80,80,80,80],"gold":8712,"neow_bonus":"BOSS_RELIC","is_daily":false,"chose_seed":false,"campfire_upgraded":6,"win_rate":0.0,"timestamp":1609338365,"path_taken":["R","M","M","?","M","?","T","E","M","?","?","?","?","$","M","BOSS","R","M","?","M","M","$","T","M","?","$","R","?","R","E","M","BOSS","R","M","M","?","?","?","T","M","R","E","M","$","M","$","M","BOSS"],"items_purchased_type":["Relic","Relic","Relic","Potion","Potion","Potion","Card","Card","Card","Relic","Relic","Relic","Card","Potion","Potion","Card","Card","Relic","Relic","Relic","Card","Card","Relic","Relic","Relic","Potion","Relic","Relic","Relic","Potion"],"build_version":"2020-12-22","purchased_purges":3,"victory":true,"max_hp_per_floor":[80,80,80,80,80,80,80,80,80,80,80,80,80,80,80,80,80,80,80,80,80,80,80,80,80,80,80,80,80,80,80,80,80,80,80,80,80,80,80,80,80,80,80,80,80,80,80,80,80,80],"relic_stats":{"Happy Flower":[4],"Torii":0,"counters":[26,44],"Self Forming Clay":[0],"Bag of Preparation":[36],"Letter Opener":[405],"MawBank":24,"Mercury Hourglass":[3],"Pantograph":0,"Chemical X":[6],"obtain_stats":[{"Torii":46,"Vajra":38,"Bag of Preparation":14,"Runic Capacitor":46,"Ancient Tea Set":23,"testmod-BlackFramedGlasses":0,"Frozen Eye":23,"downfall:BrokenWingStatue":12,"DollysMirror":20,"Pantograph":8,"Philosopher\u0027s Stone":17,"downfall:KnowingSkull":29,"testmod-DeterminationOfClimber":0,"Chemical X":27,"hexamod:RecyclingMachine":48,"champ:FightingForDummies":24,"Runic Cube":34,"Potion Belt":41,"testmod-TestBox":0,"Happy Flower":27,"Self Forming Clay":48,"Guardian:ModeShifter":0,"Oddly Smooth Stone":31,"Letter Opener":7,"MawBank":44,"Mercury Hourglass":46,"testmod-Antiphasic":13,"testmod-RealStoneCalender":27,"Anchor":48,"testmod-Faith":14,"Toy Ornithopter":23,"testmod-HeartOfDaVinci":14},{"Torii":23,"Vajra":20,"Bag of Preparation":8,"Runic Capacitor":23,"Ancient Tea Set":14,"testmod-BlackFramedGlasses":0,"Frozen Eye":14,"downfall:BrokenWingStatue":7,"DollysMirror":11,"Pantograph":5,"Philosopher\u0027s Stone":10,"downfall:KnowingSkull":15,"testmod-DeterminationOfClimber":0,"Chemical X":15,"hexamod:RecyclingMachine":24,"champ:FightingForDummies":14,"Runic Cube":18,"Potion Belt":20,"testmod-TestBox":0,"Happy Flower":15,"Self Forming Clay":24,"Guardian:ModeShifter":0,"Oddly Smooth Stone":16,"Letter Opener":4,"MawBank":22,"Mercury Hourglass":23,"testmod-Antiphasic":7,"testmod-RealStoneCalender":15,"Anchor":24,"testmod-Faith":8,"Toy Ornithopter":14,"testmod-HeartOfDaVinci":8},{"Torii":41,"Vajra":38,"Bag of Preparation":21,"Runic Capacitor":41,"Ancient Tea Set":30,"testmod-BlackFramedGlasses":0,"Frozen Eye":30,"downfall:BrokenWingStatue":17,"DollysMirror":26,"Pantograph":13,"Philosopher\u0027s Stone":25,"downfall:KnowingSkull":32,"testmod-DeterminationOfClimber":0,"Chemical X":32,"hexamod:RecyclingMachine":42,"champ:FightingForDummies":30,"Runic Cube":36,"Potion Belt":38,"testmod-TestBox":0,"Happy Flower":32,"Self Forming Clay":42,"Guardian:ModeShifter":0,"Oddly Smooth Stone":33,"Letter Opener":10,"MawBank":40,"Mercury Hourglass":41,"testmod-Antiphasic":17,"testmod-RealStoneCalender":32,"Anchor":42,"testmod-Faith":21,"Toy Ornithopter":30,"testmod-HeartOfDaVinci":21}],"Toy Ornithopter":10,"Runic Cube":[0]},"card_choices":[{"not_picked":["Guardian:Incinerate","Guardian:ChargeCore"],"picked":"Guardian:Gem_Crimson","floor":2},{"not_picked":["Guardian:PrismaticBarrier","Guardian:MultiBeam"],"picked":"Guardian:Gem_Lightblue","floor":3},{"not_picked":["Guardian:Incinerate","Guardian:VentSteam"],"picked":"Guardian:BronzeArmor","floor":5},{"not_picked":["Guardian:Gem_Green","Guardian:Suspension"],"picked":"Guardian:PiercingHide","floor":6},{"not_picked":["Guardian:ShieldCharger","Guardian:Gem_Cyan"],"picked":"Guardian:ArmoredProtocol","floor":8},{"not_picked":["Guardian:TemporalShield","Guardian:ShieldCharger"],"picked":"Guardian:Gem_Yellow","floor":9},{"not_picked":["Guardian:TemporalShield","Guardian:TemporalStrike","Guardian:Gem_Cyan"],"picked":"SKIP","floor":11},{"not_picked":["Guardian:Gem_Cyan","Guardian:ChargeCore"],"picked":"Guardian:TimeBomb","floor":14},{"not_picked":["Guardian:Gem_Fragmented","Guardian:Gem_Cyan"],"picked":"Guardian:ExploitGems","floor":15},{"not_picked":["Guardian:SphericShield","Guardian:RevengeProtocol"],"picked":"Guardian:Gem_Orange","floor":16},{"not_picked":["Guardian:RollAttack+1","Guardian:Recover"],"picked":"Guardian:Planning+1","floor":19},{"not_picked":["Guardian:ShieldCharger","Guardian:WalkerClaw"],"picked":"Guardian:Gem_Green","floor":21},{"not_picked":["Guardian:Gem_Red","Guardian:Recover"],"picked":"Guardian:SphericShield","floor":22},{"not_picked":["Guardian:Gem_Crimson","Guardian:Gem_Fragmented"],"picked":"Guardian:PrismaticBeam","floor":23},{"not_picked":["Guardian:Suspension","Guardian:Repulse+1"],"picked":"Guardian:Gem_Red","floor":25},{"not_picked":["Guardian:Planning","Guardian:ShieldCharger"],"picked":"Guardian:DonusPower+1","floor":31},{"not_picked":["Guardian:Gem_Lightblue","Guardian:WalkerClaw+1","Guardian:DecasProtection"],"picked":"SKIP","floor":32},{"not_picked":["Guardian:FuturePlans","Guardian:Planning","Guardian:PrimingBeam+1"],"picked":"SKIP","floor":36},{"not_picked":["Guardian:BronzeArmor","Guardian:WalkerClaw"],"picked":"Guardian:TimeCapacitor+1","floor":37},{"not_picked":["Guardian:Planning+1","Guardian:DecasProtection+1","Guardian:Gem_Cyan"],"picked":"SKIP","floor":42},{"not_picked":["Guardian:FierceBash","Guardian:RollAttack+1","Guardian:Gem_Fragmented"],"picked":"SKIP","floor":44},{"not_picked":["Guardian:WalkerClaw+1","Guardian:CrystalBeam+1","Guardian:DecasProtection+1"],"picked":"SKIP","floor":45},{"not_picked":["Guardian:WalkerClaw","Guardian:Gem_Red"],"picked":"Guardian:Gem_Fragmented","floor":47},{"not_picked":["Guardian:ShieldCharger","Guardian:BronzeArmor","Guardian:PolyBeam"],"picked":"SKIP","floor":49}],"player_experience":24424,"relics_obtained":[{"floor":7,"key":"Letter Opener"},{"floor":8,"key":"Pantograph"},{"floor":24,"key":"champ:FightingForDummies"},{"floor":31,"key":"Oddly Smooth Stone"},{"floor":38,"key":"Vajra"},{"floor":41,"key":"Potion Belt"},{"floor":44,"key":"MawBank"}],"event_choices":[{"cards_removed":["Guardian:Defend_Guardian"],"damage_healed":0,"gold_gain":0,"player_choice":"Card Removal","damage_taken":0,"max_hp_gain":0,"max_hp_loss":0,"event_name":"The Cleric","floor":4,"gold_loss":0},{"damage_healed":0,"gold_gain":0,"cards_transformed":["Guardian:Strike_Guardian"],"player_choice":"Transformed","damage_taken":0,"max_hp_gain":0,"max_hp_loss":0,"event_name":"Transmorgrifier","floor":10,"gold_loss":0,"cards_obtained":["Guardian:MultiBeam"]},{"damage_healed":0,"gold_gain":0,"player_choice":"Success","damage_taken":7,"relics_obtained":["testmod-Antiphasic"],"max_hp_gain":0,"max_hp_loss":0,"event_name":"Scrap Ooze","floor":13,"gold_loss":0},{"damage_healed":0,"gold_gain":0,"player_choice":"Swap Relic","damage_taken":0,"relics_obtained":["DollysMirror"],"max_hp_gain":0,"max_hp_loss":0,"event_name":"给自己的盒子","floor":20,"relics_lost":["testmod-Antiphasic"],"gold_loss":0},{"cards_removed":["Guardian:TimeBomb"],"damage_healed":0,"gold_gain":0,"player_choice":"Removed Skill","damage_taken":0,"max_hp_gain":0,"max_hp_loss":0,"event_name":"Falling","floor":39,"gold_loss":0}],"is_beta":false,"boss_relics":[{"not_picked":["testmod-Recursion","Calling Bell"],"picked":"Philosopher\u0027s Stone"},{"not_picked":["Runic Pyramid","Fusion Hammer"],"picked":"Runic Cube"}],"items_purged_floors":[14,23,27],"is_endless":false,"potions_floor_spawned":[3,8,11,16,25,31,32,37,44,47,49],"ascension_level":2}}