{"host":"1hv1kueuvc4r3rdp","time":1609306858,"event":{"mods":["AchievementEnabler","BaseMod","DeckTracker","Highlight Path","Minty Spire (QoL Compilation)","Permanent Neow","StSLib"],"gold_per_floor":[362,374,385,53,63,97,62,77,100,100,127,127,155,173,173,278,278,293,311,327,345,345,345,364,399,399,11,41,41,41,51,51,152,152,162,175,175,175,175,175],"floor_reached":39,"playtime":1908,"items_purged":["Strike_G"],"score":712,"play_id":"380a9a08-359d-4283-b52e-45a2f2e82cc4","local_time":"20201229234058","is_ascension_mode":true,"campfire_choices":[{"floor":10,"key":"REST"},{"floor":15,"key":"REST"},{"floor":23,"key":"REST"},{"floor":30,"key":"REST"},{"floor":32,"key":"REST"}],"circlet_count":0,"master_deck":["AscendersBane","Strike_G","Strike_G","Strike_G","Strike_G","Defend_G","Defend_G","Defend_G","Defend_G","Defend_G","Survivor","Neutralize","Blade Dance","Finisher","Cloak And Dagger","Footwork","Infinite Blades","Corpse Explosion","Dagger Spray","After Image","Footwork","Choke","Concentrate","Tactician+1","Malaise","CurseOfTheBell","Backflip+1"],"relics":["Ring of the Snake","Sling","Anchor","Orichalcum","Snake Skull","Vajra","Smiling Mask","Busted Crown","Nilry\u0027s Codex","The Specimen","Ice Cream","Ancient Tea Set","Boot","Happy Flower","Calling Bell","Dream Catcher","Molten Egg 2","Mango"],"acts_visited":["Exordium","TheCity","TheBeyond"],"potions_floor_usage":[16,20],"damage_taken":[{"damage":0,"enemies":"2 Louse","floor":1,"turns":3},{"damage":0,"enemies":"Cultist","floor":2,"turns":4},{"damage":0,"enemies":"Jaw Worm","floor":3,"turns":4},{"damage":0,"enemies":"Looter","floor":5,"turns":3},{"damage":26,"enemies":"3 Sentries","floor":6,"turns":9},{"damage":1,"enemies":"Blue Slaver","floor":8,"turns":4},{"damage":19,"enemies":"Lagavulin","floor":11,"turns":5},{"damage":4,"enemies":"3 Sentries","floor":13,"turns":3},{"damage":0,"enemies":"Exordium Wildlife","floor":14,"turns":2},{"damage":20,"enemies":"Slime Boss","floor":16,"turns":12},{"damage":0,"enemies":"3 Byrds","floor":18,"turns":3},{"damage":0,"enemies":"Spheric Guardian","floor":19,"turns":6},{"damage":13,"enemies":"Snecko","floor":20,"turns":5},{"damage":0,"enemies":"Centurion and Healer","floor":21,"turns":5},{"damage":0,"enemies":"3 Cultists","floor":24,"turns":3},{"damage":28,"enemies":"Book of Stabbing","floor":25,"turns":7},{"damage":6,"enemies":"Slavers","floor":28,"turns":2},{"damage":12,"enemies":"Snecko","floor":31,"turns":5},{"damage":69,"enemies":"Automaton","floor":33,"turns":10},{"damage":15,"enemies":"3 Darklings","floor":35,"turns":3},{"damage":20,"enemies":"3 Shapes","floor":36,"turns":7},{"damage":55,"enemies":"Donu and Deca","floor":39,"turns":4}],"seed_played":"-5074750916750207583","potions_obtained":[{"floor":1,"key":"FairyPotion"},{"floor":3,"key":"Weak Potion"},{"floor":19,"key":"AttackPotion"},{"floor":24,"key":"FearPotion"},{"floor":33,"key":"CunningPotion"}],"is_trial":false,"path_per_floor":["M","M","M","$","M","E","?","M","T","R","E","?","E","M","R","B",null,"M","M","M","M","?","R","M","E","T","$","E","?","R","M","R","B",null,"M","M","?","?","B"],"character_chosen":"THE_SILENT","items_purchased":["Footwork","Sling","Anchor","Concentrate","Ancient Tea Set","Boot"],"campfire_rested":5,"item_purchase_floors":[4,4,4,27,27,27],"current_hp_per_floor":[45,45,45,45,45,19,36,35,35,56,37,37,33,33,54,34,61,61,61,48,48,32,53,53,25,25,25,19,6,28,16,38,10,73,58,38,38,38,0,0],"gold":175,"neow_bonus":"TWO_FIFTY_GOLD","is_daily":false,"chose_seed":false,"campfire_upgraded":0,"win_rate":0.0,"timestamp":1609306858,"path_taken":["M","M","M","$","M","E","?","M","T","R","E","?","E","?","R","BOSS","M","M","M","?","?","R","M","E","T","$","E","?","R","M","R","BOSS","M","M","?","?","BOSS"],"items_purchased_type":["Card","Relic","Relic","Card","Relic","Relic"],"build_version":"2020-12-22","purchased_purges":1,"victory":false,"max_hp_per_floor":[70,70,70,70,70,70,70,70,70,70,70,70,70,70,70,70,70,70,70,70,70,70,70,70,70,70,70,70,75,75,75,75,75,89,89,89,89,89,89,89],"card_choices":[{"not_picked":["Deflect","Bane"],"picked":"Blade Dance","floor":1},{"not_picked":["Masterful Stab","Heel Hook"],"picked":"Finisher","floor":2},{"not_picked":["Dodge and Roll","Finisher"],"picked":"Cloak And Dagger","floor":3},{"not_picked":["Poisoned Stab","Underhanded Strike","Calculated Gamble"],"picked":"SKIP","floor":5},{"not_picked":["Sucker Punch","Cloak And Dagger"],"picked":"Infinite Blades","floor":6},{"not_picked":["Acrobatics","Slice"],"picked":"Corpse Explosion","floor":8},{"not_picked":["Outmaneuver","Endless Agony"],"picked":"Dagger Spray","floor":11},{"not_picked":["Reflex","Terror","Dodge and Roll"],"picked":"SKIP","floor":13},{"not_picked":["Calculated Gamble","Finisher","Infinite Blades"],"picked":"SKIP","floor":14},{"not_picked":["Glass Knife","Unload"],"picked":"After Image","floor":16},{"not_picked":[],"picked":"Footwork","floor":18},{"not_picked":["Expertise"],"picked":"SKIP","floor":19},{"not_picked":["Masterful Stab"],"picked":"SKIP","floor":20},{"not_picked":[],"picked":"Choke","floor":21},{"not_picked":["Flying Knee"],"picked":"SKIP","floor":24},{"not_picked":["Flying Knee"],"picked":"SKIP","floor":25},{"not_picked":[],"picked":"Tactician+1","floor":28},{"not_picked":["Blade Dance"],"picked":"SKIP","floor":31},{"not_picked":[],"picked":"Malaise","floor":33},{"not_picked":[],"picked":"Backflip+1","floor":35},{"not_picked":["Deadly Poison+1"],"picked":"SKIP","floor":36}],"player_experience":1118730,"relics_obtained":[{"floor":6,"key":"Orichalcum"},{"floor":9,"key":"Snake Skull"},{"floor":11,"key":"Vajra"},{"floor":13,"key":"Smiling Mask"},{"floor":22,"key":"Nilry\u0027s Codex"},{"floor":25,"key":"The Specimen"},{"floor":26,"key":"Ice Cream"},{"floor":28,"key":"Happy Flower"},{"floor":34,"key":"Dream Catcher"},{"floor":34,"key":"Molten Egg 2"},{"floor":34,"key":"Mango"}],"event_choices":[{"damage_healed":17,"gold_gain":0,"player_choice":"Healed","damage_taken":0,"max_hp_gain":0,"max_hp_loss":0,"event_name":"The Cleric","floor":7,"gold_loss":35},{"damage_healed":0,"gold_gain":0,"player_choice":"Got Potions","damage_taken":0,"max_hp_gain":0,"max_hp_loss":0,"event_name":"Lab","floor":12,"gold_loss":0},{"damage_healed":0,"gold_gain":0,"player_choice":"Obtained Book","damage_taken":16,"max_hp_gain":0,"max_hp_loss":0,"event_name":"Cursed Tome","floor":22,"gold_loss":0},{"damage_healed":0,"gold_gain":0,"player_choice":"Shed Blood","damage_taken":18,"max_hp_gain":5,"max_hp_loss":0,"event_name":"Forgotten Altar","floor":29,"gold_loss":0},{"damage_healed":0,"gold_gain":0,"player_choice":"Memory 1","damage_taken":0,"max_hp_gain":0,"max_hp_loss":0,"event_name":"SensoryStone","floor":37,"gold_loss":0},{"damage_healed":0,"gold_gain":0,"player_choice":"Took Portal","damage_taken":0,"max_hp_gain":0,"max_hp_loss":0,"event_name":"SecretPortal","floor":38,"gold_loss":0}],"is_beta":false,"boss_relics":[{"not_picked":["Coffee Dripper","Cursed Key"],"picked":"Busted Crown"},{"not_picked":["Fusion Hammer","Snecko Eye"],"picked":"Calling Bell"}],"items_purged_floors":[27],"is_endless":false,"potions_floor_spawned":[1,3,5,11,13,19,24,31,33],"killed_by":"Donu and Deca","ascension_level":11}}