{"host":"dhyczjm99amxd3qx","time":1609309320,"event":{"mods":["BaseMod","Colored Map","Googly Eyes","Highlight Path","Minty Spire (QoL Compilation)","Quick Restart","StSLib"],"gold_per_floor":[118,130,23,42,42,42,72,84,96,138,75,104,116,133,133,133,133],"floor_reached":16,"playtime":694,"items_purged":["Defend_R"],"score":174,"play_id":"c19e3add-1aca-45da-a548-89c13a126399","local_time":"20201230012200","is_ascension_mode":true,"campfire_choices":[{"data":"Bash","floor":6.0,"key":"SMITH"},{"data":"Blood for Blood","floor":8.0,"key":"SMITH"},{"data":"Offering","floor":15,"key":"SMITH"}],"circlet_count":0,"master_deck":["Strike_R+1","Strike_R","Strike_R","Strike_R+1","Strike_R","Defend_R","Defend_R","Defend_R","Bash+1","Seeing Red","Blood for Blood+1","Offering+1"],"relics":["Burning Blood","Torii","MawBank","Mercury Hourglass","Whetstone","Centennial Puzzle"],"acts_visited":["Exordium"],"potions_floor_usage":[14,16],"damage_taken":[{"damage":4.0,"enemies":"Jaw Worm","floor":1.0,"turns":8.0},{"damage":6.0,"enemies":"Cultist","floor":2.0,"turns":3.0},{"damage":12.0,"enemies":"Small Slimes","floor":4.0,"turns":5.0},{"damage":32.0,"enemies":"Gremlin Nob","floor":7.0,"turns":4.0},{"damage":35.0,"enemies":"Lagavulin","floor":10.0,"turns":5.0},{"damage":6.0,"enemies":"Gremlin Nob","floor":12.0,"turns":2.0},{"damage":6.0,"enemies":"Looter","floor":13.0,"turns":2.0},{"damage":1,"enemies":"Exordium Wildlife","floor":14,"turns":3},{"damage":31,"enemies":"The Guardian","floor":16,"turns":6}],"seed_played":"-351094139456619418","potions_obtained":[{"floor":7.0,"key":"Energy Potion"},{"floor":10.0,"key":"Fire Potion"},{"floor":12.0,"key":"PowerPotion"},{"floor":13.0,"key":"ColorlessPotion"}],"is_trial":false,"path_per_floor":["M","M","?","M","?","R","E","R","T","E","$","E","M","M","R","B"],"character_chosen":"IRONCLAD","items_purchased":[],"campfire_rested":0,"item_purchase_floors":[],"current_hp_per_floor":[88,88,88,82,82,82,56,56,56,27,27,27,27,32,32,1,1],"gold":133,"neow_bonus":"TEN_PERCENT_HP_BONUS","is_daily":false,"chose_seed":false,"campfire_upgraded":3,"win_rate":0.0,"timestamp":1609309320,"path_taken":["M","M","?","?","?","R","E","R","T","E","$","E","M","M","R","BOSS"],"items_purchased_type":[],"build_version":"2020-12-22","purchased_purges":1,"victory":false,"max_hp_per_floor":[88,88,88,88,88,88,88,88,88,88,88,88,88,88,88,88,88],"card_choices":[{"not_picked":["Warcry","Sword Boomerang","Power Through"],"picked":"SKIP","floor":1.0},{"not_picked":["Shrug It Off","Intimidate"],"picked":"Seeing Red","floor":2.0},{"not_picked":["Pommel Strike","Warcry","Perfected Strike"],"picked":"SKIP","floor":4.0},{"not_picked":["Headbutt","Wild Strike"],"picked":"Blood for Blood","floor":7.0},{"not_picked":["Cleave","Thunderclap"],"picked":"Offering","floor":10.0},{"not_picked":["Havoc","Anger","Perfected Strike"],"picked":"SKIP","floor":12.0},{"not_picked":["Second Wind","Hemokinesis","Headbutt"],"picked":"SKIP","floor":13.0},{"not_picked":["Sever Soul","Armaments","Heavy Blade"],"picked":"SKIP","floor":14}],"player_experience":206276,"relics_obtained":[{"floor":7.0,"key":"MawBank"},{"floor":9.0,"key":"Mercury Hourglass"},{"floor":10.0,"key":"Whetstone"},{"floor":12.0,"key":"Centennial Puzzle"}],"event_choices":[{"damage_healed":0.0,"max_hp_gain":0.0,"max_hp_loss":0.0,"gold_gain":0.0,"event_name":"WeMeetAgain","player_choice":"Paid Gold","floor":3.0,"gold_loss":107.0,"damage_taken":0.0,"relics_obtained":["Torii"]},{"damage_healed":0.0,"max_hp_gain":0.0,"max_hp_loss":0.0,"gold_gain":0.0,"event_name":"The Cleric","player_choice":"Leave","floor":5.0,"gold_loss":0.0,"damage_taken":0.0}],"is_beta":false,"boss_relics":[],"items_purged_floors":[11],"is_endless":false,"potions_floor_spawned":[7,10,12,13],"killed_by":"The Guardian","ascension_level":4}}