{"host":"j3h0p3l2xgzxhnx7","time":1609348981,"event":{"mods":["BaseMod","Luminous","Marisa????????","Minty Spire (QoL Compilation)","Remilia??????","StSLib","The Bug Knight","The Cursed","The Servant 0.9.4"],"gold_per_floor":[118,193,210,210,58,58,90,90,114,134,134,163,183,201,201,300,300,310,326,596,11,36,36,36,36,36,36,36,50,83,96,96,194,194,213,226,226,226,226],"floor_reached":38,"playtime":1423,"items_purged":[],"score":427,"play_id":"68bdd490-cad7-4181-b5a0-99f1688ebe74","local_time":"20201231012301","is_ascension_mode":false,"campfire_choices":[{"floor":6,"key":"REST"},{"data":"Go for the Eyes","floor":11,"key":"SMITH"},{"floor":15,"key":"REST"},{"floor":23,"key":"REST"},{"floor":25,"key":"REST"},{"floor":32,"key":"REST"}],"circlet_count":0,"master_deck":["Strike_B","Strike_B","Strike_B+1","Strike_B+1","Defend_B","Defend_B","Defend_B","Defend_B","Zap","Dualcast","Go for the Eyes+1","Skim+1","Conserve Battery","Coolheaded","Gash","Gash","Streamline","Electrodynamics","Barrage+1","Compile Driver","Loop","Shame","Skim+1","Loop","Loop","Thunder Strike","Rebound+1","Stack"],"relics":["FrozenCore","Strawberry","CaptainsWheel","ScarletDevilRocket","Incense Burner","Sling","Orichalcum","Bottled Lightning","PreservedInsect","Kunai","Pear","MealTicket","Snecko Eye"],"acts_visited":["Exordium","TheCity","TheBeyond"],"potions_floor_usage":[12,16,16,33,33],"damage_taken":[{"damage":6,"enemies":"Jaw Worm","floor":1,"turns":2},{"damage":10,"enemies":"2 Louse","floor":3,"turns":3},{"damage":34,"enemies":"Lagavulin","floor":7,"turns":8},{"damage":0,"enemies":"Cultist","floor":10,"turns":4},{"damage":13,"enemies":"3 Sentries","floor":12,"turns":6},{"damage":26,"enemies":"Exordium Thugs","floor":13,"turns":5},{"damage":11,"enemies":"Exordium Wildlife","floor":14,"turns":3},{"damage":22,"enemies":"Hexaghost","floor":16,"turns":9},{"damage":5,"enemies":"2 Thieves","floor":18,"turns":4},{"damage":8,"enemies":"Shell Parasite","floor":19,"turns":7},{"damage":1,"enemies":"Chosen and Byrds","floor":29,"turns":8},{"damage":27,"enemies":"Book of Stabbing","floor":30,"turns":6},{"damage":5,"enemies":"Snecko","floor":31,"turns":6},{"damage":11,"enemies":"Champ","floor":33,"turns":9},{"damage":14,"enemies":"3 Shapes","floor":35,"turns":3},{"damage":29,"enemies":"3 Darklings","floor":36,"turns":9},{"damage":50,"enemies":"Maw","floor":38,"turns":7}],"seed_played":"5629878449706183270","potions_obtained":[{"floor":7,"key":"AttackPotion"},{"floor":12,"key":"Strength Potion"},{"floor":13,"key":"EssenceOfSteel"},{"floor":19,"key":"EssenceOfDarkness"},{"floor":30,"key":"Ancient Potion"}],"is_trial":false,"path_per_floor":["M","?","M","?","$","R","E","?","T","M","R","E","M","M","R","B",null,"M","M","?","$","T","R","?","R","T","?","$","M","E","M","R","B",null,"M","M","?","M"],"character_chosen":"DEFECT","items_purchased":["Strawberry","Sling","Orichalcum","Bottled Lightning","Loop"],"campfire_rested":5,"item_purchase_floors":[5,21,21,21,21],"current_hp_per_floor":[69,58,48,33,40,64,30,82,82,82,82,69,43,32,56,34,82,77,69,42,42,42,66,66,82,82,92,92,91,64,59,86,75,92,78,49,49,0,0],"gold":226,"neow_bonus":"UPGRADE_CARD","is_daily":false,"chose_seed":false,"campfire_upgraded":1,"win_rate":0.0,"timestamp":1609348981,"path_taken":["M","?","M","?","?","R","E","?","T","M","R","E","M","?","R","BOSS","M","M","?","?","?","R","?","R","T","?","?","M","E","M","R","BOSS","M","M","?","M"],"items_purchased_type":["Relic","Relic","Relic","Relic","Card"],"build_version":"2020-12-22","purchased_purges":0,"victory":false,"max_hp_per_floor":[75,75,75,75,82,82,82,82,82,82,82,82,82,82,82,82,82,82,82,82,82,82,82,82,82,82,92,92,92,92,92,92,92,92,92,92,92,92,92],"card_choices":[{"not_picked":["Steam Power","Coolheaded"],"picked":"Go for the Eyes","floor":1},{"not_picked":["Coolheaded","Leap"],"picked":"Skim","floor":3},{"not_picked":["Buffer","Darkness"],"picked":"Conserve Battery","floor":7},{"not_picked":["Leap","Auto Shields"],"picked":"Coolheaded","floor":10},{"not_picked":["Chaos","Chill"],"picked":"Gash","floor":12},{"not_picked":["Streamline","Go for the Eyes"],"picked":"Gash","floor":13},{"not_picked":["Steam","Leap"],"picked":"Streamline","floor":14},{"not_picked":["Seek","Thunder Strike"],"picked":"Electrodynamics","floor":16},{"not_picked":["Fusion","Stack"],"picked":"Barrage+1","floor":18},{"not_picked":["Redo","Conserve Battery+1"],"picked":"Compile Driver","floor":19},{"not_picked":["Genetic Algorithm","Turbo"],"picked":"Skim+1","floor":29},{"not_picked":["Steam","Barrage"],"picked":"Loop","floor":30},{"not_picked":["Beam Cell","Go for the Eyes"],"picked":"Loop","floor":31},{"not_picked":["Creative AI","Amplify"],"picked":"Thunder Strike","floor":33},{"not_picked":["Storm","Genetic Algorithm"],"picked":"Rebound+1","floor":35},{"not_picked":["Rebound","Leap"],"picked":"Stack","floor":36}],"player_experience":82371,"relics_obtained":[{"floor":7,"key":"CaptainsWheel"},{"floor":9,"key":"ScarletDevilRocket"},{"floor":12,"key":"Incense Burner"},{"floor":22,"key":"PreservedInsect"},{"floor":26,"key":"Kunai"},{"floor":30,"key":"MealTicket"}],"event_choices":[{"damage_healed":0,"gold_gain":75,"player_choice":"Gather Gold","damage_taken":11,"max_hp_gain":0,"max_hp_loss":0,"event_name":"World of Goop","floor":2,"gold_loss":0},{"damage_healed":0,"gold_gain":0,"player_choice":"Entered Light","damage_taken":15,"max_hp_gain":0,"max_hp_loss":0,"event_name":"Shining Light","floor":4,"gold_loss":0,"cards_upgraded":["Skim","Strike_B"]},{"damage_healed":52,"gold_gain":0,"player_choice":"Full Heal","damage_taken":0,"max_hp_gain":0,"max_hp_loss":0,"event_name":"Wheel of Change","floor":8,"gold_loss":0},{"damage_healed":0,"gold_gain":270,"player_choice":"GOLD GOLD GOLD ","damage_taken":27,"max_hp_gain":0,"max_hp_loss":0,"event_name":"Knowing Skull","floor":20,"potions_obtained":[],"gold_loss":0,"cards_obtained":[]},{"damage_healed":0,"gold_gain":0,"player_choice":"Ignored","damage_taken":0,"max_hp_gain":0,"max_hp_loss":0,"event_name":"Ghosts","floor":24,"gold_loss":0},{"damage_healed":0,"gold_gain":0,"player_choice":"Stole Relic","damage_taken":0,"relics_obtained":["Pear"],"max_hp_gain":0,"max_hp_loss":0,"event_name":"Addict","floor":27,"gold_loss":0,"cards_obtained":["Shame"]},{"damage_healed":0,"gold_gain":0,"player_choice":"Ignored","damage_taken":0,"max_hp_gain":0,"max_hp_loss":0,"event_name":"Tomb of Lord Red Mask","floor":37,"gold_loss":0}],"is_beta":false,"boss_relics":[{"not_picked":["Busted Crown","Empty Cage"],"picked":"FrozenCore"},{"not_picked":["Sozu","Velvet Choker"],"picked":"Snecko Eye"}],"items_purged_floors":[],"is_endless":false,"potions_floor_spawned":[7,12,13,19,30],"killed_by":"Maw","ascension_level":0}}