{"host":"r6wilvrr1tovskr2","time":1609311575,"event":{"mods":["2.2 Compatiblity","AchievementEnabler","Aspiration","BaseMod","Bestiary","Better Altar","Better Match","Better Note","Better Sensory Stone","Better Skull","Better Third Choice","Colored Powertips","Conspire","Energized Spire","GifTheSpireLib","Halation","Highlight Path","Hubris","Infinite Spire","Marked Mod","Minty Spire (QoL Compilation)","Quick Restart","Replay The Spire","Shop Mod","Spicy Shops","Spikes Relics","StSLib","Stuff the Spire","vexMod"],"gold_per_floor":[119,44,44,44,55,82,82,24,24,59,72,105,121,146,146,146,146],"floor_reached":16,"playtime":660,"items_purged":["Strike_G"],"score":249,"play_id":"601a7392-a09a-4bce-bddb-4051b6ef1e3d","local_time":"20201230005935","is_ascension_mode":true,"campfire_choices":[{"floor":7,"key":"RECALL"},{"floor":15,"key":"REST"}],"circlet_count":0,"master_deck":["Strike_G","Strike_G","Strike_G","Defend_G","Defend_G","Defend_G","Defend_G","Defend_G","Survivor","Neutralize","hubris:Counter","Dagger Throw","aspiration:Lunge","Doubt"],"relics":["Ring of the Snake","NeowsBlessing","halation:LettersToHer","aspiration:Lifesprig","Quantum Egg","Matryoshka","Meat on the Bone"],"acts_visited":["Exordium"],"potions_floor_usage":[10,12],"damage_taken":[{"damage":0,"enemies":"Small Slimes","floor":1,"turns":1},{"damage":0,"enemies":"Cultist","floor":5,"turns":1},{"damage":0,"enemies":"Replay:BlueRogue","floor":6,"turns":1},{"damage":9,"enemies":"Gremlin Nob","floor":10,"turns":4},{"damage":0,"enemies":"2 Louse","floor":11,"turns":2},{"damage":0,"enemies":"3 Sentries","floor":12,"turns":2},{"damage":0,"enemies":"Exordium Wildlife","floor":13,"turns":2},{"damage":10,"enemies":"Gremlin Nob","floor":14,"turns":4},{"damage":81,"enemies":"Slime Boss","floor":16,"turns":9}],"seed_played":"1428203159848239844","potions_obtained":[{"floor":1,"key":"Poison Potion"},{"floor":5,"key":"Explosive Potion"}],"is_trial":false,"path_per_floor":["M","$","?","$","M","E","R","$","T","E","M","E","M","E","R","B"],"character_chosen":"THE_SILENT","items_purchased":["aspiration:Lifesprig"],"campfire_rested":1,"item_purchase_floors":[8],"current_hp_per_floor":[63,63,63,63,63,63,63,63,63,54,54,54,54,44,65,0,0],"gold":146,"neow_bonus":"THREE_ENEMY_KILL","is_daily":false,"chose_seed":false,"campfire_upgraded":0,"win_rate":0.0,"timestamp":1609311575,"path_taken":["M","$","?","?","M","E","R","$","T","E","M","E","M","E","R","BOSS"],"items_purchased_type":["Relic"],"build_version":"2020-12-22","purchased_purges":1,"victory":false,"max_hp_per_floor":[70,70,70,70,70,70,70,70,70,70,70,70,70,70,70,70,70],"card_choices":[{"not_picked":["Replay:Poison Smokescreen","conspire:DoublingDagger"],"picked":"hubris:Counter","floor":1},{"not_picked":["Quick Slash","conspire:DoublingDagger"],"picked":"Dagger Throw","floor":5},{"not_picked":["Distraction","Fluid Movement"],"picked":"aspiration:Lunge","floor":6},{"not_picked":["Bullet Time","Doppelganger","Dodge and Roll"],"picked":"SKIP","floor":10},{"not_picked":["Dodge and Roll","Heel Hook","StuffTheSpire:Incursion"],"picked":"SKIP","floor":11},{"not_picked":["ReplayTheSpireMod:The Works","Flying Knee","Backflip"],"picked":"SKIP","floor":12},{"not_picked":["Dagger Throw","Expertise","StuffTheSpire:BumpUp"],"picked":"SKIP","floor":13},{"not_picked":["Quick Slash","Calculated Gamble","Deflect"],"picked":"SKIP","floor":14}],"player_experience":1150213,"relics_obtained":[{"floor":6,"key":"halation:LettersToHer"},{"floor":9,"key":"halation:LettersToHer"},{"floor":10,"key":"Quantum Egg"},{"floor":12,"key":"Matryoshka"},{"floor":14,"key":"Meat on the Bone"}],"event_choices":[{"cards_removed":["Strike_G"],"damage_healed":0,"gold_gain":0,"player_choice":"Purged","damage_taken":0,"max_hp_gain":0,"max_hp_loss":0,"event_name":"Purifier","floor":3,"gold_loss":0}],"is_beta":false,"boss_relics":[],"items_purged_floors":[2],"is_endless":false,"potions_floor_spawned":[1,5],"killed_by":"Slime Boss","ascension_level":8}}