{"host":"phniwng9zo19jwdb","time":1609338878,"event":{"mods":["AchievementEnabler","BaseMod","Colored Powertips","Faster Ascension Climbing","GifTheSpireLib","Jorbs\u0027s Wanderer Trilogy","Minty Spire (QoL Compilation)","Permanent Neow","Rare Cards Sparkle","Somnambulant","StSLib"],"gold_per_floor":[131,81,81,91,109,109,125,186,211,227,255,255,280,298,298,400,400,411,446,446,446,464,464,496,421,421,18,53,53,87,118,118,219,219,239,257,257,271,1270,1270,1298,39,65,80,80,125,1,45,45,45],"floor_reached":51,"playtime":3457,"items_purged":["Normality"],"score":1545,"play_id":"10f23fd0-5d7f-451f-8e65-4ca0a4fdf8b2","local_time":"20201230153438","is_ascension_mode":true,"campfire_choices":[{"data":"stsjorbsmod:MirrorImage","floor":6.0,"key":"SMITH"},{"data":"stsjorbsmod:FindFamiliar","floor":12.0,"key":"SMITH"},{"data":"stsjorbsmod:Feast","floor":15.0,"key":"SMITH"},{"floor":23.0,"key":"REST"},{"floor":29.0,"key":"REST"},{"data":"stsjorbsmod:Channel","floor":32.0,"key":"SMITH"},{"data":"stsjorbsmod:Rediscovery","floor":40.0,"key":"SMITH"},{"data":"stsjorbsmod:RefuseToForget","floor":49,"key":"SMITH"}],"circlet_count":0,"master_deck":["AscendersBane","stsjorbsmod:ForbiddenGrimoire+1","stsjorbsmod:Strike_Wanderer+1","stsjorbsmod:Strike_Wanderer","stsjorbsmod:Defend_Wanderer","stsjorbsmod:Defend_Wanderer+1","stsjorbsmod:Defend_Wanderer","stsjorbsmod:Defend_Wanderer+1","stsjorbsmod:FreshAdventure","stsjorbsmod:EyeOfTheStorm","stsjorbsmod:MirrorImage+1","stsjorbsmod:Firebolt+1","stsjorbsmod:RefuseToForget+1","stsjorbsmod:Channel+1","stsjorbsmod:FlameWard+1","stsjorbsmod:FindFamiliar+1","stsjorbsmod:Feast+1","stsjorbsmod:IvoryTower+1","stsjorbsmod:Will+1","stsjorbsmod:Withdraw","stsjorbsmod:ArcaneWeapon+1","stsjorbsmod:FaerieFire+1","stsjorbsmod:WanderingMind+1","stsjorbsmod:DeathThroes","stsjorbsmod:Mindworm+1","stsjorbsmod:BurningFlask+1","stsjorbsmod:Rediscovery+1","stsjorbsmod:Message+1","stsjorbsmod:MistyStep+1","Normality","stsjorbsmod:MistyStep+1","stsjorbsmod:MistyStep","stsjorbsmod:MistyStep","stsjorbsmod:MistyStep+1"],"relics":["stsjorbsmod:GrimoireRelic","Pen Nib","Smiling Mask","Lantern","Juzu Bracelet","SacredBark","The Courier","Eternal Feather","Gremlin Horn","Question Card","War Paint","Letter Opener","SlaversCollar","Toy Ornithopter","Frozen Eye","Blue Candle","Gambling Chip","Bronze Scales","Boot","Blood Vial","Mummified Hand","PreservedInsect","Strawberry","Centennial Puzzle","Bottled Tornado"],"acts_visited":["Exordium","TheCity","TheBeyond"],"potions_floor_usage":[50,50,50],"damage_taken":[{"damage":1.0,"enemies":"2 Louse","floor":1.0,"turns":4.0},{"damage":6.0,"enemies":"Jaw Worm","floor":4.0,"turns":7.0},{"damage":1.0,"enemies":"Cultist","floor":5.0,"turns":3.0},{"damage":0.0,"enemies":"Red Slaver","floor":7.0,"turns":5.0},{"damage":4.0,"enemies":"3 Sentries","floor":8.0,"turns":6.0},{"damage":0.0,"enemies":"2 Fungi Beasts","floor":10.0,"turns":4.0},{"damage":0.0,"enemies":"Lagavulin","floor":11.0,"turns":7.0},{"damage":0.0,"enemies":"Gremlin Nob","floor":13.0,"turns":5.0},{"damage":5.0,"enemies":"3 Louse","floor":14.0,"turns":5.0},{"damage":18.0,"enemies":"The Guardian","floor":16.0,"turns":12.0},{"damage":15.0,"enemies":"Shell Parasite","floor":18.0,"turns":7.0},{"damage":0.0,"enemies":"2 Thieves","floor":19.0,"turns":4.0},{"damage":18.0,"enemies":"Snake Plant","floor":22.0,"turns":6.0},{"damage":14.0,"enemies":"Book of Stabbing","floor":24.0,"turns":5.0},{"damage":38.0,"enemies":"Gremlin Leader","floor":28.0,"turns":7.0},{"damage":1.0,"enemies":"3 Cultists","floor":30.0,"turns":5.0},{"damage":23.0,"enemies":"Slavers","floor":31.0,"turns":4.0},{"damage":25.0,"enemies":"Champ","floor":33.0,"turns":8.0},{"damage":0.0,"enemies":"3 Darklings","floor":35.0,"turns":6.0},{"damage":7.0,"enemies":"Orb Walker","floor":36.0,"turns":5.0},{"damage":14.0,"enemies":"Sphere and 2 Shapes","floor":38.0,"turns":4.0},{"damage":8.0,"enemies":"Reptomancer","floor":41.0,"turns":5.0},{"damage":1,"enemies":"Spire Growth","floor":44,"turns":4},{"damage":0,"enemies":"Nemesis","floor":46,"turns":4},{"damage":6,"enemies":"Giant Head","floor":48,"turns":6},{"damage":2,"enemies":"Donu and Deca","floor":50,"turns":5}],"seed_played":"-178781680720315897","potions_obtained":[{"floor":3.0,"key":"Fire Potion"},{"floor":3.0,"key":"PowerPotion"},{"floor":3.0,"key":"Weak Potion"},{"floor":7.0,"key":"AttackPotion"},{"floor":13.0,"key":"DuplicationPotion"},{"floor":19.0,"key":"SneckoOil"},{"floor":30.0,"key":"LiquidBronze"},{"floor":31.0,"key":"stsjorbsmod:BurningPotion"},{"floor":33.0,"key":"stsjorbsmod:LiquidClarity"},{"floor":35.0,"key":"Block Potion"},{"floor":38.0,"key":"DistilledChaos"},{"floor":46,"key":"PowerPotion"}],"is_trial":false,"path_per_floor":["M","?","?","M","M","R","M","E","T","M","E","R","E","M","R","B",null,"M","M","?","?","M","R","E","?","T","$","E","R","M","E","R","B",null,"M","M","?","M","?","R","E","$","T","M","?","E","$","E","R","B",null],"character_chosen":"WANDERER","items_purchased":["Gremlin Horn","Question Card","Frozen Eye","Blue Candle","Gambling Chip","Bronze Scales","Boot","Blood Vial","Mummified Hand","ColorlessPotion","stsjorbsmod:MistyStep","Centennial Puzzle"],"campfire_rested":2,"item_purchase_floors":[27,27,42,42,42,42,42,42,42,42,42,47],"current_hp_per_floor":[44,44,44,43,44,44,46,44,44,46,53,53,60,63,63,45,71,56,63,63,47,32,58,50,50,50,50,12,51,60,45,60,35,86,95,95,95,91,91,109,105,105,105,113,109,118,118,120,120,124],"gold":45,"neow_bonus":"THREE_RARE_CARDS","is_daily":false,"chose_seed":false,"campfire_upgraded":6,"win_rate":0.0,"timestamp":1609338878,"path_taken":["M","?","?","?","M","R","M","E","T","M","E","R","E","M","R","BOSS","M","M","?","?","M","R","E","?","T","$","E","R","M","E","R","BOSS","M","M","?","M","?","R","E","$","T","M","?","E","?","E","R","BOSS"],"items_purchased_type":["Relic","Relic","Relic","Relic","Relic","Relic","Relic","Relic","Relic","Potion","Card","Relic"],"build_version":"2020-12-22","purchased_purges":1,"victory":true,"max_hp_per_floor":[68,68,68,70,70,70,70,70,70,70,72,72,74,80,80,80,80,80,84,84,89,89,89,91,91,91,91,91,91,97,103,103,103,103,105,107,107,113,113,113,113,113,113,115,109,118,118,120,120,124],"card_choices":[{"not_picked":["stsjorbsmod:Fireball","stsjorbsmod:Entangle"],"picked":"stsjorbsmod:MirrorImage","floor":0.0},{"not_picked":["stsjorbsmod:RayOfFrost","stsjorbsmod:Index"],"picked":"stsjorbsmod:Firebolt","floor":1.0},{"not_picked":["stsjorbsmod:Aid","stsjorbsmod:Introspection"],"picked":"stsjorbsmod:RefuseToForget","floor":4.0},{"not_picked":["stsjorbsmod:Message","stsjorbsmod:LocateObject"],"picked":"stsjorbsmod:Channel","floor":5.0},{"not_picked":["stsjorbsmod:FracturedMind","stsjorbsmod:DisguiseSelf"],"picked":"stsjorbsmod:FlameWard","floor":7.0},{"not_picked":["stsjorbsmod:ChatteringStrike","stsjorbsmod:LocateObject"],"picked":"stsjorbsmod:FindFamiliar","floor":8.0},{"not_picked":["stsjorbsmod:Hurt","stsjorbsmod:Prepare"],"picked":"stsjorbsmod:Feast","floor":10.0},{"not_picked":["stsjorbsmod:WeightOfMemory","stsjorbsmod:FlameWard"],"picked":"stsjorbsmod:IvoryTower","floor":11.0},{"not_picked":["stsjorbsmod:TrueStrike","stsjorbsmod:Patron"],"picked":"stsjorbsmod:Will","floor":13.0},{"not_picked":["stsjorbsmod:DoubleCheck","stsjorbsmod:WanderingMind","stsjorbsmod:SmithingStrike"],"picked":"SKIP","floor":14.0},{"not_picked":["stsjorbsmod:Pyromancy","stsjorbsmod:CorrodingBarrier"],"picked":"stsjorbsmod:Withdraw","floor":16.0},{"not_picked":["stsjorbsmod:TrueStrike","stsjorbsmod:HedgeWizard"],"picked":"stsjorbsmod:ArcaneWeapon","floor":18.0},{"not_picked":["stsjorbsmod:ChainLightning","stsjorbsmod:UnseenServant"],"picked":"stsjorbsmod:FaerieFire","floor":19.0},{"not_picked":["stsjorbsmod:MagicMissiles","stsjorbsmod:TrueStrike","stsjorbsmod:ChatteringStrike"],"picked":"SKIP","floor":22.0},{"not_picked":["stsjorbsmod:TrueStrike","stsjorbsmod:ChainLightning"],"picked":"stsjorbsmod:WanderingMind+1","floor":24.0},{"not_picked":["stsjorbsmod:ParryingBlow","stsjorbsmod:MagicMissiles","stsjorbsmod:WanderingMind+1"],"picked":"stsjorbsmod:DeathThroes","floor":28.0},{"not_picked":["stsjorbsmod:MagicMissiles","stsjorbsmod:MagicMirror","stsjorbsmod:Mending"],"picked":"stsjorbsmod:Mindworm+1","floor":30.0},{"not_picked":["stsjorbsmod:Hurt","stsjorbsmod:ThirstingSword","stsjorbsmod:LocateObject"],"picked":"stsjorbsmod:BurningFlask+1","floor":31.0},{"not_picked":["stsjorbsmod:IvoryTower","stsjorbsmod:CorrodingBarrier","stsjorbsmod:PurgeMind"],"picked":"stsjorbsmod:Rediscovery","floor":33.0},{"not_picked":["stsjorbsmod:Inferno","stsjorbsmod:ChainLightning","stsjorbsmod:Rest"],"picked":"stsjorbsmod:Message+1","floor":35.0},{"not_picked":["stsjorbsmod:TrueStrike","stsjorbsmod:ChatteringStrike+1","stsjorbsmod:Firebolt","stsjorbsmod:HedgeWizard"],"picked":"SKIP","floor":36.0},{"not_picked":["stsjorbsmod:Inferno+1","stsjorbsmod:ParryingBlow+1","stsjorbsmod:WanderingMind+1"],"picked":"stsjorbsmod:MistyStep+1","floor":38.0},{"not_picked":["stsjorbsmod:Entangle","stsjorbsmod:FaerieFire+1","stsjorbsmod:Message+1"],"picked":"stsjorbsmod:MistyStep+1","floor":41.0},{"not_picked":["stsjorbsmod:ParryingBlow","stsjorbsmod:Stalwart+1","stsjorbsmod:DoubleCheck"],"picked":"stsjorbsmod:MistyStep","floor":44},{"not_picked":["stsjorbsmod:Rest+1","stsjorbsmod:OldPocket","stsjorbsmod:Aid+1","stsjorbsmod:HedgeWizard+1"],"picked":"SKIP","floor":46},{"not_picked":["stsjorbsmod:Inferno+1","stsjorbsmod:TinyHut+1","stsjorbsmod:Patron+1"],"picked":"stsjorbsmod:MistyStep+1","floor":48}],"player_experience":33058,"relics_obtained":[{"floor":8.0,"key":"Pen Nib"},{"floor":9.0,"key":"Smiling Mask"},{"floor":11.0,"key":"Lantern"},{"floor":13.0,"key":"Juzu Bracelet"},{"floor":24.0,"key":"The Courier"},{"floor":26.0,"key":"Eternal Feather"},{"floor":28.0,"key":"War Paint"},{"floor":31.0,"key":"Letter Opener"},{"floor":41.0,"key":"Toy Ornithopter"},{"floor":43,"key":"PreservedInsect"},{"floor":46,"key":"Strawberry"},{"floor":48,"key":"Bottled Tornado"}],"event_choices":[{"cards_removed":["stsjorbsmod:Strike_Wanderer"],"damage_healed":0.0,"max_hp_gain":0.0,"max_hp_loss":0.0,"gold_gain":0.0,"event_name":"The Cleric","player_choice":"Card Removal","floor":2.0,"gold_loss":50.0,"damage_taken":0.0},{"damage_healed":0.0,"max_hp_gain":0.0,"max_hp_loss":0.0,"gold_gain":0.0,"event_name":"Lab","player_choice":"Got Potions","floor":3.0,"gold_loss":0.0,"damage_taken":0.0},{"damage_healed":0.0,"max_hp_gain":0.0,"max_hp_loss":0.0,"gold_gain":0.0,"event_name":"Ghosts","player_choice":"Ignored","floor":20.0,"gold_loss":0.0,"damage_taken":0.0},{"damage_healed":0.0,"max_hp_gain":5.0,"max_hp_loss":0.0,"gold_gain":0.0,"event_name":"Forgotten Altar","player_choice":"Shed Blood","floor":21.0,"gold_loss":0.0,"damage_taken":21.0},{"cards_removed":["stsjorbsmod:Strike_Wanderer"],"damage_healed":0.0,"max_hp_gain":0.0,"max_hp_loss":0.0,"gold_gain":0.0,"event_name":"Beggar","player_choice":"Gave Gold","floor":25.0,"gold_loss":75.0,"damage_taken":0.0},{"damage_healed":0.0,"max_hp_gain":0.0,"max_hp_loss":0.0,"gold_gain":0.0,"event_name":"Tomb of Lord Red Mask","player_choice":"Ignored","floor":37.0,"gold_loss":0.0,"damage_taken":0.0},{"damage_healed":0.0,"max_hp_gain":0.0,"max_hp_loss":0.0,"gold_gain":999.0,"event_name":"MindBloom","player_choice":"Gold","floor":39.0,"gold_loss":0.0,"damage_taken":0.0,"cards_obtained":["Normality","Normality"]},{"damage_healed":0,"gold_gain":0,"player_choice":"Max HP","damage_taken":0,"max_hp_gain":0,"max_hp_loss":6,"event_name":"Winding Halls","floor":45,"gold_loss":0}],"is_beta":false,"boss_relics":[{"not_picked":["Sozu","Cursed Key"],"picked":"SacredBark"},{"not_picked":["Pandora\u0027s Box","Runic Pyramid"],"picked":"SlaversCollar"}],"items_purged_floors":[42],"is_endless":false,"potions_floor_spawned":[5,7,13,14,16,19,30,31,33,35,38,44,46,48],"ascension_level":10}}