{"host":"4amcrcg6ktw8dbzk","time":1609318911,"event":{"mods":["ATMod(°¢èªMod)","BaseMod","Dota2Spire","Minty Spire (QoL Compilation)","MostiFishMod","Spicy Shops","StSLib","Waifu the Spire"],"gold_per_floor":[119,37,54,54,54,54,88,100,100,127,127,52,68,98,98,174,174,187,237,248,38,38,38,57,57,57,83,83,117,143,175,175,249,249,261,261,261,279,291,291,321,321,395,405,217,235,269,285,285,285,285,285,48,78,78],"floor_reached":56,"playtime":2306,"items_purged":["Defend_G","Strike_G","Strike_G","Strike_G"],"score":2836,"play_id":"1b06e2c2-f68d-482f-af6a-b6ba539cfef5","local_time":"20201230170151","is_ascension_mode":true,"campfire_choices":[{"data":"Dagger Spray","floor":6.0,"key":"SMITH"},{"data":"Catalyst","floor":11.0,"key":"SMITH"},{"data":"AT_KneejerkReflex","floor":15.0,"key":"SMITH"},{"data":"Footwork","floor":23.0,"key":"SMITH"},{"data":"Tactician","floor":25.0,"key":"SMITH"},{"data":"Catalyst","floor":32.0,"key":"SMITH"},{"data":"Calculated Gamble","floor":40,"key":"SMITH"},{"data":"MostiFishMod:Dislodge","floor":42,"key":"SMITH"},{"floor":49,"key":"RECALL"},{"data":"Malaise","floor":52,"key":"SMITH"}],"circlet_count":0,"master_deck":["AscendersBane","Strike_G+1","Strike_G+1","Defend_G","Defend_G","Defend_G+1","Defend_G","Survivor","Neutralize+1","AT_ShrugMaster+1","Dagger Spray+1","Blade Dance","Catalyst+1","Footwork+1","AT_KneejerkReflex+1","Doppelganger","Deadly Poison+1","Tactician+1","Catalyst+1","AT_WindFlip","MostiFishMod:Dislodge","MostiFishMod:Dislodge+1","Calculated Gamble+1","MostiFishMod:Opportunism+1","Acrobatics","Reflex","Malaise+1","Flechettes+1"],"relics":["Ring of the Snake","DaveBox","AT_ATBox","JellyFishMachine","SynthV:TestCard","Technique","Du-Vu Doll","Sundial","White Beast Statue","Dota2Spire:HeartOfTarrasque","FeatherPendant","Membership Card","Shuriken","AT_Kusabimaru","Thread and Needle","Whetstone","Bag of Preparation","WristBlade","War Paint","Pantograph","TwistedFunnel","Juzu Bracelet","Mummified Hand","OrangePellets","TheAbacus","CaptainsWheel"],"acts_visited":["Exordium","TheCity","TheBeyond","TheEnding"],"potions_floor_usage":[55,55],"damage_taken":[{"damage":0.0,"enemies":"Small Slimes","floor":1.0,"turns":3.0},{"damage":3.0,"enemies":"2 Louse","floor":3.0,"turns":3.0},{"damage":2.0,"enemies":"3 Sentries","floor":7.0,"turns":8.0},{"damage":0.0,"enemies":"Cultist","floor":8.0,"turns":3.0},{"damage":10.0,"enemies":"Gremlin Nob","floor":10.0,"turns":3.0},{"damage":0.0,"enemies":"Blue Slaver","floor":13.0,"turns":2.0},{"damage":0.0,"enemies":"Lagavulin","floor":14.0,"turns":6.0},{"damage":0.0,"enemies":"Hexaghost","floor":16.0,"turns":7.0},{"damage":0.0,"enemies":"3 Byrds","floor":18.0,"turns":3.0},{"damage":0.0,"enemies":"Spheric Guardian","floor":20.0,"turns":1.0},{"damage":0.0,"enemies":"Centurion and Healer","floor":24.0,"turns":2.0},{"damage":0.0,"enemies":"Gremlin Leader","floor":27.0,"turns":1.0},{"damage":0.0,"enemies":"Book of Stabbing","floor":29.0,"turns":2.0},{"damage":0.0,"enemies":"Gremlin Leader","floor":31.0,"turns":3.0},{"damage":0,"enemies":"Automaton","floor":33,"turns":4},{"damage":2,"enemies":"Orb Walker","floor":35,"turns":3},{"damage":0,"enemies":"3 Shapes","floor":38,"turns":2},{"damage":0,"enemies":"3 Darklings","floor":39,"turns":2},{"damage":0,"enemies":"Giant Head","floor":41,"turns":2},{"damage":0,"enemies":"Writhing Mass","floor":44,"turns":2},{"damage":0,"enemies":"Spire Growth","floor":46,"turns":1},{"damage":0,"enemies":"Reptomancer","floor":47,"turns":3},{"damage":0,"enemies":"3 Darklings","floor":48,"turns":1},{"damage":0,"enemies":"Awakened One","floor":50,"turns":4},{"damage":0,"enemies":"Shield and Spear","floor":54,"turns":1},{"damage":23,"enemies":"The Heart","floor":55,"turns":4}],"seed_played":"2850636833687093962","potions_obtained":[{"floor":8.0,"key":"Explosive Potion"},{"floor":13.0,"key":"SteroidPotion"},{"floor":14.0,"key":"SkillPotion"},{"floor":24.0,"key":"CunningPotion"}],"is_trial":false,"path_per_floor":["M","$","M","?","?","R","E","M","T","E","R","$","M","E","R","B",null,"M","?","M","$","?","R","M","R","T","E","?","E","T","E","R","B",null,"M","?","?","M","M","R","E","R","T","M","$","M","E","M","R","B",null,"R","$","E","B",null],"character_chosen":"THE_SILENT","items_purchased":["Technique","Membership Card","TwistedFunnel","Juzu Bracelet","OrangePellets","TheAbacus"],"campfire_rested":0,"item_purchase_floors":[2,21,45,45,53,53],"current_hp_per_floor":[59,59,56,56,56,56,54,54,54,44,44,44,44,52,52,68,73,73,73,73,73,73,73,73,73,73,73,73,73,73,73,73,74,74,72,72,72,72,72,72,72,72,72,72,72,72,72,72,72,74,74,74,74,74,51],"gold":78,"neow_bonus":"UPGRADE_CARD","is_daily":false,"chose_seed":false,"campfire_upgraded":9,"win_rate":0.0,"timestamp":1609318911,"path_taken":["M","$","M","?","?","R","E","?","T","E","R","$","M","E","R","BOSS","M","?","M","$","?","R","?","R","T","E","?","E","?","E","R","BOSS","M","?","?","M","M","R","E","R","T","M","$","M","E","M","R","BOSS","R","$","E","BOSS"],"items_purchased_type":["Relic","Relic","Relic","Relic","Relic","Relic"],"build_version":"2020-12-22","purchased_purges":4,"victory":true,"max_hp_per_floor":[66,66,66,66,66,66,66,66,66,66,66,66,66,74,74,74,74,74,74,74,74,74,74,74,74,74,74,74,74,74,74,74,74,74,74,74,74,74,74,74,74,74,74,74,74,74,74,74,74,74,74,74,74,74,74],"card_choices":[{"not_picked":["Riddle With Holes","Setup"],"picked":"Deadly Poison","floor":1.0},{"not_picked":["PiercingWail","Dodge and Roll","AT_MyraUnstableElement","Flying Knee"],"picked":"Dagger Spray","floor":3.0},{"not_picked":["Deflect","Dodge and Roll","Dagger Spray","MostiFishMod:FrostNova","PiercingWail"],"picked":"SKIP","floor":7.0},{"not_picked":["Underhanded Strike","AT_WindRun","Outmaneuver","Cloak And Dagger"],"picked":"Blade Dance","floor":8.0},{"not_picked":["Leg Sweep","Infinite Blades","AT_ArcaneSupremacy","Storm of Steel"],"picked":"Catalyst","floor":10.0},{"not_picked":["Leg Sweep","Blade Dance","Predator","AT_TinkerSharpsword"],"picked":"Footwork","floor":13.0},{"not_picked":["Blade Dance","Slice","Poisoned Stab","Choke"],"picked":"AT_KneejerkReflex","floor":14.0},{"not_picked":["MostiFishMod:ShivMaster","Bullet Time","MostiFishMod:GrandStart","Adrenaline"],"picked":"Doppelganger","floor":16.0},{"not_picked":["Backflip","PiercingWail","AT_ShadowStep","All Out Attack"],"picked":"Deadly Poison+1","floor":18.0},{"not_picked":["Eviscerate","MostiFishMod:PerfectParry","Backflip","Dagger Throw"],"picked":"Tactician","floor":20.0},{"not_picked":["Riddle With Holes","Skewer","AT_ShadowStep","PiercingWail+1","Cloak And Dagger"],"picked":"SKIP","floor":24.0},{"not_picked":["AT_Desolate","Cloak And Dagger","Flying Knee","PiercingWail"],"picked":"Catalyst","floor":27.0},{"not_picked":["Dodge and Roll","Underhanded Strike","Dash","Tactician"],"picked":"AT_WindFlip","floor":29.0},{"not_picked":["Wraith Form v2","Heel Hook","AT_WindFlip","MostiFishMod:PerfectParry","Dodge and Roll"],"picked":"SKIP","floor":31.0},{"not_picked":["Phantasmal Killer","A Thousand Cuts","MostiFishMod:Opportunism","MostiFishMod:Confrontation"],"picked":"MostiFishMod:Dislodge","floor":33},{"not_picked":["Slice","Backflip","Quick Slash","Poisoned Stab+1","Bane+1"],"picked":"SKIP","floor":35},{"not_picked":["Skewer","AT_WindRun","Poisoned Stab+1","Eviscerate"],"picked":"Calculated Gamble","floor":38},{"not_picked":["Prepared","AT_KneejerkReflex","Deflect","Calculated Gamble"],"picked":"MostiFishMod:Opportunism","floor":39},{"not_picked":["All Out Attack","AT_ThistleTea+1","Deadly Poison","Backflip","AT_WindFlip"],"picked":"SKIP","floor":41},{"not_picked":["AT_TinkerSharpsword+1","MostiFishMod:PerfectParry+1","Accuracy","Poisoned Stab"],"picked":"Acrobatics","floor":44},{"not_picked":["Sucker Punch","Doppelganger","Blade Dance","Slice+1","Outmaneuver"],"picked":"SKIP","floor":46},{"not_picked":["All Out Attack","Dagger Throw","Reflex","Concentrate","MostiFishMod:PerfectParry"],"picked":"SKIP","floor":47},{"not_picked":["All Out Attack","Dagger Throw","Concentrate","MostiFishMod:PerfectParry"],"picked":"Reflex","floor":47},{"not_picked":["Blade Dance","AT_TinkerSharpsword","Underhanded Strike","Slice"],"picked":"Malaise","floor":48},{"not_picked":["Dash+1","Leg Sweep","Blade Dance+1","AT_ThistleTea"],"picked":"Flechettes+1","floor":54}],"player_experience":316274,"relics_obtained":[{"floor":1.0,"key":"SynthV:TestCard"},{"floor":7.0,"key":"Du-Vu Doll"},{"floor":9.0,"key":"Sundial"},{"floor":10.0,"key":"White Beast Statue"},{"floor":14.0,"key":"Dota2Spire:HeartOfTarrasque"},{"floor":27.0,"key":"AT_Kusabimaru"},{"floor":29.0,"key":"Thread and Needle"},{"floor":30.0,"key":"Whetstone"},{"floor":31.0,"key":"Bag of Preparation"},{"floor":41,"key":"War Paint"},{"floor":43,"key":"Pantograph"},{"floor":47,"key":"Mummified Hand"},{"floor":54,"key":"CaptainsWheel"}],"event_choices":[{"damage_healed":0.0,"max_hp_gain":0.0,"max_hp_loss":0.0,"gold_gain":0.0,"event_name":"The Cleric","player_choice":"Leave","floor":4.0,"gold_loss":0.0,"damage_taken":0.0},{"damage_healed":0.0,"max_hp_gain":0.0,"max_hp_loss":0.0,"gold_gain":0.0,"event_name":"Match and Keep!","player_choice":"0 cards matched","floor":5.0,"gold_loss":0.0,"damage_taken":0.0,"cards_obtained":[]},{"damage_healed":0.0,"max_hp_gain":0.0,"max_hp_loss":0.0,"gold_gain":50.0,"event_name":"Golden Shrine","player_choice":"Pray","floor":19.0,"gold_loss":0.0,"damage_taken":0.0},{"damage_healed":0.0,"max_hp_gain":0.0,"max_hp_loss":0.0,"gold_gain":0.0,"event_name":"WeMeetAgain","player_choice":"Gave Potion","floor":22.0,"gold_loss":0.0,"damage_taken":0.0,"relics_obtained":["Shuriken"]},{"damage_healed":0.0,"max_hp_gain":0.0,"max_hp_loss":0.0,"gold_gain":0.0,"event_name":"Ghosts","player_choice":"Ignored","floor":28.0,"gold_loss":0.0,"damage_taken":0.0},{"cards_removed":["Deadly Poison"],"damage_healed":0,"gold_gain":0,"player_choice":"Removed Skill","damage_taken":0,"max_hp_gain":0,"max_hp_loss":0,"event_name":"Falling","floor":36,"gold_loss":0},{"damage_healed":0,"gold_gain":0,"player_choice":"Copied","damage_taken":0,"max_hp_gain":0,"max_hp_loss":0,"event_name":"Duplicator","floor":37,"gold_loss":0,"cards_obtained":["MostiFishMod:Dislodge"]}],"is_beta":false,"boss_relics":[{"not_picked":["Tiny House","AT_MortalBlade"],"picked":"FeatherPendant"},{"not_picked":["RhineFirstAidKit","Pandora\u0027s Box"],"picked":"WristBlade"}],"items_purged_floors":[12,21,45,53],"is_endless":false,"potions_floor_spawned":[8,13,14,16,18,20,24,27,29,31,33,35,38,39,41,44,46,47,48,54],"ascension_level":16}}