{"host":"ohysexhjt9sgbosk","time":1609369170,"event":{"mods":["BaseMod","Colored Map","Colored Powertips","Curses Come First","Evolution","Minty Spire (QoL Compilation)","Rare Cards Sparkle","StSLib"],"gold_per_floor":[111,127,174,174,187,187,213,213,239,251,263,305,334,47,47,150,450,461,317,336,336,336,366,378,378,378,378,409,108,136,153,153,248,248,265,275,275,235,254,254,304,304,304,304,7,36,56,66,66,66],"floor_reached":51,"playtime":5338,"items_purged":[],"score":841,"play_id":"4d7b58cf-defc-4d4f-9e07-77587c2d86cd","local_time":"20201230155930","is_ascension_mode":false,"campfire_choices":[{"floor":6,"key":"REST"},{"data":"Blade Dance","floor":8,"key":"SMITH"},{"data":"Infinite Blades","floor":10,"key":"SMITH"},{"data":"Outmaneuver","floor":15,"key":"SMITH"},{"floor":27,"key":"REST"},{"floor":32,"key":"REST"},{"floor":40,"key":"REST"},{"floor":42,"key":"REST"},{"floor":49,"key":"DIG"}],"circlet_count":0,"master_deck":["Flying Knee","Flying Knee+1","Flying Knee","Strike_G","Strike_G","Defend_G","Defend_G","Defend_G","Defend_G+1","Defend_G","Survivor","Neutralize","Blade Dance+1","Infinite Blades+1","Slice","Dash+1","Backflip","Poisoned Stab","Outmaneuver+1","Flying Knee","Dodge and Roll","After Image+1","CurseOfTheBell","Slice","Distraction","Flechettes","Deadly Poison","Backstab","Blur","Endless Agony","Poisoned Stab","Noxious Fumes","Distraction","Noxious Fumes","Deflect+1","Phantasmal Killer","Noxious Fumes+1","Prepared+1","Blur+1","All Out Attack+1","Flying Knee+1","Prepared","Dodge and Roll","Backstab+1","Backstab+1","Flying Knee+1","Acrobatics+1","Deflect","Terror+1","Dagger Spray+1"],"relics":["Ring of the Snake","EVO:Axolotl","Prayer Wheel","Vajra","WarpedTongs","Juzu Bracelet","MawBank","Bag of Marbles","Oddly Smooth Stone","Whetstone","Calling Bell","Omamori","Darkstone Periapt","Old Coin","MealTicket","Centennial Puzzle","Potion Belt","Matryoshka","Molten Egg 2","PreservedInsect","Orichalcum","Bronze Scales","Philosopher\u0027s Stone","Peace Pipe","Ancient Tea Set","Shovel","Lantern","DollysMirror","War Paint","Kunai"],"acts_visited":["Exordium","TheCity","TheBeyond"],"potions_floor_usage":[23,28,28,28,31,33,46,46,50],"damage_taken":[{"damage":0,"enemies":"Cultist","floor":1,"turns":4},{"damage":1,"enemies":"Jaw Worm","floor":2,"turns":4},{"damage":1,"enemies":"2 Louse","floor":5,"turns":2},{"damage":6,"enemies":"Gremlin Nob","floor":7,"turns":4},{"damage":12,"enemies":"3 Sentries","floor":12,"turns":5},{"damage":4,"enemies":"2 Fungi Beasts","floor":13,"turns":3},{"damage":31,"enemies":"The Guardian","floor":16,"turns":10},{"damage":0,"enemies":"Spheric Guardian","floor":18,"turns":4},{"damage":10,"enemies":"3 Byrds","floor":20,"turns":5},{"damage":20,"enemies":"Book of Stabbing","floor":23,"turns":4},{"damage":0,"enemies":"Snecko","floor":24,"turns":3},{"damage":16,"enemies":"Gremlin Leader","floor":28,"turns":6},{"damage":14,"enemies":"Book of Stabbing","floor":30,"turns":4},{"damage":11,"enemies":"Centurion and Healer","floor":31,"turns":4},{"damage":11,"enemies":"Automaton","floor":33,"turns":8},{"damage":10,"enemies":"Orb Walker","floor":35,"turns":2},{"damage":31,"enemies":"3 Darklings","floor":36,"turns":5},{"damage":2,"enemies":"Spire Growth","floor":39,"turns":5},{"damage":0,"enemies":"Mind Bloom Boss Battle","floor":41,"turns":5},{"damage":3,"enemies":"Nemesis","floor":46,"turns":3},{"damage":5,"enemies":"Writhing Mass","floor":47,"turns":6},{"damage":3,"enemies":"4 Shapes","floor":48,"turns":4},{"damage":51,"enemies":"Awakened One","floor":50,"turns":14}],"seed_played":"512721878045692891","potions_obtained":[{"floor":1,"key":"Poison Potion"},{"floor":7,"key":"BlessingOfTheForge"},{"floor":12,"key":"AttackPotion"},{"floor":23,"key":"Energy Potion"},{"floor":30,"key":"LiquidBronze"},{"floor":31,"key":"Energy Potion"},{"floor":36,"key":"Block Potion"},{"floor":39,"key":"PowerPotion"},{"floor":46,"key":"SpeedPotion"}],"is_trial":false,"path_per_floor":["M","M","T","?","M","R","E","R","T","R","?","E","M","$","R","B",null,"M","$","M","?","?","E","M","?","T","R","E","$","E","M","R","B",null,"M","M","?","?","M","R","?","R","T","?","$","E","M","M","R","B",null],"character_chosen":"THE_SILENT","items_purchased":["Oddly Smooth Stone","Whetstone","MealTicket","PreservedInsect","Orichalcum","Lantern","DollysMirror"],"campfire_rested":5,"item_purchase_floors":[14,14,19,29,29,45,45],"current_hp_per_floor":[49,48,48,48,47,68,62,62,62,62,62,50,46,46,46,15,70,70,70,60,60,60,40,40,40,40,61,45,60,46,35,56,45,70,60,29,29,29,27,48,48,69,69,69,70,67,62,59,59,8],"gold":66,"neow_bonus":"ONE_RARE_RELIC","is_daily":false,"chose_seed":false,"campfire_upgraded":3,"win_rate":0.0,"timestamp":1609369170,"path_taken":["M","M","?","?","?","R","E","R","T","R","?","E","M","?","R","BOSS","M","$","M","?","?","E","M","?","T","R","E","$","E","M","R","BOSS","M","M","?","?","M","R","?","R","T","?","$","E","M","M","R","BOSS"],"items_purchased_type":["Relic","Relic","Relic","Relic","Relic","Relic","Relic"],"build_version":"2020-12-22","purchased_purges":0,"victory":true,"max_hp_per_floor":[70,70,70,70,70,70,70,70,70,70,70,70,70,70,70,70,70,70,70,70,70,70,70,70,70,70,70,70,70,70,70,70,70,70,70,70,70,70,70,70,70,70,70,70,70,70,70,70,70,70],"card_choices":[{"not_picked":["Poisoned Stab","Dash"],"picked":"Blade Dance","floor":1},{"not_picked":["Bane","Outmaneuver"],"picked":"Infinite Blades","floor":1},{"not_picked":["Flechettes","Dodge and Roll"],"picked":"Slice","floor":2},{"not_picked":["Dagger Throw","Dodge and Roll"],"picked":"Dash","floor":2},{"not_picked":["PiercingWail","Corpse Explosion"],"picked":"Backflip","floor":5},{"not_picked":["Underhanded Strike","Acrobatics"],"picked":"Poisoned Stab","floor":5},{"not_picked":["Underhanded Strike","Wraith Form v2"],"picked":"Outmaneuver","floor":7},{"not_picked":["Backflip","Expertise"],"picked":"Flying Knee","floor":12},{"not_picked":["Acrobatics","Deadly Poison"],"picked":"Dodge and Roll","floor":13},{"not_picked":["Prepared","Deadly Poison","Endless Agony"],"picked":"SKIP","floor":13},{"not_picked":["Bullet Time","Venomology"],"picked":"After Image","floor":16},{"not_picked":["Tactician+1","PiercingWail"],"picked":"Slice","floor":18},{"not_picked":["Slice","Underhanded Strike"],"picked":"Distraction","floor":18},{"not_picked":["Leg Sweep","Dodge and Roll"],"picked":"Flechettes","floor":20},{"not_picked":["Bane","Skewer"],"picked":"Deadly Poison","floor":20},{"not_picked":["Catalyst","Dash+1"],"picked":"Blur","floor":23},{"not_picked":["Blade Dance","Corpse Explosion"],"picked":"Endless Agony","floor":24},{"not_picked":["Bane+1","Underhanded Strike+1"],"picked":"Poisoned Stab","floor":24},{"not_picked":["Backflip+1","Sucker Punch+1"],"picked":"Noxious Fumes","floor":28},{"not_picked":["Flechettes+1","Escape Plan"],"picked":"Distraction","floor":30},{"not_picked":["Footwork","Leg Sweep"],"picked":"Noxious Fumes","floor":31},{"not_picked":["Underhanded Strike+1","Choke+1"],"picked":"Deflect+1","floor":31},{"not_picked":["A Thousand Cuts","Tools of the Trade"],"picked":"Phantasmal Killer","floor":33},{"not_picked":["Quick Slash+1","Deadly Poison+1"],"picked":"Noxious Fumes+1","floor":35},{"not_picked":["Noxious Fumes","Reflex"],"picked":"Prepared","floor":35},{"not_picked":["Prepared+1","Heel Hook+1"],"picked":"Blur+1","floor":36},{"not_picked":["Dagger Spray+1","Dodge and Roll"],"picked":"All Out Attack+1","floor":36},{"not_picked":["Well Laid Plans","Predator+1"],"picked":"Flying Knee+1","floor":39},{"not_picked":["Expertise+1","Dagger Throw+1"],"picked":"Prepared","floor":39},{"not_picked":["Sucker Punch+1","Dagger Throw+1"],"picked":"Dodge and Roll","floor":41},{"not_picked":["Dash+1","Heel Hook+1"],"picked":"Flying Knee+1","floor":46},{"not_picked":["Reflex+1","Bouncing Flask"],"picked":"Acrobatics+1","floor":47},{"not_picked":["Flechettes+1","Prepared"],"picked":"Deflect","floor":47},{"not_picked":["After Image","Distraction"],"picked":"Terror+1","floor":48},{"not_picked":["Heel Hook+1","Backflip+1"],"picked":"Dagger Spray+1","floor":48}],"player_experience":61599,"relics_obtained":[{"floor":3,"key":"Vajra"},{"floor":7,"key":"Juzu Bracelet"},{"floor":9,"key":"MawBank"},{"floor":12,"key":"Bag of Marbles"},{"floor":17,"key":"Omamori"},{"floor":17,"key":"Darkstone Periapt"},{"floor":17,"key":"Old Coin"},{"floor":23,"key":"Centennial Puzzle"},{"floor":26,"key":"Matryoshka"},{"floor":28,"key":"Molten Egg 2"},{"floor":30,"key":"Bronze Scales"},{"floor":41,"key":"Peace Pipe"},{"floor":43,"key":"Ancient Tea Set"},{"floor":43,"key":"Shovel"},{"floor":46,"key":"War Paint"},{"floor":49,"key":"Kunai"}],"event_choices":[{"damage_healed":0,"gold_gain":0,"player_choice":"Rummage","damage_taken":0,"relics_obtained":["WarpedTongs"],"max_hp_gain":0,"max_hp_loss":0,"event_name":"Accursed Blacksmith","floor":4,"gold_loss":0,"cards_obtained":["Pain"]},{"cards_removed":["Pain"],"damage_healed":0,"gold_gain":0,"player_choice":"Purged","damage_taken":0,"max_hp_gain":0,"max_hp_loss":0,"event_name":"Purifier","floor":11,"gold_loss":0},{"damage_healed":0,"gold_gain":0,"player_choice":"Read","damage_taken":0,"max_hp_gain":0,"max_hp_loss":0,"event_name":"The Library","floor":21,"gold_loss":0,"cards_obtained":["Backstab"]},{"damage_healed":0,"gold_gain":0,"player_choice":"Ignored","damage_taken":0,"max_hp_gain":0,"max_hp_loss":0,"event_name":"Vampires","floor":22,"gold_loss":0},{"damage_healed":0,"gold_gain":0,"player_choice":"Opened","damage_taken":0,"relics_obtained":["Potion Belt"],"max_hp_gain":0,"max_hp_loss":0,"event_name":"The Mausoleum","floor":25,"gold_loss":0,"cards_obtained":["Writhe"]},{"damage_healed":0,"gold_gain":0,"player_choice":"Ignored","damage_taken":0,"max_hp_gain":0,"max_hp_loss":0,"event_name":"Tomb of Lord Red Mask","floor":37,"gold_loss":0},{"damage_healed":0,"gold_gain":0,"player_choice":"Upgrade","damage_taken":0,"max_hp_gain":0,"max_hp_loss":0,"event_name":"Designer","floor":38,"gold_loss":40,"cards_upgraded":["After Image"]},{"damage_healed":0,"gold_gain":0,"player_choice":"Fight","damage_taken":0,"max_hp_gain":0,"max_hp_loss":0,"event_name":"MindBloom","floor":41,"gold_loss":0},{"damage_healed":0,"gold_gain":0,"player_choice":"Copied","damage_taken":0,"max_hp_gain":0,"max_hp_loss":0,"event_name":"Duplicator","floor":44,"gold_loss":0,"cards_obtained":["Backstab"]}],"is_beta":false,"boss_relics":[{"not_picked":["Empty Cage","Cursed Key"],"picked":"Calling Bell"},{"not_picked":["Coffee Dripper","Tiny House"],"picked":"Philosopher\u0027s Stone"}],"items_purged_floors":[],"is_endless":false,"potions_floor_spawned":[1,7,12,16,18,23,30,31,36,39,46],"ascension_level":0}}