{"host":"963ykkbusvcbqwtq","time":1609315301,"event":{"mods":["2.2 Compatiblity","AchievementEnabler","Arknights The Spire","BaseMod","Colored Map","GifTheSpireLib","GungeonMod","Lobotomy","Luminous","Minty Spire (QoL Compilation)","StSLib","SuperFastMode","The Bug Knight"],"gold_per_floor":[118,43,43,56,68,68,68,84,84,97,97,109,80,96,96,191,191,209,209,309,60,72,107,107,107,107,107,119,136,136,136,136],"floor_reached":31,"playtime":1520,"items_purged":["HollowMod:NailStrikeStart","HollowMod:DungDefenderAura"],"score":299,"play_id":"1dec8a74-311d-4b99-8841-43b8cc671b17","local_time":"20201230170141","is_ascension_mode":false,"campfire_choices":[{"data":"HollowMod:GreatSlash","floor":6.0,"key":"SMITH"},{"data":"HollowMod:PureNailStrike","floor":11.0,"key":"SMITH"},{"floor":15.0,"key":"REST"},{"data":"HollowMod:ElderbugsWisdom","floor":24.0,"key":"SMITH"},{"floor":27.0,"key":"REST"},{"data":"HollowMod:FocusHealStart","floor":30.0,"key":"SMITH"}],"circlet_count":0,"master_deck":["HollowMod:NailStrikeStart","HollowMod:QuickDashStart+1","HollowMod:FocusHealStart+1","HollowMod:PogoStrike","CrumblingArmor","HollowMod:NewLittleFool","HollowMod:DoubleDash","HollowMod:PureNailStrike+1","HollowMod:ElderbugsWisdom+1","HollowMod:DescendingDark","HollowMod:BlackTendrils","HollowMod:DesolateDive","HollowMod:BlackTendrils"],"relics":["HollowMod:VesselMask","CogitoBucket","AdjustmentMirror","Empty Cage","Cracked Core","PreservedInsect","LuminousBracelet","Question Card","HollowMod:PaleOreRelic"],"acts_visited":["Exordium","TheCity"],"potions_floor_usage":[31],"damage_taken":[{"damage":10.0,"enemies":"Cultist","floor":1.0,"turns":4.0},{"damage":0.0,"enemies":"2 Louse","floor":4.0,"turns":2.0},{"damage":1.0,"enemies":"Small Slimes","floor":5.0,"turns":5.0},{"damage":0.0,"enemies":"3 Louse","floor":8.0,"turns":2.0},{"damage":7.0,"enemies":"Gremlin Gang","floor":10.0,"turns":3.0},{"damage":36.0,"enemies":"Looter","floor":12.0,"turns":5.0},{"damage":9.0,"enemies":"Exordium Thugs","floor":13.0,"turns":8.0},{"damage":7.0,"enemies":"Blue Slaver","floor":14.0,"turns":5.0},{"damage":1.0,"enemies":"Slime Boss","floor":16.0,"turns":8.0},{"damage":11.0,"enemies":"HollowMod:HuskSentry","floor":18.0,"turns":4.0},{"damage":31.0,"enemies":"2 Thieves","floor":22.0,"turns":2.0},{"damage":21.0,"enemies":"HollowMod:Nosk","floor":23.0,"turns":5.0},{"damage":17.0,"enemies":"Centurion and Healer","floor":28.0,"turns":6.0},{"damage":29.0,"enemies":"3 Cultists","floor":29.0,"turns":5.0},{"damage":41,"enemies":"Colosseum Slavers","floor":31,"turns":3}],"seed_played":"6167746236196259004","potions_obtained":[{"floor":8.0,"key":"Block Potion"},{"floor":13.0,"key":"DuplicationPotion"},{"floor":14.0,"key":"Weak Potion"}],"is_trial":false,"path_per_floor":["M","$","?","M","M","R","?","M","T","M","R","M","M","M","R","B",null,"M","?","?","$","M","E","R","$","T","R","M","M","R","?"],"character_chosen":"THE_BUGKNIGHT","items_purchased":["PreservedInsect"],"campfire_rested":2,"item_purchase_floors":[21],"current_hp_per_floor":[65,65,50,50,55,55,55,55,55,54,54,18,9,2,24,23,75,64,64,64,64,48,29,29,29,29,56,44,22,22,0,0],"gold":136,"neow_bonus":"","is_daily":false,"chose_seed":false,"campfire_upgraded":4,"win_rate":0.0,"timestamp":1609315301,"path_taken":["M","$","?","M","M","R","?","M","T","M","R","M","M","M","R","BOSS","M","?","?","$","?","E","R","$","T","R","?","M","R","?"],"items_purchased_type":["Relic"],"build_version":"2020-12-22","purchased_purges":2,"victory":false,"max_hp_per_floor":[75,75,75,75,75,75,75,75,75,75,75,75,75,75,75,75,75,75,75,75,75,90,90,90,90,90,90,90,90,90,90,90],"card_choices":[{"not_picked":["Scarecrow","LittlePrince"],"picked":"CrumblingArmor","floor":1.0},{"not_picked":["HollowMod:CloakDash","HollowMod:AbyssShriek"],"picked":"HollowMod:NewLittleFool","floor":1.0},{"not_picked":["HollowMod:SiblingsSouls","HollowMod:InfectedAttack","HollowMod:DoubleDash"],"picked":"SKIP","floor":4.0},{"not_picked":["HollowMod:SiblingsSouls","HollowMod:InfectedAttack"],"picked":"HollowMod:DoubleDash","floor":4.0},{"not_picked":["HollowMod:HowlingWraiths","HollowMod:BrokenVessel"],"picked":"HollowMod:GreatSlash","floor":5.0},{"not_picked":["HollowMod:GreatSlash","HollowMod:BaldurShell","HollowMod:BlackTendrils"],"picked":"SKIP","floor":8.0},{"not_picked":["HollowMod:PureNailStrike","HollowMod:CycloneSlash","HollowMod:QuirrelsAssistance"],"picked":"SKIP","floor":10.0},{"not_picked":["HollowMod:WraithStrike","HollowMod:BlackTendrils"],"picked":"HollowMod:DungDefenderAura","floor":12.0},{"not_picked":["HollowMod:VengefulVoid","HollowMod:NewJinnsSoul","HollowMod:InfectedAttack"],"picked":"SKIP","floor":13.0},{"not_picked":["HollowMod:NewJinnsSoul","HollowMod:LifebloodCocoon","HollowMod:TaintedHusks"],"picked":"SKIP","floor":14.0},{"not_picked":["HollowMod:ZotesMagnificence","HollowMod:NewInfectedGuardian"],"picked":"HollowMod:ElderbugsWisdom","floor":16.0},{"not_picked":["HollowMod:SoulSplash","HollowMod:CloakDash+1"],"picked":"HollowMod:DescendingDark","floor":18.0},{"not_picked":["HollowMod:GoodIntentions+1","HollowMod:ShadowDash","HollowMod:CoiledNail+1"],"picked":"SKIP","floor":22.0},{"not_picked":["HollowMod:SiblingsShadow","HollowMod:PureVessel"],"picked":"HollowMod:BlackTendrils","floor":23.0},{"not_picked":["LittleHelper","BlackSwan","DreamingCurrent"],"picked":"Singing Bowl","floor":28.0},{"not_picked":["HollowMod:ZotesMagnificence","HollowMod:InfectedAttack","HollowMod:ChannelNail"],"picked":"HollowMod:DesolateDive","floor":28.0},{"not_picked":["Rudolta","Bloodbath","FieryBird"],"picked":"Singing Bowl","floor":29.0},{"not_picked":["HollowMod:ChannelNail","HollowMod:NewJinnsSoul","HollowMod:TaintedHusks"],"picked":"HollowMod:BlackTendrils","floor":29.0}],"player_experience":200430,"relics_obtained":[{"floor":23.0,"key":"Question Card"},{"floor":26.0,"key":"HollowMod:PaleOreRelic"}],"event_choices":[{"damage_healed":0.0,"max_hp_gain":0.0,"max_hp_loss":0.0,"gold_gain":0.0,"event_name":"Shining Light","player_choice":"Entered Light","floor":3.0,"gold_loss":0.0,"damage_taken":15.0,"cards_upgraded":["HollowMod:QuickDashStart","HollowMod:QuickDashStart"]},{"damage_healed":0.0,"max_hp_gain":0.0,"max_hp_loss":0.0,"gold_gain":0.0,"cards_transformed":["HollowMod:NailStrikeStart"],"event_name":"Transmorgrifier","player_choice":"Transformed","floor":7.0,"gold_loss":0.0,"damage_taken":0.0,"cards_obtained":["HollowMod:PureNailStrike"]},{"damage_healed":0.0,"max_hp_gain":0.0,"max_hp_loss":0.0,"gold_gain":100.0,"event_name":"Golden Shrine","player_choice":"Pray","floor":20.0,"gold_loss":0.0,"damage_taken":0.0},{"damage_healed":0,"gold_gain":0,"player_choice":"Fight","damage_taken":0,"max_hp_gain":0,"max_hp_loss":0,"event_name":"Colosseum","floor":31,"gold_loss":0}],"is_beta":false,"boss_relics":[{"not_picked":["Velvet Choker","Runic Dome"],"picked":"Empty Cage"}],"items_purged_floors":[2,21],"is_endless":false,"potions_floor_spawned":[8,13,14,16,18,28],"killed_by":"Colosseum Slavers","ascension_level":0}}