{"host":"lreod2rejfd0az5i","time":1609313072,"event":{"mods":["AchievementEnabler","Aspiration","BaseMod","Colored Powertips","Conspire","Downfall","Highlight Path","Hubris","Infinite Spire","Mad Scientist","Minty Spire (QoL Compilation)","Rare Cards Sparkle","Relic Stats","Replay The Spire","StSLib","The Bug Knight","The Jungle"],"gold_per_floor":[111,111,111,131,53,53,53,84,109,121,154,173,188,217,217,217,217],"floor_reached":16,"playtime":486,"items_purged":[],"score":340,"play_id":"95c58963-0924-4706-a095-09a24d1c83c4","local_time":"20201230002432","is_ascension_mode":true,"campfire_choices":[{"data":"Uppercut","floor":6,"key":"SMITH"},{"floor":15,"key":"REST"}],"circlet_count":0,"master_deck":["AscendersBane","Strike_R","Strike_R","Strike_R","Strike_R","Strike_R","Defend_R","Defend_R","Defend_R","Defend_R","Bash","Cleave","Ghostly Armor","Uppercut+1","Looming Evil","Flame Barrier","Pot Of Greed","Pot Of Greed"],"relics":["Black Star","ReplayTheSpireMod:Ring of Addiction","SacredBark","Chameleon Ring","ReplayTheSpireMod:Ring of Collecting","aspiration:ChemicalBlood","infinitespire:Broken Mirror","ReplayTheSpireMod:Ring of Challenge","Blue Doll","Gremlin Horn","hubris:Reverence","Grinning Jar","Happy Flower"],"acts_visited":["Exordium"],"potions_floor_usage":[8,11,14,14],"damage_taken":[{"damage":8,"enemies":"2 Louse","floor":1,"turns":3},{"damage":10,"enemies":"Small Slimes","floor":4,"turns":3},{"damage":18,"enemies":"HollowMod:MossKnight","floor":8,"turns":9},{"damage":0,"enemies":"Cultist","floor":10,"turns":3},{"damage":0,"enemies":"3 Sentries","floor":11,"turns":2},{"damage":8,"enemies":"Large Slime","floor":12,"turns":8},{"damage":12,"enemies":"2 Fungi Beasts","floor":13,"turns":3},{"damage":0,"enemies":"Lagavulin","floor":14,"turns":4},{"damage":59,"enemies":"The Guardian","floor":16,"turns":8}],"seed_played":"-4043821457448652977","potions_obtained":[{"floor":3,"key":"ElixirPotion"},{"floor":3,"key":"Explosive Potion"},{"floor":7,"key":"SkillPotion"},{"floor":10,"key":"SpeedPotion"},{"floor":11,"key":"Venom Potion"},{"floor":13,"key":"Strength Potion"},{"floor":13,"key":"Dexterity Potion"}],"is_trial":false,"path_per_floor":["M","?","?","M","$","R","?","E","T","M","E","M","M","E","R","B"],"character_chosen":"IRONCLAD","items_purchased":["Uppercut"],"campfire_rested":1,"item_purchase_floors":[5],"current_hp_per_floor":[60,60,60,50,50,50,50,32,32,32,32,24,12,12,34,0,0],"gold":217,"neow_bonus":"BOSS_RELIC","is_daily":false,"chose_seed":false,"campfire_upgraded":1,"win_rate":0.0,"timestamp":1609313072,"path_taken":["M","?","?","?","$","R","?","E","T","M","E","M","M","E","R","BOSS"],"items_purchased_type":["Card"],"build_version":"2020-12-22","purchased_purges":0,"victory":false,"max_hp_per_floor":[75,75,75,75,75,75,75,75,75,75,75,75,75,75,75,75,75],"relic_stats":{"Gremlin Horn":[2,2],"Happy Flower":[2],"counters":[9,43],"Black Star":3,"obtain_stats":[{"Gremlin Horn":11,"Happy Flower":14,"ReplayTheSpireMod:Ring of Addiction":7,"SacredBark":7,"Blue Doll":9,"Burning Blood":0,"Chameleon Ring":7,"infinitespire:Broken Mirror":8,"ReplayTheSpireMod:Ring of Collecting":7,"Black Star":0,"ReplayTheSpireMod:Ring of Challenge":9,"Grinning Jar":14,"aspiration:ChemicalBlood":8,"hubris:Reverence":11},{"Gremlin Horn":5,"Happy Flower":8,"ReplayTheSpireMod:Ring of Addiction":2,"SacredBark":2,"Blue Doll":3,"Burning Blood":0,"Chameleon Ring":2,"infinitespire:Broken Mirror":3,"ReplayTheSpireMod:Ring of Collecting":2,"Black Star":0,"ReplayTheSpireMod:Ring of Challenge":3,"Grinning Jar":8,"aspiration:ChemicalBlood":3,"hubris:Reverence":5},{"Gremlin Horn":20,"Happy Flower":35,"ReplayTheSpireMod:Ring of Addiction":6,"SacredBark":6,"Blue Doll":15,"Burning Blood":0,"Chameleon Ring":6,"infinitespire:Broken Mirror":15,"ReplayTheSpireMod:Ring of Collecting":6,"Black Star":0,"ReplayTheSpireMod:Ring of Challenge":15,"Grinning Jar":35,"aspiration:ChemicalBlood":15,"hubris:Reverence":20}]},"card_choices":[{"not_picked":["Run Through","Infernal Blade"],"picked":"Cleave","floor":1},{"not_picked":["Flex","Burning Pact"],"picked":"Ghostly Armor","floor":4},{"not_picked":["Perfected Strike","Defy Death"],"picked":"Flame Barrier","floor":8},{"not_picked":["Anger","Second Wind","Replay:Undeath\u0027s Touch"],"picked":"SKIP","floor":10},{"not_picked":["Evolve","Sword Boomerang","ReplayTheSpireMod:Strike From Hell"],"picked":"SKIP","floor":11},{"not_picked":["Dark Embrace","Headbutt","Intimidate"],"picked":"SKIP","floor":12},{"not_picked":["Warcry","Thunderclap","Perfected Strike"],"picked":"SKIP","floor":13},{"not_picked":["Run Through","Impervious","Feel No Pain"],"picked":"SKIP","floor":14}],"player_experience":875840,"relics_obtained":[{"floor":7,"key":"ReplayTheSpireMod:Ring of Addiction"},{"floor":7,"key":"SacredBark"},{"floor":7,"key":"Chameleon Ring"},{"floor":7,"key":"ReplayTheSpireMod:Ring of Collecting"},{"floor":8,"key":"aspiration:ChemicalBlood"},{"floor":8,"key":"infinitespire:Broken Mirror"},{"floor":9,"key":"ReplayTheSpireMod:Ring of Challenge"},{"floor":9,"key":"Blue Doll"},{"floor":11,"key":"Gremlin Horn"},{"floor":11,"key":"hubris:Reverence"},{"floor":14,"key":"Grinning Jar"},{"floor":14,"key":"Happy Flower"}],"event_choices":[{"damage_healed":0,"gold_gain":0,"player_choice":"Disagree","damage_taken":0,"max_hp_gain":0,"max_hp_loss":0,"event_name":"conspire:LoneGhost","floor":2,"gold_loss":0},{"damage_healed":0,"gold_gain":0,"player_choice":"Got Potions","damage_taken":0,"max_hp_gain":0,"max_hp_loss":0,"event_name":"Lab","floor":3,"gold_loss":0}],"is_beta":false,"boss_relics":[],"items_purged_floors":[],"is_endless":false,"potions_floor_spawned":[4,10,11,13],"killed_by":"The Guardian","ascension_level":20}}