{"host":"xlrfj7mv1s7y09pf","time":1609352945,"event":{"mods":["BaseMod","Minty Spire (QoL Compilation)","Rare Cards Sparkle"],"gold_per_floor":[111,286,286,128,151,151,97,97,97,123,123,157,170,183,183,183,183],"floor_reached":16,"playtime":345,"items_purged":["Doubt"],"score":162,"play_id":"4c7eb1e8-d5b4-40d0-b6d0-e0562f4d9912","local_time":"20201230132905","is_ascension_mode":true,"campfire_choices":[{"data":"Panacea","floor":6.0,"key":"SMITH"},{"data":"Heavy Blade","floor":8.0,"key":"SMITH"},{"floor":15.0,"key":"REST"}],"circlet_count":0,"master_deck":["AscendersBane","Strike_R","Strike_R","Strike_R","Strike_R","Strike_R","Defend_R","Defend_R","Defend_R","Defend_R","Bash","Inflame","Panacea+1","Pommel Strike","Heavy Blade+1","Shrug It Off","Reaper","Rampage"],"relics":["Burning Blood","Dream Catcher","Golden Idol","Sundial","Bottled Lightning"],"acts_visited":[],"potions_floor_usage":[16],"damage_taken":[{"damage":7.0,"enemies":"Small Slimes","floor":1.0,"turns":5.0},{"damage":4.0,"enemies":"Jaw Worm","floor":5.0,"turns":5.0},{"damage":21.0,"enemies":"The Mushroom Lair","floor":10.0,"turns":4.0},{"damage":24.0,"enemies":"3 Sentries","floor":12.0,"turns":8.0},{"damage":7.0,"enemies":"2 Louse","floor":13.0,"turns":2.0},{"damage":14.0,"enemies":"Looter","floor":14.0,"turns":3.0},{"damage":37,"enemies":"The Guardian","floor":16,"turns":2}],"seed_played":"1150588220785975889","potions_obtained":[{"floor":1.0,"key":"LiquidMemories"},{"floor":14.0,"key":"PowerPotion"}],"is_trial":false,"path_per_floor":["M","?","?","$","M","R","$","R","T","?","$","E","M","M","R","B"],"character_chosen":"IRONCLAD","items_purchased":["Panacea","Heavy Blade"],"campfire_rested":1,"item_purchase_floors":[4,7],"current_hp_per_floor":[71,71,51,51,53,53,53,53,53,38,38,20,19,11,35,0,0],"gold":183,"neow_bonus":"RANDOM_COMMON_RELIC","is_daily":false,"chose_seed":false,"campfire_upgraded":2,"win_rate":0.0,"timestamp":1609352945,"path_taken":["M","?","?","$","M","R","$","R","T","?","?","E","M","M","R","BOSS"],"items_purchased_type":["Card","Card"],"build_version":"2020-12-22","purchased_purges":1,"victory":false,"max_hp_per_floor":[80,80,80,80,80,80,80,80,80,80,80,80,80,80,80,80,80],"card_choices":[{"not_picked":["Flame Barrier","True Grit"],"picked":"Inflame","floor":1.0},{"not_picked":["Anger","Clash"],"picked":"Pommel Strike","floor":5.0},{"not_picked":["Wild Strike","Twin Strike"],"picked":"Shrug It Off","floor":10.0},{"not_picked":["Brutality","Armaments"],"picked":"Reaper","floor":12.0},{"not_picked":["Body Slam","Cleave"],"picked":"Rampage","floor":13.0},{"not_picked":["Metallicize","Dual Wield","Flex"],"picked":"SKIP","floor":14.0}],"player_experience":276519,"relics_obtained":[{"floor":9.0,"key":"Sundial"},{"floor":12.0,"key":"Bottled Lightning"}],"event_choices":[{"damage_healed":0.0,"max_hp_gain":0.0,"max_hp_loss":0.0,"gold_gain":175.0,"event_name":"Liars Game","player_choice":"AGREE","floor":2.0,"gold_loss":0.0,"damage_taken":0.0,"cards_obtained":["Doubt"]},{"damage_healed":0.0,"max_hp_gain":0.0,"max_hp_loss":0.0,"gold_gain":0.0,"event_name":"Golden Idol","player_choice":"Take Damage","floor":3.0,"gold_loss":0.0,"damage_taken":20.0,"relics_obtained":["Golden Idol"]},{"damage_healed":0.0,"max_hp_gain":0.0,"max_hp_loss":0.0,"gold_gain":0.0,"event_name":"Mushrooms","player_choice":"Fought Mushrooms","floor":10.0,"gold_loss":0.0,"damage_taken":0.0}],"is_beta":false,"boss_relics":[],"items_purged_floors":[4],"is_endless":false,"potions_floor_spawned":[1,14],"killed_by":"The Guardian","ascension_level":13}}