{"host":"enmin8e0t0h2jpek","time":1609340547,"event":{"mods":["AchievementEnabler","BaseMod","BetterRewards","Colored Map","Colored Powertips","DeckTracker","Gremlin Skip","Highlight Path","Minty Spire (QoL Compilation)","Quick Restart","Rare Cards Sparkle","Relic Stats","Remove Card Discount Mod","Replay The Spire","Shop Mod","StSLib","SuperFastMode","Transform Curses","slay the spire mod where everything is the same but ironclad has a cowboy hat"],"gold_per_floor":[111,163,163,178,189,189,222,222,222,239,255,271,271,300,300,398,398,418,418,418,444,454,488,505,536,536,546,561,594,604,634,634,732,732,747,747,764,782,797,822,822,851,851,865,881,912,922,922,922,955,955,955,955,955,653,697,717],"floor_reached":58,"playtime":2969,"items_purged":["Noxious Fumes","Survivor+1","Footwork+1","Escape Plan+1","Flying Knee+1","Venomology+1","Atom Bomb+1"],"score":2363,"play_id":"77d80729-eb92-444e-b0c0-4cd0f337d361","local_time":"20201230160227","is_ascension_mode":true,"campfire_choices":[{"floor":6,"key":"RECALL"},{"floor":8,"key":"DIG"},{"data":"1","floor":15,"key":"LIFT"},{"data":"2","floor":32,"key":"LIFT"},{"data":"3","floor":41,"key":"LIFT"},{"floor":51,"key":"DIG"},{"floor":54,"key":"DIG"}],"circlet_count":0,"master_deck":["Strike_G+3","Strike_G+2","Strike_G+2","Strike_G+3","Strike_G+2","Defend_G+1","Defend_G+1","Defend_G+2","Defend_G+1","Defend_G+2","Neutralize+1","Flying Knee+1","Flying Knee+1","Toxin Wave+1","Toxin Wave+1","Outmaneuver+1","Deadly Poison+1","Catalyst+1","Noxious Fumes+1","Catalyst+1","Backstab+1","Backstab+1","Crippling Poison+1","Envenom+1","Bane+1","Deadly Poison+1","Noxious Fumes+1","ReplayTheSpireMod:Necrosis+1","Deadly Poison+1","Dramatic Entrance+1","Deadly Poison+1","Bouncing Flask+1","Deadly Poison+1"],"relics":["Ring of the Snake","Meat on the Bone","Singing Bowl","TheAbacus","Incense Burner","MerchantsRug","War Paint","Molten Egg 2","Durian","Toxic Egg 2","Quantum Egg","ClockworkSouvenir","Dead Branch","Iron Hammer","Boot","HandDrill","Calipers","Oddly Smooth Stone","Byrd Skull","Guide Book","Replay:Kaleidoscope","Sling","Bag of Marbles","Frozen Egg 2","Vampiric Spirits","Bottled Flame","Girya","Ice Cream","DollysMirror","Replay:Rubber Ducky","Vajra","Replay:Arrowhead","Paper Crane","Ancient Tea Set","Orrery","Unceasing Top","Shuriken","Pet Ghost","FossilizedHelix","MealTicket","ReplayTheSpireMod:ShopPack","Replay:PocketPolymizer","Lantern","Pocketwatch","Shovel","Replay:Multitool","Ninja Scroll","CaptainsWheel","Simple Rune","White Beast Statue","BargainBundle","Tough Bandages","Chemical X","Torii","Tingsha","Counterbalance","Mercury Hourglass","TwistedFunnel","Gambling Chip","CultistMask","Bottled Lightning","Dream Catcher","Gremlin Horn","Empty Cage","Red Mask","Sundial","Gremlin Food","Toy Ornithopter","Ornamental Fan","Onion Ring","Coffee Dripper","Strawberry","Omamori","Pondfish Scales","Potion Belt","Replay:Bottled Flurry","Replay:Bottled Eggs","Replay:Bottled Steam","Anchor","Replay:Bandana","Happy Flower"],"acts_visited":["Exordium","TheCity","TheBeyond","TheEnding"],"potions_floor_usage":[16],"damage_taken":[{"damage":0,"enemies":"Jaw Worm","floor":1,"turns":1},{"damage":0,"enemies":"2 Louse","floor":4,"turns":1},{"damage":0,"enemies":"Cultist","floor":5,"turns":1},{"damage":0,"enemies":"3 Sentries","floor":7,"turns":2},{"damage":0,"enemies":"2 Fungi Beasts","floor":10,"turns":1},{"damage":0,"enemies":"Blue Slaver","floor":11,"turns":1},{"damage":0,"enemies":"Looter","floor":12,"turns":1},{"damage":0,"enemies":"Lagavulin","floor":14,"turns":1},{"damage":0,"enemies":"Fading Forest","floor":16,"turns":4},{"damage":0,"enemies":"2 Thieves","floor":18,"turns":1},{"damage":0,"enemies":"Masked Bandits","floor":21,"turns":1},{"damage":0,"enemies":"Shell Parasite","floor":22,"turns":1},{"damage":0,"enemies":"Slavers","floor":23,"turns":1},{"damage":0,"enemies":"Snake Plant","floor":24,"turns":1},{"damage":0,"enemies":"Replay:Snechameleon","floor":25,"turns":1},{"damage":0,"enemies":"Centurion and Healer","floor":27,"turns":1},{"damage":0,"enemies":"3 Cultists","floor":28,"turns":1},{"damage":0,"enemies":"Gremlin Leader","floor":29,"turns":1},{"damage":0,"enemies":"Sentry and Sphere","floor":30,"turns":1},{"damage":0,"enemies":"Book of Stabbing","floor":31,"turns":1},{"damage":0,"enemies":"Champ","floor":33,"turns":3},{"damage":0,"enemies":"3 Shapes","floor":35,"turns":1},{"damage":0,"enemies":"Orb Walker","floor":37,"turns":1},{"damage":0,"enemies":"Maw","floor":38,"turns":1},{"damage":0,"enemies":"Jaw Worm Horde","floor":39,"turns":1},{"damage":0,"enemies":"R_Hoarder","floor":40,"turns":2},{"damage":0,"enemies":"Reptomancer","floor":42,"turns":1},{"damage":0,"enemies":"4 Shapes","floor":44,"turns":1},{"damage":0,"enemies":"Writhing Mass","floor":45,"turns":1},{"damage":0,"enemies":"Giant Head","floor":46,"turns":1},{"damage":0,"enemies":"3 Darklings","floor":47,"turns":1},{"damage":0,"enemies":"Reptomancer","floor":50,"turns":1},{"damage":0,"enemies":"Awakened One","floor":52,"turns":3},{"damage":0,"enemies":"Shield and Spear","floor":56,"turns":2},{"damage":0,"enemies":"The Heart","floor":57,"turns":3}],"seed_played":"8552680463594582371","potions_obtained":[{"floor":1,"key":"GhostInAJar"},{"floor":4,"key":"Milkshake"},{"floor":5,"key":"Venom Potion"},{"floor":7,"key":"Dexterity Potion"},{"floor":21,"key":"Venom Potion"},{"floor":46,"key":"Venom Potion"},{"floor":47,"key":"Fire Potion"}],"is_trial":false,"path_per_floor":["M","?","?","M","M","R","E","R","T","M","M","M","?","E","R","B",null,"M","?","?","?","M","E","M","E","T","M","M","E","M","E","R","B",null,"M","?","M","M","M","E","R","E","T","M","M","E","M","PTL","PTL","E","R","B",null,"R","$","E","B",null],"character_chosen":"THE_SILENT","items_purchased":["Meat on the Bone","Singing Bowl","TheAbacus","MerchantsRug","War Paint","Molten Egg 2","Flying Knee+1","Toxic Egg 2","Quantum Egg","ClockworkSouvenir","Toxin Wave+1","Footwork","Escape Plan+1","Outmaneuver+1","Iron Hammer","Boot","HandDrill","Oddly Smooth Stone","Byrd Skull","Guide Book","Deadly Poison+1","Noxious Fumes","Sling","Bag of Marbles","Frozen Egg 2","Catalyst+1","Noxious Fumes+1","Flying Knee+1","Bottled Flame","Girya","DollysMirror","Replay:Rubber Ducky","Vajra","Backstab+1","Footwork+1","Apotheosis+1","Paper Crane","Ancient Tea Set","Orrery","Shuriken","Venomology+1","Pet Ghost","MealTicket","Envenom+1","Bane+1","ReplayTheSpireMod:ShopPack","Lantern","Pocketwatch","Replay:Multitool","Ninja Scroll","Deadly Poison+1","Simple Rune","White Beast Statue","BargainBundle","Atom Bomb+1","Noxious Fumes+1","Chemical X","Torii","Tingsha","ReplayTheSpireMod:Necrosis+1","Mercury Hourglass","TwistedFunnel","Deadly Poison+1","Anchor","Replay:Bandana"],"campfire_rested":0,"item_purchase_floors":[0,0,0,0,0,0,0,0,0,0,0,0,0,0,0,0,0,0,0,0,0,0,0,0,0,0,0,0,0,0,0,0,0,0,0,0,0,0,0,0,0,0,0,0,0,0,0,0,0,0,0,0,0,0,0,0,0,0,0,0,0,0,0,55,55],"current_hp_per_floor":[89,89,89,91,91,91,93,93,93,95,97,99,99,99,99,101,101,103,103,103,105,107,109,111,113,113,115,117,119,121,123,123,125,125,127,127,129,131,133,142,142,144,144,144,146,148,150,150,150,152,152,152,152,152,152,154,154],"gold":717,"neow_bonus":"","is_daily":false,"chose_seed":false,"campfire_upgraded":0,"win_rate":0.0,"timestamp":1609340547,"path_taken":["M","?","?","M","M","R","E","R","T","?","M","M","?","E","R","BOSS","M","?","?","?","M","E","M","E","T","M","M","E","M","E","R","BOSS","M","?","M","M","M","E","R","E","T","M","M","E","M","PTL","PTL","E","R","BOSS","R","$","E","BOSS"],"items_purchased_type":["Relic","Relic","Relic","Relic","Relic","Relic","Card","Relic","Relic","Relic","Card","Card","Card","Card","Relic","Relic","Relic","Relic","Relic","Relic","Card","Card","Relic","Relic","Relic","Card","Card","Card","Relic","Relic","Relic","Relic","Relic","Card","Card","Card","Relic","Relic","Relic","Relic","Card","Relic","Relic","Card","Card","Relic","Relic","Relic","Relic","Relic","Card","Relic","Relic","Relic","Card","Card","Relic","Relic","Relic","Card","Relic","Relic","Card","Relic","Relic"],"build_version":"2020-12-22","purchased_purges":7,"victory":true,"max_hp_per_floor":[89,89,89,91,91,91,93,93,93,95,97,99,99,99,99,101,101,103,103,103,105,107,109,111,113,113,115,117,119,121,123,123,125,125,127,127,129,131,133,142,142,144,144,144,146,148,150,150,150,152,152,152,152,152,152,154,154],"relic_stats":{"Singing Bowl":174,"Torii":0,"Gremlin Horn":[49,50],"Boot":[64],"Tough Bandages":[321],"Dream Catcher":0,"TheAbacus":[0],"Shovel":9,"Sundial":[0],"Gambling Chip":[78],"MealTicket":19,"HandDrill":[60],"Chemical X":[17],"Ring of the Snake":[136],"Happy Flower":[1],"counters":[153,313],"Dead Branch":[191],"Tingsha":[300],"War Paint":["Defend_R","Enlightenment","Limit Break","Defend_R","Defend_R","Defend_R","Defend_G","Survivor"],"Mercury Hourglass":[499],"Shuriken":[39],"Ornamental Fan":[100],"obtain_stats":[{"TwistedFunnel":0,"Golden Egg":9,"Replay:Accelerometer":8,"Vampiric Spirits":0,"Whetstone":32,"Ginger":0,"Bottled Tornado":0,"Boot":7,"Sling":0,"Ring of Searing":19,"Replay:Wanted Poster":19,"Blood Vial":0,"Replay:Ringing Soul":0,"Sundial":0,"MealTicket":9,"HandDrill":0,"Replay:Bottled Flurry":0,"Kunai":0,"Replay:Wax Seal":0,"Replay:Bottled Steam":0,"MerchantsRug":0,"Pear":10,"Counterbalance":0,"Blue Candle":8,"ReplayTheSpireMod:Ring of Addiction":19,"Eternal Feather":0,"Tingsha":0,"Pen Nib":10,"Replay:Ancient Bell":34,"Paper Crane":0,"Ooze Armor":0,"Bird Faced Urn":0,"ReplayTheSpireMod:Ring of Collecting":0,"Mark of Pain":0,"CultistMask":3,"Kintsugi":0,"Unceasing Top":0,"Regal Pillow":0,"Lantern":14,"Torii":0,"Singing Bowl":0,"Magic Flower":0,"Replay:Purple Gloves":0,"Painkiller Herb":0,"StoneCalendar":3,"Blue Doll":0,"King of Hearts":0,"Replay:Multitool":8,"Bag of Preparation":0,"Cursed Key":0,"Ancient Tea Set":0,"Burning Blood":0,"Pet Ghost":46,"Replay:Rubber Ducky":36,"Matryoshka":0,"Shovel":0,"Replay:M_SmolderingBlood":5,"Ninja Scroll":0,"Toolbox":0,"WingedGreaves":0,"Chemical X":0,"Ring of Panic":0,"Replay:Bottled Eggs":0,"InkBottle":9,"Paper Frog":6,"Potion Belt":0,"Lee\u0027s Waffle":0,"The Specimen":0,"Golden Idol":2,"Self Forming Clay":25,"Basket Of Snakes":30,"Circlet":0,"Damaru":0,"Thread and Needle":0,"PreservedInsect":42,"Omamori":0,"Ring of Greed":9,"Frozen Egg 2":0,"MawBank":12,"GoldenEye":0,"Replay:Arrowhead":0,"Ornamental Fan":29,"Orrery":0,"Durian":0,"Garlic":0,"Bottled Lightning":9,"ReplayTheSpireMod:Ring of Challenge":10,"ReplayTheSpireMod:Lightbulb":0,"Toy Ornithopter":0,"Ice Cream":22,"Divine Protection":0,"Calipers":24,"Tiny House":19,"Gremlin Horn":32,"Vajra":0,"Centennial Puzzle":44,"Lizard Tail":0,"HornCleat":0,"FaceOfCleric":0,"DollysMirror":0,"Strawberry":0,"Honey Jar":0,"Prayer Wheel":47,"Iron Hammer":52,"VioletLotus":17,"Toxic Egg 2":0,"Byrd Skull":0,"Girya":0,"Happy Flower":45,"ReplayTheSpireMod:CursedCoin":0,"Dead Branch":0,"Oddly Smooth Stone":16,"Replay:Kaleidoscope":49,"Letter Opener":0,"War Paint":0,"Question Card":22,"WarpedTongs":0,"OrangePellets":0,"Replay:Baseball":7,"Bottled Flame":0,"ReplayTheSpireMod:Shallot":0,"Shuriken":0,"Bronze Scales":0,"Simple Rune":51,"Onion Ring":0,"Molten Egg 2":0,"Nloth\u0027s Gift":0,"ReplayTheSpireMod:TigerMarble":39,"Black Star":0,"Grinning Jar":25,"Mirror":0,"Pocketwatch":0,"NlothsMask":0,"Meat on the Bone":0,"ReplayFunnel":0,"Darkstone Periapt":0,"Replay:PocketPolymizer":0,"Black Blood":36,"Melange":0,"Mango":0,"Snake Skull":0,"Incense Burner":0,"Juzu Bracelet":11,"Replay:Mystery Machine":0,"PrismaticShard":0,"Empty Cage":17,"ClockworkSouvenir":0,"Dream Catcher":0,"Replay:Bandana":29,"Nunchaku":50,"Tough Bandages":0,"Chameleon Ring":0,"TheAbacus":0,"Mummified Hand":0,"Pantograph":0,"Gambling Chip":0,"Red Mask":21,"Replay:Bottled Snecko":0,"Replay:Drink Me":19,"Runic Pyramid":0,"Gremlin Food":0,"BargainBundle":0,"ReplayTheSpireMod:Ninjato":0,"Replay:Towering Pillar of Hats":0,"Quantum Egg":14,"Guide Book":14,"Replay:WaspNest":0,"Orichalcum":11,"Medical Kit":0,"White Beast Statue":12,"Mercury Hourglass":0,"Peace Pipe":0,"Strange Spoon":45,"Anchor":28,"CaptainsWheel":39,"Pondfish Scales":0,"ChewingGum":19,"Another Sword":0,"Snack Pack":0,"Bag of Marbles":0,"Coffee Dripper":34,"Membership Card":39,"PureWater":31,"FossilizedHelix":0,"TungstenRod":0,"ReplayTheSpireMod:ShopPack":0},{"TwistedFunnel":118,"Golden Egg":30,"Replay:Accelerometer":63,"Vampiric Spirits":118,"Whetstone":13,"Ginger":24,"Bottled Tornado":59,"Boot":29,"Sling":32,"Ring of Searing":68,"Replay:Wanted Poster":6,"Blood Vial":24,"Replay:Ringing Soul":24,"Sundial":24,"MealTicket":30,"HandDrill":24,"Replay:Bottled Flurry":24,"Kunai":24,"Replay:Wax Seal":24,"Replay:Bottled Steam":59,"MerchantsRug":0,"Pear":30,"Counterbalance":59,"Blue Candle":63,"ReplayTheSpireMod:Ring of Addiction":68,"Eternal Feather":24,"Tingsha":85,"Pen Nib":30,"Replay:Ancient Bell":74,"Paper Crane":118,"Ooze Armor":24,"Bird Faced Urn":24,"ReplayTheSpireMod:Ring of Collecting":24,"Mark of Pain":24,"CultistMask":119,"Kintsugi":24,"Unceasing Top":59,"Regal Pillow":24,"Lantern":32,"Torii":24,"Singing Bowl":59,"Magic Flower":24,"Replay:Purple Gloves":59,"Painkiller Herb":24,"StoneCalendar":34,"Blue Doll":59,"King of Hearts":24,"Replay:Multitool":35,"Bag of Preparation":59,"Cursed Key":24,"Ancient Tea Set":59,"Burning Blood":0,"Pet Ghost":54,"Replay:Rubber Ducky":49,"Matryoshka":24,"Shovel":24,"Replay:M_SmolderingBlood":34,"Ninja Scroll":85,"Toolbox":59,"WingedGreaves":59,"Chemical X":32,"Ring of Panic":24,"Replay:Bottled Eggs":32,"InkBottle":3,"Paper Frog":28,"Potion Belt":24,"Lee\u0027s Waffle":24,"The Specimen":85,"Golden Idol":1,"Self Forming Clay":10,"Basket Of Snakes":104,"Circlet":59,"Damaru":59,"Thread and Needle":32,"PreservedInsect":19,"Omamori":59,"Ring of Greed":30,"Frozen Egg 2":32,"MawBank":37,"GoldenEye":59,"Replay:Arrowhead":59,"Ornamental Fan":136,"Orrery":24,"Durian":32,"Garlic":59,"Bottled Lightning":30,"ReplayTheSpireMod:Ring of Challenge":30,"ReplayTheSpireMod:Lightbulb":59,"Toy Ornithopter":59,"Ice Cream":8,"Divine Protection":32,"Calipers":43,"Tiny House":68,"Gremlin Horn":13,"Vajra":59,"Centennial Puzzle":20,"Lizard Tail":59,"HornCleat":24,"FaceOfCleric":24,"DollysMirror":24,"Strawberry":59,"Honey Jar":24,"Prayer Wheel":21,"Iron Hammer":56,"VioletLotus":67,"Toxic Egg 2":32,"Byrd Skull":118,"Girya":59,"Happy Flower":20,"ReplayTheSpireMod:CursedCoin":59,"Dead Branch":59,"Oddly Smooth Stone":5,"Replay:Kaleidoscope":22,"Letter Opener":59,"War Paint":24,"Question Card":8,"WarpedTongs":24,"OrangePellets":24,"Replay:Baseball":35,"Bottled Flame":59,"ReplayTheSpireMod:Shallot":59,"Shuriken":32,"Bronze Scales":59,"Simple Rune":23,"Onion Ring":24,"Molten Egg 2":59,"Nloth\u0027s Gift":0,"ReplayTheSpireMod:TigerMarble":16,"Black Star":24,"Grinning Jar":44,"Mirror":24,"Pocketwatch":24,"NlothsMask":24,"Meat on the Bone":59,"ReplayFunnel":59,"Darkstone Periapt":59,"Replay:PocketPolymizer":32,"Black Blood":15,"Melange":59,"Mango":24,"Snake Skull":85,"Incense Burner":24,"Juzu Bracelet":31,"Replay:Mystery Machine":59,"PrismaticShard":32,"Empty Cage":127,"ClockworkSouvenir":24,"Dream Catcher":0,"Replay:Bandana":12,"Nunchaku":23,"Tough Bandages":85,"Chameleon Ring":24,"TheAbacus":32,"Mummified Hand":59,"Pantograph":24,"Gambling Chip":59,"Red Mask":129,"Replay:Bottled Snecko":59,"Replay:Drink Me":40,"Runic Pyramid":24,"Gremlin Food":24,"BargainBundle":32,"ReplayTheSpireMod:Ninjato":24,"Replay:Towering Pillar of Hats":59,"Quantum Egg":32,"Guide Book":32,"Replay:WaspNest":24,"Orichalcum":31,"Medical Kit":59,"White Beast Statue":31,"Mercury Hourglass":0,"Peace Pipe":59,"Strange Spoon":53,"Anchor":11,"CaptainsWheel":16,"Pondfish Scales":59,"ChewingGum":96,"Another Sword":32,"Snack Pack":59,"Bag of Marbles":59,"Coffee Dripper":139,"Membership Card":16,"PureWater":73,"FossilizedHelix":0,"TungstenRod":32,"ReplayTheSpireMod:ShopPack":59},{"TwistedFunnel":266,"Golden Egg":112,"Replay:Accelerometer":191,"Vampiric Spirits":266,"Whetstone":51,"Ginger":100,"Bottled Tornado":186,"Boot":110,"Sling":114,"Ring of Searing":197,"Replay:Wanted Poster":22,"Blood Vial":100,"Replay:Ringing Soul":100,"Sundial":100,"MealTicket":112,"HandDrill":100,"Replay:Bottled Flurry":100,"Kunai":100,"Replay:Wax Seal":100,"Replay:Bottled Steam":186,"MerchantsRug":0,"Pear":112,"Counterbalance":186,"Blue Candle":191,"ReplayTheSpireMod:Ring of Addiction":197,"Eternal Feather":100,"Tingsha":217,"Pen Nib":112,"Replay:Ancient Bell":203,"Paper Crane":266,"Ooze Armor":100,"Bird Faced Urn":100,"ReplayTheSpireMod:Ring of Collecting":100,"Mark of Pain":100,"CultistMask":267,"Kintsugi":100,"Unceasing Top":186,"Regal Pillow":100,"Lantern":114,"Torii":100,"Singing Bowl":186,"Magic Flower":100,"Replay:Purple Gloves":186,"Painkiller Herb":100,"StoneCalendar":119,"Blue Doll":186,"King of Hearts":100,"Replay:Multitool":121,"Bag of Preparation":186,"Cursed Key":100,"Ancient Tea Set":186,"Burning Blood":0,"Pet Ghost":170,"Replay:Rubber Ducky":156,"Matryoshka":100,"Shovel":100,"Replay:M_SmolderingBlood":119,"Ninja Scroll":217,"Toolbox":186,"WingedGreaves":186,"Chemical X":114,"Ring of Panic":100,"Replay:Bottled Eggs":114,"InkBottle":7,"Paper Frog":108,"Potion Belt":100,"Lee\u0027s Waffle":100,"The Specimen":217,"Golden Idol":3,"Self Forming Clay":38,"Basket Of Snakes":243,"Circlet":186,"Damaru":186,"Thread and Needle":114,"PreservedInsect":79,"Omamori":186,"Ring of Greed":112,"Frozen Egg 2":114,"MawBank":125,"GoldenEye":186,"Replay:Arrowhead":186,"Ornamental Fan":288,"Orrery":100,"Durian":114,"Garlic":186,"Bottled Lightning":112,"ReplayTheSpireMod:Ring of Challenge":112,"ReplayTheSpireMod:Lightbulb":186,"Toy Ornithopter":186,"Ice Cream":29,"Divine Protection":114,"Calipers":137,"Tiny House":197,"Gremlin Horn":51,"Vajra":186,"Centennial Puzzle":85,"Lizard Tail":186,"HornCleat":100,"FaceOfCleric":100,"DollysMirror":100,"Strawberry":186,"Honey Jar":100,"Prayer Wheel":88,"Iron Hammer":174,"VioletLotus":196,"Toxic Egg 2":114,"Byrd Skull":266,"Girya":186,"Happy Flower":85,"ReplayTheSpireMod:CursedCoin":186,"Dead Branch":186,"Oddly Smooth Stone":14,"Replay:Kaleidoscope":91,"Letter Opener":186,"War Paint":100,"Question Card":29,"WarpedTongs":100,"OrangePellets":100,"Replay:Baseball":121,"Bottled Flame":186,"ReplayTheSpireMod:Shallot":186,"Shuriken":114,"Bronze Scales":186,"Simple Rune":94,"Onion Ring":100,"Molten Egg 2":186,"Nloth\u0027s Gift":0,"ReplayTheSpireMod:TigerMarble":64,"Black Star":100,"Grinning Jar":141,"Mirror":100,"Pocketwatch":100,"NlothsMask":100,"Meat on the Bone":186,"ReplayFunnel":186,"Darkstone Periapt":186,"Replay:PocketPolymizer":114,"Black Blood":62,"Melange":186,"Mango":100,"Snake Skull":217,"Incense Burner":100,"Juzu Bracelet":113,"Replay:Mystery Machine":186,"PrismaticShard":114,"Empty Cage":279,"ClockworkSouvenir":100,"Dream Catcher":0,"Replay:Bandana":46,"Nunchaku":94,"Tough Bandages":217,"Chameleon Ring":100,"TheAbacus":114,"Mummified Hand":186,"Pantograph":100,"Gambling Chip":186,"Red Mask":281,"Replay:Bottled Snecko":186,"Replay:Drink Me":131,"Runic Pyramid":100,"Gremlin Food":100,"BargainBundle":114,"ReplayTheSpireMod:Ninjato":100,"Replay:Towering Pillar of Hats":186,"Quantum Egg":114,"Guide Book":114,"Replay:WaspNest":100,"Orichalcum":113,"Medical Kit":186,"White Beast Statue":113,"Mercury Hourglass":0,"Peace Pipe":186,"Strange Spoon":167,"Anchor":42,"CaptainsWheel":64,"Pondfish Scales":186,"ChewingGum":231,"Another Sword":114,"Snack Pack":186,"Bag of Marbles":186,"Coffee Dripper":293,"Membership Card":64,"PureWater":202,"FossilizedHelix":0,"TungstenRod":114,"ReplayTheSpireMod:ShopPack":186}],"Unceasing Top":[4],"Toy Ornithopter":0,"Meat on the Bone":0,"Pocketwatch":[6]},"card_choices":[{"not_picked":["Outmaneuver+1","ReplayTheSpireMod:The Works+1","Dagger Spray+1"],"picked":"Singing Bowl","floor":0},{"not_picked":["Blade Dance+1","Slice+1","PiercingWail+1"],"picked":"Singing Bowl","floor":0},{"not_picked":["Hidden Blade+1","Choke+1","Sneak Up+1"],"picked":"Singing Bowl","floor":0},{"not_picked":["Deadly Poison+1","Acrobatics+1"],"picked":"Crippling Poison+1","floor":0},{"not_picked":["Infinite Blades+1","Backflip+1","Slice+1"],"picked":"Singing Bowl","floor":0},{"not_picked":["Violence","Sadistic Nature","Secret Technique"],"picked":"Singing Bowl","floor":0},{"not_picked":["Good Instincts","Secret Weapon"],"picked":"Dramatic Entrance","floor":0},{"not_picked":["Bandage Up","Dark Shackles","Discovery"],"picked":"Singing Bowl","floor":0},{"not_picked":["Caltrops+1","Acrobatics+1","Leg Sweep+1"],"picked":"Singing Bowl","floor":1},{"not_picked":["All Out Attack+1","Blade Dance+1","Sucker Punch+1"],"picked":"Singing Bowl","floor":4},{"not_picked":["ReplayTheSpireMod:Speed Training+1","Hidden Blade+1"],"picked":"Deadly Poison+1","floor":5},{"not_picked":["Backstab+1","Distraction+1","Backflip+1"],"picked":"Singing Bowl","floor":7},{"not_picked":["Bane+1","Blur+1","Quick Slash+1"],"picked":"Singing Bowl","floor":10},{"not_picked":["Endless Agony+1","Outmaneuver+1","Replay:Poison Smokescreen+1"],"picked":"Singing Bowl","floor":11},{"not_picked":["Prepared+1","Dagger Throw+1","Dagger Spray+1"],"picked":"Singing Bowl","floor":12},{"not_picked":["Tools of the Trade+1","ReplayTheSpireMod:Speed Training+1"],"picked":"Bouncing Flask+1","floor":14},{"not_picked":["Die Die Die+1","Replay:Bag of Tricks+1","Venomology+1"],"picked":"Singing Bowl","floor":16},{"not_picked":["Bane+1","Quick Slash+1","Outmaneuver+1"],"picked":"Singing Bowl","floor":18},{"not_picked":["Blade Dance+1","Dodge and Roll+1","PiercingWail+1"],"picked":"Singing Bowl","floor":21},{"not_picked":["Backflip+1","Backstab+1","Quick Slash+1"],"picked":"Singing Bowl","floor":22},{"not_picked":["Backstab+1","Flying Knee+1","All Out Attack+1"],"picked":"Singing Bowl","floor":23},{"not_picked":["Venomology+1","Sucker Punch+1","Infinite Blades+1"],"picked":"Singing Bowl","floor":24},{"not_picked":["Riddle With Holes+1","Acrobatics+1","Sucker Punch+1"],"picked":"Singing Bowl","floor":25},{"not_picked":["PiercingWail+1","Backflip+1","Bane+1"],"picked":"Singing Bowl","floor":27},{"not_picked":["Dash+1","Expertise+1","Backflip+1"],"picked":"Singing Bowl","floor":28},{"not_picked":["Blade Dance+1","Acrobatics+1","Terror+1"],"picked":"Singing Bowl","floor":29},{"not_picked":["Flying Knee+1","Burst+1","Backstab+1"],"picked":"Singing Bowl","floor":30},{"not_picked":["Outmaneuver+1","Wraith Form v2+1","Deflect+1"],"picked":"Singing Bowl","floor":31},{"not_picked":["Wraith Form v2+1","Tools of the Trade+1","A Thousand Cuts+1"],"picked":"Singing Bowl","floor":33},{"not_picked":["Quick Slash+1","Flying Knee+1","Outmaneuver+1"],"picked":"Singing Bowl","floor":35},{"not_picked":["Dagger Throw+1","Dodge and Roll+1","Sneak Up+1"],"picked":"Singing Bowl","floor":37},{"not_picked":["Underhanded Strike+1","Slice+1","Backstab+1"],"picked":"Singing Bowl","floor":38},{"not_picked":["Backstab+1","ReplayTheSpireMod:Exploit Weakness+1","Well Laid Plans+1"],"picked":"Singing Bowl","floor":39},{"not_picked":["Dagger Throw+1","Bouncing Flask+1","Deflect+1"],"picked":"Singing Bowl","floor":40},{"not_picked":["Night Terror+1","Dodge and Roll+1","Caltrops+1"],"picked":"Singing Bowl","floor":42},{"not_picked":["Leg Sweep+1","Escape Plan+1"],"picked":"Deadly Poison+1","floor":44},{"not_picked":["Quick Slash+1","Acrobatics+1","Dagger Spray+1"],"picked":"Singing Bowl","floor":45},{"not_picked":["Prepared+1","Distraction+1","Replay:Poison Smokescreen+1"],"picked":"Singing Bowl","floor":46},{"not_picked":["Heel Hook+1","Blade Dance+1","Infinite Blades+1"],"picked":"Singing Bowl","floor":47},{"not_picked":["Finisher+1","Well Laid Plans+1","Acrobatics+1"],"picked":"Singing Bowl","floor":50},{"not_picked":["Venomology+1","Flying Knee+1","Bane+1"],"picked":"Singing Bowl","floor":56}],"player_experience":48627,"relics_obtained":[{"floor":7,"key":"Bottled Lightning"},{"floor":8,"key":"Dream Catcher"},{"floor":14,"key":"Gremlin Horn"},{"floor":21,"key":"Red Mask"},{"floor":23,"key":"Sundial"},{"floor":25,"key":"Gremlin Food"},{"floor":26,"key":"Toy Ornithopter"},{"floor":29,"key":"Ornamental Fan"},{"floor":31,"key":"Onion Ring"},{"floor":40,"key":"Strawberry"},{"floor":42,"key":"Omamori"},{"floor":43,"key":"Pondfish Scales"},{"floor":46,"key":"Potion Belt"},{"floor":50,"key":"Replay:Bottled Flurry"},{"floor":51,"key":"Replay:Bottled Eggs"},{"floor":54,"key":"Replay:Bottled Steam"},{"floor":56,"key":"Happy Flower"}],"event_choices":[{"damage_healed":0,"gold_gain":52,"player_choice":"Gained Gold","damage_taken":0,"max_hp_gain":0,"max_hp_loss":0,"event_name":"Golden Wing","floor":2,"gold_loss":0},{"damage_healed":0,"gold_gain":0,"player_choice":"Trade","damage_taken":0,"relics_obtained":["CultistMask"],"max_hp_gain":0,"max_hp_loss":0,"event_name":"FaceTrader","floor":3,"gold_loss":0},{"damage_healed":0,"gold_gain":0,"player_choice":"Grow","damage_taken":0,"max_hp_gain":0,"max_hp_loss":0,"event_name":"Living Wall","floor":13,"gold_loss":0,"cards_upgraded":["Neutralize"]},{"damage_healed":0,"gold_gain":0,"player_choice":"Simplicity","damage_taken":0,"max_hp_gain":0,"max_hp_loss":0,"event_name":"Back to Basics","floor":19,"gold_loss":0,"cards_upgraded":["Strike_G","Strike_G","Strike_G","Strike_G","Strike_G","Defend_G","Defend_G","Defend_G","Defend_G","Defend_G"]},{"damage_healed":0,"gold_gain":0,"player_choice":"Ignored","damage_taken":0,"max_hp_gain":0,"max_hp_loss":0,"event_name":"Vampires","floor":20,"gold_loss":0},{"damage_healed":0,"gold_gain":0,"player_choice":"Fought Bandits","damage_taken":0,"max_hp_gain":0,"max_hp_loss":0,"event_name":"Masked Bandits","floor":21,"gold_loss":0},{"damage_healed":0,"gold_gain":0,"player_choice":"Full Heal","damage_taken":0,"max_hp_gain":0,"max_hp_loss":0,"event_name":"Wheel of Change","floor":36,"gold_loss":0}],"is_beta":false,"boss_relics":[{"not_picked":["Cursed Key","HoveringKite"],"picked":"Empty Cage"},{"not_picked":["Tiny House","Runic Pyramid"],"picked":"Coffee Dripper"}],"items_purged_floors":[0,0,55,55,55,55,55],"is_endless":false,"potions_floor_spawned":[1,4,5,7,10,11,12,14,16,18,21,22,23,24,25,27,28,29,30,31,33,35,37,38,39,40,42,44,45,46,47,50,56],"ascension_level":1}}