{"host":"b4oqa93y40rb9616","time":1609347161,"event":{"mods":["BaseMod","Colored Map","Custom Start","DeckTracker","Keyboard Shortcuts","Minty Spire (QoL Compilation)","Permanent Neow","Quick Restart","StSLib","SuperFastMode","everything is the same but u backflip on backflip"],"gold_per_floor":[156,209,248,11,11,11,41,41,41,41,41,41,109,147,147,147,147],"floor_reached":16,"playtime":357,"items_purged":["Strike_R"],"score":185,"play_id":"5bc07184-6405-4e3e-80a0-4166a7fc8b56","local_time":"20201231015241","is_ascension_mode":true,"campfire_choices":[{"data":"HandOfGreed","floor":6.0,"key":"SMITH"},{"data":"Body Slam","floor":8.0,"key":"SMITH"},{"floor":15,"key":"REST"}],"circlet_count":0,"master_deck":["AscendersBane","Strike_R","Strike_R","Strike_R","Strike_R","Defend_R","Defend_R","Defend_R","Defend_R","Bash","HandOfGreed+1","Body Slam+1","Shrug It Off","Carnage","Feel No Pain+1","Warcry"],"relics":["Burning Blood","Medical Kit","Frozen Egg 2","Omamori","Juzu Bracelet"],"acts_visited":["Exordium"],"potions_floor_usage":[16,16],"damage_taken":[{"damage":3.0,"enemies":"2 Louse","floor":1.0,"turns":4.0},{"damage":11.0,"enemies":"Small Slimes","floor":2.0,"turns":6.0},{"damage":2.0,"enemies":"Jaw Worm","floor":3.0,"turns":4.0},{"damage":52.0,"enemies":"Lagavulin","floor":7.0,"turns":8.0},{"damage":12,"enemies":"2 Fungi Beasts","floor":13,"turns":5},{"damage":9,"enemies":"Red Slaver","floor":14,"turns":3},{"damage":39,"enemies":"The Guardian","floor":16,"turns":14}],"seed_played":"-3540468879054510394","potions_obtained":[{"floor":2.0,"key":"Strength Potion"},{"floor":13,"key":"Weak Potion"},{"floor":14,"key":"Energy Potion"}],"is_trial":false,"path_per_floor":["M","M","M","$","?","R","E","R","T","?","$","?","M","M","R","B"],"character_chosen":"IRONCLAD","items_purchased":["Medical Kit"],"campfire_rested":1,"item_purchase_floors":[4],"current_hp_per_floor":[68,63,67,67,72,72,26,26,26,26,26,26,20,17,38,0,0],"gold":147,"neow_bonus":"RANDOM_COLORLESS_2","is_daily":false,"chose_seed":false,"campfire_upgraded":2,"win_rate":0.0,"timestamp":1609347161,"path_taken":["M","M","M","$","?","R","E","R","T","?","?","?","M","M","R","BOSS"],"items_purchased_type":["Relic"],"build_version":"2020-12-22","purchased_purges":1,"victory":false,"max_hp_per_floor":[68,68,68,68,73,73,73,73,73,73,73,73,73,73,73,73,73],"card_choices":[{"not_picked":["Metamorphosis","Chrysalis"],"picked":"HandOfGreed","floor":0.0},{"not_picked":["True Grit","Clothesline"],"picked":"Body Slam","floor":1.0},{"not_picked":["Anger","Armaments"],"picked":"Shrug It Off","floor":2.0},{"not_picked":["Clash","Cleave"],"picked":"Carnage","floor":3.0},{"not_picked":["Clash","Limit Break","Sever Soul"],"picked":"SKIP","floor":7.0},{"not_picked":["Clash","Metallicize+1"],"picked":"Feel No Pain+1","floor":13},{"not_picked":["Spot Weakness","Clash"],"picked":"Warcry","floor":14}],"player_experience":412069,"relics_obtained":[{"floor":7.0,"key":"Frozen Egg 2"},{"floor":9.0,"key":"Omamori"}],"event_choices":[{"damage_healed":0.0,"max_hp_gain":5.0,"max_hp_loss":0.0,"gold_gain":0.0,"event_name":"Big Fish","player_choice":"Donut","floor":5.0,"gold_loss":0.0,"damage_taken":0.0},{"damage_healed":0,"gold_gain":0,"player_choice":"Fled","damage_taken":0,"max_hp_gain":0,"max_hp_loss":0,"event_name":"Scrap Ooze","floor":10,"gold_loss":0},{"damage_healed":0,"gold_gain":0,"player_choice":"Gave Potion","damage_taken":0,"relics_obtained":["Juzu Bracelet"],"max_hp_gain":0,"max_hp_loss":0,"event_name":"WeMeetAgain","floor":12,"gold_loss":0}],"is_beta":false,"boss_relics":[],"items_purged_floors":[4],"is_endless":false,"potions_floor_spawned":[2,13,14],"killed_by":"The Guardian","ascension_level":17}}