{"host":"idmgg8r816nmas40","time":1609317374,"event":{"mods":["AchievementEnabler","AlwaysNeverKeys","BaseMod","BetterRewards","Block Reminder","Colored Map","Colored Powertips","DeckTracker","Googly Eyes","Highlight Path","Hubris","Infinite Spire","Minty Spire (QoL Compilation)","Quick Restart","Relic Stats","Replay The Spire","Shop Mod","StSLib","SuperFastMode","Synergy Search","Transform Curses"],"gold_per_floor":[114,114,114,114,114,114,125,137,207,236,263,299,0,20,20,107,107,129,129,163,180,182,182],"floor_reached":22,"playtime":764,"items_purged":[],"score":372,"play_id":"7d413afa-666d-49a6-8d24-e57e8df31a17","local_time":"20201230013614","is_ascension_mode":true,"campfire_choices":[{"floor":6,"key":"REST"},{"floor":15,"key":"REST"}],"circlet_count":0,"master_deck":["AscendersBane","Strike_B+1","Strike_B","Strike_B+1","Strike_B","Defend_B","Defend_B","Defend_B","Defend_B+1","Zap","Dualcast","Machine Learning","Echo Form+1","Ball Lightning","Sweeping Beam","hubris:PowerSurge","Cold Snap","Ball Lightning","Compile Driver","Gash","Sweeping Beam","Steam","Capacitor+1","Leap","Loop+1","Conserve Battery","Sunder","Barrage","Thunder Strike","Zap","Machine Learning+1","Defragment+1","Electrodynamics+1"],"relics":["Cracked Core","Replay:PocketPolymizer","BargainBundle","hubris:BallOfYels","hubris:Towel","Frozen Egg 2","Replay:Bandana","Symbiotic Virus","Membership Card","SlaversCollar"],"acts_visited":["Exordium","TheCity"],"potions_floor_usage":[12,12,14,16,21,22],"damage_taken":[{"damage":6,"enemies":"2 Louse","floor":1,"turns":3},{"damage":2,"enemies":"Jaw Worm","floor":7,"turns":2},{"damage":0,"enemies":"Small Slimes","floor":8,"turns":2},{"damage":11,"enemies":"3 Sentries","floor":10,"turns":4},{"damage":4,"enemies":"3 Louse","floor":11,"turns":2},{"damage":24,"enemies":"Gremlin Nob","floor":12,"turns":4},{"damage":0,"enemies":"Red Slaver","floor":14,"turns":2},{"damage":24,"enemies":"The Guardian","floor":16,"turns":7},{"damage":19,"enemies":"Spheric Guardian","floor":18,"turns":4},{"damage":21,"enemies":"2 Thieves","floor":20,"turns":3},{"damage":0,"enemies":"Snake Plant","floor":21,"turns":2},{"damage":33,"enemies":"Chosen and Byrds","floor":22,"turns":3}],"seed_played":"-1331736013472478022","potions_obtained":[{"floor":7,"key":"Strength Potion"},{"floor":8,"key":"Ancient Potion"},{"floor":12,"key":"Block Potion"},{"floor":20,"key":"PowerPotion"},{"floor":21,"key":"Milkshake"}],"is_trial":false,"path_per_floor":["M","?","?","?","?","R","M","M","T","E","M","E","$","M","R","B",null,"M","?","M","M","M"],"character_chosen":"DEFECT","items_purchased":["Machine Learning","BargainBundle","Echo Form","Ball Lightning","Sweeping Beam","hubris:BallOfYels","hubris:PowerSurge","Cold Snap","Ball Lightning","Membership Card","Loop+1","Conserve Battery","Sunder","ColorlessPotion"],"campfire_rested":2,"item_purchase_floors":[0,0,0,0,0,0,0,0,0,13,13,13,13,13],"current_hp_per_floor":[58,58,58,58,37,58,56,56,56,45,41,17,17,17,38,14,57,38,38,17,17,0,0],"gold":182,"neow_bonus":"","is_daily":false,"chose_seed":false,"campfire_upgraded":0,"win_rate":0.0,"timestamp":1609317374,"path_taken":["M","?","?","?","?","R","M","M","T","E","M","E","$","M","R","BOSS","M","?","?","M","M"],"items_purchased_type":["Card","Relic","Card","Card","Card","Relic","Card","Card","Card","Relic","Card","Card","Card","Potion"],"build_version":"2020-12-22","purchased_purges":0,"victory":false,"max_hp_per_floor":[71,71,71,71,71,71,71,71,71,71,71,71,71,71,71,71,71,71,71,71,71,71,71],"relic_stats":{"counters":[83,362],"obtain_stats":[{"Ice Cream":0,"Replay:Accelerometer":0,"hubris:BallOfYels":0,"Calipers":9,"CeramicFish":32,"infinitespire:Cubic Diamond":3,"Boot":53,"Sling":0,"Blood Vial":28,"infinitespire:ShieldingShard":17,"Replay:Frozen Program":0,"Sundial":2,"Strawberry":46,"infinitespire:Golems Mask":0,"Prayer Wheel":16,"Replay:Bottled Flurry":37,"Kunai":54,"MerchantsRug":0,"Pear":21,"hubris:Teleporter":0,"Ring of Hypnosis":2,"Happy Flower":0,"Blue Candle":27,"Oddly Smooth Stone":0,"hubris:SphereOfDissonance":26,"Replay:Kaleidoscope":6,"Question Card":0,"Cables":17,"WarpedTongs":36,"Du-Vu Doll":0,"OrangePellets":0,"SlaversCollar":34,"Replay:Baseball":21,"Shuriken":0,"infinitespire:Lychee Nut":17,"Bronze Scales":17,"MutagenicStrength":20,"hubris:TenFootPole":0,"Black Star":34,"Mirror":11,"Symbiotic Virus":12,"infinitespire:PuzzleCube":0,"Pocketwatch":0,"Solar Panel":6,"Lantern":12,"Regal Pillow":2,"Replay:PocketPolymizer":0,"StoneCalendar":17,"Juzu Bracelet":17,"Replay:Multitool":0,"Bag of Preparation":0,"Sizzling Blood":3,"Dream Catcher":26,"Replay:Bandana":5,"Shovel":8,"Pantograph":42,"Tiny Chest":24,"hubris:CuriousFeather":38,"Cracked Core":0,"infinitespire:Chaos":0,"Potion Belt":9,"Lee\u0027s Waffle":0,"BargainBundle":0,"Inserter":17,"Golden Idol":3,"hubris:64BitClover":26,"infinitespire:EmptyRelic":0,"Thread and Needle":0,"Geode":3,"infinitespire:Lucky Rock":30,"Orichalcum":10,"hubris:Towel":36,"Frozen Egg 2":9,"MawBank":40,"Nuclear Battery":38,"Calling Bell":0,"Peace Pipe":0,"Cauldron":53,"Busted Crown":0,"Orrery":46,"Art of War":43,"Durian":14,"Membership Card":22,"ReplayTheSpireMod:Ring of Challenge":29,"Toy Ornithopter":6,"hubris:OldNail":9,"ReplayTheSpireMod:ShopPack":0},{"Ice Cream":63,"Replay:Accelerometer":26,"hubris:BallOfYels":71,"Calipers":51,"CeramicFish":59,"infinitespire:Cubic Diamond":64,"Boot":24,"Sling":26,"Blood Vial":15,"infinitespire:ShieldingShard":53,"Replay:Frozen Program":63,"Sundial":1,"Strawberry":23,"infinitespire:Golems Mask":26,"Prayer Wheel":33,"Replay:Bottled Flurry":61,"Kunai":25,"MerchantsRug":68,"Pear":35,"hubris:Teleporter":68,"Ring of Hypnosis":42,"Happy Flower":68,"Blue Candle":15,"Oddly Smooth Stone":0,"hubris:SphereOfDissonance":37,"Replay:Kaleidoscope":29,"Question Card":0,"Cables":11,"WarpedTongs":18,"Du-Vu Doll":46,"OrangePellets":3,"SlaversCollar":17,"Replay:Baseball":55,"Shuriken":3,"infinitespire:Lychee Nut":53,"Bronze Scales":53,"MutagenicStrength":55,"hubris:TenFootPole":26,"Black Star":60,"Mirror":51,"Symbiotic Virus":77,"infinitespire:PuzzleCube":46,"Pocketwatch":68,"Solar Panel":44,"Lantern":9,"Regal Pillow":47,"Replay:PocketPolymizer":71,"StoneCalendar":11,"Juzu Bracelet":11,"Replay:Multitool":26,"Bag of Preparation":46,"Sizzling Blood":64,"Dream Catcher":14,"Replay:Bandana":28,"Shovel":51,"Pantograph":22,"Tiny Chest":37,"hubris:CuriousFeather":61,"Cracked Core":0,"infinitespire:Chaos":68,"Potion Belt":7,"Lee\u0027s Waffle":3,"BargainBundle":71,"Inserter":33,"Golden Idol":5,"hubris:64BitClover":57,"infinitespire:EmptyRelic":68,"Thread and Needle":41,"Geode":27,"infinitespire:Lucky Rock":39,"Orichalcum":8,"hubris:Towel":61,"Frozen Egg 2":74,"MawBank":20,"Nuclear Battery":61,"Calling Bell":0,"Peace Pipe":0,"Cauldron":24,"Busted Crown":68,"Orrery":23,"Art of War":22,"Durian":32,"Membership Card":13,"ReplayTheSpireMod:Ring of Challenge":58,"Toy Ornithopter":7,"hubris:OldNail":30,"ReplayTheSpireMod:ShopPack":68},{"Ice Cream":289,"Replay:Accelerometer":152,"hubris:BallOfYels":325,"Calipers":243,"CeramicFish":272,"infinitespire:Cubic Diamond":292,"Boot":141,"Sling":152,"Blood Vial":78,"infinitespire:ShieldingShard":253,"Replay:Frozen Program":289,"Sundial":4,"Strawberry":132,"infinitespire:Golems Mask":152,"Prayer Wheel":176,"Replay:Bottled Flurry":282,"Kunai":146,"MerchantsRug":311,"Pear":188,"hubris:Teleporter":311,"Ring of Hypnosis":213,"Happy Flower":311,"Blue Candle":78,"Oddly Smooth Stone":0,"hubris:SphereOfDissonance":194,"Replay:Kaleidoscope":161,"Question Card":0,"Cables":57,"WarpedTongs":101,"Du-Vu Doll":227,"OrangePellets":20,"SlaversCollar":94,"Replay:Baseball":258,"Shuriken":20,"infinitespire:Lychee Nut":253,"Bronze Scales":253,"MutagenicStrength":258,"hubris:TenFootPole":152,"Black Star":279,"Mirror":243,"Symbiotic Virus":342,"infinitespire:PuzzleCube":227,"Pocketwatch":311,"Solar Panel":221,"Lantern":45,"Regal Pillow":229,"Replay:PocketPolymizer":325,"StoneCalendar":57,"Juzu Bracelet":57,"Replay:Multitool":152,"Bag of Preparation":227,"Sizzling Blood":292,"Dream Catcher":71,"Replay:Bandana":157,"Shovel":243,"Pantograph":125,"Tiny Chest":194,"hubris:CuriousFeather":282,"Cracked Core":0,"infinitespire:Chaos":311,"Potion Belt":35,"Lee\u0027s Waffle":20,"BargainBundle":325,"Inserter":181,"Golden Idol":28,"hubris:64BitClover":266,"infinitespire:EmptyRelic":311,"Thread and Needle":210,"Geode":155,"infinitespire:Lucky Rock":202,"Orichalcum":41,"hubris:Towel":282,"Frozen Egg 2":332,"MawBank":113,"Nuclear Battery":282,"Calling Bell":0,"Peace Pipe":0,"Cauldron":141,"Busted Crown":311,"Orrery":132,"Art of War":125,"Durian":172,"Membership Card":66,"ReplayTheSpireMod:Ring of Challenge":269,"Toy Ornithopter":35,"hubris:OldNail":164,"ReplayTheSpireMod:ShopPack":311}]},"card_choices":[{"not_picked":["Redo","Blizzard"],"picked":"Compile Driver","floor":1},{"not_picked":["Hello World","Rebound"],"picked":"Gash","floor":7},{"not_picked":["Rebound","Genetic Algorithm"],"picked":"Sweeping Beam","floor":8},{"not_picked":["Stack","Aggregate"],"picked":"Steam","floor":10},{"not_picked":["Ball Lightning","ReplayGash"],"picked":"Capacitor+1","floor":11},{"not_picked":["Hologram","Lockon"],"picked":"Leap","floor":12},{"not_picked":["Turbo","Go for the Eyes"],"picked":"Barrage","floor":14},{"not_picked":["hubris:Prefetch","hubris:SpecializedCircuitry+1"],"picked":"Thunder Strike","floor":16},{"not_picked":["ReplayTheSpireMod:Calculation Training","Reinforced Body","Rip and Tear"],"picked":"SKIP","floor":18},{"not_picked":["Recycle+1","BasicCrystalCard"],"picked":"Defragment+1","floor":20},{"not_picked":["BootSequence","Auto Shields"],"picked":"Electrodynamics+1","floor":21}],"player_experience":1013341,"relics_obtained":[{"floor":9,"key":"Frozen Egg 2"},{"floor":10,"key":"Replay:Bandana"},{"floor":12,"key":"Symbiotic Virus"}],"event_choices":[{"damage_healed":0,"gold_gain":0,"player_choice":"Entered Light","damage_taken":21,"max_hp_gain":0,"max_hp_loss":0,"event_name":"Shining Light","floor":5,"gold_loss":0,"cards_upgraded":["Defend_B","Strike_B"]},{"damage_healed":0,"gold_gain":0,"player_choice":"2 cards matched","damage_taken":0,"max_hp_gain":0,"max_hp_loss":0,"event_name":"Match and Keep!","floor":19,"gold_loss":0,"cards_obtained":["Zap","Machine Learning"]}],"is_beta":false,"boss_relics":[{"not_picked":["hubris:BlackHole","Snecko Eye"],"picked":"SlaversCollar"}],"items_purged_floors":[],"is_endless":false,"potions_floor_spawned":[7,8,10,12,20,21],"killed_by":"Chosen and Byrds","ascension_level":18}}