{"host":"o5or1zybx7au40zl","time":1609342325,"event":{"mods":["Act Like it!","BaseMod","Better Third Choice","Conspire","Dota2Spire","Hubris","Minty Spire (QoL Compilation)","Replay The Spire","StSLib"],"gold_per_floor":[119,119,68,68,84,111,111,126,198,210,244,311,344,362,362,458,458,458,458,67,67,67,67,67,67,67],"floor_reached":25,"playtime":628,"items_purged":["conspire:GhostlyStrike"],"score":266,"play_id":"dde1080d-fb22-4713-bada-5028757c65d7","local_time":"20201230163205","is_ascension_mode":false,"campfire_choices":[{"floor":7,"key":"RECALL"},{"floor":15,"key":"REST"}],"circlet_count":0,"master_deck":["conspire:GhostlyStrike","conspire:GhostlyStrike","conspire:GhostlyStrike","conspire:GhostlyDefend","conspire:GhostlyDefend","conspire:GhostlyDefend","Zap","Dualcast","Gash","Beam Cell","Chill","Sunder","ReplayRNGCard","Steam","Auto Shields","Creative AI","Conserve Battery+1","White Noise","Storm","Echo Form"],"relics":["Cracked Core","Dota2Spire:BladeMail","Dota2Spire:Desolator","Snack Pack","Dota2Spire:AghanimScepter","Ectoplasm","Nloth\u0027s Gift","Sling","Toy Ornithopter"],"acts_visited":["Exordium","TheCity"],"potions_floor_usage":[16],"damage_taken":[{"damage":0,"enemies":"Small Slimes","floor":1,"turns":1},{"damage":0,"enemies":"Cultist","floor":5,"turns":1},{"damage":0,"enemies":"Gremlin Nob","floor":6,"turns":1},{"damage":7,"enemies":"2 Louse","floor":8,"turns":2},{"damage":12,"enemies":"Exordium Thugs","floor":10,"turns":4},{"damage":9,"enemies":"Replay:BlueRogue","floor":11,"turns":3},{"damage":36,"enemies":"Lagavulin","floor":13,"turns":7},{"damage":8,"enemies":"Exordium Wildlife","floor":14,"turns":2},{"damage":29,"enemies":"Fading Forest","floor":16,"turns":11},{"damage":10,"enemies":"Spheric Guardian","floor":18,"turns":4},{"damage":7,"enemies":"Shell Parasite","floor":21,"turns":8},{"damage":46,"enemies":"Slavers","floor":23,"turns":5},{"damage":9,"enemies":"Snecko","floor":24,"turns":3},{"damage":11,"enemies":"Snake Plant","floor":25,"turns":2}],"seed_played":"-1965918331139315979","potions_obtained":[{"floor":1,"key":"Ancient Potion"},{"floor":11,"key":"EssenceOfDarkness"},{"floor":16,"key":"Strength Potion"},{"floor":18,"key":"Milkshake"}],"is_trial":false,"path_per_floor":["M","?","$","?","M","E","R","M","T","M","E","?","E","M","R","B",null,"M","?","$","M","$","E","M","M"],"character_chosen":"DEFECT","items_purchased":["Beam Cell","White Noise","Sling","Storm"],"campfire_rested":1,"item_purchase_floors":[3,20,20,20],"current_hp_per_floor":[75,75,75,75,75,75,75,68,68,56,47,47,17,9,31,20,75,67,67,67,60,60,16,9,0,0],"gold":67,"neow_bonus":"THREE_ENEMY_KILL","is_daily":false,"chose_seed":false,"campfire_upgraded":0,"win_rate":0.0,"timestamp":1609342325,"path_taken":["M","?","$","?","?","E","R","M","T","M","E","?","E","M","R","BOSS","M","?","$","M","?","E","?","M"],"items_purchased_type":["Card","Card","Relic","Card"],"build_version":"2020-12-22","purchased_purges":1,"victory":false,"max_hp_per_floor":[75,75,75,75,75,75,75,75,75,75,75,75,75,75,75,75,75,75,75,75,75,75,75,75,75,75],"card_choices":[{"not_picked":["Fusion","Coolheaded"],"picked":"Gash","floor":1},{"not_picked":["Barrage","conspire:Rain","ReplayTheSpireMod:GoodbyeWorld"],"picked":"SKIP","floor":5},{"not_picked":["Rebound","Panic Button","Thunder Strike"],"picked":"SKIP","floor":6},{"not_picked":["Compile Driver","Barrage"],"picked":"Chill","floor":8},{"not_picked":["ReplayTheSpireMod:Repulse","FIFO Queue"],"picked":"Sunder","floor":10},{"not_picked":["Coolheaded","Compile Driver"],"picked":"ReplayRNGCard","floor":11},{"not_picked":["Redo","Hello World"],"picked":"Steam","floor":13},{"not_picked":["Doom and Gloom","Conserve Battery"],"picked":"Auto Shields","floor":14},{"not_picked":["ReplayRNGCard","hubris:DoWhile"],"picked":"Creative AI","floor":16},{"not_picked":["Cold Snap","Darkness+1"],"picked":"Conserve Battery+1","floor":18},{"not_picked":["Blizzard","Stack"],"picked":"Echo Form","floor":21},{"not_picked":["Sweeping Beam","conspire:Rain","Go for the Eyes"],"picked":"SKIP","floor":23},{"not_picked":["Conserve Battery","Darkness+1","Steam Power"],"picked":"SKIP","floor":24}],"player_experience":911083,"relics_obtained":[{"floor":6,"key":"Dota2Spire:BladeMail"},{"floor":9,"key":"Dota2Spire:Desolator"},{"floor":11,"key":"Snack Pack"},{"floor":13,"key":"Dota2Spire:AghanimScepter"},{"floor":23,"key":"Toy Ornithopter"}],"event_choices":[{"damage_healed":0,"gold_gain":0,"player_choice":"Agree","damage_taken":0,"max_hp_gain":0,"max_hp_loss":0,"event_name":"conspire:LoneGhost","floor":2,"gold_loss":0},{"cards_removed":["conspire:GhostlyDefend"],"damage_healed":5,"gold_gain":0,"player_choice":"Offered Special","damage_taken":0,"max_hp_gain":0,"max_hp_loss":0,"event_name":"Bonfire Elementals","floor":4,"gold_loss":0},{"damage_healed":0,"gold_gain":67,"player_choice":"Gained Gold","damage_taken":0,"max_hp_gain":0,"max_hp_loss":0,"event_name":"Golden Wing","floor":12,"gold_loss":0},{"damage_healed":0,"gold_gain":0,"player_choice":"Traded Relic","damage_taken":0,"relics_obtained":["Nloth\u0027s Gift"],"max_hp_gain":0,"max_hp_loss":0,"event_name":"N\u0027loth","floor":19,"relics_lost":["NeowsBlessing"],"gold_loss":0}],"is_beta":false,"boss_relics":[{"not_picked":["Tiny House","Snecko Eye"],"picked":"Ectoplasm"}],"items_purged_floors":[20],"is_endless":false,"potions_floor_spawned":[1,11,16,18,24],"killed_by":"Snake Plant","ascension_level":0}}