{"host":"ggy1mjjy92c62u6a","time":1609338844,"event":{"mods":["10 clothes from DAL","BaseMod","LazyManMod","Minty Spire (QoL Compilation)","Quick Restart","Relic Stats","Shop Mod","Spicy Shops","StSLib","【功能Mod】混沌之环修复补丁","【遗物Mod】死灵法师NEW","【遗物卡牌】REMEMod"],"gold_per_floor":[117,117,134,134,149,182,202,202,202,202,220,200,200,200],"floor_reached":13,"playtime":357,"items_purged":[],"score":89,"play_id":"bd0d3d27-1b32-4b37-a183-a21efd7a56eb","local_time":"20201230223404","is_ascension_mode":true,"campfire_choices":[{"data":"Bone_Shift","floor":8.0,"key":"SMITH"}],"circlet_count":0,"master_deck":["Strike_W","Strike_W","Strike_W","Defend_W","Defend_W","Defend_W","Negative_Energy_Arrows","Bone_Wall","Skeleton_Dragon","Bone_Shift+1","Detonate_Bones","Negative_Energy_Burst","Uncharnel","Vampiric_Strike"],"relics":["Vampire_Amulet","REME_ComplimentaryCards","NeowsBlessing","Sundial","Pen Nib","dwlrmod:ProjectRecorder","Ancient Tea Set"],"acts_visited":["Exordium"],"potions_floor_usage":[11],"damage_taken":[{"damage":0.0,"enemies":"Small Slimes","floor":1.0,"turns":1.0},{"damage":0.0,"enemies":"Jaw Worm","floor":3.0,"turns":1.0},{"damage":0.0,"enemies":"2 Louse","floor":5.0,"turns":1.0},{"damage":27.0,"enemies":"3 Sentries","floor":6.0,"turns":5.0},{"damage":21.0,"enemies":"Exordium Thugs","floor":7.0,"turns":5.0},{"damage":6,"enemies":"Lots of Slimes","floor":11,"turns":3},{"damage":8,"enemies":"Lagavulin","floor":13,"turns":3}],"seed_played":"-8045150773189934266","potions_obtained":[{"floor":1.0,"key":"SpeedPotion"},{"floor":5.0,"key":"ColorlessPotion"},{"floor":11,"key":"LiquidBronze"},{"floor":12,"key":"Ancient Potion"}],"is_trial":false,"path_per_floor":["M","?","M","?","M","E","M","R","T","?","M","?","E"],"character_chosen":"NECROMANCER","items_purchased":[],"campfire_rested":0,"item_purchase_floors":[],"current_hp_per_floor":[75,68,68,68,68,41,20,20,20,13,7,7,3,3],"gold":200,"neow_bonus":"THREE_ENEMY_KILL","is_daily":false,"chose_seed":false,"campfire_upgraded":1,"win_rate":0.0,"timestamp":1609338844,"path_taken":["M","?","M","?","M","E","M","R","T","?","M","?","E"],"items_purchased_type":[],"build_version":"2020-12-22","purchased_purges":0,"victory":false,"max_hp_per_floor":[75,75,75,75,75,75,75,75,75,75,75,75,75,75],"relic_stats":{"counters":[7,19],"Sundial":[4],"Pen Nib":[1],"obtain_stats":[{"dwlrmod:ProjectRecorder":7,"NeowsBlessing":0,"Sundial":2,"Vampire_Amulet":0,"Pen Nib":6,"Ancient Tea Set":9,"REME_ComplimentaryCards":0},{"dwlrmod:ProjectRecorder":5,"NeowsBlessing":0,"Sundial":1,"Vampire_Amulet":0,"Pen Nib":4,"Ancient Tea Set":5,"REME_ComplimentaryCards":0},{"dwlrmod:ProjectRecorder":13,"NeowsBlessing":0,"Sundial":1,"Vampire_Amulet":0,"Pen Nib":8,"Ancient Tea Set":13,"REME_ComplimentaryCards":0}]},"card_choices":[{"not_picked":["finger_Of_Death","ZombiePosion"],"picked":"Bone_Shift","floor":1.0},{"not_picked":["Toxic_Smoke_Screen","Vampiric_Strike","Epidemicn"],"picked":"SKIP","floor":3.0},{"not_picked":["Vampiric_Strike","Negative_Energy_Javelin"],"picked":"Negative_Energy_Burst","floor":5.0},{"not_picked":["Negative_Energy_Burst","Negative_Energy_Sphere","Kotodama"],"picked":"SKIP","floor":6.0},{"not_picked":["Acid_Javelin","Scare"],"picked":"Uncharnel","floor":7.0},{"not_picked":["Toxic_Smoke_Screen","Blood_Whip"],"picked":"Vampiric_Strike","floor":11}],"player_experience":56789,"relics_obtained":[{"floor":6.0,"key":"Pen Nib"},{"floor":7.0,"key":"dwlrmod:ProjectRecorder"},{"floor":9.0,"key":"Ancient Tea Set"}],"event_choices":[{"damage_healed":0.0,"max_hp_gain":0.0,"max_hp_loss":0.0,"gold_gain":0.0,"event_name":"Scrap Ooze","player_choice":"Success","floor":2.0,"gold_loss":0.0,"damage_taken":7.0,"relics_obtained":["Sundial"]},{"damage_healed":0.0,"max_hp_gain":0.0,"max_hp_loss":0.0,"gold_gain":0.0,"cards_transformed":["Strike_W"],"event_name":"Living Wall","player_choice":"Change","floor":4.0,"gold_loss":0.0,"damage_taken":0.0,"cards_obtained":["Detonate_Bones"]},{"cards_removed":["Defend_W"],"damage_healed":0.0,"max_hp_gain":0.0,"max_hp_loss":0.0,"gold_gain":0.0,"event_name":"Golden Wing","player_choice":"Card Removal","floor":10.0,"gold_loss":0.0,"damage_taken":7.0},{"damage_healed":0,"gold_gain":0,"player_choice":"Bought 1 Potion","damage_taken":0,"max_hp_gain":0,"max_hp_loss":0,"event_name":"The Woman in Blue","floor":12,"gold_loss":0}],"is_beta":false,"boss_relics":[],"items_purged_floors":[],"is_endless":false,"potions_floor_spawned":[1,5,11],"killed_by":"Lagavulin","ascension_level":1}}