{"host":"6p0attdrtjqaih7v","time":1609303061,"event":{"mods":["2.2 Compatiblity","AchievementEnabler","Bard","BaseMod","Better Skull","Better Third Choice","Colored Powertips","Hermit","Highlight Path","Jorbs\u0027s Wanderer Trilogy","Key Reminder","Minty Spire (QoL Compilation)","Permanent Neow","Quick Restart","Random Character Button","Relic Stats","Replay The Spire","StSLib","The Construct"],"gold_per_floor":[118,136,150,161,126,152,152,180,203,229,248,248,21,21,21],"floor_reached":14,"playtime":641,"items_purged":["hermit:Strike_Hermit"],"score":209,"play_id":"0a859263-5b22-4d08-833e-78a89036d615","local_time":"20201229233741","is_ascension_mode":true,"campfire_choices":[{"data":"hermit:Brawl","floor":7,"key":"SMITH"}],"circlet_count":0,"master_deck":["AscendersBane","hermit:Strike_Hermit","hermit:Strike_Hermit","hermit:Strike_Hermit","hermit:Defend_Hermit","hermit:Defend_Hermit","hermit:Defend_Hermit","hermit:Defend_Hermit","hermit:Snapshot","hermit:Covet","hermit:HoleUp","hermit:GhostlyPresence","hermit:Snipe","hermit:Brawl+1","hermit:Roulette","Pot Of Greed","Pot Of Greed","hermit:NoHoldsBarred","hermit:Roulette","hermit:CursedWeapon"],"relics":["Painkiller Herb","Potion Belt","Ancient Tea Set","keyreminder:keyreminder","Grinning Jar","Regal Pillow"],"acts_visited":["Exordium"],"potions_floor_usage":[8,8,10,14,14],"damage_taken":[{"damage":2,"enemies":"Cultist","floor":1,"turns":4},{"damage":7,"enemies":"Jaw Worm","floor":2,"turns":3},{"damage":0,"enemies":"Small Slimes","floor":3,"turns":4},{"damage":0,"enemies":"2 Fungi Beasts","floor":4,"turns":5},{"damage":18,"enemies":"Replay:BlueRogue","floor":6,"turns":8},{"damage":25,"enemies":"Lagavulin","floor":8,"turns":6},{"damage":12,"enemies":"3 Sentries","floor":10,"turns":7},{"damage":7,"enemies":"Blue Slaver","floor":11,"turns":3},{"damage":20,"enemies":"Lagavulin","floor":14,"turns":6}],"seed_played":"3634308488449590179","potions_obtained":[{"floor":2,"key":"hermit:Eclipse"},{"floor":3,"key":"Dexterity Potion"},{"floor":4,"key":"Block Potion"},{"floor":6,"key":"hermit:BlackBile"},{"floor":11,"key":"Dexterity Potion"}],"is_trial":false,"path_per_floor":["?","?","?","?","?","E","T","E","T","E","?","?","T","E"],"character_chosen":"HERMIT","items_purchased":["Fruit Juice","hermit:CursedWeapon"],"campfire_rested":0,"item_purchase_floors":[13,13],"current_hp_per_floor":[62,55,55,55,71,53,53,28,28,16,9,9,9,0,0],"gold":21,"neow_bonus":"BOSS_RELIC","is_daily":false,"chose_seed":false,"campfire_upgraded":1,"win_rate":0.0,"timestamp":1609303061,"path_taken":["?","?","?","?","?","E","T","E","T","E","?","?","T","E"],"items_purchased_type":["Potion","Card"],"build_version":"2020-12-22","purchased_purges":1,"victory":false,"max_hp_per_floor":[71,71,71,71,71,71,71,71,71,71,71,71,71,76,76],"relic_stats":{"Regal Pillow":0,"counters":[9,46],"obtain_stats":[{"Potion Belt":6,"keyreminder:keyreminder":8,"Regal Pillow":10,"Painkiller Herb":0,"Grinning Jar":9,"Ancient Tea Set":8,"hermit:Momento":0},{"Potion Belt":5,"keyreminder:keyreminder":6,"Regal Pillow":7,"Painkiller Herb":0,"Grinning Jar":6,"Ancient Tea Set":6,"hermit:Momento":0},{"Potion Belt":24,"keyreminder:keyreminder":30,"Regal Pillow":37,"Painkiller Herb":0,"Grinning Jar":30,"Ancient Tea Set":30,"hermit:Momento":0}]},"card_choices":[{"not_picked":["hermit:Glare","hermit:Misfire"],"picked":"hermit:HoleUp","floor":1},{"not_picked":["hermit:Quickdraw","hermit:Deadeye"],"picked":"hermit:GhostlyPresence","floor":2},{"not_picked":["hermit:BigShot","hermit:Quickdraw"],"picked":"hermit:Snipe","floor":3},{"not_picked":["hermit:Dive","hermit:CalledShot"],"picked":"hermit:Brawl","floor":4},{"not_picked":["hermit:Gambit","hermit:HighCaliber","hermit:Desperado"],"picked":"SKIP","floor":6},{"not_picked":["hermit:CalledShot","hermit:Dive"],"picked":"hermit:Roulette","floor":8},{"not_picked":["hermit:Dive","hermit:LoneWolf"],"picked":"hermit:NoHoldsBarred","floor":10},{"not_picked":["hermit:Quickdraw","hermit:Feint"],"picked":"hermit:Roulette","floor":11}],"player_experience":925797,"relics_obtained":[{"floor":6,"key":"Potion Belt"},{"floor":8,"key":"Ancient Tea Set"},{"floor":9,"key":"Grinning Jar"},{"floor":10,"key":"Regal Pillow"}],"event_choices":[{"damage_healed":17,"gold_gain":0,"player_choice":"Healed","damage_taken":0,"max_hp_gain":0,"max_hp_loss":0,"event_name":"The Cleric","floor":5,"gold_loss":35},{"damage_healed":0,"gold_gain":1,"player_choice":"LEAVE","damage_taken":0,"max_hp_gain":0,"max_hp_loss":0,"event_name":"betterThird:BetterScrap","floor":12,"gold_loss":0,"cards_obtained":["All For One"]}],"is_beta":false,"boss_relics":[],"items_purged_floors":[13],"is_endless":false,"potions_floor_spawned":[2,3,4,6,11],"killed_by":"Lagavulin","ascension_level":18}}