{"host":"94aus4jnk6thj94q","time":1609358240,"event":{"mods":["BaseMod","Minty Spire (QoL Compilation)","Quick Restart","StSLib"],"gold_per_floor":[117,192,192,157,172,200,200,231,254,254,281,281,24,24,24,128,128,143,143,143,154,3,3,3,16,16,0,0,0,26,26,26,123,123,135,135,150,150,168,179,179,179,204,204,204,222,222,241,241,241,241],"floor_reached":50,"playtime":2890,"items_purged":[],"score":522,"play_id":"2c0b883a-d8e8-4243-b512-57095cb5b42d","local_time":"20201230215719","is_ascension_mode":false,"campfire_choices":[{"floor":10.0,"key":"RECALL"},{"floor":12.0,"key":"REST"},{"data":"Zap","floor":15.0,"key":"SMITH"},{"floor":23.0,"key":"REST"},{"floor":28.0,"key":"REST"},{"data":"Dualcast","floor":32.0,"key":"SMITH"},{"data":"Blizzard","floor":42.0,"key":"SMITH"},{"floor":45.0,"key":"REST"},{"floor":47,"key":"REST"},{"floor":49,"key":"REST"}],"circlet_count":0,"master_deck":["Strike_B","Strike_B","Strike_B","Strike_B","Defend_B","Defend_B+1","Defend_B","Defend_B","Zap+1","Dualcast+1","Ball Lightning","Conserve Battery","Cold Snap","Cold Snap","Cold Snap","Electrodynamics","Zap+1","Leap+1","Chaos+1","Electrodynamics","Chill+1","Blizzard+1","Doubt","Madness","Madness","Blizzard+1","Self Repair+1"],"relics":["Cracked Core","NeowsBlessing","Oddly Smooth Stone","CaptainsWheel","Blood Vial","HornCleat","SacredBark","War Paint","Ornamental Fan","Pantograph","Velvet Choker","Potion Belt"],"acts_visited":["Exordium","TheCity","TheBeyond"],"potions_floor_usage":[48,50,50],"damage_taken":[{"damage":0.0,"enemies":"2 Louse","floor":1.0,"turns":1.0},{"damage":0.0,"enemies":"Small Slimes","floor":5.0,"turns":1.0},{"damage":0.0,"enemies":"3 Sentries","floor":6.0,"turns":1.0},{"damage":4.0,"enemies":"Gremlin Nob","floor":8.0,"turns":4.0},{"damage":23.0,"enemies":"Lagavulin","floor":11.0,"turns":7.0},{"damage":29.0,"enemies":"Hexaghost","floor":16.0,"turns":13.0},{"damage":6.0,"enemies":"Shell Parasite","floor":18.0,"turns":7.0},{"damage":13.0,"enemies":"3 Byrds","floor":21.0,"turns":2.0},{"damage":11.0,"enemies":"Sentry and Sphere","floor":25.0,"turns":6.0},{"damage":8.0,"enemies":"Book of Stabbing","floor":30.0,"turns":5.0},{"damage":78.0,"enemies":"Automaton","floor":33.0,"turns":14.0},{"damage":4.0,"enemies":"Orb Walker","floor":35.0,"turns":3.0},{"damage":1.0,"enemies":"3 Shapes","floor":37.0,"turns":4.0},{"damage":12.0,"enemies":"Spire Growth","floor":39.0,"turns":5.0},{"damage":27.0,"enemies":"Maw","floor":40.0,"turns":11.0},{"damage":66,"enemies":"Writhing Mass","floor":46,"turns":9},{"damage":0,"enemies":"4 Shapes","floor":48,"turns":3},{"damage":84,"enemies":"Donu and Deca","floor":50,"turns":8}],"seed_played":"-5258777450629374225","potions_obtained":[{"floor":8.0,"key":"Fruit Juice"},{"floor":11.0,"key":"Strength Potion"},{"floor":16.0,"key":"Swift Potion"},{"floor":21.0,"key":"LiquidBronze"},{"floor":35.0,"key":"PotionOfCapacity"},{"floor":38.0,"key":"LiquidMemories"},{"floor":38.0,"key":"EssenceOfDarkness"},{"floor":38.0,"key":"CultistPotion"},{"floor":39.0,"key":"DistilledChaos"},{"floor":40.0,"key":"Swift Potion"}],"is_trial":false,"path_per_floor":["M","?","?","?","M","E","T","E","T","R","E","R","$","?","R","B",null,"M","?","?","M","$","R","$","M","T","?","R","$","E","?","R","B",null,"M","$","M","?","M","M","?","R","T","?","R","M","R","M","R","B"],"character_chosen":"DEFECT","items_purchased":["HornCleat","War Paint"],"campfire_rested":6,"item_purchase_floors":[13,22],"current_hp_per_floor":[75,64,64,75,75,75,75,71,71,71,48,70,70,70,70,48,80,74,74,74,63,63,80,80,69,69,69,80,80,72,72,72,2,80,76,76,77,77,67,42,80,80,80,70,80,14,38,40,64,0,0],"gold":241,"neow_bonus":"THREE_ENEMY_KILL","is_daily":false,"chose_seed":false,"campfire_upgraded":3,"win_rate":0.0,"timestamp":1609358239,"path_taken":["M","?","?","?","?","E","?","E","T","R","E","R","$","?","R","BOSS","M","?","?","?","$","R","$","M","T","?","R","$","E","?","R","BOSS","M","$","M","?","?","M","?","R","T","?","R","M","R","M","R","BOSS"],"items_purchased_type":["Relic","Relic"],"build_version":"2020-12-22","purchased_purges":0,"victory":false,"max_hp_per_floor":[75,75,75,75,75,75,75,75,75,75,75,75,75,75,75,80,80,80,80,80,80,80,80,80,80,80,80,80,80,80,80,80,80,80,80,80,80,80,80,80,80,80,80,80,80,80,80,80,80,80,80],"card_choices":[{"not_picked":["Gash","Turbo"],"picked":"Ball Lightning","floor":1.0},{"not_picked":["Gash","Leap"],"picked":"Conserve Battery","floor":5.0},{"not_picked":["Go for the Eyes","Thunder Strike"],"picked":"Cold Snap","floor":6.0},{"not_picked":["FTL","Creative AI"],"picked":"Cold Snap","floor":8.0},{"not_picked":["Rebound","Storm"],"picked":"Cold Snap","floor":11.0},{"not_picked":["Hyperbeam","Fission"],"picked":"Electrodynamics","floor":16.0},{"not_picked":["Steam","Beam Cell","Gash+1"],"picked":"SKIP","floor":18.0},{"not_picked":["Stack","BootSequence+1"],"picked":"Leap+1","floor":21.0},{"not_picked":["Stack","Force Field","Barrage"],"picked":"SKIP","floor":25.0},{"not_picked":["Beam Cell+1","All For One"],"picked":"Chaos+1","floor":30.0},{"not_picked":["Creative AI","Machine Learning"],"picked":"Electrodynamics","floor":33.0},{"not_picked":["Leap","Coolheaded","Auto Shields"],"picked":"SKIP","floor":35.0},{"not_picked":["Turbo","Barrage"],"picked":"Chill+1","floor":37.0},{"not_picked":["FTL","White Noise"],"picked":"Blizzard","floor":39.0},{"not_picked":["Sweeping Beam+1","Undo+1","Skim+1"],"picked":"SKIP","floor":40.0},{"not_picked":["Stack+1","Fission"],"picked":"Blizzard+1","floor":46},{"not_picked":["Double Energy","Cold Snap+1"],"picked":"Self Repair+1","floor":48}],"player_experience":5657209,"relics_obtained":[{"floor":6.0,"key":"Oddly Smooth Stone"},{"floor":7.0,"key":"CaptainsWheel"},{"floor":11.0,"key":"Blood Vial"},{"floor":26.0,"key":"Ornamental Fan"},{"floor":30.0,"key":"Pantograph"},{"floor":43.0,"key":"Potion Belt"}],"event_choices":[{"damage_healed":0.0,"max_hp_gain":0.0,"max_hp_loss":0.0,"gold_gain":75.0,"event_name":"World of Goop","player_choice":"Gather Gold","floor":2.0,"gold_loss":0.0,"damage_taken":11.0},{"damage_healed":0.0,"max_hp_gain":0.0,"max_hp_loss":0.0,"gold_gain":0.0,"event_name":"Scrap Ooze","player_choice":"Fled","floor":3.0,"gold_loss":0.0,"damage_taken":0.0},{"damage_healed":18.0,"max_hp_gain":0.0,"max_hp_loss":0.0,"gold_gain":0.0,"event_name":"The Cleric","player_choice":"Healed","floor":4.0,"gold_loss":35.0,"damage_taken":0.0},{"damage_healed":0.0,"max_hp_gain":0.0,"max_hp_loss":0.0,"gold_gain":0.0,"event_name":"Golden Wing","player_choice":"Ignored","floor":14.0,"gold_loss":0.0,"damage_taken":0.0},{"damage_healed":0.0,"max_hp_gain":0.0,"max_hp_loss":0.0,"gold_gain":0.0,"event_name":"Beggar","player_choice":"Ignored","floor":19.0,"gold_loss":0.0,"damage_taken":0.0},{"damage_healed":0.0,"max_hp_gain":0.0,"max_hp_loss":0.0,"gold_gain":0.0,"event_name":"Match and Keep!","player_choice":"1 cards matched","floor":20.0,"gold_loss":0.0,"damage_taken":0.0,"cards_obtained":["Zap"]},{"damage_healed":0.0,"max_hp_gain":0.0,"max_hp_loss":0.0,"gold_gain":0.0,"event_name":"Masked Bandits","player_choice":"Paid Fearfully","floor":27.0,"gold_loss":16.0,"damage_taken":0.0},{"damage_healed":0.0,"max_hp_gain":0.0,"max_hp_loss":0.0,"gold_gain":0.0,"event_name":"Cursed Tome","player_choice":"Ignored","floor":31.0,"gold_loss":0.0,"damage_taken":0.0},{"damage_healed":0.0,"max_hp_gain":0.0,"max_hp_loss":0.0,"gold_gain":0.0,"event_name":"Lab","player_choice":"Got Potions","floor":38.0,"gold_loss":0.0,"damage_taken":0.0},{"damage_healed":38.0,"max_hp_gain":0.0,"max_hp_loss":0.0,"gold_gain":0.0,"event_name":"MindBloom","player_choice":"Heal","floor":41.0,"gold_loss":0.0,"damage_taken":0.0,"cards_obtained":["Doubt"]},{"damage_healed":0.0,"max_hp_gain":0.0,"max_hp_loss":0.0,"gold_gain":0.0,"event_name":"Winding Halls","player_choice":"Embrace Madness","floor":44.0,"gold_loss":0.0,"damage_taken":10.0,"cards_obtained":["Madness","Madness"]}],"is_beta":false,"boss_relics":[{"not_picked":["Pandora\u0027s Box","Philosopher\u0027s Stone"],"picked":"SacredBark"},{"not_picked":["Busted Crown","Cursed Key"],"picked":"Velvet Choker"}],"items_purged_floors":[],"is_endless":false,"potions_floor_spawned":[8,11,16,21,35,39,40],"killed_by":"Donu and Deca","ascension_level":0}}