{"host":"atstxq8orq8kt1et","time":1609324530,"event":{"mods":["AchievementEnabler","BaseMod","Colored Map","Googly Eyes","Minty Spire (QoL Compilation)","Replay The Spire","StSLib","slay the spire mod where everything is the same but ironclad has a cowboy hat"],"gold_per_floor":[115,132,57,57,76,76,104,104,104,135,148,148,161,8,8,103,103,120,70,90,104,114,126,126,126,126,126,79,79,93,111,111,208,208,227,227,227,246,63,63,75,95,95,105,137,149,166,178,178,178,178],"floor_reached":50,"playtime":3958,"items_purged":["Regret"],"score":565,"play_id":"6570d81f-5f3f-4fac-aedb-560aecc66f84","local_time":"20201230023530","is_ascension_mode":false,"campfire_choices":[{"data":"Noxious Fumes","floor":6,"key":"SMITH"},{"floor":8,"key":"REST"},{"data":"Blade Dance","floor":12,"key":"SMITH"},{"data":"Deadly Poison","floor":15,"key":"SMITH"},{"floor":25,"key":"REST"},{"floor":27,"key":"REST"},{"data":"Adrenaline","floor":32,"key":"SMITH"},{"data":"1","floor":40,"key":"LIFT"},{"floor":49,"key":"REST"}],"circlet_count":0,"master_deck":["Strike_G","Strike_G","Strike_G","Strike_G","Strike_G","Defend_G","Defend_G","Defend_G","Defend_G","Defend_G","Survivor","Neutralize","Deflect","Noxious Fumes+1","Sneak Up","Noxious Fumes","Pot Of Greed","Pot Of Greed","Adrenaline+1","Blade Dance+1","Deadly Poison+1","Doppelganger","Skewer","Accuracy","Flying Knee","Deadly Poison","Pot Of Greed","Blade Dance","Slice","Dagger Throw","Bouncing Flask","Night Terror","Venomology","Replay:Bootleg Shield Generator","Dramatic Entrance","Swift Strike","Pot Of Greed","Bane+1","Infinite Blades","Slice","Deadly Poison+1","Catalyst+1","Glass Knife","Accuracy+1","Noxious Fumes+1","Riddle With Holes+1"],"relics":["Quantum Egg","MealTicket","Nunchaku","Meat on the Bone","Grinning Jar","Blood Vial","WristBlade","InkBottle","Nloth\u0027s Gift","Replay:Ancient Bell","PreservedInsect","Mercury Hourglass","Girya","ReplayTheSpireMod:TigerMarble","Ninja Scroll","Basket Of Snakes"],"acts_visited":["Exordium","TheCity","TheBeyond"],"potions_floor_usage":[7,10,16,30,33,33,42,44,45,45,50,50,50,50],"damage_taken":[{"damage":4,"enemies":"2 Louse","floor":1,"turns":3},{"damage":2,"enemies":"Jaw Worm","floor":2,"turns":6},{"damage":0,"enemies":"Cultist","floor":5,"turns":5},{"damage":27,"enemies":"Lagavulin","floor":7,"turns":9},{"damage":15,"enemies":"3 Sentries","floor":10,"turns":6},{"damage":16,"enemies":"Gremlin Gang","floor":11,"turns":4},{"damage":0,"enemies":"Looter","floor":13,"turns":3},{"damage":13,"enemies":"Hexaghost","floor":16,"turns":7},{"damage":8,"enemies":"Shell Parasite","floor":18,"turns":5},{"damage":0,"enemies":"Chosen","floor":20,"turns":4},{"damage":11,"enemies":"Sentry and Sphere","floor":21,"turns":5},{"damage":30,"enemies":"3 Cultists","floor":22,"turns":5},{"damage":37,"enemies":"Snecko","floor":23,"turns":5},{"damage":17,"enemies":"Centurion and Healer","floor":30,"turns":4},{"damage":1,"enemies":"Shelled Parasite and Fungi","floor":31,"turns":2},{"damage":40,"enemies":"Champ","floor":33,"turns":8},{"damage":10,"enemies":"3 Shapes","floor":35,"turns":4},{"damage":1,"enemies":"Orb Walker","floor":38,"turns":2},{"damage":2,"enemies":"Jaw Worm Horde","floor":41,"turns":3},{"damage":24,"enemies":"3 Darklings","floor":42,"turns":3},{"damage":35,"enemies":"Writhing Mass","floor":44,"turns":4},{"damage":4,"enemies":"Nemesis","floor":45,"turns":3},{"damage":17,"enemies":"Jaw Worm Horde","floor":46,"turns":3},{"damage":0,"enemies":"3 Darklings","floor":47,"turns":2},{"damage":9,"enemies":"4 Shapes","floor":48,"turns":3},{"damage":74,"enemies":"Awakened One","floor":50,"turns":5}],"seed_played":"-5535575789694438808","potions_obtained":[{"floor":2,"key":"Regen Potion"},{"floor":7,"key":"CultistPotion"},{"floor":13,"key":"Dexterity Potion"},{"floor":16,"key":"Swift Potion"},{"floor":21,"key":"Milkshake"},{"floor":23,"key":"Energy Potion"},{"floor":30,"key":"Reflective Coating"},{"floor":31,"key":"Strength Potion"},{"floor":35,"key":"ColorlessPotion"},{"floor":38,"key":"Languid Potion"},{"floor":48,"key":"LifebloodPotion"}],"is_trial":false,"path_per_floor":["M","M","$","?","M","R","E","R","T","E","M","R","M","$","R","B",null,"M","?","M","M","M","M","?","R","T","R","$","?","M","M","R","B",null,"M","?","?","M","$","R","M","M","T","M","E","M","M","M","R","B"],"character_chosen":"THE_SILENT","items_purchased":["Blood Vial","Slice","Infinite Blades","ReplayTheSpireMod:TigerMarble"],"campfire_rested":4,"item_purchase_floors":[14,28,39,39],"current_hp_per_floor":[66,64,64,52,52,52,40,61,61,46,42,42,42,57,57,46,70,62,62,64,55,39,16,7,28,28,49,64,64,49,50,50,24,70,60,50,50,51,66,66,66,44,44,23,33,30,44,37,58,0,0],"gold":178,"neow_bonus":"RANDOM_EVENT","is_daily":false,"chose_seed":false,"campfire_upgraded":4,"win_rate":0.0,"timestamp":1609324530,"path_taken":["M","M","$","?","M","R","E","R","T","E","M","R","M","?","R","BOSS","M","?","M","?","?","M","?","R","T","R","$","?","M","?","R","BOSS","M","?","?","M","$","R","M","M","T","M","E","?","M","M","R","BOSS"],"items_purchased_type":["Relic","Card","Card","Relic"],"build_version":"2020-12-22","purchased_purges":1,"victory":false,"max_hp_per_floor":[70,70,70,70,70,70,70,70,70,70,70,70,70,70,70,70,70,70,70,70,70,70,70,70,70,70,70,70,70,70,70,70,70,70,70,70,70,70,70,70,70,70,70,70,70,70,70,70,70,70,70],"card_choices":[{"not_picked":["Dagger Throw","PiercingWail"],"picked":"Deflect","floor":1},{"not_picked":["Acrobatics","Deflect"],"picked":"Noxious Fumes","floor":2},{"not_picked":["Deflect","Dodge and Roll"],"picked":"Sneak Up","floor":5},{"not_picked":["Backflip","Bane"],"picked":"Noxious Fumes","floor":7},{"not_picked":["Bane","Poisoned Stab"],"picked":"Adrenaline","floor":10},{"not_picked":["Underhanded Strike","ReplayTheSpireMod:Shiv Toss"],"picked":"Blade Dance","floor":11},{"not_picked":["Dodge and Roll","Deflect"],"picked":"Deadly Poison","floor":13},{"not_picked":["After Image","Phantasmal Killer"],"picked":"Doppelganger","floor":16},{"not_picked":["PiercingWail+1","ReplayTheSpireMod:Speed Training"],"picked":"Skewer","floor":18},{"not_picked":["Predator+1","Dagger Spray"],"picked":"Accuracy","floor":20},{"not_picked":["Dagger Spray","Dodge and Roll"],"picked":"Flying Knee","floor":21},{"not_picked":["Deflect","Replay:Poison Smokescreen+1"],"picked":"Deadly Poison","floor":22},{"not_picked":["Hidden Blade+1","Cloak And Dagger+1"],"picked":"Blade Dance","floor":23},{"not_picked":["Wraith Form v2","Acrobatics"],"picked":"Dagger Throw","floor":30},{"not_picked":["Deadly Poison+1","ReplayTheSpireMod:Tripwire"],"picked":"Bouncing Flask","floor":31},{"not_picked":["Glass Knife","Die Die Die"],"picked":"Night Terror","floor":33},{"not_picked":["Looming Evil","Normality"],"picked":"Doubt","floor":34},{"not_picked":["Regret","Looming Evil"],"picked":"Delirium","floor":34},{"not_picked":["ReplayTheSpireMod:Faulty Equipment","Looming Evil"],"picked":"Clumsy","floor":34},{"not_picked":["Deflect","All Out Attack"],"picked":"Venomology","floor":35},{"not_picked":["Mind Blast","Finesse"],"picked":"Replay:Bootleg Shield Generator","floor":36},{"not_picked":["Replay:Parry","Forethought"],"picked":"Dramatic Entrance","floor":36},{"not_picked":["Secret Technique","Replay:Bootleg Shield Generator"],"picked":"Swift Strike","floor":36},{"not_picked":["Sucker Punch+1","ReplayTheSpireMod:Scrap Shanks+1"],"picked":"Bane+1","floor":38},{"not_picked":["Poisoned Stab+1","Predator+1"],"picked":"Slice","floor":41},{"not_picked":["Dagger Throw","Eviscerate"],"picked":"Deadly Poison+1","floor":42},{"not_picked":["Underhanded Strike","Sneak Up"],"picked":"Catalyst+1","floor":44},{"not_picked":["Flying Knee+1","A Thousand Cuts"],"picked":"Glass Knife","floor":45},{"not_picked":["Sucker Punch","PiercingWail"],"picked":"Accuracy+1","floor":46},{"not_picked":["Finisher","Crippling Poison+1"],"picked":"Noxious Fumes+1","floor":47},{"not_picked":["All Out Attack","Calculated Gamble"],"picked":"Riddle With Holes+1","floor":48}],"player_experience":71536,"relics_obtained":[{"floor":7,"key":"Nunchaku"},{"floor":9,"key":"Meat on the Bone"},{"floor":10,"key":"Grinning Jar"},{"floor":26,"key":"InkBottle"},{"floor":43,"key":"Ninja Scroll"},{"floor":45,"key":"Basket Of Snakes"}],"event_choices":[{"damage_healed":0,"gold_gain":0,"player_choice":"Box","damage_taken":0,"relics_obtained":["Quantum Egg"],"max_hp_gain":0,"max_hp_loss":0,"event_name":"Big Fish","floor":0,"gold_loss":0,"cards_obtained":["Regret"]},{"damage_healed":0,"gold_gain":0,"player_choice":"Success","damage_taken":12,"relics_obtained":["MealTicket"],"max_hp_gain":0,"max_hp_loss":0,"event_name":"Scrap Ooze","floor":4,"gold_loss":0},{"damage_healed":0,"gold_gain":0,"player_choice":"Bet on Murderer","damage_taken":0,"max_hp_gain":0,"max_hp_loss":0,"event_name":"The Joust","floor":19,"gold_loss":50},{"damage_healed":0,"gold_gain":0,"player_choice":"Stopped","damage_taken":9,"max_hp_gain":0,"max_hp_loss":0,"event_name":"Cursed Tome","floor":24,"gold_loss":0},{"damage_healed":0,"gold_gain":0,"player_choice":"Traded Relic","damage_taken":0,"relics_obtained":["Nloth\u0027s Gift"],"max_hp_gain":0,"max_hp_loss":0,"event_name":"N\u0027loth","floor":29,"relics_lost":["Ring of the Snake"],"gold_loss":0},{"damage_healed":0,"gold_gain":0,"player_choice":"Memory 3","damage_taken":10,"max_hp_gain":0,"max_hp_loss":0,"event_name":"SensoryStone","floor":36,"gold_loss":0},{"cards_removed":["Clumsy","Delirium","Doubt"],"damage_healed":0,"gold_gain":0,"player_choice":"Removed Curses","damage_taken":0,"max_hp_gain":0,"max_hp_loss":0,"event_name":"Fountain of Cleansing","floor":37,"gold_loss":0}],"is_beta":false,"boss_relics":[{"not_picked":["ChewingGum","Replay:Bronze Core"],"picked":"WristBlade"},{"not_picked":["Coffee Dripper","Tiny House"],"picked":"Replay:Ancient Bell"},{"not_picked":["Replay:Bandana","Art of War"],"picked":"PreservedInsect"},{"not_picked":["Mummified Hand","ReplayTheSpireMod:Shallot"],"picked":"Mercury Hourglass"},{"not_picked":["Peace Pipe","TungstenRod"],"picked":"Girya"}],"items_purged_floors":[3],"is_endless":false,"potions_floor_spawned":[2,7,13,16,21,23,30,31,35,38,48],"killed_by":"Awakened One","ascension_level":0}}