{"host":"xxhtr116qcwgg7n8","time":1609362580,"event":{"mods":["BaseMod","Downfall","KinomotoSakuraMod(木之本樱)","Minty Spire (QoL Compilation)","Remilia（蕾米莉亚）","Replay The Spire","RumiaBox-露米娅的神秘盒子","SOS（斯巴达之子）","StSLib","Td1madao Mod","The Administrix","Waifu the Spire","WarShipGirlsR/战舰少女R mod","【功能Mod】混沌之环修复补丁","【角色mod】十八桐人"],"gold_per_floor":[110,110,110,128,147,182,182,216,240,256,256,256,256,267,267,368,368,380,399,399,324,324,324,649,649,649,109,138,138,152,171,171,272,272,272],"floor_reached":34,"playtime":1599,"items_purged":["Strike_Black"],"score":398,"play_id":"3d0996aa-3bcd-4a1b-9323-a002d4d0fe45","local_time":"20201231050940","is_ascension_mode":false,"campfire_choices":[{"data":"StarBurstStream_Black","floor":7.0,"key":"SMITH"},{"floor":11.0,"key":"RECALL"},{"data":"TakeAdvantage_Black","floor":15.0,"key":"SMITH"},{"data":"Elucidator_Black","floor":23.0,"key":"SMITH"},{"data":"Intimidate_Black","floor":25.0,"key":"SMITH"},{"data":"1","floor":29.0,"key":"LIFT"},{"data":"2","floor":32.0,"key":"LIFT"}],"circlet_count":0,"master_deck":["Strike_Black","Strike_Black","Strike_Black","Defend_Black","Defend_Black","Observe_Black","Track_Black+1","StarBurstStream_Black+1","SmokeScreen_Black","WartimeReply_Black","Intimidate_Black+1","SwordDance_Black","TakeAdvantage_Black+1","Elucidator_Black+1","FlashPuncture_Black+1","Spitting_Black","Spitting_Black+1","DarkRepulser_Black"],"relics":["TheHeartOfYui","Aincard","NeowsBlessing","MidnightCoat","Happy Flower","Black Star","Meat on the Bone","Old Coin","Bottled Lightning","Mercury Hourglass","Girya","Medical Kit","Darkstone Periapt","Oddly Smooth Stone"],"acts_visited":[],"potions_floor_usage":[],"damage_taken":[{"damage":0.0,"enemies":"Small Slimes","floor":1.0,"turns":1.0},{"damage":0.0,"enemies":"Cultist","floor":4.0,"turns":1.0},{"damage":0.0,"enemies":"2 Louse","floor":5.0,"turns":1.0},{"damage":17.0,"enemies":"3 Sentries","floor":6.0,"turns":12.0},{"damage":3.0,"enemies":"Gremlin Nob","floor":8.0,"turns":5.0},{"damage":3.0,"enemies":"2 Fungi Beasts","floor":10.0,"turns":5.0},{"damage":0.0,"enemies":"Looter","floor":14.0,"turns":4.0},{"damage":14.0,"enemies":"The Guardian","floor":16.0,"turns":7.0},{"damage":1.0,"enemies":"Shell Parasite","floor":18.0,"turns":5.0},{"damage":38.0,"enemies":"2 Thieves","floor":19.0,"turns":5.0},{"damage":26.0,"enemies":"Book of Stabbing","floor":24.0,"turns":5.0},{"damage":24.0,"enemies":"Gremlin Leader","floor":28.0,"turns":4.0},{"damage":21.0,"enemies":"Shelled Parasite and Fungi","floor":30.0,"turns":3.0},{"damage":19.0,"enemies":"3 Cultists","floor":31.0,"turns":5.0},{"damage":29.0,"enemies":"Champ","floor":33.0,"turns":7.0}],"seed_played":"3753831154311648847","potions_obtained":[{"floor":1.0,"key":"EntropicBrew"},{"floor":5.0,"key":"Energy Potion"},{"floor":6.0,"key":"Slimebound:SlimedPotion"},{"floor":13.0,"key":"AttackPotion"},{"floor":18.0,"key":"Ancient Potion"},{"floor":28.0,"key":"Fruit Juice"},{"floor":30.0,"key":"Dexterity Potion"},{"floor":33.0,"key":"BlessingOfTheForge"}],"is_trial":false,"path_per_floor":["M","?","?","M","M","E","R","E","T","M","R","?","?","M","R","B",null,"M","M","?","?","?","R","E","R","T","$","E","R","M","M","R","B",null],"character_chosen":"THE_KIRITO","items_purchased":["Girya","Medical Kit"],"campfire_rested":0,"item_purchase_floors":[27,27],"current_hp_per_floor":[80,80,80,80,80,63,63,76,76,79,79,74,74,74,74,80,80,80,54,54,54,54,54,40,40,40,40,41,41,40,41,41,48,48,48],"gold":272,"neow_bonus":"THREE_ENEMY_KILL","is_daily":false,"chose_seed":false,"campfire_upgraded":4,"win_rate":0.0,"timestamp":1609362580,"path_taken":["M","?","?","M","?","E","R","E","T","M","R","?","?","?","R","BOSS","M","?","?","?","?","R","E","R","T","$","E","R","M","M","R","BOSS"],"items_purchased_type":["Relic","Relic"],"build_version":"2020-12-22","purchased_purges":1,"victory":false,"max_hp_per_floor":[80,80,80,80,80,80,80,80,80,80,80,80,80,80,80,80,80,80,80,80,80,80,80,80,80,80,80,85,85,85,85,85,85,85,85],"card_choices":[{"not_picked":["StarBurstStream_Black","DefensiveStance_Black"],"picked":"Track_Black","floor":1.0},{"not_picked":["Defender_Black","PrewarPrepare_Black"],"picked":"StarBurstStream_Black","floor":4.0},{"not_picked":["Kiriko_Black","PrewarPrepare_Black"],"picked":"SmokeScreen_Black","floor":5.0},{"not_picked":["CuttingEdge_Black","WeakHit_Black"],"picked":"WartimeReply_Black","floor":6.0},{"not_picked":["DoubleCut_Black","SmokeScreen_Black"],"picked":"Intimidate_Black","floor":8.0},{"not_picked":["Attacker_Black","Mark_Black"],"picked":"SwordDance_Black","floor":10.0},{"not_picked":["Attacker_Black","DoubleAttack_Black"],"picked":"TakeAdvantage_Black","floor":14.0},{"not_picked":["CureCrystal_Black","Eclipse_Black"],"picked":"Elucidator_Black","floor":16.0},{"not_picked":["ThespeedofsoundToattack_Black","SwordDance_Black","Thrust_Black"],"picked":"SKIP","floor":18.0},{"not_picked":["PrewarPrepare_Black","SwordDance_Black","Flash_Black"],"picked":"SKIP","floor":19.0},{"not_picked":["TheEnd_Black","DoubleAttack_Black"],"picked":"FlashPuncture_Black+1","floor":24.0},{"not_picked":["SpiritCrash_Black","SharpClaw_Black"],"picked":"Spitting_Black","floor":28.0},{"not_picked":["SelfCongested_Black","SharpCut_Black","WeakHit_Black"],"picked":"SKIP","floor":30.0},{"not_picked":["HorizontalSquareChopping_Black","WithoutFear_Black"],"picked":"Spitting_Black+1","floor":31.0},{"not_picked":["ThrowKnife_Black","Elucidator_Black"],"picked":"DarkRepulser_Black","floor":33.0}],"player_experience":171506,"relics_obtained":[{"floor":6.0,"key":"MidnightCoat"},{"floor":8.0,"key":"Happy Flower"},{"floor":24.0,"key":"Old Coin"},{"floor":24.0,"key":"Bottled Lightning"},{"floor":26.0,"key":"Mercury Hourglass"},{"floor":28.0,"key":"Darkstone Periapt"},{"floor":28.0,"key":"Oddly Smooth Stone"}],"event_choices":[{"damage_healed":0.0,"max_hp_gain":0.0,"max_hp_loss":0.0,"gold_gain":0.0,"event_name":"Living Wall","player_choice":"Grow","floor":2.0,"gold_loss":0.0,"damage_taken":0.0,"cards_upgraded":["Track_Black"]},{"damage_healed":0.0,"max_hp_gain":0.0,"max_hp_loss":0.0,"gold_gain":0.0,"event_name":"NoteForYourself","player_choice":"Ignored","floor":3.0,"gold_loss":0.0,"damage_taken":0.0},{"cards_removed":["Defend_Black"],"damage_healed":0.0,"max_hp_gain":0.0,"max_hp_loss":0.0,"gold_gain":0.0,"event_name":"Golden Wing","player_choice":"Card Removal","floor":12.0,"gold_loss":0.0,"damage_taken":7.0},{"damage_healed":0.0,"max_hp_gain":0.0,"max_hp_loss":0.0,"gold_gain":0.0,"event_name":"Lab","player_choice":"Got Potions","floor":13.0,"gold_loss":0.0,"damage_taken":0.0},{"cards_removed":["Defend_Black"],"damage_healed":0.0,"max_hp_gain":0.0,"max_hp_loss":0.0,"gold_gain":0.0,"event_name":"Beggar","player_choice":"Gave Gold","floor":21.0,"gold_loss":75.0,"damage_taken":0.0},{"damage_healed":0.0,"max_hp_gain":0.0,"max_hp_loss":0.0,"gold_gain":0.0,"event_name":"The Mausoleum","player_choice":"Opened","floor":22.0,"gold_loss":0.0,"damage_taken":0.0,"relics_obtained":["Meat on the Bone"]}],"is_beta":false,"boss_relics":[{"not_picked":["Calling Bell","Coffee Dripper"],"picked":"Black Star"}],"items_purged_floors":[27],"is_endless":false,"potions_floor_spawned":[1,5,6,18,28,30,33],"ascension_level":0}}