{"host":"ggy1mjjy92c62u6a","time":1609340104,"event":{"mods":["10 clothes from DAL","BaseMod","LazyManMod","Minty Spire (QoL Compilation)","Quick Restart","Relic Stats","Shop Mod","Spicy Shops","StSLib","【功能Mod】混沌之环修复补丁","【遗物Mod】死灵法师NEW","【遗物卡牌】REMEMod"],"gold_per_floor":[117,117,67,67,67,67,80,80,80,80,95,108,121,296,296,296,296],"floor_reached":16,"playtime":604,"items_purged":[],"score":90,"play_id":"7e4b7331-9e2c-4572-a01f-6b93deb9d963","local_time":"20201230225504","is_ascension_mode":false,"campfire_choices":[{"data":"Vigilance","floor":6.0,"key":"SMITH"},{"data":"REME_CRH","floor":8.0,"key":"SMITH"},{"data":"Eruption","floor":10.0,"key":"SMITH"},{"data":"JustLucky","floor":15.0,"key":"SMITH"}],"circlet_count":0,"master_deck":["Strike_P","Strike_P","Strike_P","Defend_P","Defend_P","Defend_P","Defend_P","Eruption+1","Vigilance+1","REME_CRH+1","FollowUp","EmptyBody","JustLucky+1","Nirvana+1","Doubt"],"relics":["PureWater","REME_ComplimentaryCards","NeowsBlessing","Frozen Egg 2","Pear"],"acts_visited":["Exordium"],"potions_floor_usage":[16,16],"damage_taken":[{"damage":0.0,"enemies":"Small Slimes","floor":1.0,"turns":1.0},{"damage":0.0,"enemies":"Jaw Worm","floor":7.0,"turns":1.0},{"damage":0.0,"enemies":"Cultist","floor":11.0,"turns":1.0},{"damage":0.0,"enemies":"2 Fungi Beasts","floor":12.0,"turns":2.0},{"damage":0.0,"enemies":"Blue Slaver","floor":13.0,"turns":2.0},{"damage":81,"enemies":"Hexaghost","floor":16,"turns":16}],"seed_played":"-7968885869253830894","potions_obtained":[{"floor":7.0,"key":"PowerPotion"},{"floor":13.0,"key":"SkillPotion"}],"is_trial":false,"path_per_floor":["M","$","?","?","$","R","M","R","T","R","M","M","M","?","R","B"],"character_chosen":"WATCHER","items_purchased":[],"campfire_rested":0,"item_purchase_floors":[],"current_hp_per_floor":[72,72,72,69,69,69,69,69,79,79,79,79,79,79,79,0,0],"gold":296,"neow_bonus":"THREE_ENEMY_KILL","is_daily":false,"chose_seed":false,"campfire_upgraded":4,"win_rate":0.0,"timestamp":1609340104,"path_taken":["M","$","?","?","?","R","M","R","T","R","M","?","M","?","R","BOSS"],"items_purchased_type":[],"build_version":"2020-12-22","purchased_purges":0,"victory":false,"max_hp_per_floor":[72,72,72,72,72,72,72,72,82,82,82,82,82,82,82,82,82],"relic_stats":{"counters":[6,23],"obtain_stats":[{"Pear":9,"NeowsBlessing":0,"PureWater":0,"Frozen Egg 2":4,"REME_ComplimentaryCards":0},{"Pear":2,"NeowsBlessing":0,"PureWater":0,"Frozen Egg 2":1,"REME_ComplimentaryCards":0},{"Pear":2,"NeowsBlessing":0,"PureWater":0,"Frozen Egg 2":1,"REME_ComplimentaryCards":0}]},"card_choices":[{"not_picked":["PathToVictory","Evaluate"],"picked":"FollowUp","floor":1.0},{"not_picked":["Crescendo","CrushJoints"],"picked":"EmptyBody","floor":7.0},{"not_picked":["EmptyMind","SashWhip","BowlingBash"],"picked":"SKIP","floor":11.0},{"not_picked":["Consecrate","Crescendo"],"picked":"JustLucky","floor":12.0},{"not_picked":["CutThroughFate","REME_EmptyShield"],"picked":"Nirvana+1","floor":13.0}],"player_experience":57152,"relics_obtained":[{"floor":9.0,"key":"Pear"}],"event_choices":[{"cards_removed":["Strike_P"],"damage_healed":0.0,"max_hp_gain":0.0,"max_hp_loss":0.0,"gold_gain":0.0,"event_name":"The Cleric","player_choice":"Card Removal","floor":3.0,"gold_loss":50.0,"damage_taken":0.0},{"damage_healed":0.0,"max_hp_gain":0.0,"max_hp_loss":0.0,"gold_gain":0.0,"event_name":"Scrap Ooze","player_choice":"Success","floor":4.0,"gold_loss":0.0,"damage_taken":3.0,"relics_obtained":["Frozen Egg 2"]},{"damage_healed":0.0,"max_hp_gain":0.0,"max_hp_loss":0.0,"gold_gain":175.0,"event_name":"Liars Game","player_choice":"AGREE","floor":14.0,"gold_loss":0.0,"damage_taken":0.0,"cards_obtained":["Doubt"]}],"is_beta":false,"boss_relics":[],"items_purged_floors":[],"is_endless":false,"potions_floor_spawned":[7,13],"killed_by":"Hexaghost","ascension_level":0}}