{"host":"i0dqv19ybe2atd47","time":1609304067,"event":{"mods":["2.2 Compatiblity","AchievementEnabler","Act Like it!","BaseMod","Bestiary","BetterRewards","CapriCore","ChefMod","Colored Map","Conspire","Curses Come First","Downfall","FutureSeer","GungeonMod","Hallownest","Hermit","Kratos Character Expansion","Melee Mod","Minty Spire (QoL Compilation)","Quick Restart","Rare Cards Sparkle","Replay The Spire","Robot Space Explorer","StSLib","The Bug Knight","The Caster","The Cursed","The Disciple","The Dragon Tamer","The Jungle","The Marked","The Necromancer","The Runesmith","The Trickster","The Wild Card","TheLocksmith","TheVacant"],"gold_per_floor":[114,129,129,145,160,160,178,204,204,204,215,249,33,44,44,141,141,159,159,159,170,7,7,7,7,25,1,1,1,14,24,40,51,65,65,65,65,65],"floor_reached":36,"playtime":3697,"items_purged":[],"score":370,"play_id":"6d4f74b8-1419-4337-b7d3-9c4c685661c8","local_time":"20201229235427","is_ascension_mode":false,"metric_token":2387,"campfire_choices":[{"data":"DTMod:BlazingStrike","floor":6,"key":"SMITH"},{"floor":10,"key":"REST"},{"floor":15,"key":"REST"},{"data":"DTMod:Inferno","floor":25,"key":"SMITH"},{"data":"DTMod:BuildUp","floor":29,"key":"SMITH"},{"floor":35,"key":"REST"}],"dtmod_dragon_data":[35,50,1,-1,12,0],"circlet_count":0,"master_deck":["DTMod:Strike","DTMod:Strike","DTMod:Strike","DTMod:Strike","DTMod:DoubleHit","DTMod:TargetDefense","DTMod:TargetDefense","DTMod:TargetDefense","DTMod:TargetDefense","DTMod:SwitchingTactic","DTMod:DarkBreath","DTMod:Punisher","Pot Of Greed","Pot Of Greed","DTMod:BlazingStrike+1","DTMod:LowKick","DTMod:QuickFly","DTMod:MasterPlan","DTMod:Hide","DTMod:QuickFly","DTMod:Observe","DTMod:Observe","DTMod:BuildUp","DTMod:Threaten","DTMod:Inferno+1","DTMod:BreakAttack","Pot Of Greed","DTMod:BreakAttack","DTMod:DragonDance","DTMod:BuildUp+1","DTMod:BlueScale","DTMod:Cover","DTMod:ComboAttack","DTMod:FlameSlash","DTMod:HeatWave","DTMod:ComboAttack+1","DTMod:FlameSlash","DTMod:CleansingStrike+1"],"relics":["DTMod:PactStone","Grinning Jar","conspire:TopHat","Quantum Egg","ReplayTheSpireMod:Lightbulb","conspire:SpecialSausage","Bottled Flame","theJungle:WildStrawberry"],"acts_visited":["Exordium","Exordium","theJungle:Jungle"],"potions_floor_usage":[36,36,36],"damage_taken":[{"damage":6,"enemies":"Jaw Worm","floor":1,"turns":4},{"damage":0,"enemies":"Cultist","floor":2,"turns":4},{"damage":0,"enemies":"2 Louse","floor":4,"turns":2},{"damage":0,"enemies":"2 Fungi Beasts","floor":5,"turns":2},{"damage":0,"enemies":"Exordium Wildlife","floor":7,"turns":3},{"damage":0,"enemies":"HollowMod:MossKnight","floor":8,"turns":11},{"damage":0,"enemies":"Large Slime","floor":11,"turns":4},{"damage":0,"enemies":"conspire:MimicChest","floor":12,"turns":8},{"damage":0,"enemies":"Exordium Thugs","floor":14,"turns":4},{"damage":0,"enemies":"Hexaghost","floor":16,"turns":13},{"damage":1,"enemies":"Shell Parasite","floor":18,"turns":5},{"damage":0,"enemies":"theJungle:GiantWrat","floor":21,"turns":3},{"damage":5,"enemies":"theJungle:2_Flameangoes","floor":26,"turns":3},{"damage":5,"enemies":"DemoMod:Veteran_shot_gun_kin_and_bullet_kin","floor":30,"turns":1},{"damage":0,"enemies":"DemoMod:2_Veteran_bullet_kins_and_red_shotgun_kin","floor":31,"turns":1},{"damage":5,"enemies":"DemoMod:Veteran_shot_gun_kin_and_blue_shotgun_kin_with_gunsinger","floor":32,"turns":1},{"damage":5,"enemies":"DemoMod:Veteran_shot_gun_kin_and_blue_shotgun_kin","floor":33,"turns":1},{"damage":5,"enemies":"DemoMod:Veteran_shot_gun_kin_and_red_shotgun_kin_with_gunsinger","floor":34,"turns":1},{"damage":53,"enemies":"DemoMod:ResourcefulRat","floor":36,"turns":13}],"seed_played":"-2671779017226123944","potions_obtained":[{"floor":1,"key":"sneckomod:MuddlingPotion"},{"floor":4,"key":"PowerPotion"},{"floor":7,"key":"Flashbang"},{"floor":32,"key":"Explosive Potion"},{"floor":34,"key":"BlessingOfTheForge"}],"is_trial":false,"path_per_floor":["M","M","?","M","M","R","M","E","T","R","M","?","$","M","R","B",null,"M","T","?","M","$","PTL","PTL","R","M","$","T","R","M","M","M","M","M","R","B"],"character_chosen":"THE_DT","items_purchased":["DemoMod:GnawedKey","DTMod:Observe","DTMod:BuildUp","DTMod:DragonDance","DTMod:BuildUp","DTMod:BlueScale","DTMod:ComboAttack"],"campfire_rested":3,"item_purchase_floors":[13,13,13,22,22,22,27],"current_hp_per_floor":[43,43,43,43,43,43,43,43,43,49,49,49,49,49,49,49,49,48,48,41,41,41,41,41,41,36,36,56,56,51,51,46,41,36,52,0,0,0],"gold":65,"neow_bonus":"TEN_PERCENT_HP_BONUS","is_daily":false,"chose_seed":false,"campfire_upgraded":3,"win_rate":0.0,"timestamp":1609304067,"path_taken":["M","M","?","M","M","R","M","E","T","R","?","?","?","?","R","BOSS","M","?","?","M","?","PTL","PTL","R","M","$","T","R","M","M","M","M","M","R","BOSS"],"items_purchased_type":["Relic","Card","Card","Card","Card","Card","Card"],"build_version":"2020-12-22","purchased_purges":0,"victory":false,"max_hp_per_floor":[49,49,49,49,49,49,49,49,49,49,49,49,49,49,49,49,49,49,49,56,56,56,56,56,56,56,56,56,56,56,56,56,56,56,56,56,56,56],"card_choices":[{"not_picked":["DTMod:Adaptation","DTMod:Threaten"],"picked":"DTMod:DarkBreath","floor":1},{"not_picked":["DTMod:DeepFocus","DTMod:Conduct"],"picked":"DTMod:Punisher","floor":2},{"not_picked":["DTMod:RunningTactic","DTMod:BurningEnergy"],"picked":"DTMod:BlazingStrike","floor":4},{"not_picked":["DTMod:Harmonize","DTMod:MagicField"],"picked":"DTMod:LowKick","floor":5},{"not_picked":["DTMod:Punisher","DTMod:Feint"],"picked":"DTMod:QuickFly","floor":7},{"not_picked":["DTMod:Cover","DTMod:BizarreTactic"],"picked":"DTMod:MasterPlan","floor":8},{"not_picked":["DTMod:Multitask","DTMod:Feint"],"picked":"DTMod:Hide","floor":11},{"not_picked":["DTMod:Feint","DTMod:Punisher"],"picked":"DTMod:QuickFly","floor":12},{"not_picked":["DTMod:BurningEnergy","DTMod:Punisher"],"picked":"DTMod:Threaten","floor":14},{"not_picked":["DTMod:LightShield","DTMod:Safeguard"],"picked":"DTMod:Inferno","floor":16},{"not_picked":["DTMod:TagTeam","DTMod:Threaten+1"],"picked":"DTMod:BreakAttack","floor":18},{"not_picked":["DTMod:Dissolve","DTMod:MagicField"],"picked":"DTMod:BreakAttack","floor":21},{"not_picked":["DTMod:Feint","DTMod:Haste"],"picked":"DTMod:Cover","floor":26},{"not_picked":["DTMod:Feint","DTMod:Cover"],"picked":"DTMod:FlameSlash","floor":30},{"not_picked":["DTMod:SneakAttack","DTMod:BreakAttack+1"],"picked":"DTMod:HeatWave","floor":31},{"not_picked":["DTMod:Punisher","DTMod:MagicField+1"],"picked":"DTMod:ComboAttack+1","floor":32},{"not_picked":["DTMod:BurningEnergy+1","DTMod:CrossStep+1"],"picked":"DTMod:FlameSlash","floor":33},{"not_picked":["DTMod:Haste","DTMod:MasterPlan"],"picked":"DTMod:CleansingStrike+1","floor":34}],"player_experience":22783,"relics_obtained":[{"floor":3,"key":"Grinning Jar"},{"floor":8,"key":"conspire:TopHat"},{"floor":9,"key":"Quantum Egg"},{"floor":12,"key":"ReplayTheSpireMod:Lightbulb"},{"floor":19,"key":"Bottled Flame"}],"event_choices":[{"damage_healed":0,"gold_gain":0,"player_choice":"Relic","damage_taken":0,"max_hp_gain":0,"max_hp_loss":0,"event_name":"Wheel of Change","floor":3,"gold_loss":0}],"is_beta":false,"boss_relics":[{"not_picked":["Velvet Choker","conspire:SeveredTorchhead"],"picked":"conspire:SpecialSausage"}],"items_purged_floors":[],"is_endless":false,"potions_floor_spawned":[1,4,7,18,32,34],"killed_by":"DemoMod:ResourcefulRat","ascension_level":0}}