{"host":"eeeqmyc7a1933jos","time":1609345758,"event":{"mods":["2.2 Compatiblity","Act Like it!","BaseMod","CapriCore","Colored Powertips","Conspire","Downfall","Elementarium","Friendly Minions","Gensokyo","GifTheSpireLib","Gremlin Mod","Hallownest","Hermit","Hubris","Infinite Spire","Jorbs\u0027s Wanderer Trilogy","Marisa????????","Mimic Mod","Minty Spire (QoL Compilation)","Pale of the Ancients","Random Character Button","Random Character Mod","Reimu??????","Relic Sorter","Relic Stats","Replay The Spire","SIMod","Shade Mod","StSLib","The Administrix","The Bug Knight","The Hierophant","The Immortal","The Mystic","The Runesmith","The Senshi","The Vixen","TheBandit","TheFirefly","TheVacant","Wandering Minibosses"],"gold_per_floor":[209,209,227,227,238,254,287,287,287,298,317,116,128,143,143,240,240,259,259,113,113,128,144,144,144,169,59,89,89,104,115,115,219,219,235,253,322,334,334,659,659,659,698,748,167,192,221,75,75,93,273,352,352,19,19,98,98,146,146,206],"floor_reached":61,"playtime":5892,"items_purged":["MokouMod:Strike","MokouMod:Strike","Doubt","MokouMod:Defend"],"score":1477,"play_id":"1bc83a13-c285-46a0-a290-d03ced824288","local_time":"20201230172918","is_ascension_mode":false,"campfire_choices":[{"data":"MokouMod:InfernalWave","floor":8,"key":"SMITH"},{"data":"MokouMod:Burn","floor":25,"key":"SMITH"},{"floor":29,"key":"REST"},{"data":"Gensokyo:Doppelganger","floor":32,"key":"SMITH"},{"data":"hubris:Fate","floor":42,"key":"SMITH"},{"data":"MokouMod:FlareStarter","floor":49,"key":"SMITH"},{"data":"MokouMod:HeatCyclone","floor":55,"key":"SMITH"},{"data":"MokouMod:Cataclysm","floor":57,"key":"SMITH"}],"circlet_count":0,"master_deck":["MokouMod:Strike","MokouMod:Defend","MokouMod:Defend","MokouMod:Defend","MokouMod:HeatSpark","MokouMod:FlareStarter+1","MokouMod:Fireball","MokouMod:WarmUp+1","MokouMod:InfernalWave+1","MokouMod:GuidingSmoke","MokouMod:Cataclysm+1","MokouMod:IndiscriminateIgnition","MokouMod:Extinguish+1","MokouMod:Burn+1","MokouMod:Overheat","Writhe","Gensokyo:Doppelganger+1","MokouMod:Ventilation+1","MokouMod:HeatCyclone+1","MokouMod:ShiftIgnition+1","MokouMod:Meltdown+1","MokouMod:Afterburner","MokouMod:PhoenixForm+1","MokouMod:HeatFactory","MokouMod:BlazingComet+1","MokouMod:ResonanceReactor+1","MokouMod:ResonanceReactor+1","MokouMod:IcarusDive","hubris:Fate+1","MokouMod:Refresh+1","MokouMod:InfernalWave+1","Secret Technique","MokouMod:IndiscriminateIgnition","MokouMod:BlazingComet+1","hexamod:Haunted","ReplayTheSpireMod:Doomed","MokouMod:BurningDraft+1","MokouMod:Meltdown+1","MokouMod:RisingSunBarrier+1","hubris:Lust"],"relics":["MokouMod:PhoenixFeather","infinitespire:Beetle Shell","Ring of Greed","Replay:Bandana","ReplayTheSpireMod:Ring of Challenge","Pear","Replay:Rubber Ducky","Potion Belt","hubris:AstralHammer","Runic Pyramid","Gensokyo:Companionship","conspire:TreasureMap","infinitespire:Lychee Nut","Happy Flower","hubris:GlazedTorus","Orichalcum","CaptainsWheel","Pondfish Scales","conspire:GlowingRock","hubris:HerbalPaste","RedLine:ReiMu","Prayer Wheel","OrangePellets","Replay:Towering Pillar of Hats","TheAbacus","Frozen Egg 2","hubris:Teleporter","Guide Book","Old Coin","hubris:EmptyBottle","Blood Vial","hubris:Zylophone","Gambling Chip","Ice Cream","Medical Kit","Replay:Wax Seal","DollysMirror","infinitespire:PuzzleCube","Torii","hubris:Metronome","Anchor","paleoftheancients:Timepiece","Coffee Dripper","Gremlin Horn","Bird Faced Urn","paleoftheancients:SoulOfTheWatcher","ReplayTheSpireMod:Lightbulb","Replay:Mystery Machine"],"acts_visited":["Exordium","Gensokyo:Gensokyo","Gensokyo:Gensokyoer","Gensokyo:Gensokyoest"],"potions_floor_usage":[7,11,16,23,31,38,52,52,56,56],"damage_taken":[{"damage":11,"enemies":"Gensokyo:Python","floor":1,"turns":3},{"damage":2,"enemies":"Gensokyo:3_Fairies","floor":3,"turns":6},{"damage":3,"enemies":"Gensokyo:2_Kodama","floor":5,"turns":3},{"damage":6,"enemies":"Gensokyo:Gryphon_and_Rabbit","floor":6,"turns":4},{"damage":15,"enemies":"Gensokyo:Cirno","floor":7,"turns":5},{"damage":13,"enemies":"Gensokyo:CorruptedTreant","floor":10,"turns":4},{"damage":6,"enemies":"Gensokyo:Kitsune","floor":11,"turns":3},{"damage":0,"enemies":"Gensokyo:LivingMonolith","floor":13,"turns":3},{"damage":12,"enemies":"Gensokyo:VengefulSpirit","floor":14,"turns":7},{"damage":31,"enemies":"Gensokyo:Yukari","floor":16,"turns":14},{"damage":14,"enemies":"Gensokyo:2_Gloops","floor":18,"turns":6},{"damage":4,"enemies":"Gensokyo:3_Dogs","floor":22,"turns":5},{"damage":17,"enemies":"Gensokyo:Swordslinger","floor":23,"turns":5},{"damage":39,"enemies":"Gensokyo:Tenshi","floor":28,"turns":5},{"damage":6,"enemies":"Gensokyo:Slime_Group","floor":30,"turns":5},{"damage":38,"enemies":"Gensokyo:Chomper_and_Gloop","floor":31,"turns":6},{"damage":47,"enemies":"Gensokyo:Eiki","floor":33,"turns":8},{"damage":10,"enemies":"Gensokyo:3_Boulders","floor":35,"turns":6},{"damage":5,"enemies":"Gensokyo:AncientGuardian","floor":36,"turns":3},{"damage":14,"enemies":"Gensokyo:Sharpion","floor":38,"turns":8},{"damage":5,"enemies":"Gensokyo:Marisa","floor":40,"turns":5},{"damage":5,"enemies":"Gensokyo:3_Boulders","floor":43,"turns":6},{"damage":7,"enemies":"Gensokyo:3_Boulders","floor":46,"turns":6},{"damage":11,"enemies":"Gensokyo:Dusk_and_Dawn","floor":47,"turns":3},{"damage":0,"enemies":"Gensokyo:Shinki","floor":50,"turns":5},{"damage":0,"enemies":"Gensokyo:Shinki","floor":51,"turns":2},{"damage":8,"enemies":"Gensokyo:Shinki","floor":52,"turns":3},{"damage":38,"enemies":"Gensokyo:Shinki","floor":56,"turns":6},{"damage":5,"enemies":"paleoftheancients:N","floor":60,"turns":3}],"seed_played":"8142932505439495571","potions_obtained":[{"floor":5,"key":"Fire Potion"},{"floor":7,"key":"DuplicationPotion"},{"floor":10,"key":"Strength Potion"},{"floor":13,"key":"Elixir"},{"floor":18,"key":"ZuzhouPotion:ReiMu"},{"floor":22,"key":"ZuzhouPotion:ReiMu"},{"floor":23,"key":"LiquidMemories"},{"floor":35,"key":"PowerPotion"},{"floor":37,"key":"LiquidMemories"},{"floor":38,"key":"LiquidMemories"},{"floor":51,"key":"ColorlessPotion"},{"floor":52,"key":"BlessingOfTheForge"}],"is_trial":false,"path_per_floor":["M","?","M","?","M","M","E","R","T","M","M","COS","M","M","R","B",null,"M","?","COS","?","M","M","?","R","T","$","E","R","M","M","R","B",null,"M","M","?","M","AVR","E","?","R","MIM","?","$","M","M","$","R","B","M","M","?","$","R","M","R","T","?","B",null],"character_chosen":"MKU","items_purchased":["MokouMod:HeatCyclone","DollysMirror","Secret Technique","infinitespire:PuzzleCube","Anchor","ReplayTheSpireMod:Lightbulb"],"campfire_rested":1,"item_purchase_floors":[27,45,45,45,48,54],"current_hp_per_floor":[64,71,69,64,61,55,40,40,40,27,21,21,21,9,36,5,92,78,78,78,78,62,48,48,48,48,48,15,33,33,1,1,15,62,57,57,42,49,49,62,38,38,55,55,55,60,56,56,56,62,62,61,61,61,61,46,46,46,46,62],"gold":206,"neow_bonus":"HUNDRED_GOLD","is_daily":false,"chose_seed":false,"campfire_upgraded":7,"win_rate":0.0,"timestamp":1609345758,"path_taken":["M","?","M","?","M","?","E","R","T","M","M","COS","M","M","R","BOSS","M","?","COS","?","M","M","?","R","T","?","E","R","M","M","R","BOSS","M","M","?","M","AVR","E","?","R","MIM","?","$","M","M","?","R","BOSS","M","M","?","$","R","M","R","T","?","BOSS"],"items_purchased_type":["Card","Relic","Card","Relic","Relic","Relic"],"build_version":"2020-12-22","purchased_purges":4,"victory":true,"max_hp_per_floor":[75,82,82,92,92,92,92,92,92,92,92,92,92,92,92,92,92,92,92,92,83,62,62,62,62,62,62,62,62,62,62,62,62,62,62,62,62,62,62,62,62,62,62,62,62,62,62,62,62,62,62,62,62,62,62,62,62,62,62,62],"relic_stats":{"Happy Flower":[26],"Torii":0,"Gremlin Horn":[7,7],"counters":[29,148],"Orichalcum":[30],"Medical Kit":[0],"Blood Vial":11,"OrangePellets":[5],"TheAbacus":[150],"Gambling Chip":[16],"Bird Faced Urn":[12],"Prayer Wheel":7,"obtain_stats":[{"Ice Cream":43,"hubris:Metronome":46,"Torii":46,"Gremlin Horn":50,"hubris:EmptyBottle":40,"Replay:Mystery Machine":58,"Replay:Rubber Ducky":7,"RedLine:ReiMu":34,"Old Coin":40,"Blood Vial":40,"conspire:GlowingRock":33,"Replay:Bandana":44,"hubris:HerbalPaste":33,"TheAbacus":36,"Gensokyo:Companionship":18,"hubris:AstralHammer":16,"DollysMirror":45,"Gambling Chip":43,"Prayer Wheel":35,"paleoftheancients:SoulOfTheWatcher":52,"Replay:Wax Seal":44,"Runic Pyramid":17,"hubris:GlazedTorus":28,"Potion Belt":9,"conspire:TreasureMap":20,"Pear":4,"hubris:Teleporter":38,"Happy Flower":26,"Replay:Towering Pillar of Hats":36,"Guide Book":38,"infinitespire:Beetle Shell":39,"Ring of Greed":44,"Orichalcum":28,"Frozen Egg 2":37,"Medical Kit":43,"hubris:Zylophone":41,"paleoftheancients:Timepiece":50,"OrangePellets":35,"CaptainsWheel":30,"Pondfish Scales":31,"Anchor":48,"infinitespire:Lychee Nut":22,"Bird Faced Urn":52,"MokouMod:PhoenixFeather":0,"Coffee Dripper":50,"ReplayTheSpireMod:Ring of Challenge":44,"ReplayTheSpireMod:Lightbulb":54,"infinitespire:PuzzleCube":45},{"Ice Cream":22,"hubris:Metronome":23,"Torii":23,"Gremlin Horn":25,"hubris:EmptyBottle":21,"Replay:Mystery Machine":28,"Replay:Rubber Ducky":5,"RedLine:ReiMu":17,"Old Coin":21,"Blood Vial":21,"conspire:GlowingRock":17,"Replay:Bandana":22,"hubris:HerbalPaste":17,"TheAbacus":19,"Gensokyo:Companionship":11,"hubris:AstralHammer":10,"DollysMirror":22,"Gambling Chip":22,"Prayer Wheel":18,"paleoftheancients:SoulOfTheWatcher":27,"Replay:Wax Seal":22,"Runic Pyramid":10,"hubris:GlazedTorus":14,"Potion Belt":5,"conspire:TreasureMap":11,"Pear":2,"hubris:Teleporter":20,"Happy Flower":13,"Replay:Towering Pillar of Hats":19,"Guide Book":20,"infinitespire:Beetle Shell":20,"Ring of Greed":22,"Orichalcum":14,"Frozen Egg 2":19,"Medical Kit":22,"hubris:Zylophone":21,"paleoftheancients:Timepiece":25,"OrangePellets":18,"CaptainsWheel":15,"Pondfish Scales":16,"Anchor":24,"infinitespire:Lychee Nut":12,"Bird Faced Urn":27,"MokouMod:PhoenixFeather":0,"Coffee Dripper":25,"ReplayTheSpireMod:Ring of Challenge":22,"ReplayTheSpireMod:Lightbulb":27,"infinitespire:PuzzleCube":22},{"Ice Cream":120,"hubris:Metronome":126,"Torii":126,"Gremlin Horn":134,"hubris:EmptyBottle":114,"Replay:Mystery Machine":145,"Replay:Rubber Ducky":21,"RedLine:ReiMu":92,"Old Coin":114,"Blood Vial":114,"conspire:GlowingRock":92,"Replay:Bandana":120,"hubris:HerbalPaste":92,"TheAbacus":101,"Gensokyo:Companionship":53,"hubris:AstralHammer":52,"DollysMirror":120,"Gambling Chip":120,"Prayer Wheel":98,"paleoftheancients:SoulOfTheWatcher":139,"Replay:Wax Seal":120,"Runic Pyramid":52,"hubris:GlazedTorus":73,"Potion Belt":21,"conspire:TreasureMap":58,"Pear":9,"hubris:Teleporter":109,"Happy Flower":68,"Replay:Towering Pillar of Hats":101,"Guide Book":109,"infinitespire:Beetle Shell":109,"Ring of Greed":120,"Orichalcum":73,"Frozen Egg 2":101,"Medical Kit":120,"hubris:Zylophone":114,"paleoftheancients:Timepiece":134,"OrangePellets":98,"CaptainsWheel":78,"Pondfish Scales":84,"Anchor":129,"infinitespire:Lychee Nut":63,"Bird Faced Urn":139,"MokouMod:PhoenixFeather":0,"Coffee Dripper":134,"ReplayTheSpireMod:Ring of Challenge":120,"ReplayTheSpireMod:Lightbulb":139,"infinitespire:PuzzleCube":120}]},"card_choices":[{"not_picked":["MokouMod:IgneousBlow","MokouMod:IndiscriminateIgnition"],"picked":"MokouMod:FlareStarter","floor":1},{"not_picked":["MokouMod:Firecracker","MokouMod:IgnitionBlast"],"picked":"MokouMod:Fireball","floor":3},{"not_picked":["MokouMod:CrimsonArmoury","MokouMod:ResoluteFlare"],"picked":"MokouMod:WarmUp","floor":5},{"not_picked":["MokouMod:Singe","MokouMod:UncontrollableSolarReaction"],"picked":"MokouMod:InfernalWave","floor":6},{"not_picked":["MokouMod:InfernalWave","MokouMod:Firecracker"],"picked":"MokouMod:GuidingSmoke","floor":7},{"not_picked":["MokouMod:IllusoryBattlefield","MokouMod:Fireball"],"picked":"MokouMod:Cataclysm","floor":10},{"not_picked":["MokouMod:UncontrollableSolarReaction","MokouMod:IllusoryBattlefield"],"picked":"MokouMod:IndiscriminateIgnition","floor":11},{"not_picked":["MokouMod:Singe","MokouMod:HeatTransfer","MokouMod:Firecracker"],"picked":"SKIP","floor":13},{"not_picked":["MokouMod:FlareStarter+1","MokouMod:FlickeringFlame+1"],"picked":"MokouMod:Extinguish+1","floor":14},{"not_picked":["MokouMod:FlamingFireTalons","MokouMod:Combust"],"picked":"MokouMod:Burn","floor":14},{"not_picked":["MokouMod:Rekindle","MokouMod:ProfanedFlare"],"picked":"MokouMod:RadiantBlade","floor":16},{"not_picked":["MokouMod:UncontrollableSolarReaction","MokouMod:Fireball"],"picked":"MokouMod:Overheat","floor":18},{"not_picked":["Gensokyo:RedCapeBlueCape","Gensokyo:EightFeetTall"],"picked":"Gensokyo:Doppelganger","floor":21},{"not_picked":["MokouMod:SearingShot","MokouMod:RetainTemperature","MokouMod:HeatTransfer+1"],"picked":"SKIP","floor":22},{"not_picked":["MokouMod:RoaringFlare+1","MokouMod:IgneousBlow","MokouMod:HeartofFire"],"picked":"SKIP","floor":23},{"not_picked":["MokouMod:EternalBurstReactor","MokouMod:SearingShot+1"],"picked":"MokouMod:ShiftIgnition","floor":28},{"not_picked":["MokouMod:EternalBurstReactor","MokouMod:ScorchedEarth"],"picked":"MokouMod:Meltdown+1","floor":30},{"not_picked":["MokouMod:Geothermal","MokouMod:ControlledCombustion+1"],"picked":"MokouMod:Afterburner","floor":31},{"not_picked":["MokouMod:Rebirth","MokouMod:BurningHiddenBullet"],"picked":"MokouMod:PhoenixForm","floor":33},{"not_picked":["MokouMod:RisingSunBarrier","MokouMod:Stoke+1"],"picked":"MokouMod:HeatFactory","floor":35},{"not_picked":["MokouMod:FlareStarter+1","MokouMod:CrimsonFlare+1"],"picked":"MokouMod:BlazingComet+1","floor":36},{"not_picked":["MokouMod:Cataclysm","MokouMod:InfernalWave","MokouMod:FlareStarter+1"],"picked":"SKIP","floor":36},{"not_picked":["MokouMod:Firecracker","MokouMod:ScorchingColumn+1"],"picked":"MokouMod:ResonanceReactor+1","floor":37},{"not_picked":["MokouMod:ScorchingColumn","MokouMod:InfernalWave+1"],"picked":"MokouMod:ResonanceReactor+1","floor":38},{"not_picked":["MokouMod:IcarusDive","MokouMod:FlickeringFlame","MokouMod:Scorch+1"],"picked":"SKIP","floor":38},{"not_picked":["MokouMod:FlickeringFlame","MokouMod:Scorch+1"],"picked":"MokouMod:IcarusDive","floor":38},{"not_picked":["MokouMod:SearingShot","MokouMod:IgnitionBlast+1"],"picked":"MokouMod:Refresh+1","floor":40},{"not_picked":["MokouMod:Trailblazer","MokouMod:Stoke"],"picked":"MokouMod:IndiscriminateIgnition","floor":46},{"not_picked":["MokouMod:EternalBurstReactor+1","MokouMod:FlareStarter+1"],"picked":"MokouMod:BlazingComet+1","floor":46},{"not_picked":["MokouMod:ScorchingColumn+1","MokouMod:UncontrollableSolarReaction+1","MokouMod:AdaptivePyromancy+1"],"picked":"SKIP","floor":47},{"not_picked":["MokouMod:FusionFlare","MokouMod:BurningHiddenBullet","MokouMod:UncontrollableSolarReaction+1"],"picked":"SKIP","floor":47},{"not_picked":["MokouMod:FujiyamaVolcano+1","MokouMod:SearingShot"],"picked":"MokouMod:BurningDraft+1","floor":51},{"not_picked":["MokouMod:Scorch","MokouMod:EternalBurstReactor"],"picked":"MokouMod:Meltdown+1","floor":51},{"not_picked":["MokouMod:Wildfire","MokouMod:Overheat"],"picked":"MokouMod:RisingSunBarrier+1","floor":52},{"not_picked":["MokouMod:RoaringFlare","MokouMod:UncontrollableSolarReaction","MokouMod:TemporalFireSeal"],"picked":"SKIP","floor":52},{"not_picked":["MokouMod:Firecracker+1","MokouMod:CrimsonFlare+1","MokouMod:Burn"],"picked":"SKIP","floor":56},{"not_picked":["MokouMod:Burn","MokouMod:RoaringFlare+1","MokouMod:Singe"],"picked":"SKIP","floor":56}],"player_experience":1382705,"relics_obtained":[{"floor":7,"key":"Replay:Rubber Ducky"},{"floor":9,"key":"Potion Belt"},{"floor":16,"key":"hubris:AstralHammer"},{"floor":22,"key":"infinitespire:Lychee Nut"},{"floor":26,"key":"Happy Flower"},{"floor":28,"key":"hubris:GlazedTorus"},{"floor":28,"key":"Orichalcum"},{"floor":30,"key":"CaptainsWheel"},{"floor":31,"key":"Pondfish Scales"},{"floor":33,"key":"conspire:GlowingRock"},{"floor":33,"key":"hubris:HerbalPaste"},{"floor":35,"key":"Prayer Wheel"},{"floor":35,"key":"OrangePellets"},{"floor":36,"key":"Replay:Towering Pillar of Hats"},{"floor":36,"key":"TheAbacus"},{"floor":37,"key":"Frozen Egg 2"},{"floor":38,"key":"hubris:Teleporter"},{"floor":38,"key":"Guide Book"},{"floor":40,"key":"Old Coin"},{"floor":40,"key":"hubris:EmptyBottle"},{"floor":40,"key":"Blood Vial"},{"floor":43,"key":"Gambling Chip"},{"floor":43,"key":"Ice Cream"},{"floor":43,"key":"Medical Kit"},{"floor":44,"key":"ReplayTheSpireMod:Ring of Challenge"},{"floor":44,"key":"Ring of Greed"},{"floor":44,"key":"Replay:Bandana"},{"floor":44,"key":"Replay:Wax Seal"},{"floor":46,"key":"Torii"},{"floor":46,"key":"hubris:Metronome"},{"floor":52,"key":"Bird Faced Urn"},{"floor":52,"key":"paleoftheancients:SoulOfTheWatcher"},{"floor":58,"key":"Replay:Mystery Machine"}],"event_choices":[],"is_beta":false,"boss_relics":[{"not_picked":["conspire:RunicOctahedron","Velvet Choker"],"picked":"Runic Pyramid"},{"not_picked":["Cursed Key","ReplayTheSpireMod:SealedPack"],"picked":"RedLine:ReiMu"}],"items_purged_floors":[27,39,45,54],"is_endless":false,"potions_floor_spawned":[5,7,10,13,18,22,23,35,38,51,52],"ascension_level":0}}