{"host":"j3h0p3l2xgzxhnx7","time":1609330532,"event":{"mods":["BaseMod","Luminous","Marisa????????","Minty Spire (QoL Compilation)","Remilia??????","StSLib","The Bug Knight","The Cursed","The Servant 0.9.4"],"gold_per_floor":[116,116,135,148,171,171,207,207,231,246,421,421,421,442,442,567,567,580,40,40,40,60,96,114,114,114,134,134,155,18,18,18,137,137,150,110,128,144,169,169,187,200,224,224,224,224,248,269,269,269],"floor_reached":51,"playtime":2481,"items_purged":["Injury"],"score":698,"play_id":"2dc77493-15b2-4d04-b2cf-537d46ce8c56","local_time":"20201230201532","is_ascension_mode":false,"campfire_choices":[{"data":"Noxious Fumes","floor":6,"key":"SMITH"},{"floor":8,"key":"REST"},{"data":"Neutralize","floor":12,"key":"SMITH"},{"floor":15,"key":"REST"},{"floor":25,"key":"REST"},{"data":"Caltrops","floor":32,"key":"SMITH"},{"floor":40,"key":"REST"},{"floor":44,"key":"REST"},{"floor":49,"key":"REST"}],"circlet_count":0,"master_deck":["Strike_G","Strike_G","Strike_G","Strike_G","Strike_G","Defend_G","Defend_G","Defend_G","Defend_G","Survivor","Neutralize+1","Good Instincts+1","Sucker Punch","Noxious Fumes+1","Flying Knee","Poisoned Stab+1","Blade Dance","Quick Slash","Outmaneuver","Adrenaline+1","Flying Knee+1","Caltrops+1","Deadly Poison","Backflip+1","Flying Knee+1","Sucker Punch+1","Prepared+1","Expertise+1","Infinite Blades","Die Die Die","Backflip","Heel Hook","Choke+1","Dodge and Roll+1","Blade Dance+1","Slice+1","Distraction+1","Blur","Backflip+1","Well Laid Plans+1","Escape Plan"],"relics":["Ring of the Serpent","Golden Idol","Orichalcum","Bag of Preparation","Matryoshka","Blood Vial","Dream Catcher","MealTicket","InkBottle","Pen Nib","Meat on the Bone","Philosopher\u0027s Stone","Snake Skull"],"acts_visited":["Exordium","TheCity","TheBeyond"],"potions_floor_usage":[6,10,16,18,23,29,38,41,41,50,50],"damage_taken":[{"damage":0,"enemies":"Jaw Worm","floor":1,"turns":5},{"damage":0,"enemies":"2 Louse","floor":3,"turns":4},{"damage":2,"enemies":"Small Slimes","floor":4,"turns":4},{"damage":2,"enemies":"Exordium Thugs","floor":5,"turns":4},{"damage":31,"enemies":"Lagavulin","floor":7,"turns":7},{"damage":0,"enemies":"Blue Slaver","floor":10,"turns":2},{"damage":5,"enemies":"Exordium Wildlife","floor":14,"turns":4},{"damage":32,"enemies":"Hexaghost","floor":16,"turns":9},{"damage":0,"enemies":"3 Byrds","floor":18,"turns":5},{"damage":2,"enemies":"Chosen","floor":22,"turns":5},{"damage":36,"enemies":"Slavers","floor":23,"turns":6},{"damage":11,"enemies":"Snecko","floor":24,"turns":5},{"damage":11,"enemies":"Snake Plant","floor":27,"turns":4},{"damage":19,"enemies":"Sentry and Sphere","floor":29,"turns":5},{"damage":62,"enemies":"Champ","floor":33,"turns":10},{"damage":42,"enemies":"3 Darklings","floor":35,"turns":4},{"damage":15,"enemies":"Orb Walker","floor":37,"turns":4},{"damage":25,"enemies":"Spire Growth","floor":38,"turns":4},{"damage":31,"enemies":"4 Shapes","floor":39,"turns":5},{"damage":10,"enemies":"Writhing Mass","floor":41,"turns":4},{"damage":23,"enemies":"3 Darklings","floor":42,"turns":2},{"damage":24,"enemies":"Sphere and 2 Shapes","floor":47,"turns":4},{"damage":20,"enemies":"Jaw Worm Horde","floor":48,"turns":4},{"damage":48,"enemies":"Donu and Deca","floor":50,"turns":8}],"seed_played":"-2734845261834869279","potions_obtained":[{"floor":4,"key":"Fruit Juice"},{"floor":5,"key":"Fire Potion"},{"floor":14,"key":"BlessingOfTheForge"},{"floor":16,"key":"Fire Potion"},{"floor":18,"key":"DistilledChaos"},{"floor":27,"key":"ColorlessPotion"},{"floor":33,"key":"SteroidPotion"},{"floor":37,"key":"Weak Potion"},{"floor":38,"key":"FearPotion"},{"floor":41,"key":"Poison Potion"},{"floor":47,"key":"SneckoOil"}],"is_trial":false,"path_per_floor":["M","?","M","M","M","R","E","R","T","M","?","R","?","M","R","B",null,"M","$","?","$","M","E","M","R","T","M","T","M","$","?","R","B",null,"M","?","M","M","M","R","M","M","T","R","?","?","M","M","R","B",null],"character_chosen":"THE_SILENT","items_purchased":["Matryoshka","Blood Vial","Caltrops","Infinite Blades","FairyPotion"],"campfire_rested":6,"item_purchase_floors":[19,19,19,30,30],"current_hp_per_floor":[70,70,70,68,66,71,40,62,62,62,62,62,62,57,75,43,75,75,75,75,75,73,39,30,52,52,43,43,38,53,75,75,25,75,45,45,44,33,16,38,42,33,33,55,55,55,45,39,61,27],"gold":269,"neow_bonus":"RANDOM_COLORLESS","is_daily":false,"chose_seed":false,"campfire_upgraded":3,"win_rate":0.0,"timestamp":1609330532,"path_taken":["M","?","M","M","M","R","E","R","T","M","?","R","?","M","R","BOSS","M","$","?","?","M","E","M","R","T","M","?","?","$","?","R","BOSS","M","?","M","M","M","R","M","?","T","R","?","?","M","?","R","BOSS"],"items_purchased_type":["Relic","Relic","Card","Card","Potion"],"build_version":"2020-12-22","purchased_purges":1,"victory":true,"max_hp_per_floor":[70,70,70,70,70,75,75,75,75,75,75,75,75,75,75,75,75,75,75,75,75,75,75,75,75,75,75,75,75,75,75,75,75,75,75,75,75,75,75,75,75,75,75,75,75,75,75,75,75,75],"card_choices":[{"not_picked":["Forethought","Mind Blast"],"picked":"Good Instincts","floor":0},{"not_picked":["Prepared","Finisher"],"picked":"Sucker Punch","floor":1},{"not_picked":["Dash","Leg Sweep"],"picked":"Noxious Fumes","floor":3},{"not_picked":["Underhanded Strike","PiercingWail"],"picked":"Flying Knee","floor":4},{"not_picked":["Dagger Throw","Outmaneuver"],"picked":"Poisoned Stab","floor":5},{"not_picked":["Endless Agony","Bullet Time"],"picked":"Blade Dance","floor":7},{"not_picked":["Deflect","Deadly Poison"],"picked":"Quick Slash","floor":10},{"not_picked":["Bouncing Flask","Dodge and Roll"],"picked":"Outmaneuver","floor":14},{"not_picked":["Doppelganger","Envenom"],"picked":"Adrenaline","floor":16},{"not_picked":["Flechettes","Sucker Punch"],"picked":"Flying Knee+1","floor":18},{"not_picked":["Riddle With Holes","Deflect"],"picked":"Deadly Poison","floor":22},{"not_picked":["Unload","Prepared"],"picked":"Backflip+1","floor":23},{"not_picked":["Tactician","Heel Hook"],"picked":"Flying Knee+1","floor":24},{"not_picked":["Riddle With Holes","Dash"],"picked":"Sucker Punch+1","floor":25},{"not_picked":["Blade Dance","Leg Sweep"],"picked":"Prepared+1","floor":27},{"not_picked":["Acrobatics","Backstab"],"picked":"Expertise+1","floor":29},{"not_picked":["Unload","Night Terror"],"picked":"Die Die Die","floor":33},{"not_picked":["Choke+1","Deflect"],"picked":"Backflip","floor":35},{"not_picked":["Prepared+1","Calculated Gamble+1"],"picked":"Heel Hook","floor":37},{"not_picked":["Outmaneuver+1","Dagger Throw"],"picked":"Choke+1","floor":38},{"not_picked":["Deflect","Flechettes"],"picked":"Dodge and Roll+1","floor":39},{"not_picked":["Crippling Poison+1","Venomology"],"picked":"Blade Dance+1","floor":40},{"not_picked":["Underhanded Strike","Flying Knee"],"picked":"Slice+1","floor":41},{"not_picked":["Dagger Spray+1","Deadly Poison+1"],"picked":"Distraction+1","floor":42},{"not_picked":["PiercingWail","Well Laid Plans"],"picked":"Blur","floor":44},{"not_picked":["Reflex","Bouncing Flask+1"],"picked":"Backflip+1","floor":47},{"not_picked":["Outmaneuver","Deadly Poison"],"picked":"Well Laid Plans+1","floor":48},{"not_picked":["Underhanded Strike+1","Heel Hook+1"],"picked":"Escape Plan","floor":49}],"player_experience":71132,"relics_obtained":[{"floor":7,"key":"Orichalcum"},{"floor":9,"key":"Bag of Preparation"},{"floor":23,"key":"Dream Catcher"},{"floor":26,"key":"MealTicket"},{"floor":26,"key":"InkBottle"},{"floor":28,"key":"Pen Nib"},{"floor":28,"key":"Meat on the Bone"},{"floor":43,"key":"Snake Skull"}],"event_choices":[{"damage_healed":0,"gold_gain":0,"player_choice":"Take Wound","damage_taken":0,"relics_obtained":["Golden Idol"],"max_hp_gain":0,"max_hp_loss":0,"event_name":"Golden Idol","floor":2,"gold_loss":0,"cards_obtained":["Injury"]},{"damage_healed":0,"gold_gain":175,"player_choice":"AGREE","damage_taken":0,"max_hp_gain":0,"max_hp_loss":0,"event_name":"Liars Game","floor":11,"gold_loss":0,"cards_obtained":["Doubt"]},{"cards_removed":["Doubt"],"damage_healed":0,"gold_gain":0,"player_choice":"Forget","damage_taken":0,"max_hp_gain":0,"max_hp_loss":0,"event_name":"Living Wall","floor":13,"gold_loss":0},{"cards_removed":["Defend_G"],"damage_healed":0,"gold_gain":0,"player_choice":"Offered Basic","damage_taken":0,"max_hp_gain":0,"max_hp_loss":0,"event_name":"Bonfire Elementals","floor":20,"gold_loss":0},{"damage_healed":25,"gold_gain":0,"player_choice":"Heal","damage_taken":0,"max_hp_gain":0,"max_hp_loss":0,"event_name":"The Library","floor":31,"gold_loss":0},{"damage_healed":0,"gold_gain":0,"player_choice":"Upgraded Two","damage_taken":0,"max_hp_gain":0,"max_hp_loss":0,"event_name":"Designer","floor":36,"gold_loss":40,"cards_upgraded":["Poisoned Stab","Good Instincts"]},{"damage_healed":0,"gold_gain":0,"player_choice":"Ignored","damage_taken":0,"max_hp_gain":0,"max_hp_loss":0,"event_name":"Mysterious Sphere","floor":45,"gold_loss":0},{"damage_healed":0,"gold_gain":0,"player_choice":"Upgraded","damage_taken":0,"max_hp_gain":0,"max_hp_loss":0,"event_name":"Upgrade Shrine","floor":46,"gold_loss":0,"cards_upgraded":["Adrenaline"]}],"is_beta":false,"boss_relics":[{"not_picked":["Fusion Hammer","Empty Cage"],"picked":"Ring of the Serpent"},{"not_picked":["SacredBark","HoveringKite"],"picked":"Philosopher\u0027s Stone"}],"items_purged_floors":[19],"is_endless":false,"potions_floor_spawned":[4,5,14,16,18,27,33,37,38,41,47],"ascension_level":0}}