{"host":"hksh7f5443926s0d","time":1609352907,"event":{"mods":["BaseMod","Minty Spire (QoL Compilation)","Replay The Spire","StSLib","The Judge"],"gold_per_floor":[112,122,132,132,147,147,158,158,182,195,195,227,240,50,50,155,155,166,166,166,66,86,117,117,117,117],"floor_reached":25,"playtime":748,"items_purged":["Defend_B","Decay"],"score":223,"play_id":"626f719d-ea0c-4b47-aed3-a7b9f073b1a3","local_time":"20201230192827","is_ascension_mode":false,"campfire_choices":[{"data":"Go for the Eyes","floor":6,"key":"SMITH"},{"data":"Zap","floor":8,"key":"SMITH"},{"floor":15,"key":"REST"},{"floor":24,"key":"REST"}],"circlet_count":0,"master_deck":["Strike_B","Strike_B","Strike_B","Strike_B","Defend_B","Defend_B","Defend_B","Zap+1","Dualcast","Go for the Eyes+1","Scrape","Steam+1","Conserve Battery","Pot Of Greed","Pot Of Greed","Static Discharge","FTL","Beam Cell"],"relics":["Cracked Core","NeowsBlessing","Lantern","Sundial","Grinning Jar","ChewingGum","MutagenicStrength","Smiling Mask"],"acts_visited":["Exordium","TheCity"],"potions_floor_usage":[16,23],"damage_taken":[{"damage":0,"enemies":"2 Louse","floor":1,"turns":1},{"damage":0,"enemies":"Jaw Worm","floor":2,"turns":1},{"damage":0,"enemies":"Small Slimes","floor":3,"turns":1},{"damage":0,"enemies":"Looter","floor":5,"turns":3},{"damage":5,"enemies":"3 Louse","floor":7,"turns":2},{"damage":9,"enemies":"Exordium Thugs","floor":10,"turns":4},{"damage":16,"enemies":"Replay:BlueRogue","floor":12,"turns":5},{"damage":0,"enemies":"Blue Slaver","floor":13,"turns":2},{"damage":13,"enemies":"Slime Boss","floor":16,"turns":8},{"damage":9,"enemies":"3 Byrds","floor":18,"turns":3},{"damage":7,"enemies":"Spheric Guardian","floor":22,"turns":4},{"damage":25,"enemies":"Book of Stabbing","floor":23,"turns":6},{"damage":0,"enemies":"Masked Bandits","floor":25,"turns":1}],"seed_played":"-965087900520207040","potions_obtained":[{"floor":1,"key":"FearPotion"},{"floor":3,"key":"Fire Potion"},{"floor":10,"key":"Energy Potion"},{"floor":12,"key":"PowerPotion"},{"floor":23,"key":"FearPotion"}],"is_trial":false,"path_per_floor":["M","M","M","?","M","R","M","R","T","M","T","E","M","$","R","B",null,"M","?","?","$","M","E","R","?"],"character_chosen":"DEFECT","items_purchased":["Static Discharge","FTL"],"campfire_rested":2,"item_purchase_floors":[14,14],"current_hp_per_floor":[75,75,75,75,75,75,70,70,70,61,61,45,45,45,67,54,75,66,66,66,66,59,34,56,56,56],"gold":117,"neow_bonus":"THREE_ENEMY_KILL","is_daily":false,"chose_seed":false,"campfire_upgraded":2,"win_rate":0.0,"timestamp":1609352907,"path_taken":["M","M","M","?","M","R","M","R","T","M","?","E","M","$","R","BOSS","M","?","?","$","M","E","R","?"],"items_purchased_type":["Card","Card"],"build_version":"2020-12-22","purchased_purges":2,"victory":false,"max_hp_per_floor":[75,75,75,75,75,75,75,75,75,75,75,75,75,75,75,75,75,75,75,75,75,75,75,75,75,75],"card_choices":[{"not_picked":["Undo","BasicCrystalCard"],"picked":"Go for the Eyes","floor":1},{"not_picked":["Hologram","Go for the Eyes"],"picked":"Scrape","floor":2},{"not_picked":["Cold Snap","Coolheaded"],"picked":"Steam","floor":3},{"not_picked":["Hello World","Coolheaded","Cold Snap"],"picked":"SKIP","floor":5},{"not_picked":["Hello World","Capacitor","Turbo"],"picked":"SKIP","floor":7},{"not_picked":["Consume","Meteor Strike"],"picked":"Conserve Battery","floor":10},{"not_picked":["Glacier","Genetic Algorithm","Compile Driver"],"picked":"SKIP","floor":12},{"not_picked":["ReplayGash","Leap","Compile Driver"],"picked":"SKIP","floor":13},{"not_picked":["Stack","Recycle","Leap+1"],"picked":"SKIP","floor":18},{"not_picked":["BasicCrystalCard","Streamline","Chaos+1"],"picked":"SKIP","floor":22},{"not_picked":["Static Discharge","Ball Lightning"],"picked":"Beam Cell","floor":23}],"player_experience":116592,"relics_obtained":[{"floor":9,"key":"Lantern"},{"floor":11,"key":"Sundial"},{"floor":12,"key":"Grinning Jar"},{"floor":23,"key":"Smiling Mask"}],"event_choices":[{"damage_healed":0,"gold_gain":0,"player_choice":"Smashed Altar","damage_taken":0,"max_hp_gain":0,"max_hp_loss":0,"event_name":"Forgotten Altar","floor":19,"gold_loss":0,"cards_obtained":["Decay"]},{"damage_healed":0,"gold_gain":0,"player_choice":"Inject Mutagens","damage_taken":0,"relics_obtained":["MutagenicStrength"],"max_hp_gain":0,"max_hp_loss":0,"event_name":"Drug Dealer","floor":20,"gold_loss":0},{"damage_healed":0,"gold_gain":0,"player_choice":"Fought Bandits","damage_taken":0,"max_hp_gain":0,"max_hp_loss":0,"event_name":"Masked Bandits","floor":25,"gold_loss":0}],"is_beta":false,"boss_relics":[{"not_picked":["Pandora\u0027s Box","Abe\u0027s Treasure"],"picked":"ChewingGum"}],"items_purged_floors":[14,21],"is_endless":false,"potions_floor_spawned":[1,3,10,12,23],"killed_by":"Masked Bandits","ascension_level":0}}