{"host":"dhyczjm99amxd3qx","time":1609287530,"event":{"mods":["BaseMod","Colored Map","Googly Eyes","Highlight Path","Minty Spire (QoL Compilation)","Quick Restart","StSLib"],"gold_per_floor":[118,68,68,91,16,16,57,57,57,77,115,130,130,163,163,283,283,299,299,55,71,71,102,102,128,128,159,234,31,59,70,70,171,171,183,0,0,10,29,63,63,92,118,135,169,180,214,227,227,227],"floor_reached":51,"playtime":4007,"items_purged":["Strike_B","Strike_B","Strike_B"],"score":1101,"play_id":"47f44324-4218-4c78-870a-e4ba8a3978dd","local_time":"20201229191850","is_ascension_mode":true,"campfire_choices":[{"data":"Zap","floor":6.0,"key":"SMITH"},{"data":"Chill","floor":13.0,"key":"SMITH"},{"data":"Ball Lightning","floor":15.0,"key":"SMITH"},{"data":"Cold Snap","floor":24,"key":"SMITH"},{"data":"Loop","floor":32,"key":"SMITH"},{"floor":41,"key":"REST"},{"data":"Electrodynamics","floor":49,"key":"SMITH"}],"circlet_count":0,"master_deck":["Strike_B+1","Defend_B","Defend_B","Defend_B","Defend_B","Zap+1","Chill+1","Cold Snap+1","Cold Snap+1","Ball Lightning+1","Redo+1","Tempest+1","Fission+1","Chaos+1","Rainbow+1","FTL","Loop+1","Fission+1","Capacitor+1","Electrodynamics+1","Parasite","Consume+1"],"relics":["FrozenCore","FossilizedHelix","Bloody Idol","MealTicket","Toxic Egg 2","Letter Opener","Odd Mushroom","Sozu","ClockworkSouvenir","Oddly Smooth Stone","Dream Catcher","Gambling Chip","Darkstone Periapt","Whetstone","Red Mask","Incense Burner","White Beast Statue","Bag of Marbles","Unceasing Top","HornCleat"],"acts_visited":["Exordium","TheCity","TheBeyond"],"potions_floor_usage":[23],"damage_taken":[{"damage":16.0,"enemies":"Jaw Worm","floor":1.0,"turns":5.0},{"damage":0.0,"enemies":"2 Louse","floor":4.0,"turns":3.0},{"damage":2.0,"enemies":"3 Sentries","floor":7.0,"turns":11.0},{"damage":0.0,"enemies":"Cultist","floor":10.0,"turns":3.0},{"damage":35.0,"enemies":"Gremlin Nob","floor":11.0,"turns":7.0},{"damage":0.0,"enemies":"Looter","floor":12.0,"turns":2.0},{"damage":0.0,"enemies":"The Mushroom Lair","floor":14.0,"turns":3.0},{"damage":0.0,"enemies":"The Guardian","floor":16.0,"turns":7.0},{"damage":0.0,"enemies":"Spheric Guardian","floor":18.0,"turns":3.0},{"damage":0,"enemies":"Shell Parasite","floor":21,"turns":2},{"damage":0,"enemies":"Book of Stabbing","floor":23,"turns":5},{"damage":0,"enemies":"Gremlin Leader","floor":25,"turns":5},{"damage":0,"enemies":"Slavers","floor":27,"turns":3},{"damage":0,"enemies":"Book of Stabbing","floor":30,"turns":4},{"damage":0,"enemies":"3 Cultists","floor":31,"turns":3},{"damage":32,"enemies":"Champ","floor":33,"turns":9},{"damage":11,"enemies":"3 Darklings","floor":35,"turns":3},{"damage":6,"enemies":"3 Shapes","floor":38,"turns":2},{"damage":0,"enemies":"Sphere and 2 Shapes","floor":39,"turns":3},{"damage":55,"enemies":"Nemesis","floor":40,"turns":9},{"damage":0,"enemies":"Giant Head","floor":42,"turns":7},{"damage":0,"enemies":"3 Darklings","floor":44,"turns":3},{"damage":0,"enemies":"Reptomancer","floor":45,"turns":4},{"damage":0,"enemies":"Writhing Mass","floor":46,"turns":3},{"damage":32,"enemies":"Giant Head","floor":47,"turns":8},{"damage":0,"enemies":"Spire Growth","floor":48,"turns":3},{"damage":33,"enemies":"Donu and Deca","floor":50,"turns":8}],"seed_played":"1543157748849623092","potions_obtained":[{"floor":1.0,"key":"BlessingOfTheForge"},{"floor":12.0,"key":"PowerPotion"},{"floor":14.0,"key":"AttackPotion"},{"floor":16.0,"key":"EssenceOfSteel"}],"is_trial":false,"path_per_floor":["M","?","?","M","$","R","E","$","T","M","E","M","R","?","R","B",null,"M","?","$","M","?","E","R","E","T","E","?","$","E","M","R","B",null,"M","?","?","M","M","E","R","E","T","M","E","M","E","M","R","B",null],"character_chosen":"DEFECT","items_purchased":["ClockworkSouvenir","Loop"],"campfire_rested":1,"item_purchase_floors":[20,29],"current_hp_per_floor":[38,38,38,38,38,38,36,51,51,51,16,16,16,16,16,16,69,69,69,69,69,53,58,58,63,63,68,63,69,69,69,69,42,69,63,63,63,62,66,16,35,40,45,50,55,66,39,44,44,11],"gold":227,"neow_bonus":"ONE_RARE_RELIC","is_daily":false,"chose_seed":false,"campfire_upgraded":6,"win_rate":0.0,"timestamp":1609287530,"path_taken":["M","?","?","M","$","R","E","$","T","?","E","M","R","?","R","BOSS","M","?","$","M","?","E","R","E","T","E","?","$","E","?","R","BOSS","M","?","?","M","M","E","R","E","T","M","E","M","E","M","R","BOSS"],"items_purchased_type":["Relic","Card"],"build_version":"2020-12-22","purchased_purges":3,"victory":true,"max_hp_per_floor":[75,75,69,69,69,69,69,69,69,69,69,69,69,69,69,69,69,69,69,69,69,69,69,69,69,69,69,69,69,69,69,69,69,69,69,69,66,66,66,66,66,66,66,66,66,72,72,72,72,72],"card_choices":[{"not_picked":["Leap","Stack"],"picked":"Chill","floor":1.0},{"not_picked":["Barrage","Redo"],"picked":"Cold Snap","floor":4.0},{"not_picked":["Reprogram","Leap"],"picked":"Cold Snap","floor":7.0},{"not_picked":["Streamline","Leap+1","Static Discharge"],"picked":"SKIP","floor":10.0},{"not_picked":["Compile Driver","Conserve Battery+1"],"picked":"Ball Lightning","floor":11.0},{"not_picked":["Rebound","Conserve Battery+1"],"picked":"Redo+1","floor":12.0},{"not_picked":["Thunder Strike","Hologram+1"],"picked":"Tempest+1","floor":14.0},{"not_picked":["Echo Form","Multi-Cast+1"],"picked":"Fission+1","floor":16.0},{"not_picked":["Fusion+1","Rip and Tear"],"picked":"Chaos+1","floor":18.0},{"not_picked":["Rip and Tear","Gash","Barrage"],"picked":"SKIP","floor":21},{"not_picked":["Sunder","Steam+1","Compile Driver"],"picked":"SKIP","floor":23},{"not_picked":["Rebound+1","Rip and Tear"],"picked":"Rainbow+1","floor":25},{"not_picked":["Ball Lightning","Gash"],"picked":"FTL","floor":27},{"not_picked":["Beam Cell","Steam+1","Core Surge"],"picked":"SKIP","floor":30},{"not_picked":["Conserve Battery+1","Storm","Rebound"],"picked":"SKIP","floor":31},{"not_picked":["All For One","Multi-Cast+1"],"picked":"Fission+1","floor":33},{"not_picked":["Compile Driver+1","Beam Cell","Self Repair"],"picked":"SKIP","floor":35},{"not_picked":["Barrage+1","Ball Lightning+1","FTL"],"picked":"SKIP","floor":38},{"not_picked":["Doom and Gloom+1","Streamline+1","Barrage+1"],"picked":"SKIP","floor":39},{"not_picked":["Heatsinks+1","Rebound"],"picked":"Capacitor+1","floor":40},{"not_picked":["Turbo+1","Sweeping Beam+1"],"picked":"Electrodynamics","floor":41},{"not_picked":["Beam Cell","Stack+1","Gash"],"picked":"SKIP","floor":42},{"not_picked":["Aggregate+1","Stack+1","Streamline"],"picked":"SKIP","floor":44},{"not_picked":["Barrage+1","Leap+1","Ball Lightning"],"picked":"SKIP","floor":45},{"not_picked":["Gash+1","Streamline+1","Turbo+1"],"picked":"SKIP","floor":46},{"not_picked":["Storm","Static Discharge","Compile Driver"],"picked":"SKIP","floor":47},{"not_picked":["Redo+1","Chill+1"],"picked":"Consume+1","floor":48}],"player_experience":189788,"relics_obtained":[{"floor":7.0,"key":"MealTicket"},{"floor":9.0,"key":"Toxic Egg 2"},{"floor":11.0,"key":"Letter Opener"},{"floor":14.0,"key":"Odd Mushroom"},{"floor":23,"key":"Oddly Smooth Stone"},{"floor":25,"key":"Dream Catcher"},{"floor":26,"key":"Gambling Chip"},{"floor":27,"key":"Darkstone Periapt"},{"floor":30,"key":"Whetstone"},{"floor":40,"key":"Incense Burner"},{"floor":42,"key":"White Beast Statue"},{"floor":43,"key":"Bag of Marbles"},{"floor":45,"key":"Unceasing Top"},{"floor":47,"key":"HornCleat"}],"event_choices":[{"cards_removed":["Dualcast"],"damage_healed":0.0,"max_hp_gain":0.0,"max_hp_loss":0.0,"gold_gain":0.0,"event_name":"The Cleric","player_choice":"Card Removal","floor":2.0,"gold_loss":50.0,"damage_taken":0.0},{"damage_healed":0.0,"max_hp_gain":0.0,"max_hp_loss":6.0,"gold_gain":0.0,"event_name":"Golden Idol","player_choice":"Lose Max HP","floor":3.0,"gold_loss":0.0,"damage_taken":0.0,"relics_obtained":["Golden Idol"]},{"damage_healed":0.0,"max_hp_gain":0.0,"max_hp_loss":0.0,"gold_gain":0.0,"event_name":"Mushrooms","player_choice":"Fought Mushrooms","floor":14.0,"gold_loss":0.0,"damage_taken":0.0},{"damage_healed":0.0,"max_hp_gain":0.0,"max_hp_loss":0.0,"gold_gain":0.0,"event_name":"Forgotten Altar","player_choice":"Gave Idol","floor":19.0,"relics_lost":["Golden Idol"],"gold_loss":0.0,"damage_taken":0.0,"relics_obtained":["Bloody Idol"]},{"damage_healed":0,"gold_gain":0,"player_choice":"Obtained Book","damage_taken":16,"max_hp_gain":0,"max_hp_loss":0,"event_name":"Cursed Tome","floor":22,"gold_loss":0},{"damage_healed":0,"gold_gain":75,"player_choice":"Touch","damage_taken":6,"max_hp_gain":0,"max_hp_loss":0,"event_name":"FaceTrader","floor":28,"gold_loss":0},{"damage_healed":0,"gold_gain":0,"player_choice":"Paid","damage_taken":0,"relics_obtained":["Red Mask"],"max_hp_gain":0,"max_hp_loss":0,"event_name":"Tomb of Lord Red Mask","floor":36,"gold_loss":183},{"damage_healed":0,"gold_gain":0,"player_choice":"Max HP","damage_taken":0,"max_hp_gain":0,"max_hp_loss":3,"event_name":"Winding Halls","floor":37,"gold_loss":0}],"is_beta":false,"boss_relics":[{"not_picked":["Fusion Hammer","Black Star"],"picked":"Sozu"},{"not_picked":["Velvet Choker","Snecko Eye"],"picked":"FrozenCore"}],"items_purged_floors":[5,20,29],"is_endless":false,"potions_floor_spawned":[1,12,14,16,23,25,27,33,35,40,44,45,46,47,48],"ascension_level":2}}