{"host":"mvz90ilxx8epviq1","time":1609301895,"event":{"mods":["2.2 Compatiblity","Act Like it!","BaseMod","Better Note","Better Third Choice","Better Vampires","Clockwork Mod","Colored Map","Colored Powertips","Gensokyo","Hallownest","Hermit","Hubris","Marisa????????","Minty Spire (QoL Compilation)","Replay The Spire","Shop Mod","Spicy Shops","StSLib","The Alterego","The Bug Knight","The Construct","The Cursed","The Mystic","The Senshi","The Servant 0.9.4","The Wild Card","slay the spire mod where everything is the same but ironclad has a cowboy hat"],"gold_per_floor":[111,286,286,304,2,19,19,45,45,45,57,57,91,91,91,194,194,210,210,226,226,242,242,252,54,54,54,54,54,87,98,98,196,296,310,310,217,217,217,247,259,272,272,272,272,307,317,317,317,317,317,317,392,421,421,421],"floor_reached":55,"playtime":6853,"items_purged":["TheCursedMod:CleanUpWorkshop"],"score":976,"play_id":"177332c4-d545-4223-94b7-d78b6c49d735","local_time":"20201229231815","is_ascension_mode":false,"campfire_choices":[{"data":"TheCursedMod:SpitefulStrike","floor":7.0,"key":"SMITH"},{"data":"TheCursedMod:CursedWand","floor":10.0,"key":"SMITH"},{"data":"TheCursedMod:SpitefulStrike","floor":12.0,"key":"SMITH"},{"floor":15.0,"key":"REST"},{"data":"TheCursedMod:LuckyCharm","floor":23,"key":"SMITH"},{"data":"TheCursedMod:LuckyCharm","floor":27,"key":"SMITH"},{"data":"TheCursedMod:CursedRelics","floor":29,"key":"SMITH"},{"data":"TheCursedMod:CircleOfAmplification","floor":32,"key":"SMITH"},{"floor":45,"key":"RECALL"},{"floor":49,"key":"REST"},{"data":"TheCursedMod:CollectTribute","floor":52,"key":"SMITH"}],"circlet_count":0,"master_deck":["TheCursedMod:CursedWand+1","TheCursedMod:Dregs","TheCursedMod:EmpowerCircles+1","Doubt","TheCursedMod:SmokeScreen","TheCursedMod:SpitefulStrike+1","Parasite","TheCursedMod:CircleOfAbyss","TheCursedMod:SpitefulStrike+1","TheCursedMod:LuckyCharm+1","TheCursedMod:ReleasedStrength","TheCursedMod:CircleOfFlame","TheCursedMod:ShockAndAwe","CurseOfTheBell","TheCursedMod:FleshFromBone","TheCursedMod:SoulReap","TheCursedMod:CursedStaff","TheCursedMod:SpreadPlague","TheCursedMod:SpitefulStrike","TheCursedMod:CursedRelics+1","TheCursedMod:CircleOfFlame+1","TheCursedMod:TacticalStrike+1","TheCursedMod:Mangle","TheCursedMod:TroublousMinions+1","TheCursedMod:DemonSword","TheCursedMod:LuckyCharm+1","ReplayTheSpireMod:IOU","TheCursedMod:Hemoplague","TheCursedMod:CircleOfAmplification+1","TheCursedMod:DemonicPact","TheCursedMod:HellfireBreathing","TheCursedMod:Mangle+1","ReplayTheSpireMod:IOU","Gensokyo:HouraiInAPot","TheCursedMod:CursedMace+1","TheCursedMod:Stigma+1","TheCursedMod:CursedBlade+1","TheCursedMod:Hemoplague","TheCursedMod:CollectTribute+1","TheCursedMod:TacticalStrike+1","Gensokyo:GreaterSplit","Doubt","Pride","TheCursedMod:Stigma+1"],"relics":["TheCursedMod:BlackMagic101","PreservedInsect","Mercury Hourglass","Bottled Tornado","Runic Dome","Replay:Bronze Core","Replay:Wax Seal","Onion Ring","construct:BoolHorns","MerchantsRug","Medical Kit","Replay:Wanted Poster","Du-Vu Doll","Membership Card","Gensokyo:EmptyGrave","Ginger","hubris:SphereOfDissonance","TheAbacus","Ice Cream","Pen Nib"],"acts_visited":["Exordium","TheCity","Gensokyo:Gensokyoest","TheEnding"],"potions_floor_usage":[39,46,50],"damage_taken":[{"damage":0.0,"enemies":"2 Louse","floor":1.0,"turns":3.0},{"damage":0.0,"enemies":"Jaw Worm","floor":4.0,"turns":3.0},{"damage":5.0,"enemies":"Cultist","floor":6.0,"turns":5.0},{"damage":13.0,"enemies":"Gremlin Nob","floor":8.0,"turns":5.0},{"damage":5.0,"enemies":"3 Louse","floor":11.0,"turns":3.0},{"damage":0.0,"enemies":"HollowMod:MossKnight","floor":13.0,"turns":3.0},{"damage":30.0,"enemies":"Hexaghost","floor":16.0,"turns":7.0},{"damage":6.0,"enemies":"Chosen","floor":18.0,"turns":3.0},{"damage":4.0,"enemies":"Shell Parasite","floor":20.0,"turns":2.0},{"damage":4,"enemies":"Chosen and Byrds","floor":22,"turns":4},{"damage":22,"enemies":"Snake Plant","floor":24,"turns":3},{"damage":7,"enemies":"HollowMod:Nosk","floor":30,"turns":4},{"damage":0,"enemies":"3 Cultists","floor":31,"turns":2},{"damage":16,"enemies":"hubris:MusketHawk","floor":33,"turns":6},{"damage":2,"enemies":"Gensokyo:3_Bats","floor":35,"turns":2},{"damage":51,"enemies":"Gensokyo:3_Bats","floor":39,"turns":3},{"damage":0,"enemies":"Gensokyo:Doremy","floor":40,"turns":3},{"damage":0,"enemies":"Gensokyo:3_Boulders","floor":41,"turns":3},{"damage":11,"enemies":"Gensokyo:Dusk_and_Dawn","floor":42,"turns":4},{"damage":36,"enemies":"Gensokyo:Kasen","floor":46,"turns":4},{"damage":16,"enemies":"Gensokyo:Rafflesia","floor":47,"turns":3},{"damage":4,"enemies":"Gensokyo:Shinki","floor":50,"turns":7},{"damage":33,"enemies":"Shield and Spear","floor":54,"turns":5},{"damage":51,"enemies":"The Heart","floor":55,"turns":2}],"seed_played":"-8513650566954982169","potions_obtained":[{"floor":1.0,"key":"ColorlessPotion"},{"floor":6.0,"key":"SpeedPotion"},{"floor":18.0,"key":"Energy Potion"},{"floor":30,"key":"Weak Potion"},{"floor":35,"key":"Dexterity Potion"},{"floor":41,"key":"EssenceOfSteel"}],"is_trial":false,"path_per_floor":["M","?","?","M","$","M","R","E","T","R","M","R","E","?","R","B",null,"M","?","M","?","M","R","M","$","T","R","$","R","E","M","R","B",null,"M","?","$","?","?","E","M","M","T","COS","R","E","M","?","R","B",null,"R","$","E","B"],"character_chosen":"THE_CURSED","items_purchased":["PreservedInsect","TheCursedMod:CircleOfAbyss","MerchantsRug","TheCursedMod:DemonSword","TheCursedMod:LuckyCharm","Medical Kit","Membership Card","TheAbacus","Ice Cream"],"campfire_rested":2,"item_purchase_floors":[5,5,25,25,25,25,37,53,53],"current_hp_per_floor":[82,82,82,82,82,77,77,64,64,64,59,59,59,43,67,37,82,76,76,72,82,82,82,60,60,60,60,60,60,62,70,70,61,82,80,48,48,48,48,61,76,65,65,65,65,29,13,13,35,53,76,76,76,43,0,0],"gold":421,"neow_bonus":"TEN_PERCENT_HP_BONUS","is_daily":false,"chose_seed":false,"campfire_upgraded":8,"win_rate":0.0,"timestamp":1609301895,"path_taken":["M","?","?","M","$","M","R","E","T","R","?","R","E","?","R","BOSS","M","?","?","?","M","R","?","$","T","R","$","R","E","M","R","BOSS","M","?","$","?","?","E","M","M","T","COS","R","E","?","?","R","BOSS","R","$","E","BOSS"],"items_purchased_type":["Relic","Card","Relic","Card","Card","Relic","Relic","Relic","Relic"],"build_version":"2020-12-22","purchased_purges":1,"victory":false,"max_hp_per_floor":[82,82,82,82,82,82,82,82,82,82,82,82,82,82,82,82,82,82,82,82,82,82,82,82,82,82,82,82,82,82,82,82,82,82,82,82,82,76,76,76,76,76,76,76,76,76,76,76,76,76,76,76,76,76,76,76],"card_choices":[{"not_picked":["TheCursedMod:Torture","TheCursedMod:CircleOfCorruption"],"picked":"TheCursedMod:EmpowerCircles","floor":1.0},{"not_picked":["TheCursedMod:Stigma","TheCursedMod:TacticalStrike"],"picked":"TheCursedMod:SpitefulStrike","floor":4.0},{"not_picked":["TheCursedMod:Stretching","TheCursedMod:CircleOfBlood"],"picked":"TheCursedMod:SpitefulStrike","floor":6.0},{"not_picked":["TheCursedMod:CircleOfFlame","TheCursedMod:StingEye"],"picked":"TheCursedMod:LuckyCharm","floor":8.0},{"not_picked":["TheCursedMod:CursedMace","TheCursedMod:Stigma"],"picked":"TheCursedMod:ReleasedStrength","floor":11.0},{"not_picked":["TheCursedMod:VitalStrike","TheCursedMod:ReleasedStrength"],"picked":"TheCursedMod:CircleOfFlame","floor":13.0},{"not_picked":["TheCursedMod:NeowsMight","TheCursedMod:DemonicPact"],"picked":"TheCursedMod:ShockAndAwe","floor":16.0},{"not_picked":["TheCursedMod:SurpriseAttack","TheCursedMod:FuryStrike"],"picked":"TheCursedMod:CircleOfFlame+1","floor":18.0},{"not_picked":["TheCursedMod:DoubleShield+1","TheCursedMod:CircleOfFlame"],"picked":"TheCursedMod:TacticalStrike+1","floor":20.0},{"not_picked":["TheCursedMod:RavingStaff","TheCursedMod:PrepareRite"],"picked":"TheCursedMod:Mangle","floor":22},{"not_picked":["TheCursedMod:Torture","TheCursedMod:RavingStaff"],"picked":"TheCursedMod:TroublousMinions+1","floor":24},{"not_picked":["TheCursedMod:Stigma","TheCursedMod:BloodBarrier"],"picked":"TheCursedMod:Hemoplague","floor":30},{"not_picked":["TheCursedMod:DarkBarrier","TheCursedMod:CursedAmulet"],"picked":"TheCursedMod:CircleOfAmplification","floor":31},{"not_picked":["TheCursedMod:FuryStrike","TheCursedMod:Torture"],"picked":"TheCursedMod:HellsGateOpen+1","floor":31},{"not_picked":["TheCursedMod:NeowsMight","TheCursedMod:ShockAndAwe"],"picked":"TheCursedMod:DemonicPact","floor":33},{"not_picked":["TheCursedMod:SmokeScreen+1","TheCursedMod:ReleasedStrength"],"picked":"TheCursedMod:HellfireBreathing","floor":35},{"not_picked":["TheCursedMod:WearCloak","TheCursedMod:TroublousMinions+1"],"picked":"TheCursedMod:Mangle+1","floor":35},{"not_picked":["Gensokyo:UnlikelyAid","Gensokyo:UnhurriedMind"],"picked":"Gensokyo:HouraiInAPot","floor":39},{"not_picked":["TheCursedMod:RapidMovement+1","TheCursedMod:TroublousMinions+1","TheCursedMod:CursedAmulet"],"picked":"SKIP","floor":40},{"not_picked":["TheCursedMod:CircleOfFlame+1","TheCursedMod:CursedShiv+1"],"picked":"TheCursedMod:CursedMace+1","floor":41},{"not_picked":["TheCursedMod:Evocation+1","TheCursedMod:CursedRelics"],"picked":"TheCursedMod:Stigma+1","floor":41},{"not_picked":["TheCursedMod:HellfireBreathing","TheCursedMod:SaltUponWound"],"picked":"TheCursedMod:CursedBlade+1","floor":42},{"not_picked":["TheCursedMod:FleshFromBone","TheCursedMod:Torture+1"],"picked":"TheCursedMod:Hemoplague","floor":42},{"not_picked":["TheCursedMod:RapidMovement","TheCursedMod:CursedMace"],"picked":"TheCursedMod:CollectTribute","floor":46},{"not_picked":["TheCursedMod:WearCloak","TheCursedMod:BlessingInDisguise"],"picked":"TheCursedMod:TacticalStrike+1","floor":47},{"not_picked":["TheCursedMod:CursedBoomerang","TheCursedMod:PrepareRite","TheCursedMod:CircleOfFocus"],"picked":"SKIP","floor":47},{"not_picked":["TheCursedMod:SpitefulPray","TheCursedMod:Torture+1"],"picked":"TheCursedMod:Stigma+1","floor":54}],"player_experience":398665,"relics_obtained":[{"floor":8.0,"key":"Mercury Hourglass"},{"floor":9.0,"key":"Bottled Tornado"},{"floor":13.0,"key":"hubris:OldNail"},{"floor":17.0,"key":"Replay:Wax Seal"},{"floor":17.0,"key":"Onion Ring"},{"floor":17.0,"key":"construct:BoolHorns"},{"floor":30,"key":"Prayer Wheel"},{"floor":40,"key":"Ginger"},{"floor":43,"key":"hubris:SphereOfDissonance"},{"floor":46,"key":"hubris:CrystalStatue"},{"floor":54,"key":"Pen Nib"}],"event_choices":[{"damage_healed":0.0,"max_hp_gain":0.0,"max_hp_loss":0.0,"gold_gain":175.0,"event_name":"betterThird:BetterSerpent","player_choice":"AGREE","floor":2.0,"gold_loss":0.0,"damage_taken":111.0},{"damage_healed":0.0,"max_hp_gain":0.0,"max_hp_loss":0.0,"gold_gain":0.0,"cards_transformed":["TheCursedMod:Defend_TheCursed"],"event_name":"Transmorgrifier","player_choice":"Transformed","floor":3.0,"gold_loss":0.0,"damage_taken":0.0,"cards_obtained":["TheCursedMod:SmokeScreen"]},{"damage_healed":59.0,"max_hp_gain":0.0,"max_hp_loss":82.0,"gold_gain":0.0,"event_name":"betterThird:BetterShining","player_choice":"Upgrade","floor":14.0,"gold_loss":0.0,"damage_taken":16.0,"cards_upgraded":["TheCursedMod:EmpowerCircles","TheCursedMod:Strike_TheCursed"]},{"cards_removed":["TheCursedMod:SpreadPlague"],"damage_healed":0.0,"max_hp_gain":0.0,"max_hp_loss":0.0,"gold_gain":0.0,"event_name":"betterNote:BetterNote","player_choice":"Give","floor":19.0,"gold_loss":0.0,"damage_taken":0.0,"cards_obtained":["HollowMod:HowlingWraiths"]},{"cards_removed":["TheCursedMod:ReleasedKnowledge"],"damage_healed":10.0,"max_hp_gain":0.0,"max_hp_loss":0.0,"gold_gain":0.0,"event_name":"Bonfire Elementals","player_choice":"Offered Uncommon","floor":21.0,"gold_loss":0.0,"damage_taken":0.0}],"is_beta":false,"boss_relics":[{"not_picked":["Kintsugi","Cursed Key"],"picked":"Replay:Grab Bag"},{"not_picked":["Coffee Dripper","Busted Crown"],"picked":"Runic Dome"},{"not_picked":["hubris:CrackedHourglass","Painkiller Herb"],"picked":"Replay:Bronze Core"},{"not_picked":["SlaversCollar","Black Star"],"picked":"Calling Bell"},{"not_picked":["Empty Cage","SacredBark"],"picked":"Pandora\u0027s Box"},{"not_picked":["hubris:BlackHole","TheCursedMod:FourLeafCloverCharm"],"picked":"Replay:Wanted Poster"}],"items_purged_floors":[37],"is_endless":false,"potions_floor_spawned":[1,6,18,30,35,41],"killed_by":"The Heart","ascension_level":0}}