{"host":"j3h0p3l2xgzxhnx7","time":1609354055,"event":{"mods":["BaseMod","Luminous","Marisa????????","Minty Spire (QoL Compilation)","Remilia??????","StSLib","The Bug Knight","The Cursed","The Servant 0.9.4"],"gold_per_floor":[114,114,79,39,114,114,139,149,149,161,189,189,33,46,46,144,144,155,155,171,185,202,202,202,202,202],"floor_reached":25,"playtime":1079,"items_purged":[],"score":256,"play_id":"bd3762b9-1f3c-4d74-b37b-ef669d713330","local_time":"20201231024735","is_ascension_mode":false,"campfire_choices":[{"data":"Hello World","floor":6,"key":"SMITH"},{"floor":15,"key":"REST"},{"floor":24,"key":"REST"}],"circlet_count":0,"master_deck":["Strike_B","Strike_B","Strike_B","Strike_B","Defend_B+1","Defend_B","Defend_B","Defend_B+1","Zap","Dualcast","Doubt","Hello World+1","Self Repair","Coolheaded","Compile Driver","Loop","Hologram","Echo Form","Biased Cognition","Conserve Battery","Pain","Streamline","Thunder Strike","Defragment+1"],"relics":["Cracked Core","Gambling Chip","ScarletDevilRocket","Strawberry","HandDrill","Cursed Key","WarpedTongs"],"acts_visited":["Exordium","TheCity"],"potions_floor_usage":[16,16,23,23],"damage_taken":[{"damage":1,"enemies":"Jaw Worm","floor":1,"turns":5},{"damage":46,"enemies":"Gremlin Nob","floor":7,"turns":6},{"damage":0,"enemies":"2 Louse","floor":8,"turns":4},{"damage":0,"enemies":"Small Slimes","floor":10,"turns":3},{"damage":27,"enemies":"Lagavulin","floor":11,"turns":7},{"damage":5,"enemies":"Red Slaver","floor":14,"turns":5},{"damage":30,"enemies":"The Guardian","floor":16,"turns":12},{"damage":28,"enemies":"3 Byrds","floor":18,"turns":5},{"damage":24,"enemies":"Spheric Guardian","floor":20,"turns":4},{"damage":30,"enemies":"Shelled Parasite and Fungi","floor":21,"turns":6},{"damage":32,"enemies":"Snake Plant","floor":22,"turns":5},{"damage":12,"enemies":"Book of Stabbing","floor":23,"turns":2},{"damage":60,"enemies":"Cultist and Chosen","floor":25,"turns":4}],"seed_played":"6273393901325895572","potions_obtained":[{"floor":7,"key":"Ancient Potion"},{"floor":10,"key":"DuplicationPotion"},{"floor":14,"key":"FearPotion"},{"floor":20,"key":"SmokeBomb"},{"floor":22,"key":"SteroidPotion"}],"is_trial":false,"path_per_floor":["M","?","?","$","?","R","E","M","T","M","E","?","$","M","R","B",null,"M","?","M","M","M","E","R","M"],"character_chosen":"DEFECT","items_purchased":["Self Repair","HandDrill"],"campfire_rested":2,"item_purchase_floors":[4,13],"current_hp_per_floor":[88,70,89,89,78,78,39,46,46,53,40,40,40,42,70,47,96,75,75,65,42,20,8,36,0,0],"gold":202,"neow_bonus":"TWENTY_PERCENT_HP_BONUS","is_daily":false,"chose_seed":false,"campfire_upgraded":1,"win_rate":0.0,"timestamp":1609354055,"path_taken":["M","?","?","?","?","R","E","M","T","M","E","?","?","M","R","BOSS","M","?","?","M","M","E","R","M"],"items_purchased_type":["Card","Relic"],"build_version":"2020-12-22","purchased_purges":0,"victory":false,"max_hp_per_floor":[89,89,89,89,89,89,89,89,89,89,96,96,96,96,96,96,96,96,96,96,96,96,96,96,96,96],"card_choices":[{"not_picked":["Beam Cell","Sweeping Beam"],"picked":"Hello World","floor":1},{"not_picked":["Stack","Streamline"],"picked":"Coolheaded","floor":7},{"not_picked":["Barrage","Double Energy"],"picked":"Compile Driver","floor":8},{"not_picked":["Recycle","Aggregate"],"picked":"Loop","floor":10},{"not_picked":["Lockon","Double Energy"],"picked":"Hologram","floor":11},{"not_picked":["Barrage","Stack"],"picked":"Echo Form","floor":14},{"not_picked":["Rainbow","Meteor Strike"],"picked":"Biased Cognition","floor":16},{"not_picked":["Gash","Undo"],"picked":"Conserve Battery","floor":18},{"not_picked":["Recycle","Compile Driver"],"picked":"Streamline","floor":20},{"not_picked":["Darkness","Stack"],"picked":"Thunder Strike","floor":21},{"not_picked":["Hologram+1","Rip and Tear"],"picked":"Defragment+1","floor":22}],"player_experience":84651,"relics_obtained":[{"floor":7,"key":"Gambling Chip"},{"floor":9,"key":"ScarletDevilRocket"},{"floor":11,"key":"Strawberry"}],"event_choices":[{"damage_healed":0,"gold_gain":0,"player_choice":"Entered Light","damage_taken":18,"max_hp_gain":0,"max_hp_loss":0,"event_name":"Shining Light","floor":2,"gold_loss":0,"cards_upgraded":["Defend_B","Defend_B"]},{"damage_healed":22,"gold_gain":0,"player_choice":"Healed","damage_taken":0,"max_hp_gain":0,"max_hp_loss":0,"event_name":"The Cleric","floor":3,"gold_loss":35},{"damage_healed":0,"gold_gain":75,"player_choice":"Gather Gold","damage_taken":11,"max_hp_gain":0,"max_hp_loss":0,"event_name":"World of Goop","floor":5,"gold_loss":0},{"damage_healed":0,"gold_gain":0,"player_choice":"Ignored","damage_taken":0,"max_hp_gain":0,"max_hp_loss":0,"event_name":"Golden Wing","floor":12,"gold_loss":0},{"damage_healed":0,"gold_gain":0,"player_choice":"Rummage","damage_taken":0,"relics_obtained":["WarpedTongs"],"max_hp_gain":0,"max_hp_loss":0,"event_name":"Accursed Blacksmith","floor":19,"gold_loss":0,"cards_obtained":["Pain"]}],"is_beta":false,"boss_relics":[{"not_picked":["Fusion Hammer","Inserter"],"picked":"Cursed Key"}],"items_purged_floors":[],"is_endless":false,"potions_floor_spawned":[7,10,14,20,22],"killed_by":"Cultist and Chosen","ascension_level":0}}