{"host":"26f5wxbpnrkcdwuw","time":1609302048,"event":{"mods":["BaseMod","Friendly Minions","Minty Spire (QoL Compilation)","StSLib","The Wild Card","Yohane!"],"gold_per_floor":[110,110,127,146,160,160,160,160],"floor_reached":7,"playtime":362,"items_purged":[],"score":43,"play_id":"6890afce-fb85-402d-a65f-98aa198cb6f2","local_time":"20201229232048","is_ascension_mode":false,"campfire_choices":[{"data":"theWildCard:Satanael","floor":6,"key":"SMITH"}],"circlet_count":0,"master_deck":["theWildCard:BasicStrike","theWildCard:BasicStrike","theWildCard:BasicStrike","theWildCard:BasicStrike","theWildCard:BasicDefend","theWildCard:BasicDefend","theWildCard:BasicDefend","theWildCard:CallToAdventure","theWildCard:Arsene","theWildCard:MaskChange","theWildCard:ArchaicAssault","theWildCard:ArcaneArts","theWildCard:Satanael+1"],"relics":["theWildCard:VelvetContract","NeowsBlessing"],"acts_visited":["Exordium"],"potions_floor_usage":[],"damage_taken":[{"damage":0,"enemies":"2 Louse","floor":1,"turns":1},{"damage":0,"enemies":"Cultist","floor":3,"turns":1},{"damage":0,"enemies":"Jaw Worm","floor":4,"turns":1},{"damage":1,"enemies":"Exordium Wildlife","floor":5,"turns":4},{"damage":24,"enemies":"3 Sentries","floor":7,"turns":3}],"seed_played":"-3721665414252115044","potions_obtained":[{"floor":4,"key":"Block Potion"}],"is_trial":false,"path_per_floor":["M","?","M","M","M","R","E"],"character_chosen":"THE_WILD_CARD","items_purchased":[],"campfire_rested":0,"item_purchase_floors":[],"current_hp_per_floor":[60,60,60,60,59,59,35,35],"gold":160,"neow_bonus":"THREE_ENEMY_KILL","is_daily":false,"chose_seed":false,"campfire_upgraded":1,"win_rate":0.0,"timestamp":1609302048,"path_taken":["M","?","M","?","?","R","E"],"items_purchased_type":[],"build_version":"2020-12-22","purchased_purges":0,"victory":false,"max_hp_per_floor":[60,60,60,60,60,60,60,60],"card_choices":[{"not_picked":["theWildCard:BladeOfGenerations","theWildCard:LadyLuck"],"picked":"theWildCard:MaskChange","floor":1},{"not_picked":["theWildCard:SeveringSlash","theWildCard:Proficiency"],"picked":"theWildCard:ArchaicAssault","floor":3},{"not_picked":["theWildCard:LadyLuck","theWildCard:SacrificialStroke"],"picked":"theWildCard:ArcaneArts","floor":4},{"not_picked":["theWildCard:EnergizedStroke","theWildCard:Patience"],"picked":"theWildCard:Satanael","floor":5}],"player_experience":701090,"relics_obtained":[],"event_choices":[{"cards_removed":["theWildCard:BasicDefend"],"damage_healed":0,"gold_gain":0,"player_choice":"Purged","damage_taken":0,"max_hp_gain":0,"max_hp_loss":0,"event_name":"Purifier","floor":2,"gold_loss":0}],"is_beta":false,"boss_relics":[],"items_purged_floors":[],"is_endless":false,"potions_floor_spawned":[4],"killed_by":"3 Sentries","ascension_level":0}}