{"host":"hwrdjx5eod2cxh09","time":1609331906,"event":{"mods":["AchievementEnabler","BaseMod","Bestiary","Minty Spire (QoL Compilation)","Relic Stats"],"gold_per_floor":[113,113,127,144,162,191,191,222,245,263,263,338,338,354,354,453,453,436,452,452,487,787,787,392,392,392,402,402,422,347,361,361,466,466,478,494,494,494,494,523,523,543,596,152,164,195,209,209,209,209,209,209,12,45,45,45],"floor_reached":55,"playtime":4817,"items_purged":["Strike_B","Strike_B"],"score":812,"play_id":"26a351a6-280f-45a9-ab1f-d04c418735cb","local_time":"20201230213826","is_ascension_mode":false,"campfire_choices":[{"data":"FTL","floor":7.0,"key":"SMITH"},{"data":"Go for the Eyes","floor":11.0,"key":"SMITH"},{"floor":13.0,"key":"REST"},{"data":"Streamline","floor":15.0,"key":"SMITH"},{"data":"Buffer","floor":23.0,"key":"SMITH"},{"data":"Beam Cell","floor":25.0,"key":"SMITH"},{"data":"Scrape","floor":28.0,"key":"SMITH"},{"data":"Rebound","floor":32.0,"key":"SMITH"},{"floor":41,"key":"RECALL"},{"floor":49,"key":"REST"},{"data":"Gash","floor":52,"key":"SMITH"}],"circlet_count":0,"master_deck":["Defend_B","Defend_B","Defend_B","Defend_B","Zap","Dualcast","Genetic Algorithm","Streamline+1","Leap","Beam Cell+1","FTL+1","Go for the Eyes+1","Steam","Buffer+1","CurseOfTheBell","Fusion+1","Sweeping Beam","Rebound+1","Scrape+1","Leap+1","Seek+1","Seek+1","Madness+1","Madness+1","Conserve Battery+1","Turbo+1","Gash+1","Coolheaded+1","Heatsinks+1","Recycle+1","Echo Form+1","Auto Shields+1","Stack+1","Madness+1","Coolheaded+1"],"relics":["Cracked Core","Incense Burner","Bag of Marbles","Bag of Preparation","Tiny Chest","Calling Bell","Orichalcum","Toxic Egg 2","StoneCalendar","Red Mask","Old Coin","Membership Card","Du-Vu Doll","Runic Pyramid","Blue Candle","Regal Pillow","Dream Catcher","Medical Kit","Sundial","Frozen Egg 2","Gambling Chip","Pantograph","Dead Branch"],"acts_visited":["Exordium","TheCity","TheBeyond","TheEnding"],"potions_floor_usage":[46,55],"damage_taken":[{"damage":5.0,"enemies":"Small Slimes","floor":1.0,"turns":4.0},{"damage":1.0,"enemies":"Jaw Worm","floor":3.0,"turns":4.0},{"damage":0.0,"enemies":"2 Louse","floor":4.0,"turns":2.0},{"damage":8.0,"enemies":"Lots of Slimes","floor":5.0,"turns":5.0},{"damage":27.0,"enemies":"3 Sentries","floor":6.0,"turns":7.0},{"damage":1.0,"enemies":"Gremlin Nob","floor":8.0,"turns":3.0},{"damage":2.0,"enemies":"2 Fungi Beasts","floor":10.0,"turns":3.0},{"damage":0.0,"enemies":"Looter","floor":14.0,"turns":2.0},{"damage":34.0,"enemies":"Hexaghost","floor":16.0,"turns":10.0},{"damage":0.0,"enemies":"2 Thieves","floor":18.0,"turns":4.0},{"damage":0.0,"enemies":"Chosen","floor":19.0,"turns":5.0},{"damage":11.0,"enemies":"Masked Bandits","floor":21.0,"turns":6.0},{"damage":10.0,"enemies":"Snake Plant","floor":27.0,"turns":4.0},{"damage":4.0,"enemies":"3 Cultists","floor":29.0,"turns":5.0},{"damage":0.0,"enemies":"Chosen and Byrds","floor":31.0,"turns":6.0},{"damage":0.0,"enemies":"Automaton","floor":33.0,"turns":10.0},{"damage":5.0,"enemies":"3 Darklings","floor":35.0,"turns":5.0},{"damage":3.0,"enemies":"3 Shapes","floor":36.0,"turns":5.0},{"damage":0.0,"enemies":"Giant Head","floor":40.0,"turns":10.0},{"damage":0,"enemies":"Writhing Mass","floor":42,"turns":6},{"damage":2,"enemies":"Sphere and 2 Shapes","floor":45,"turns":7},{"damage":10,"enemies":"Reptomancer","floor":46,"turns":8},{"damage":0,"enemies":"Maw","floor":47,"turns":8},{"damage":39,"enemies":"Donu and Deca","floor":50,"turns":12},{"damage":21,"enemies":"Shield and Spear","floor":54,"turns":12},{"damage":75,"enemies":"The Heart","floor":55,"turns":10}],"seed_played":"-2099781510311803195","potions_obtained":[{"floor":3.0,"key":"Dexterity Potion"},{"floor":4.0,"key":"AttackPotion"},{"floor":10.0,"key":"Swift Potion"},{"floor":14.0,"key":"PowerPotion"},{"floor":19.0,"key":"DuplicationPotion"},{"floor":27.0,"key":"AttackPotion"},{"floor":36.0,"key":"Swift Potion"},{"floor":40.0,"key":"SteroidPotion"},{"floor":46,"key":"LiquidMemories"}],"is_trial":false,"path_per_floor":["M","?","M","M","M","E","R","E","T","M","R","?","R","M","R","B",null,"M","M","?","?","T","R","$","R","T","M","R","M","?","M","R","B",null,"M","M","?","?","T","E","R","M","T","$","M","E","M","?","R","B",null,"R","$","E","B"],"character_chosen":"DEFECT","items_purchased":["Rebound","Membership Card","Du-Vu Doll","Coolheaded+1","Medical Kit","Sundial","Frozen Egg 2","Heatsinks+1","Stack+1","Madness+1","Pantograph"],"campfire_rested":2,"item_purchase_floors":[24,24,24,44,44,44,44,44,53,53,53],"current_hp_per_floor":[70,70,69,69,61,34,34,33,33,31,31,20,42,42,42,8,75,75,75,75,64,64,64,64,64,64,54,54,50,50,50,50,50,75,70,67,58,58,58,58,58,58,58,58,56,46,46,46,75,36,75,75,75,54,0,0],"gold":45,"neow_bonus":"ONE_RARE_RELIC","is_daily":false,"chose_seed":false,"campfire_upgraded":8,"win_rate":0.0,"timestamp":1609331906,"path_taken":["M","?","M","M","M","E","R","E","T","M","R","?","R","M","R","BOSS","M","M","?","?","?","R","$","R","T","M","R","M","?","M","R","BOSS","M","M","?","?","?","E","R","M","T","$","?","E","M","?","R","BOSS","R","$","E","BOSS"],"items_purchased_type":["Card","Relic","Relic","Card","Relic","Relic","Relic","Card","Card","Card","Relic"],"build_version":"2020-12-22","purchased_purges":2,"victory":false,"max_hp_per_floor":[75,75,75,75,75,75,75,75,75,75,75,75,75,75,75,75,75,75,75,75,75,75,75,75,75,75,75,75,75,75,75,75,75,75,75,75,75,75,75,75,75,75,75,75,75,75,75,75,75,75,75,75,75,75,75,75],"relic_stats":{"Regal Pillow":7,"counters":[26,163],"Blue Candle":[5],"Dead Branch":[17],"StoneCalendar":[455],"Bag of Preparation":[40],"Orichalcum":[144],"Medical Kit":[23],"Dream Catcher":1,"Sundial":[8],"Gambling Chip":[11],"Pantograph":21,"Tiny Chest":2,"obtain_stats":[{"Regal Pillow":40,"Blue Candle":39,"Dead Branch":54,"StoneCalendar":17,"Incense Burner":0,"Bag of Preparation":8,"Orichalcum":17,"Frozen Egg 2":44,"Medical Kit":44,"Old Coin":22,"Calling Bell":17,"Du-Vu Doll":24,"Dream Catcher":43,"Sundial":44,"Gambling Chip":46,"Pantograph":53,"Tiny Chest":9,"Bag of Marbles":6,"Red Mask":21,"Membership Card":24,"Toxic Egg 2":17,"Cracked Core":0,"Runic Pyramid":34},{"Regal Pillow":19,"Blue Candle":18,"Dead Branch":25,"StoneCalendar":9,"Incense Burner":0,"Bag of Preparation":6,"Orichalcum":9,"Frozen Egg 2":20,"Medical Kit":20,"Old Coin":12,"Calling Bell":9,"Du-Vu Doll":12,"Dream Catcher":20,"Sundial":20,"Gambling Chip":22,"Pantograph":24,"Tiny Chest":6,"Bag of Marbles":5,"Red Mask":12,"Membership Card":12,"Toxic Egg 2":9,"Cracked Core":0,"Runic Pyramid":16},{"Regal Pillow":100,"Blue Candle":90,"Dead Branch":153,"StoneCalendar":40,"Incense Burner":0,"Bag of Preparation":25,"Orichalcum":40,"Frozen Egg 2":106,"Medical Kit":106,"Old Coin":55,"Calling Bell":40,"Du-Vu Doll":55,"Dream Catcher":106,"Sundial":106,"Gambling Chip":121,"Pantograph":141,"Tiny Chest":25,"Bag of Marbles":22,"Red Mask":55,"Membership Card":55,"Toxic Egg 2":40,"Cracked Core":0,"Runic Pyramid":80}]},"card_choices":[{"not_picked":["Stack","Consume"],"picked":"Genetic Algorithm","floor":1.0},{"not_picked":["Rebound","Ball Lightning"],"picked":"Streamline","floor":3.0},{"not_picked":["Force Field","Doom and Gloom"],"picked":"Leap","floor":4.0},{"not_picked":["Coolheaded","Sweeping Beam"],"picked":"Beam Cell","floor":5.0},{"not_picked":["Ball Lightning","Aggregate"],"picked":"FTL","floor":6.0},{"not_picked":["Consume","Darkness"],"picked":"Go for the Eyes","floor":8.0},{"not_picked":["Ball Lightning","Stack"],"picked":"Steam","floor":10.0},{"not_picked":["Go for the Eyes","Storm","Ball Lightning"],"picked":"SKIP","floor":14.0},{"not_picked":["Core Surge","Electrodynamics"],"picked":"Buffer","floor":16.0},{"not_picked":["Beam Cell","Force Field+1"],"picked":"Fusion+1","floor":18.0},{"not_picked":["Go for the Eyes+1","Beam Cell"],"picked":"Sweeping Beam","floor":19.0},{"not_picked":["Barrage","Stack+1"],"picked":"Cold Snap+1","floor":21.0},{"not_picked":["FTL","Stack+1"],"picked":"Scrape","floor":27.0},{"not_picked":["Heatsinks+1","Beam Cell"],"picked":"Leap+1","floor":29.0},{"not_picked":["Stack+1","Tempest+1"],"picked":"Seek+1","floor":31.0},{"not_picked":["Fission+1","Meteor Strike"],"picked":"Seek+1","floor":33.0},{"not_picked":["Conserve Battery+1","Beam Cell","Self Repair"],"picked":"SKIP","floor":35.0},{"not_picked":["Ball Lightning","Static Discharge","Sweeping Beam+1"],"picked":"SKIP","floor":36.0},{"not_picked":["Beam Cell","BootSequence+1"],"picked":"Turbo+1","floor":40.0},{"not_picked":["Double Energy+1","Blizzard+1"],"picked":"Gash","floor":42},{"not_picked":["Ball Lightning+1","FTL"],"picked":"Recycle+1","floor":45},{"not_picked":["Force Field+1","Storm+1"],"picked":"Echo Form+1","floor":46},{"not_picked":["Steam+1","Coolheaded+1","Tempest+1"],"picked":"SKIP","floor":47},{"not_picked":["Leap+1","Steam+1"],"picked":"Auto Shields+1","floor":49},{"not_picked":["Capacitor+1","Ball Lightning+1"],"picked":"Coolheaded+1","floor":54}],"player_experience":99018,"relics_obtained":[{"floor":6.0,"key":"Bag of Marbles"},{"floor":8.0,"key":"Bag of Preparation"},{"floor":9.0,"key":"Tiny Chest"},{"floor":17.0,"key":"Orichalcum"},{"floor":17.0,"key":"Toxic Egg 2"},{"floor":17.0,"key":"StoneCalendar"},{"floor":21.0,"key":"Red Mask"},{"floor":22.0,"key":"Old Coin"},{"floor":39.0,"key":"Blue Candle"},{"floor":40.0,"key":"Regal Pillow"},{"floor":43,"key":"Dream Catcher"},{"floor":46,"key":"Gambling Chip"},{"floor":54,"key":"Dead Branch"}],"event_choices":[{"cards_removed":["Injury"],"damage_healed":0.0,"max_hp_gain":0.0,"max_hp_loss":0.0,"gold_gain":0.0,"event_name":"Living Wall","player_choice":"Forget","floor":2.0,"gold_loss":0.0,"damage_taken":0.0},{"damage_healed":0.0,"max_hp_gain":0.0,"max_hp_loss":0.0,"gold_gain":75.0,"event_name":"World of Goop","player_choice":"Gather Gold","floor":12.0,"gold_loss":0.0,"damage_taken":11.0},{"cards_removed":["Strike_B"],"damage_healed":0.0,"max_hp_gain":0.0,"max_hp_loss":0.0,"gold_gain":0.0,"event_name":"Back to Basics","player_choice":"Elegance","floor":20.0,"gold_loss":0.0,"damage_taken":0.0},{"damage_healed":0.0,"max_hp_gain":0.0,"max_hp_loss":0.0,"gold_gain":0.0,"event_name":"Masked Bandits","player_choice":"Fought Bandits","floor":21.0,"gold_loss":0.0,"damage_taken":0.0},{"cards_removed":["Strike_B"],"damage_healed":0.0,"max_hp_gain":0.0,"max_hp_loss":0.0,"gold_gain":0.0,"event_name":"Beggar","player_choice":"Gave Gold","floor":30.0,"gold_loss":75.0,"damage_taken":0.0},{"damage_healed":0.0,"max_hp_gain":0.0,"max_hp_loss":0.0,"gold_gain":0.0,"event_name":"Winding Halls","player_choice":"Embrace Madness","floor":37.0,"gold_loss":0.0,"damage_taken":9.0,"cards_obtained":["Madness","Madness"]},{"damage_healed":0.0,"max_hp_gain":0.0,"max_hp_loss":0.0,"gold_gain":0.0,"event_name":"Match and Keep!","player_choice":"1 cards matched","floor":38.0,"gold_loss":0.0,"damage_taken":0.0,"cards_obtained":["Conserve Battery"]},{"cards_removed":["Cold Snap"],"damage_healed":0,"gold_gain":0,"player_choice":"Removed Attack","damage_taken":0,"max_hp_gain":0,"max_hp_loss":0,"event_name":"Falling","floor":48,"gold_loss":0}],"is_beta":false,"boss_relics":[{"not_picked":["Snecko Eye","Black Star"],"picked":"Calling Bell"},{"not_picked":["Runic Dome","Nuclear Battery"],"picked":"Runic Pyramid"}],"items_purged_floors":[24,44],"is_endless":false,"potions_floor_spawned":[3,4,10,14,19,27,31,36,40,42,46],"killed_by":"The Heart","ascension_level":0}}