{"host":"a7dhdzm3fda48fos","time":1609356927,"event":{"mods":["AchievementEnabler","AlwaysNeverKeys","BaseMod","Better Altar","Better Note","Better Sensory Stone","Better Skull","Better Third Choice","Block Reminder","Colored Map","Gold Saver","Hermit","Minty Spire (QoL Compilation)","Quick Restart","Rare Cards Sparkle","Relic Sorter","Relic Stats","Remove Card Discount Mod","Shop Mod","Spicy Shops","StSLib"],"gold_per_floor":[629,641,641,55,69,96,2,2,25,25,39,67,83,102,102,206,206,225,128,88,102,114,140,190,190,214,214,214],"floor_reached":27,"playtime":1418,"items_purged":["Headbutt"],"score":255,"play_id":"2f4cd371-6377-45cb-a79d-e8ef1658ae37","local_time":"20201230203527","is_ascension_mode":true,"campfire_choices":[{"floor":10,"key":"REST"},{"data":"Infinite Blades","floor":15,"key":"SMITH"},{"data":"Seeing Red","floor":25,"key":"SMITH"}],"circlet_count":0,"master_deck":["Strike_R","Strike_R","Strike_R","Strike_R","Strike_R","Defend_R","Defend_R","Defend_R","Defend_R","Bash","Thunderclap","Cleave+1","Infinite Blades+1","Flash of Steel","Rupture+1","Hemokinesis","Metallicize","Blood for Blood","Blood for Blood","Demon Form","Offering","Pommel Strike","Inflame","Cleave+1","Seeing Red+1","Offering"],"relics":["Burning Blood","Membership Card","Magic Flower","Matryoshka","MerchantsRug","Kunai","PreservedInsect","ClockworkSouvenir","Gremlin Horn","Omamori","Art of War","Runic Cube","Blood Vial","Charon\u0027s Ashes","MealTicket","Bag of Marbles"],"acts_visited":["Exordium","TheCity"],"potions_floor_usage":[6,16,16],"damage_taken":[{"damage":6,"enemies":"2 Louse","floor":1,"turns":3},{"damage":3,"enemies":"Small Slimes","floor":2,"turns":3},{"damage":6,"enemies":"Jaw Worm","floor":5,"turns":3},{"damage":22,"enemies":"3 Sentries","floor":6,"turns":3},{"damage":2,"enemies":"Lots of Slimes","floor":11,"turns":2},{"damage":19,"enemies":"Gremlin Nob","floor":12,"turns":4},{"damage":16,"enemies":"Exordium Wildlife","floor":13,"turns":3},{"damage":5,"enemies":"Gremlin Gang","floor":14,"turns":3},{"damage":17,"enemies":"Slime Boss","floor":16,"turns":6},{"damage":18,"enemies":"Chosen","floor":18,"turns":3},{"damage":26,"enemies":"2 Thieves","floor":21,"turns":3},{"damage":20,"enemies":"Snecko","floor":22,"turns":4},{"damage":29,"enemies":"Gremlin Leader","floor":23,"turns":3},{"damage":37,"enemies":"Book of Stabbing","floor":27,"turns":3}],"seed_played":"-6868709296434322681","potions_obtained":[{"floor":2,"key":"DistilledChaos"},{"floor":5,"key":"Swift Potion"},{"floor":13,"key":"Weak Potion"},{"floor":14,"key":"FearPotion"}],"is_trial":false,"path_per_floor":["M","M","?","$","M","E","$","?","T","R","M","E","M","M","R","B",null,"M","$","?","M","M","E","?","R","T","E"],"character_chosen":"IRONCLAD","items_purchased":["Membership Card","Magic Flower","Matryoshka","MerchantsRug","Flash of Steel","Rupture","PreservedInsect","ClockworkSouvenir","Blood Vial","Inflame"],"campfire_rested":1,"item_purchase_floors":[4,4,4,4,4,4,7,7,19,19],"current_hp_per_floor":[56,59,38,38,41,28,28,28,28,52,59,49,42,46,46,38,80,71,71,71,57,49,32,32,32,32,0,0],"gold":214,"neow_bonus":"TWO_FIFTY_GOLD","is_daily":false,"chose_seed":false,"campfire_upgraded":2,"win_rate":0.0,"timestamp":1609356927,"path_taken":["M","M","?","$","M","E","$","?","T","R","M","E","M","M","R","BOSS","M","$","?","?","M","E","?","R","T","E"],"items_purchased_type":["Relic","Relic","Relic","Relic","Card","Card","Relic","Relic","Relic","Card"],"build_version":"2020-12-22","purchased_purges":1,"victory":false,"max_hp_per_floor":[80,80,80,80,80,80,80,80,80,80,80,80,80,80,80,80,80,80,80,80,80,80,80,80,80,80,80,80],"relic_stats":{"Blood Vial":12,"Gremlin Horn":[12,13],"counters":[14,46],"Magic Flower":[37],"MealTicket":0,"PreservedInsect":110,"Charon\u0027s Ashes":[12],"Art of War":[0],"Kunai":[17],"obtain_stats":[{"MerchantsRug":4,"Gremlin Horn":9,"Magic Flower":4,"PreservedInsect":7,"Charon\u0027s Ashes":23,"Omamori":9,"MawBank":3,"Burning Blood":0,"ClockworkSouvenir":7,"Blood Vial":19,"Matryoshka":4,"MealTicket":26,"Art of War":12,"Bag of Marbles":26,"Membership Card":4,"Kunai":6,"Runic Cube":17},{"MerchantsRug":2,"Gremlin Horn":4,"Magic Flower":2,"PreservedInsect":4,"Charon\u0027s Ashes":13,"Omamori":4,"MawBank":2,"Burning Blood":0,"ClockworkSouvenir":4,"Blood Vial":10,"Matryoshka":2,"MealTicket":13,"Art of War":6,"Bag of Marbles":13,"Membership Card":2,"Kunai":4,"Runic Cube":9},{"MerchantsRug":6,"Gremlin Horn":12,"Magic Flower":6,"PreservedInsect":12,"Charon\u0027s Ashes":43,"Omamori":12,"MawBank":6,"Burning Blood":0,"ClockworkSouvenir":12,"Blood Vial":33,"Matryoshka":6,"MealTicket":43,"Art of War":18,"Bag of Marbles":43,"Membership Card":6,"Kunai":12,"Runic Cube":30}],"Burning Blood":111,"Runic Cube":[20]},"card_choices":[{"not_picked":["Heavy Blade","Power Through"],"picked":"Thunderclap","floor":1},{"not_picked":["Armaments","Heavy Blade"],"picked":"Cleave","floor":2},{"not_picked":["Body Slam","Power Through"],"picked":"Hemokinesis","floor":5},{"not_picked":["Pommel Strike","Cleave"],"picked":"Metallicize","floor":6},{"not_picked":["Headbutt","Spot Weakness"],"picked":"Blood for Blood","floor":11},{"not_picked":["Clash","Dark Embrace"],"picked":"Blood for Blood","floor":12},{"not_picked":["Twin Strike","Heavy Blade"],"picked":"Headbutt","floor":13},{"not_picked":["Perfected Strike","Cleave"],"picked":"Demon Form","floor":14},{"not_picked":["Immolate","Brutality"],"picked":"Offering","floor":16},{"not_picked":["Heavy Blade","Flex+1"],"picked":"Pommel Strike","floor":18},{"not_picked":["Twin Strike","Rage"],"picked":"Cleave+1","floor":21},{"not_picked":["Shrug It Off","Clothesline"],"picked":"Seeing Red","floor":22},{"not_picked":["Blood for Blood","Cleave"],"picked":"Offering","floor":23}],"player_experience":53079,"relics_obtained":[{"floor":6,"key":"Kunai"},{"floor":9,"key":"Gremlin Horn"},{"floor":9,"key":"Omamori"},{"floor":12,"key":"Art of War"},{"floor":23,"key":"Charon\u0027s Ashes"},{"floor":26,"key":"MealTicket"},{"floor":26,"key":"Bag of Marbles"}],"event_choices":[{"damage_healed":28,"gold_gain":0,"player_choice":"Leave","damage_taken":0,"max_hp_gain":0,"max_hp_loss":80,"event_name":"betterThird:BetterShining","floor":8,"gold_loss":0},{"damage_healed":0,"gold_gain":0,"player_choice":"Upgraded Two","damage_taken":0,"max_hp_gain":0,"max_hp_loss":0,"event_name":"Designer","floor":20,"gold_loss":40,"cards_upgraded":["Rupture","Cleave"]},{"damage_healed":0,"gold_gain":100,"player_choice":"Bet on Murderer","damage_taken":0,"max_hp_gain":0,"max_hp_loss":0,"event_name":"The Joust","floor":24,"gold_loss":50}],"is_beta":false,"boss_relics":[{"not_picked":["Velvet Choker","Black Star"],"picked":"Runic Cube"}],"items_purged_floors":[19],"is_endless":false,"potions_floor_spawned":[2,5,13,14],"killed_by":"Book of Stabbing","ascension_level":1}}