{"host":"hig8qfi5vzbgudte","time":1609366766,"event":{"mods":["BaseMod","Colored Map","Downfall","Hubris","Minty Spire (QoL Compilation)","Quick Restart","StSLib","The Cursed","The Marked","The Servant 0.9.4"],"gold_per_floor":[111,111,111,125,125,125,49,65,89,112,136,42,60,35,35,35,35],"floor_reached":16,"playtime":976,"items_purged":[],"score":92,"play_id":"76653fa1-ebf6-4d7a-85c2-310dae1174a8","local_time":"20201230161926","is_ascension_mode":false,"campfire_choices":[{"data":"theMarked:ComboAttacks","floor":6,"key":"SMITH"},{"floor":15,"key":"REST"}],"circlet_count":0,"master_deck":["theMarked:Strike","theMarked:Strike","theMarked:Strike","theMarked:Strike","theMarked:Strike","theMarked:Defend","theMarked:Defend","theMarked:Defend","theMarked:Defend","theMarked:SoldierOfQuellstein","theMarked:ComboAttacks+1","theMarked:SwordAndMagic","theMarked:Aftermath","theMarked:ElectricStrings","theMarked:Aftermath","theMarked:ChainLightning","theMarked:ResourceFulStrike","Bandage Up","theMarked:ElementalBlade","theMarked:ResourceFulStrike","theMarked:Electrify"],"relics":["theMarked:ArtifactOfAir","Vajra","Golden Idol","Dream Catcher"],"acts_visited":["Exordium"],"potions_floor_usage":[],"damage_taken":[{"damage":7,"enemies":"Small Slimes","floor":1,"turns":3},{"damage":12,"enemies":"2 Louse","floor":4,"turns":3},{"damage":0,"enemies":"Jaw Worm","floor":8,"turns":1},{"damage":13,"enemies":"Red Slaver","floor":10,"turns":2},{"damage":1,"enemies":"Exordium Wildlife","floor":11,"turns":2},{"damage":20,"enemies":"Looter","floor":13,"turns":3},{"damage":53,"enemies":"The Guardian","floor":16,"turns":8}],"seed_played":"807707176587174021","potions_obtained":[{"floor":1,"key":"FearPotion"},{"floor":10,"key":"SkillPotion"},{"floor":11,"key":"LiquidBronze"}],"is_trial":false,"path_per_floor":["M","?","?","M","?","R","$","M","T","M","M","$","M","$","R","B"],"character_chosen":"THE_DEFAULT","items_purchased":["theMarked:Aftermath","theMarked:ElectricStrings","Bandage Up","theMarked:ResourceFulStrike"],"campfire_rested":1,"item_purchase_floors":[7,7,12,14],"current_hp_per_floor":[63,63,63,51,56,56,56,56,56,43,42,42,26,26,47,0,0],"gold":35,"neow_bonus":"RANDOM_COMMON_RELIC","is_daily":false,"chose_seed":false,"campfire_upgraded":1,"win_rate":0.0,"timestamp":1609366766,"path_taken":["M","?","?","M","?","R","?","M","T","M","M","$","M","$","R","BOSS"],"items_purchased_type":["Card","Card","Card","Card"],"build_version":"2020-12-22","purchased_purges":0,"victory":false,"max_hp_per_floor":[70,70,65,65,70,70,70,70,70,70,70,70,70,70,70,70,70],"card_choices":[{"not_picked":["theMarked:TunnelVision","theMarked:KeepCalmAndFightOn"],"picked":"theMarked:ComboAttacks","floor":1},{"not_picked":["theMarked:TakeCover","theMarked:WardOff"],"picked":"theMarked:SwordAndMagic","floor":4},{"not_picked":["theMarked:HeritageOfTheMarked","theMarked:Panic"],"picked":"theMarked:Aftermath","floor":8},{"not_picked":["theMarked:WastefulAttack","theMarked:PowerFlow"],"picked":"theMarked:ChainLightning","floor":10},{"not_picked":["theMarked:Parkour","theMarked:WastefulDefense"],"picked":"theMarked:ResourceFulStrike","floor":11},{"not_picked":["theMarked:Aftermath","theMarked:TwofoldDefense"],"picked":"theMarked:ElementalBlade","floor":13},{"not_picked":["theMarked:TakeCover","theMarked:WastefulAttack"],"picked":"theMarked:Electrify","floor":15}],"player_experience":13868,"relics_obtained":[{"floor":9,"key":"Dream Catcher"}],"event_choices":[{"damage_healed":0,"gold_gain":0,"player_choice":"Ignored","damage_taken":0,"max_hp_gain":0,"max_hp_loss":0,"event_name":"Shining Light","floor":2,"gold_loss":0},{"damage_healed":0,"gold_gain":0,"player_choice":"Lose Max HP","damage_taken":0,"relics_obtained":["Golden Idol"],"max_hp_gain":0,"max_hp_loss":5,"event_name":"Golden Idol","floor":3,"gold_loss":0},{"damage_healed":0,"gold_gain":0,"player_choice":"Donut","damage_taken":0,"max_hp_gain":5,"max_hp_loss":0,"event_name":"Big Fish","floor":5,"gold_loss":0}],"is_beta":false,"boss_relics":[],"items_purged_floors":[],"is_endless":false,"potions_floor_spawned":[1,10,11],"killed_by":"The Guardian","ascension_level":0}}