{"host":"uyrebrj0204enqpc","time":1609356411,"event":{"mods":["Act Like it!","Bard","BaseMod","Block Reminder","Challenge The Spire","Colored Map","Colored Powertips","DeckTracker","Downfall","GifTheSpireLib","HexUI Lib","Highlight Path","Hubris","Infinite Spire","Minty Spire (QoL Compilation)","Pale of the Ancients","Quick Restart","Random Character Button","Relic Sorter","Relic Stats","Replay The Spire","Shop Mod","StSLib","The Blue Laboratory","The Bug Knight","The Cursed","The Jungle","The Marked","Wandering Minibosses"],"gold_per_floor":[111,111,36,36,48,48,73,92,143,215,227,198,210,210],"floor_reached":13,"playtime":277,"items_purged":["Strike_B"],"score":138,"play_id":"7cb03d4f-8ad6-4f54-9be3-f3e7dda57c92","local_time":"20201230142651","is_ascension_mode":true,"campfire_choices":[{"data":"Redo","floor":6,"key":"SMITH"}],"circlet_count":0,"master_deck":["Strike_B","Strike_B","Strike_B","Defend_B","Defend_B","Defend_B","Defend_B","Zap+1","Dualcast","BasicCrystalCard","Redo+1","FIFO Queue"],"relics":["Cracked Core","NeowsBlessing","Akabeko","MawBank","Snack Pack","Bronze Scales"],"acts_visited":["Exordium"],"potions_floor_usage":[13,13],"damage_taken":[{"damage":0,"enemies":"2 Louse","floor":1,"turns":1},{"damage":0,"enemies":"Cultist","floor":5,"turns":1},{"damage":0,"enemies":"Lagavulin","floor":7,"turns":1},{"damage":3,"enemies":"Small Slimes","floor":8,"turns":3},{"damage":35,"enemies":"3 Sentries","floor":10,"turns":7},{"damage":13,"enemies":"3 Sentries","floor":13,"turns":2}],"seed_played":"6544576280159854011","potions_obtained":[{"floor":5,"key":"blueLaboratory:HorrorPotion"},{"floor":7,"key":"DuplicationPotion"},{"floor":10,"key":"blueLaboratory:CoolantVial"}],"is_trial":false,"path_per_floor":["M","?","$","$","M","R","E","M","T","?","?","?","E"],"character_chosen":"DEFECT","items_purchased":[],"campfire_rested":0,"item_purchase_floors":[],"current_hp_per_floor":[68,68,68,68,68,68,68,65,65,30,12,12,0,0],"gold":210,"neow_bonus":"THREE_ENEMY_KILL","is_daily":false,"chose_seed":false,"campfire_upgraded":1,"win_rate":0.0,"timestamp":1609356411,"path_taken":["M","?","?","$","?","R","E","M","T","?","?","?","E"],"items_purchased_type":[],"build_version":"2020-12-22","purchased_purges":1,"victory":false,"max_hp_per_floor":[75,75,75,75,75,75,75,75,75,75,75,75,75,75],"relic_stats":{"counters":[6,15],"Bronze Scales":[6],"MawBank":48,"obtain_stats":[{"NeowsBlessing":0,"Bronze Scales":11,"Snack Pack":10,"Cracked Core":0,"MawBank":9,"Akabeko":7},{"NeowsBlessing":0,"Bronze Scales":5,"Snack Pack":5,"Cracked Core":0,"MawBank":4,"Akabeko":3},{"NeowsBlessing":0,"Bronze Scales":13,"Snack Pack":13,"Cracked Core":0,"MawBank":6,"Akabeko":3}]},"card_choices":[{"not_picked":["Compile Driver","Stack"],"picked":"BasicCrystalCard","floor":1},{"not_picked":["Reprogram","Sunder"],"picked":"Redo","floor":5},{"not_picked":["Stack","Sweeping Beam","Lockon"],"picked":"SKIP","floor":7},{"not_picked":["Time Bomb","Stack","Steam"],"picked":"SKIP","floor":8},{"not_picked":["Panic Button","All For One"],"picked":"FIFO Queue","floor":10}],"player_experience":1014545,"relics_obtained":[{"floor":7,"key":"Akabeko"},{"floor":9,"key":"MawBank"},{"floor":10,"key":"Snack Pack"}],"event_choices":[{"damage_healed":0,"gold_gain":0,"player_choice":"Forge","damage_taken":0,"max_hp_gain":0,"max_hp_loss":0,"event_name":"Accursed Blacksmith","floor":2,"gold_loss":0,"cards_upgraded":["Zap"]},{"damage_healed":0,"gold_gain":0,"player_choice":"Searched \u00271\u0027 times","damage_taken":0,"max_hp_gain":0,"max_hp_loss":0,"event_name":"Dead Adventurer","floor":10,"gold_loss":0},{"damage_healed":0,"gold_gain":0,"player_choice":"Success","damage_taken":18,"relics_obtained":["Bronze Scales"],"max_hp_gain":0,"max_hp_loss":0,"event_name":"Scrap Ooze","floor":11,"gold_loss":0},{"damage_healed":0,"gold_gain":0,"player_choice":"Left Gold","damage_taken":0,"max_hp_gain":0,"max_hp_loss":0,"event_name":"World of Goop","floor":12,"gold_loss":41}],"is_beta":false,"boss_relics":[],"items_purged_floors":[3],"is_endless":false,"potions_floor_spawned":[5,7,10],"killed_by":"3 Sentries","ascension_level":6}}