{"host":"sv2o2io561l6x04h","time":1609349867,"event":{"mods":["BaseMod","Bestiary","Better Altar","Better Match","Better Note","Better Sensory Stone","Colored Map","Conspire","Custom Start","DeckTracker","Downfall","Highlight Path","Hubris","Infinite Spire","Minty Spire (QoL Compilation)","Replay The Spire","Shop Mod","StSLib","The Runesmith"],"gold_per_floor":[99,118,129,39,53,53,53,72,72,72,72,57,57,77,90,195,195,195,206,216,416,516,516,565,665,321,334,462,462,462,462],"floor_reached":29,"playtime":3036,"items_purged":["Slimebound:Strike_Slimebound","Slimebound:Strike_Slimebound"],"score":213,"play_id":"931bb8a1-f044-4aa1-928e-691329705ffb","local_time":"20201230123747","is_ascension_mode":false,"campfire_choices":[{"data":"Slimebound:CorrosiveSpit","floor":1,"key":"SMITH"},{"data":"Slimebound:Darklings","floor":10,"key":"SMITH"},{"data":"Slimebound:RainOfGoop","floor":13,"key":"SMITH"},{"data":"Slimebound:GrowthPunch","floor":18,"key":"SMITH"},{"data":"Slimebound:ForwardTackle","floor":23,"key":"SMITH"}],"circlet_count":0,"master_deck":["Slimebound:Strike_Slimebound+1","Slimebound:Tackle","Slimebound:Defend_Slimebound","Slimebound:Defend_Slimebound","Slimebound:Defend_Slimebound","Slimebound:Defend_Slimebound+1","Slimebound:Split+1","Slimebound:CorrosiveSpit+1","Slimebound:Gluttony+1","Slimebound:GrowthPunch+1","Slimebound:Darklings+1","Slimebound:LeechingTouch","Regret","Slimebound:RainOfGoop+1","Slimebound:SplitBruiser","Slimebound:ForwardTackle+1","Slimebound:SlimeBrawl","Slimebound:LeechingTouch","Slimebound:ViciousTackle","Slimebound:SplitMire+1","Slimebound:SelfFormingGoo","Slimebound:RollThrough","Slimebound:FlameTackle","Slimebound:GoopTackle"],"relics":["hubris:PeanutButter","m_BurningSludge","Runesmith:UraniumAnvil","Toy Ornithopter","Replay:Mystery Machine","downfall:CloakOfManyFaces","CultistMask","FaceOfCleric","NlothsMask","GremlinMask","SsserpentHead","Lantern"],"acts_visited":["Exordium","TheCity"],"potions_floor_usage":[12,14,19,22,22,26,29],"damage_taken":[{"damage":8,"enemies":"Cultist","floor":2,"turns":4},{"damage":11,"enemies":"2 Louse","floor":3,"turns":2},{"damage":18,"enemies":"downfall:FleeingMerchant","floor":4,"turns":4},{"damage":16,"enemies":"conspire:RoseBush","floor":5,"turns":3},{"damage":8,"enemies":"Blue Slaver","floor":8,"turns":3},{"damage":16,"enemies":"downfall:FleeingMerchant","floor":12,"turns":4},{"damage":22,"enemies":"Large Slime","floor":14,"turns":3},{"damage":25,"enemies":"3 Louse","floor":15,"turns":4},{"damage":41,"enemies":"downfall:Watcher","floor":16,"turns":8},{"damage":40,"enemies":"3 Byrds","floor":19,"turns":5},{"damage":8,"enemies":"Spheric Guardian","floor":20,"turns":3},{"damage":29,"enemies":"downfall:LadyInBlue","floor":22,"turns":5},{"damage":27,"enemies":"downfall:FaceTrader","floor":25,"turns":5},{"damage":41,"enemies":"downfall:FleeingMerchant","floor":26,"turns":5},{"damage":42,"enemies":"Snecko","floor":27,"turns":5},{"damage":53,"enemies":"conspire:HollyBat","floor":29,"turns":6}],"seed_played":"285444795910893752","potions_obtained":[{"floor":2,"key":"SkillPotion"},{"floor":5,"key":"Reflective Coating"},{"floor":8,"key":"Explosive Potion"},{"floor":14,"key":"BlessingOfTheForge"},{"floor":16,"key":"Flashbang"},{"floor":19,"key":"PowerPotion"},{"floor":20,"key":"Block Potion"},{"floor":22,"key":"Doom Potion"},{"floor":22,"key":"champ:CounterPotion"},{"floor":27,"key":"Adrenaline Potion"}],"is_trial":false,"path_per_floor":["R","M","M","$","M","?","T","M","?","R","?","$","R","M","M","B",null,"R","M","M","?","?","R","T","?","$","M","T","M"],"character_chosen":"SLIMEBOUND","items_purchased":["Slimebound:FlameTackle","Lantern"],"campfire_rested":0,"item_purchase_floors":[26,26],"current_hp_per_floor":[60,60,60,60,60,60,60,60,60,60,60,60,60,60,60,41,60,60,34,48,48,45,45,45,48,41,26,26,0,0,0],"gold":462,"neow_bonus":"UPGRADE_CARD","is_daily":false,"chose_seed":false,"campfire_upgraded":5,"win_rate":0.0,"timestamp":1609349867,"path_taken":["R","M","M","$","M","?","T","M","?","R","?","?","R","M","M","BOSS","R","M","M","?","?","R","T","?","$","M","?","M"],"items_purchased_type":["Card","Relic"],"build_version":"2020-12-22","purchased_purges":2,"victory":false,"max_hp_per_floor":[60,60,60,60,60,60,60,60,60,60,60,60,60,60,60,60,60,60,60,60,60,60,60,60,60,61,62,62,62,62,62],"card_choices":[{"not_picked":["Slimebound:Schlurp","Slimebound:GoopTackle"],"picked":"Slimebound:Gluttony","floor":2},{"not_picked":["Slimebound:ViciousTackle","Slimebound:SamplingLick"],"picked":"Slimebound:GrowthPunch","floor":3},{"not_picked":["Slimebound:FinishingTackle","Slimebound:LeechEnergy"],"picked":"Slimebound:Darklings","floor":4},{"not_picked":["Slimebound:ViciousTackle","Slimebound:RainOfGoop"],"picked":"Slimebound:LeechingTouch","floor":5},{"not_picked":["Slimebound:ProtectTheBoss","Slimebound:ForwardTackle"],"picked":"Slimebound:RainOfGoop","floor":8},{"not_picked":["Slimebound:SplitLeeching","Slimebound:BestDefense"],"picked":"Slimebound:SplitBruiser","floor":12},{"not_picked":["Slimebound:SplitLeeching","Slimebound:SplitBruiser"],"picked":"Slimebound:ForwardTackle","floor":14},{"not_picked":["Slimebound:SlimeTap","Whirlwind"],"picked":"Slimebound:SlimeBrawl","floor":15},{"not_picked":["Slimebound:SplitLeeching","Slimebound:GoopSpray"],"picked":"Slimebound:LeechingTouch","floor":19},{"not_picked":["Slimebound:SplitAcid","Slimebound:SlimeSpikes"],"picked":"Slimebound:ViciousTackle","floor":20},{"not_picked":["Slimebound:GoopTackle","Slimebound:RejuvenatingLick"],"picked":"Slimebound:SplitMire+1","floor":22},{"not_picked":["Slimebound:SlimeTap","Slimebound:RollThrough"],"picked":"Slimebound:SelfFormingGoo","floor":25},{"not_picked":["Slimebound:GoopSpray","Slimebound:FinishingTackle"],"picked":"Slimebound:RollThrough","floor":26},{"not_picked":["Slimebound:ItLooksTasty","Slimebound:GoopSpray"],"picked":"Slimebound:GoopTackle","floor":27}],"player_experience":269602,"relics_obtained":[{"floor":7,"key":"hubris:PeanutButter"},{"floor":22,"key":"Toy Ornithopter"},{"floor":24,"key":"Replay:Mystery Machine"},{"floor":25,"key":"downfall:CloakOfManyFaces"}],"event_choices":[{"damage_healed":0,"gold_gain":200,"player_choice":"Gold","damage_taken":0,"max_hp_gain":0,"max_hp_loss":0,"event_name":"Wheel of Change","floor":21,"gold_loss":0}],"is_beta":false,"boss_relics":[{"not_picked":["Fusion Hammer","hubris:BlackHole"],"picked":"Runesmith:UraniumAnvil"}],"items_purged_floors":[4,26],"is_endless":false,"potions_floor_spawned":[2,5,8,14,16,19,20,27],"killed_by":"conspire:HollyBat","ascension_level":0}}