{"host":"y3h3n3f7seyagppx","time":1609358345,"event":{"mods":["BaseMod","Colored Map","Colored Powertips","DeckTracker","Minty Spire (QoL Compilation)","Random Character Button","Rare Cards Sparkle","Relic Sorter","Relic Stats","StSLib"],"gold_per_floor":[10,10,20,20,36,36,54,86,110,135,135,148,165,199,199,271,271,288,288,306,48,48,48,75,75,75,108,120,135,160,160,160,232,232,250,262,276,44,62,94,94,119,143,163,193,210,210,225,225,225,225,225,225,11,45,45],"floor_reached":57,"playtime":16072,"items_purged":["Strike_R+1"],"score":2998,"play_id":"cc29c4e2-7342-479b-a3ff-c5308a72b2b8","local_time":"20201230145905","is_ascension_mode":true,"campfire_choices":[{"data":"Bash","floor":6.0,"key":"SMITH"},{"data":"Carnage","floor":11.0,"key":"SMITH"},{"data":"Armaments","floor":15.0,"key":"SMITH"},{"data":"Combust","floor":23,"key":"SMITH"},{"data":"Body Slam","floor":25,"key":"SMITH"},{"floor":32,"key":"REST"},{"floor":41,"key":"RECALL"},{"data":"Entrench","floor":49,"key":"SMITH"},{"data":"PanicButton","floor":53,"key":"SMITH"}],"circlet_count":0,"master_deck":["AscendersBane","Strike_R+1","Strike_R+1","Strike_R+1","Defend_R+1","Defend_R+1","Defend_R+1","Defend_R+1","Bash+1","Headbutt","Cleave","Carnage+1","Armaments+1","Combust+1","Feed","PanicButton+1","Offering","Body Slam+1","Dual Wield","Shockwave","Entrench+1","RitualDagger","Fiend Fire","Shrug It Off+1","Burning Pact","Metallicize+1","Clothesline","True Grit+1"],"relics":["Burning Blood","Gambling Chip","Regal Pillow","Blood Vial","Akabeko","Meat on the Bone","Runic Pyramid","Nunchaku","Orichalcum","Prayer Wheel","Art of War","Torii","Velvet Choker","Medical Kit","Ornamental Fan","Potion Belt","Turnip","TungstenRod","OrangePellets","StrikeDummy"],"acts_visited":["Exordium","TheCity","TheBeyond","TheEnding"],"potions_floor_usage":[16,35,56,56,56],"damage_taken":[{"damage":1.0,"enemies":"Small Slimes","floor":1.0,"turns":5.0},{"damage":4.0,"enemies":"2 Louse","floor":3.0,"turns":2.0},{"damage":2.0,"enemies":"Jaw Worm","floor":5.0,"turns":4.0},{"damage":9.0,"enemies":"Looter","floor":7.0,"turns":3.0},{"damage":3.0,"enemies":"Gremlin Nob","floor":8.0,"turns":3.0},{"damage":30.0,"enemies":"Lagavulin","floor":10.0,"turns":5.0},{"damage":8.0,"enemies":"Blue Slaver","floor":12.0,"turns":2.0},{"damage":11.0,"enemies":"Large Slime","floor":13.0,"turns":4.0},{"damage":11.0,"enemies":"3 Sentries","floor":14.0,"turns":5.0},{"damage":39,"enemies":"Slime Boss","floor":16,"turns":7},{"damage":10,"enemies":"Chosen","floor":18,"turns":4},{"damage":17,"enemies":"3 Byrds","floor":20,"turns":4},{"damage":4,"enemies":"Gremlin Leader","floor":24,"turns":5},{"damage":25,"enemies":"Slavers","floor":27,"turns":4},{"damage":9,"enemies":"3 Cultists","floor":28,"turns":4},{"damage":9,"enemies":"Chosen and Byrds","floor":29,"turns":4},{"damage":6,"enemies":"Gremlin Leader","floor":30,"turns":4},{"damage":51,"enemies":"Automaton","floor":33,"turns":10},{"damage":13,"enemies":"3 Darklings","floor":35,"turns":4},{"damage":6,"enemies":"Orb Walker","floor":36,"turns":3},{"damage":8,"enemies":"Sphere and 2 Shapes","floor":37,"turns":5},{"damage":6,"enemies":"Jaw Worm Horde","floor":39,"turns":3},{"damage":14,"enemies":"Nemesis","floor":40,"turns":5},{"damage":47,"enemies":"Reptomancer","floor":42,"turns":9},{"damage":7,"enemies":"Maw","floor":44,"turns":8},{"damage":3,"enemies":"Nemesis","floor":45,"turns":5},{"damage":9,"enemies":"Sphere and 2 Shapes","floor":46,"turns":8},{"damage":13,"enemies":"3 Darklings","floor":48,"turns":3},{"damage":34,"enemies":"Time Eater","floor":50,"turns":12},{"damage":32,"enemies":"Awakened One","floor":51,"turns":43},{"damage":74,"enemies":"Shield and Spear","floor":55,"turns":9},{"damage":29,"enemies":"The Heart","floor":56,"turns":12}],"seed_played":"-6011642542861593991","potions_obtained":[{"floor":5.0,"key":"Fire Potion"},{"floor":7.0,"key":"BloodPotion"},{"floor":12.0,"key":"Strength Potion"},{"floor":27,"key":"Fire Potion"},{"floor":30,"key":"AttackPotion"},{"floor":35,"key":"SteroidPotion"},{"floor":44,"key":"Ancient Potion"},{"floor":46,"key":"Fire Potion"}],"is_trial":false,"path_per_floor":["M","?","M","?","M","R","M","E","T","E","R","M","M","E","R","B",null,"M","?","M","$","?","R","E","R","T","E","M","M","E","?","R","B",null,"M","M","M","$","M","E","R","E","T","M","E","M","?","M","R","B","B",null,"R","$","E","B",null],"character_chosen":"IRONCLAD","items_purchased":["Nunchaku","PanicButton","Medical Kit","OrangePellets","SpeedPotion"],"campfire_rested":1,"item_purchase_floors":[21,21,38,54,54],"current_hp_per_floor":[73,73,75,52,56,56,53,56,56,34,34,34,31,28,28,24,62,64,64,59,59,59,59,67,67,67,50,61,68,74,68,111,66,100,99,101,105,105,110,104,104,77,77,82,87,90,90,85,85,71,63,116,116,116,62,53],"gold":45,"neow_bonus":"ONE_RARE_RELIC","is_daily":false,"chose_seed":false,"campfire_upgraded":7,"win_rate":0.0,"timestamp":1609358345,"path_taken":["M","?","M","?","M","R","M","E","T","E","R","M","M","E","R","BOSS","M","?","M","$","?","R","E","R","T","E","M","M","E","?","R","BOSS","M","M","M","$","M","E","R","E","T","M","E","M","?","M","R","BOSS","BOSS","R","$","E","BOSS"],"items_purchased_type":["Relic","Card","Relic","Relic","Potion"],"build_version":"2020-12-22","purchased_purges":1,"victory":true,"max_hp_per_floor":[75,75,75,75,75,75,75,75,75,75,75,75,75,75,75,75,75,79,79,83,83,83,83,87,87,87,87,99,107,111,111,111,111,111,115,115,119,119,122,122,122,122,122,126,126,130,130,130,130,130,134,134,134,134,134,134],"relic_stats":{"Regal Pillow":10,"Torii":117,"counters":[32,208],"Orichalcum":[156],"Medical Kit":[12],"Burning Blood":192,"Blood Vial":52,"OrangePellets":[5],"Nunchaku":[25],"Ornamental Fan":[68],"Gambling Chip":[96],"Prayer Wheel":9,"Turnip":[11],"Art of War":[24],"obtain_stats":[{"Potion Belt":42,"Regal Pillow":8,"Torii":30,"Velvet Choker":34,"Orichalcum":24,"Medical Kit":38,"Burning Blood":0,"Akabeko":10,"Blood Vial":9,"OrangePellets":54,"Nunchaku":21,"Ornamental Fan":40,"Gambling Chip":0,"Prayer Wheel":26,"Turnip":45,"Art of War":27,"StrikeDummy":55,"TungstenRod":47,"Meat on the Bone":14,"Runic Pyramid":17},{"Potion Belt":24,"Regal Pillow":5,"Torii":17,"Velvet Choker":18,"Orichalcum":13,"Medical Kit":21,"Burning Blood":0,"Akabeko":6,"Blood Vial":5,"OrangePellets":30,"Nunchaku":12,"Ornamental Fan":23,"Gambling Chip":0,"Prayer Wheel":13,"Turnip":26,"Art of War":14,"StrikeDummy":31,"TungstenRod":27,"Meat on the Bone":9,"Runic Pyramid":10},{"Potion Belt":108,"Regal Pillow":17,"Torii":69,"Velvet Choker":79,"Orichalcum":53,"Medical Kit":91,"Burning Blood":0,"Akabeko":22,"Blood Vial":17,"OrangePellets":187,"Nunchaku":48,"Ornamental Fan":99,"Gambling Chip":0,"Prayer Wheel":53,"Turnip":121,"Art of War":57,"StrikeDummy":196,"TungstenRod":129,"Meat on the Bone":33,"Runic Pyramid":40}],"TungstenRod":106,"Meat on the Bone":72},"card_choices":[{"not_picked":["Searing Blow","Shrug It Off"],"picked":"Headbutt","floor":1.0},{"not_picked":["Perfected Strike","Iron Wave","Clothesline"],"picked":"SKIP","floor":3.0},{"not_picked":["Warcry","Whirlwind","Dropkick"],"picked":"SKIP","floor":5.0},{"not_picked":["Clothesline","Wild Strike"],"picked":"Carnage","floor":7.0},{"not_picked":["Twin Strike","Clothesline"],"picked":"Armaments","floor":8.0},{"not_picked":["Warcry","Double Tap"],"picked":"Combust","floor":10.0},{"not_picked":["Wild Strike","Headbutt","Armaments"],"picked":"SKIP","floor":12.0},{"not_picked":["Body Slam","Fire Breathing","Twin Strike"],"picked":"SKIP","floor":13.0},{"not_picked":["Thunderclap","Warcry","Heavy Blade"],"picked":"SKIP","floor":14.0},{"not_picked":["Immolate","Offering"],"picked":"Feed","floor":16},{"not_picked":["Pommel Strike","Dark Embrace","Entrench"],"picked":"SKIP","floor":18},{"not_picked":["Headbutt","Perfected Strike+1","Pommel Strike"],"picked":"SKIP","floor":20},{"not_picked":["Clothesline","Headbutt"],"picked":"Body Slam","floor":24},{"not_picked":["Combust","Inflame"],"picked":"Dual Wield","floor":27},{"not_picked":["Body Slam","Dark Embrace","Thunderclap"],"picked":"SKIP","floor":28},{"not_picked":["Seeing Red","Warcry","Searing Blow"],"picked":"SKIP","floor":28},{"not_picked":["Heavy Blade","Berserk"],"picked":"Shockwave","floor":29},{"not_picked":["Shockwave","Havoc"],"picked":"Entrench","floor":29},{"not_picked":["Disarm","Body Slam+1","Fire Breathing"],"picked":"SKIP","floor":30},{"not_picked":["Disarm","Body Slam+1","Fire Breathing"],"picked":"SKIP","floor":30},{"not_picked":["Brutality","Feed"],"picked":"Fiend Fire","floor":33},{"not_picked":["Anger","Wild Strike+1"],"picked":"Shrug It Off+1","floor":35},{"not_picked":["Pommel Strike","Wild Strike"],"picked":"Burning Pact","floor":35},{"not_picked":["Havoc","Heavy Blade+1","Blood for Blood+1"],"picked":"SKIP","floor":36},{"not_picked":["Thunderclap","Sentinel","Uppercut"],"picked":"SKIP","floor":36},{"not_picked":["Havoc","Heavy Blade+1","Blood for Blood+1"],"picked":"SKIP","floor":36},{"not_picked":["Thunderclap","Sentinel","Uppercut"],"picked":"SKIP","floor":36},{"not_picked":["Battle Trance","Berserk","Thunderclap"],"picked":"SKIP","floor":37},{"not_picked":["Dropkick","Pommel Strike","Heavy Blade+1"],"picked":"SKIP","floor":37},{"not_picked":["Sword Boomerang","Shrug It Off+1"],"picked":"Metallicize+1","floor":39},{"not_picked":["Armaments","Whirlwind+1","Sentinel+1"],"picked":"SKIP","floor":39},{"not_picked":["Bloodletting","Warcry+1","True Grit"],"picked":"SKIP","floor":40},{"not_picked":["Heavy Blade","Bludgeon","Searing Blow"],"picked":"SKIP","floor":42},{"not_picked":["Iron Wave","Wild Strike","Power Through"],"picked":"SKIP","floor":44},{"not_picked":["Clothesline","Battle Trance","Shrug It Off"],"picked":"SKIP","floor":44},{"not_picked":["Battle Trance","Shrug It Off"],"picked":"Clothesline","floor":44},{"not_picked":["Iron Wave","Wild Strike","Power Through"],"picked":"SKIP","floor":44},{"not_picked":["Combust","Berserk","Ghostly Armor"],"picked":"SKIP","floor":45},{"not_picked":["Shrug It Off","Rupture"],"picked":"True Grit+1","floor":46},{"not_picked":["Anger","Armaments","Havoc+1"],"picked":"SKIP","floor":46},{"not_picked":["Clash+1","Thunderclap","Havoc+1"],"picked":"SKIP","floor":48},{"not_picked":["Carnage+1","Dropkick","Clash"],"picked":"SKIP","floor":48},{"not_picked":["Heavy Blade","Anger","Inflame"],"picked":"SKIP","floor":55}],"player_experience":20211050,"relics_obtained":[{"floor":8.0,"key":"Regal Pillow"},{"floor":9.0,"key":"Blood Vial"},{"floor":10.0,"key":"Akabeko"},{"floor":14.0,"key":"Meat on the Bone"},{"floor":24,"key":"Orichalcum"},{"floor":26,"key":"Prayer Wheel"},{"floor":27,"key":"Art of War"},{"floor":30,"key":"Torii"},{"floor":40,"key":"Ornamental Fan"},{"floor":42,"key":"Potion Belt"},{"floor":45,"key":"Turnip"},{"floor":47,"key":"TungstenRod"},{"floor":55,"key":"StrikeDummy"}],"event_choices":[{"damage_healed":0.0,"max_hp_gain":0.0,"max_hp_loss":0.0,"gold_gain":0.0,"cards_transformed":["Strike_R"],"event_name":"Living Wall","player_choice":"Change","floor":2.0,"gold_loss":0.0,"damage_taken":0.0,"cards_obtained":["Cleave"]},{"damage_healed":0.0,"max_hp_gain":0.0,"max_hp_loss":0.0,"gold_gain":0.0,"event_name":"Shining Light","player_choice":"Entered Light","floor":4.0,"gold_loss":0.0,"damage_taken":23.0,"cards_upgraded":["Strike_R","Defend_R"]},{"damage_healed":0,"gold_gain":0,"player_choice":"Simplicity","damage_taken":0,"max_hp_gain":0,"max_hp_loss":0,"event_name":"Back to Basics","floor":19,"gold_loss":0,"cards_upgraded":["Strike_R","Strike_R","Strike_R","Defend_R","Defend_R","Defend_R"]},{"damage_healed":0,"gold_gain":0,"player_choice":"Read","damage_taken":0,"max_hp_gain":0,"max_hp_loss":0,"event_name":"The Library","floor":22,"gold_loss":0,"cards_obtained":["Offering"]},{"damage_healed":0,"gold_gain":0,"player_choice":"Joined the Cult","damage_taken":6,"max_hp_gain":0,"max_hp_loss":0,"event_name":"Nest","floor":31,"gold_loss":0,"cards_obtained":["RitualDagger"]},{"damage_healed":0,"gold_gain":0,"player_choice":"Relic","damage_taken":0,"max_hp_gain":0,"max_hp_loss":0,"event_name":"Wheel of Change","floor":47,"gold_loss":0}],"is_beta":false,"boss_relics":[{"not_picked":["Tiny House","Busted Crown"],"picked":"Runic Pyramid"},{"not_picked":["Pandora\u0027s Box","Runic Dome"],"picked":"Velvet Choker"}],"items_purged_floors":[38],"is_endless":false,"potions_floor_spawned":[5,7,12,27,30,35,36,39,44,46],"ascension_level":20}}