{"host":"bwf6jt0gyax88i3l","time":1609302946,"event":{"mods":["AchievementEnabler","BaseMod","Colored Map","Colored Powertips","Downfall","Hermit","Highlight Path","Infinite Spire","Marisa????????","Minty Spire (QoL Compilation)","Quick Restart","Remilia??????","Replay The Spire","Shop Mod","StSLib","The Bug Knight","The Cursed","The Servant 0.9.4"],"gold_per_floor":[173,185,204,304,304,315,342,367,367,378,410,410,424,424,442,540,540,540,558,578,187,187,216,296,324,337,337,392,409,409,409,426,426,426],"floor_reached":33,"playtime":1349,"items_purged":["Regret"],"score":299,"play_id":"91381057-27e7-48f5-9aba-63e4c479565f","local_time":"20201229203546","is_ascension_mode":false,"campfire_choices":[{"floor":12,"key":"REST"},{"floor":30,"key":"REST"}],"circlet_count":0,"master_deck":["Strike_MRS+1","Strike_MRS","Strike_MRS","Strike_MRS+1","Defend_MRS","Defend_MRS","Defend_MRS","Defend_MRS","MasterSpark","UpSweep+1","FinalSpark+1","DoubleSpark","NonDirectionalLaser","DC","MysteriousBeam","ManaRampage","ManaRampage","Pain","Voices"],"relics":["MiniHakkero","Vajra","Toy Ornithopter","Replay:Bottled Steam","Cursed Key","MerchantsRug","downfall:RedIOU","ReplayTheSpireMod:Ninjato","infinitespire:FocusingShard","Molten Egg 2","ReplayTheSpireMod:Ring of Collecting","ReplayTheSpireMod:Ring of Challenge"],"acts_visited":["Exordium","TheCity"],"potions_floor_usage":[10,11,20,21,25,25,29,29],"damage_taken":[{"damage":10,"enemies":"Cultist","floor":2,"turns":4},{"damage":2,"enemies":"Small Slimes","floor":3,"turns":3},{"damage":8,"enemies":"2 Louse","floor":6,"turns":3},{"damage":18,"enemies":"Lagavulin","floor":8,"turns":3},{"damage":10,"enemies":"Lots of Slimes","floor":10,"turns":4},{"damage":14,"enemies":"Gremlin Nob","floor":11,"turns":3},{"damage":0,"enemies":"2 Fungi Beasts","floor":13,"turns":2},{"damage":13,"enemies":"Blue Slaver","floor":15,"turns":2},{"damage":31,"enemies":"downfall:Watcher","floor":16,"turns":7},{"damage":0,"enemies":"Spheric Guardian","floor":19,"turns":2},{"damage":7,"enemies":"3 Byrds","floor":20,"turns":3},{"damage":14,"enemies":"downfall:FleeingMerchant","floor":21,"turns":4},{"damage":15,"enemies":"HollowMod:Nosk","floor":23,"turns":4},{"damage":27,"enemies":"Nightmare","floor":25,"turns":4},{"damage":1,"enemies":"Snecko","floor":26,"turns":2},{"damage":12,"enemies":"3 Cultists","floor":28,"turns":4},{"damage":8,"enemies":"Chosen and Byrds","floor":29,"turns":2},{"damage":8,"enemies":"Cultist and Chosen","floor":32,"turns":3},{"damage":24,"enemies":"downfall:Ironclad","floor":33,"turns":2}],"seed_played":"1125516901148829646","potions_obtained":[{"floor":8,"key":"BottledSpark"},{"floor":10,"key":"Toxic Potion"},{"floor":11,"key":"Adrenaline Potion"},{"floor":13,"key":"Energy Potion"},{"floor":19,"key":"BottledSpark"},{"floor":20,"key":"hexamod:EctoCoolerPotion"},{"floor":25,"key":"Dexterity Potion"},{"floor":28,"key":"EssenceOfSteel"}],"is_trial":false,"path_per_floor":["R_BF","M","M","?","?","M","T","E","?","M","E","R","M","?","M","B",null,"R_BF","M","M","$","?","E","T","NM","M","?","M","M","R","?","M","B"],"character_chosen":"MARISA","items_purchased":["Blue Doll","MerchantsRug"],"campfire_rested":2,"item_purchase_floors":[21,21],"current_hp_per_floor":[68,58,56,56,56,48,48,30,30,25,16,36,36,58,45,14,68,68,68,63,54,54,39,39,22,21,21,9,11,31,31,23,0,0],"gold":426,"neow_bonus":"THREE_RARE_CARDS","is_daily":false,"chose_seed":false,"campfire_upgraded":0,"win_rate":0.0,"timestamp":1609302946,"path_taken":["R_BF","M","M","?","?","M","T","E","?","?","E","R","M","?","M","BOSS","R_BF","M","M","$","?","E","T","NM","M","?","M","M","R","?","M","BOSS"],"items_purchased_type":["Relic","Relic"],"build_version":"2020-12-22","purchased_purges":1,"victory":false,"max_hp_per_floor":[68,68,68,68,68,68,68,68,68,68,68,68,68,68,68,68,68,68,68,68,68,68,68,68,68,68,68,68,68,68,68,68,68,68],"card_choices":[{"not_picked":["SuperNova","MaximisePower"],"picked":"FinalSpark","floor":0},{"not_picked":["FairyDestructionRay","MachineGunSpark"],"picked":"DoubleSpark","floor":2},{"not_picked":["WitchOfGreed","GrandCross","GravityBeat"],"picked":"SKIP","floor":3},{"not_picked":["DoubleSpark","MagicAbsorber","GrandCross"],"picked":"SKIP","floor":6},{"not_picked":["Acceleration","FinalSpark"],"picked":"NonDirectionalLaser","floor":8},{"not_picked":["Acceleration","WitchLeyline","DC"],"picked":"SKIP","floor":10},{"not_picked":["GalacticHalo","TreasureHunter"],"picked":"DC","floor":11},{"not_picked":["MilkyWay","EventHorizon","Singularity"],"picked":"SKIP","floor":13},{"not_picked":["UnstableBomb","MilkyWay"],"picked":"MysteriousBeam","floor":15},{"not_picked":["UltimateShortwave","CasketOfStar"],"picked":"ManaRampage","floor":16},{"not_picked":["MagicChant","DoubleSpark","IllusionStar+1"],"picked":"SKIP","floor":19},{"not_picked":["WitchLeyline+1","AsteroidBelt+1","ChargeUpSpray"],"picked":"SKIP","floor":20},{"not_picked":["DarkMatter","NonDirectionalLaser+1","SporeBomb"],"picked":"SKIP","floor":21},{"not_picked":["MagicAbsorber","Orbital"],"picked":"ManaRampage","floor":23},{"not_picked":["MachineGunSpark+1","AbsoluteMagnitude+1","DC+1"],"picked":"SKIP","floor":25},{"not_picked":["WitchOfGreed","EnergyRecoil","BlazeAway"],"picked":"SKIP","floor":26},{"not_picked":["AsteroidBelt","Singularity","FairyDestructionRay+1"],"picked":"SKIP","floor":28},{"not_picked":["WitchOfGreed+1","StarBarrage+1","ShootTheMoon+1"],"picked":"SKIP","floor":29},{"not_picked":["ManaConvection","WitchOfGreed","6A+1"],"picked":"SKIP","floor":32}],"player_experience":31205,"relics_obtained":[{"floor":7,"key":"Vajra"},{"floor":8,"key":"Toy Ornithopter"},{"floor":11,"key":"Replay:Bottled Steam"},{"floor":23,"key":"ReplayTheSpireMod:Ninjato"},{"floor":24,"key":"infinitespire:FocusingShard"},{"floor":25,"key":"Molten Egg 2"},{"floor":27,"key":"ReplayTheSpireMod:Ring of Collecting"},{"floor":27,"key":"ReplayTheSpireMod:Ring of Challenge"}],"event_choices":[{"damage_healed":0,"gold_gain":0,"player_choice":"Ignored","damage_taken":0,"max_hp_gain":0,"max_hp_loss":0,"event_name":"NoteForYourself","floor":9,"gold_loss":0},{"damage_healed":22,"gold_gain":0,"player_choice":"Banana","damage_taken":0,"max_hp_gain":0,"max_hp_loss":0,"event_name":"Big Fish","floor":14,"gold_loss":0}],"is_beta":false,"boss_relics":[{"not_picked":["ChewingGum","Astrolabe"],"picked":"Cursed Key"}],"items_purged_floors":[21],"is_endless":true,"potions_floor_spawned":[8,10,11,13,19,20,25,28],"killed_by":"downfall:Ironclad","ascension_level":0}}