{"host":"56ghxnzsglgdq727","time":1609300515,"event":{"mods":["AchievementEnabler","BaseMod","Minty Spire (QoL Compilation)"],"gold_per_floor":[117,131,306,325,337,337,363,363,363,398,398,179,254,63,63,158,158,174,187,13,0,0,0,0],"floor_reached":23,"playtime":728,"items_purged":["Doubt","Eruption"],"score":233,"play_id":"14fb52c5-0442-4f27-8518-983afdcabf55","local_time":"20201229225515","is_ascension_mode":true,"campfire_choices":[{"data":"ForeignInfluence","floor":6,"key":"SMITH"},{"data":"Devotion","floor":8,"key":"SMITH"},{"data":"Study","floor":11,"key":"SMITH"},{"floor":15,"key":"REST"}],"circlet_count":0,"master_deck":["Strike_P","Strike_P","Strike_P","Strike_P","Defend_P","Defend_P","Defend_P","Defend_P","Vigilance","ForeignInfluence+1","Worship","Study+1","Pray","Devotion+1","Mayhem","Devotion"],"relics":["PureWater","Incense Burner","White Beast Statue","Bottled Lightning","Gremlin Horn","Boot","Philosopher\u0027s Stone"],"acts_visited":["Exordium","TheCity"],"potions_floor_usage":[4,7,16,18,23,23],"damage_taken":[{"damage":13,"enemies":"Cultist","floor":1,"turns":4},{"damage":0,"enemies":"Small Slimes","floor":2,"turns":2},{"damage":0,"enemies":"Jaw Worm","floor":4,"turns":3},{"damage":4,"enemies":"Large Slime","floor":5,"turns":5},{"damage":0,"enemies":"Gremlin Nob","floor":7,"turns":2},{"damage":6,"enemies":"Lagavulin","floor":10,"turns":5},{"damage":13,"enemies":"The Guardian","floor":16,"turns":7},{"damage":5,"enemies":"2 Thieves","floor":18,"turns":3},{"damage":22,"enemies":"Spheric Guardian","floor":19,"turns":5},{"damage":51,"enemies":"Book of Stabbing","floor":23,"turns":5}],"seed_played":"-8740841429652840684","potions_obtained":[{"floor":1,"key":"Swift Potion"},{"floor":4,"key":"DistilledChaos"},{"floor":10,"key":"SkillPotion"},{"floor":16,"key":"Block Potion"},{"floor":18,"key":"SpeedPotion"},{"floor":19,"key":"DuplicationPotion"}],"is_trial":false,"path_per_floor":["M","M","?","M","M","R","E","R","T","E","R","$","?","$","R","B",null,"M","M","$","?","?","E"],"character_chosen":"WATCHER","items_purchased":["Boot","Mayhem","Regen Potion"],"campfire_rested":1,"item_purchase_floors":[12,14,20],"current_hp_per_floor":[52,52,52,52,48,48,48,48,48,42,42,42,31,31,50,37,65,60,38,38,38,38,1,1],"gold":0,"neow_bonus":"ONE_RARE_RELIC","is_daily":false,"chose_seed":false,"campfire_upgraded":3,"win_rate":0.0,"timestamp":1609300515,"path_taken":["M","?","?","M","M","R","E","R","T","E","R","$","?","$","R","BOSS","M","M","$","?","?","E"],"items_purchased_type":["Relic","Card","Potion"],"build_version":"2020-12-22","purchased_purges":2,"victory":false,"max_hp_per_floor":[65,65,65,65,65,65,65,65,65,65,65,65,65,65,65,65,65,65,65,65,65,65,65,65],"card_choices":[{"not_picked":["Protect","Collect"],"picked":"ForeignInfluence","floor":1},{"not_picked":["Halt","FlyingSleeves"],"picked":"Worship","floor":2},{"not_picked":["FlurryOfBlows","BowlingBash"],"picked":"Study","floor":4},{"not_picked":["TalkToTheHand","CutThroughFate"],"picked":"Pray","floor":5},{"not_picked":["Perseverance","Fasting2"],"picked":"Devotion","floor":7},{"not_picked":["BowlingBash","Meditate","CutThroughFate"],"picked":"SKIP","floor":10},{"not_picked":["Wish","Judgement"],"picked":"Devotion","floor":16},{"not_picked":["ClearTheMind","CrushJoints+1","FollowUp"],"picked":"SKIP","floor":18},{"not_picked":["FearNoEvil+1","SashWhip","PathToVictory"],"picked":"SKIP","floor":19}],"player_experience":56970,"relics_obtained":[{"floor":7,"key":"White Beast Statue"},{"floor":9,"key":"Bottled Lightning"},{"floor":10,"key":"Gremlin Horn"}],"event_choices":[{"damage_healed":0,"gold_gain":175,"player_choice":"AGREE","damage_taken":0,"max_hp_gain":0,"max_hp_loss":0,"event_name":"Liars Game","floor":3,"gold_loss":0,"cards_obtained":["Doubt"]},{"damage_healed":0,"gold_gain":75,"player_choice":"Gather Gold","damage_taken":11,"max_hp_gain":0,"max_hp_loss":0,"event_name":"World of Goop","floor":13,"gold_loss":0},{"damage_healed":0,"gold_gain":0,"player_choice":"Paid Fearfully","damage_taken":0,"max_hp_gain":0,"max_hp_loss":0,"event_name":"Masked Bandits","floor":21,"gold_loss":13},{"damage_healed":0,"gold_gain":0,"player_choice":"Ignored","damage_taken":0,"max_hp_gain":0,"max_hp_loss":0,"event_name":"Ghosts","floor":22,"gold_loss":0}],"is_beta":false,"boss_relics":[{"not_picked":["Fusion Hammer","Runic Dome"],"picked":"Philosopher\u0027s Stone"}],"items_purged_floors":[12,20],"is_endless":false,"potions_floor_spawned":[1,4,10,16,18,19],"killed_by":"Book of Stabbing","ascension_level":1}}