{"host":"a7dhdzm3fda48fos","time":1609355501,"event":{"mods":["AchievementEnabler","AlwaysNeverKeys","BaseMod","Better Altar","Better Note","Better Sensory Stone","Better Skull","Better Third Choice","Block Reminder","Colored Map","Gold Saver","Hermit","Minty Spire (QoL Compilation)","Quick Restart","Rare Cards Sparkle","Relic Sorter","Relic Stats","Remove Card Discount Mod","Shop Mod","Spicy Shops","StSLib"],"gold_per_floor":[227,227,243,260,270,301,301,328,351,367,377,377,99,114,114,213,213,223,67,82,99,118,118,118],"floor_reached":23,"playtime":3041,"items_purged":[],"score":217,"play_id":"b45b2a2e-3f19-40b9-92fa-f8386c1b28ee","local_time":"20201230201141","is_ascension_mode":true,"campfire_choices":[{"floor":7,"key":"REST"},{"floor":12,"key":"REST"},{"data":"Reaper","floor":15,"key":"SMITH"}],"circlet_count":0,"master_deck":["Strike_R","Strike_R","Strike_R","Strike_R","Strike_R","Defend_R","Defend_R","Defend_R","Defend_R","Bash","True Grit","Thunderclap","Shrug It Off","Spot Weakness","Pummel","Blood for Blood","Shrug It Off","Reaper+1","Cleave","Reaper","Heavy Blade","Dual Wield","Pommel Strike","Feel No Pain"],"relics":["Burning Blood","CaptainsWheel","HornCleat","Gambling Chip","Blood Vial","Art of War","Omamori","Busted Crown","MerchantsRug"],"acts_visited":["Exordium","TheCity"],"potions_floor_usage":[5,6,16,16,16,20,23],"damage_taken":[{"damage":1,"enemies":"Jaw Worm","floor":1,"turns":5},{"damage":1,"enemies":"Cultist","floor":3,"turns":3},{"damage":0,"enemies":"Small Slimes","floor":4,"turns":2},{"damage":4,"enemies":"3 Louse","floor":5,"turns":2},{"damage":39,"enemies":"3 Sentries","floor":6,"turns":10},{"damage":38,"enemies":"Lagavulin","floor":8,"turns":9},{"damage":20,"enemies":"Exordium Wildlife","floor":10,"turns":8},{"damage":3,"enemies":"Red Slaver","floor":11,"turns":4},{"damage":0,"enemies":"Looter","floor":14,"turns":4},{"damage":49,"enemies":"The Guardian","floor":16,"turns":10},{"damage":4,"enemies":"3 Byrds","floor":18,"turns":5},{"damage":0,"enemies":"Spheric Guardian","floor":20,"turns":4},{"damage":26,"enemies":"3 Cultists","floor":21,"turns":5},{"damage":41,"enemies":"Centurion and Healer","floor":22,"turns":10},{"damage":53,"enemies":"Slavers","floor":23,"turns":4}],"seed_played":"2987921303424357406","potions_obtained":[{"floor":1,"key":"Explosive Potion"},{"floor":5,"key":"Fire Potion"},{"floor":10,"key":"LiquidMemories"},{"floor":11,"key":"DuplicationPotion"},{"floor":14,"key":"LiquidMemories"},{"floor":18,"key":"FearPotion"},{"floor":21,"key":"Dexterity Potion"}],"is_trial":false,"path_per_floor":["M","?","M","M","M","E","R","E","T","M","M","R","$","M","R","B",null,"M","$","M","M","M","E"],"character_chosen":"IRONCLAD","items_purchased":["Omamori","HornCleat","MerchantsRug"],"campfire_rested":2,"item_purchase_floors":[13,13,19],"current_hp_per_floor":[72,72,72,72,72,39,60,28,28,16,21,42,42,50,50,26,72,72,72,72,54,44,0,0],"gold":118,"neow_bonus":"ONE_RARE_RELIC","is_daily":false,"chose_seed":false,"campfire_upgraded":1,"win_rate":0.0,"timestamp":1609355501,"path_taken":["M","?","M","M","?","E","R","E","T","M","M","R","?","M","R","BOSS","M","$","M","M","M","E"],"items_purchased_type":["Relic","Relic","Relic"],"build_version":"2020-12-22","purchased_purges":0,"victory":false,"max_hp_per_floor":[72,72,72,72,72,72,72,72,72,72,72,72,72,72,72,72,72,72,72,72,72,72,72,72],"relic_stats":{"Blood Vial":12,"Busted Crown":8,"counters":[15,85],"Gambling Chip":[38],"Art of War":[3],"obtain_stats":[{"Blood Vial":8,"MerchantsRug":19,"CaptainsWheel":6,"HornCleat":13,"Busted Crown":17,"Gambling Chip":0,"Art of War":9,"Omamori":13,"Burning Blood":0},{"Blood Vial":6,"MerchantsRug":11,"CaptainsWheel":5,"HornCleat":8,"Busted Crown":10,"Gambling Chip":0,"Art of War":6,"Omamori":8,"Burning Blood":0},{"Blood Vial":31,"MerchantsRug":62,"CaptainsWheel":22,"HornCleat":43,"Busted Crown":57,"Gambling Chip":0,"Art of War":31,"Omamori":43,"Burning Blood":0}],"Burning Blood":58},"card_choices":[{"not_picked":["Reckless Charge","Clash"],"picked":"Intimidate","floor":1},{"not_picked":["Clash","Twin Strike"],"picked":"Thunderclap","floor":3},{"not_picked":["Hemokinesis","Second Wind"],"picked":"Shrug It Off","floor":4},{"not_picked":["Heavy Blade","Anger"],"picked":"Spot Weakness","floor":5},{"not_picked":["Second Wind","Body Slam"],"picked":"Pummel","floor":6},{"not_picked":["Body Slam","Burning Pact"],"picked":"Blood for Blood","floor":8},{"not_picked":["Clash","Clothesline"],"picked":"Shrug It Off","floor":10},{"not_picked":["Combust","Wild Strike"],"picked":"Reaper","floor":11},{"not_picked":["Carnage","Pommel Strike"],"picked":"Cleave","floor":14},{"not_picked":["Corruption","Double Tap"],"picked":"Reaper","floor":16},{"not_picked":[],"picked":"Heavy Blade","floor":18},{"not_picked":[],"picked":"Dual Wield","floor":20},{"not_picked":[],"picked":"Pommel Strike","floor":21},{"not_picked":[],"picked":"Feel No Pain","floor":22}],"player_experience":53079,"relics_obtained":[{"floor":6,"key":"CaptainsWheel"},{"floor":8,"key":"Blood Vial"},{"floor":9,"key":"Art of War"}],"event_choices":[{"damage_healed":0,"gold_gain":0,"cards_transformed":["Intimidate"],"player_choice":"Transformed","damage_taken":0,"max_hp_gain":0,"max_hp_loss":0,"event_name":"Transmorgrifier","floor":2,"gold_loss":0,"cards_obtained":["True Grit"]}],"is_beta":false,"boss_relics":[{"not_picked":["SacredBark","Pandora\u0027s Box"],"picked":"Busted Crown"}],"items_purged_floors":[],"is_endless":false,"potions_floor_spawned":[1,5,10,11,14,18,21],"killed_by":"Slavers","ascension_level":1}}