{"host":"5jn3rki867005t18","time":1609319964,"event":{"mods":["AchievementEnabler","BaseMod","Colored Map","DeckTracker","Highlight Path","Minty Spire (QoL Compilation)","Permanent Neow","Quick Restart","StSLib","SuperFastMode"],"gold_per_floor":[113,130,130,143,318,347,365,365,388,165,182,192,205,205,205,300,300,317,336,336,154,170,170,45,77,77,77,88,101,101,112,112,112,112],"floor_reached":33,"playtime":1318,"items_purged":["Doubt","Strike_P","Strike_P"],"score":271,"play_id":"151e7d27-239d-450b-b040-df4c46391a20","local_time":"20201230181924","is_ascension_mode":false,"campfire_choices":[{"floor":8,"key":"REST"},{"data":"Vault","floor":15,"key":"SMITH"},{"data":"Adaptation","floor":23,"key":"SMITH"},{"floor":27,"key":"REST"},{"floor":30,"key":"REST"},{"data":"MentalFortress","floor":32,"key":"SMITH"}],"circlet_count":0,"master_deck":["Strike_P","Strike_P+1","Defend_P","Defend_P","Defend_P","Defend_P","Eruption+1","Vigilance","Flash of Steel","FlurryOfBlows+1","ClearTheMind","MentalFortress+1","Vault+1","FearNoEvil","Prostrate","Crescendo","Tantrum","Halt+1","Writhe","BattleHymn","Adaptation+1","Injury"],"relics":["PureWater","Pen Nib","Whetstone","Lee\u0027s Waffle","Orichalcum","Cursed Key","Bag of Marbles","Letter Opener","Darkstone Periapt"],"acts_visited":["Exordium","TheCity"],"potions_floor_usage":[4,6,12,16,19,22,22,28],"damage_taken":[{"damage":0,"enemies":"2 Louse","floor":1,"turns":2},{"damage":0,"enemies":"Cultist","floor":2,"turns":3},{"damage":5,"enemies":"Small Slimes","floor":4,"turns":4},{"damage":65,"enemies":"Lagavulin","floor":6,"turns":8},{"damage":0,"enemies":"2 Fungi Beasts","floor":7,"turns":3},{"damage":1,"enemies":"Exordium Wildlife","floor":11,"turns":2},{"damage":9,"enemies":"Exordium Thugs","floor":12,"turns":5},{"damage":10,"enemies":"Lots of Slimes","floor":13,"turns":4},{"damage":27,"enemies":"Hexaghost","floor":16,"turns":8},{"damage":0,"enemies":"Spheric Guardian","floor":18,"turns":3},{"damage":4,"enemies":"2 Thieves","floor":19,"turns":3},{"damage":18,"enemies":"Snake Plant","floor":22,"turns":4},{"damage":31,"enemies":"Gremlin Leader","floor":25,"turns":5},{"damage":7,"enemies":"Centurion and Healer","floor":28,"turns":5},{"damage":1,"enemies":"3 Cultists","floor":29,"turns":4},{"damage":5,"enemies":"Chosen and Byrds","floor":31,"turns":5},{"damage":100,"enemies":"Automaton","floor":33,"turns":6}],"seed_played":"-2801602483048487972","potions_obtained":[{"floor":2,"key":"Strength Potion"},{"floor":4,"key":"Dexterity Potion"},{"floor":7,"key":"SneckoOil"},{"floor":11,"key":"SteroidPotion"},{"floor":16,"key":"Regen Potion"},{"floor":18,"key":"Block Potion"},{"floor":19,"key":"SteroidPotion"},{"floor":25,"key":"DuplicationPotion"}],"is_trial":false,"path_per_floor":["M","M","?","M","?","E","M","R","T","$","M","M","M","?","R","B",null,"M","M","?","$","M","R","$","E","T","R","M","M","R","M","R","B"],"character_chosen":"WATCHER","items_purchased":["Lee\u0027s Waffle","BattleHymn"],"campfire_rested":3,"item_purchase_floors":[10,21],"current_hp_per_floor":[72,72,72,67,67,2,2,23,23,79,78,69,59,56,56,29,79,79,75,75,75,63,63,63,32,32,55,48,47,70,65,65,0,0],"gold":112,"neow_bonus":"RANDOM_COLORLESS","is_daily":false,"chose_seed":false,"campfire_upgraded":3,"win_rate":0.0,"timestamp":1609319964,"path_taken":["M","M","?","?","?","E","M","R","T","$","M","M","M","?","R","BOSS","M","M","?","$","M","R","?","E","T","R","M","?","R","M","R","BOSS"],"items_purchased_type":["Relic","Card"],"build_version":"2020-12-22","purchased_purges":3,"victory":false,"max_hp_per_floor":[72,72,72,72,72,72,72,72,72,79,79,79,79,79,79,79,79,79,79,79,79,79,79,79,79,79,79,79,79,79,79,79,79,79],"card_choices":[{"not_picked":["Blind","Forethought"],"picked":"Flash of Steel","floor":0},{"not_picked":["WindmillStrike","EmptyBody"],"picked":"FlurryOfBlows","floor":1},{"not_picked":["EmptyBody","Consecrate"],"picked":"ClearTheMind","floor":2},{"not_picked":["BowlingBash","Swivel"],"picked":"MentalFortress","floor":4},{"not_picked":["EmptyMind","SignatureMove"],"picked":"Vault","floor":6},{"not_picked":["Consecrate","ReachHeaven"],"picked":"FearNoEvil","floor":7},{"not_picked":["ThirdEye","JustLucky"],"picked":"Prostrate","floor":11},{"not_picked":["CrushJoints","Protect"],"picked":"Crescendo","floor":12},{"not_picked":["ThirdEye","ClearTheMind"],"picked":"Tantrum","floor":13},{"not_picked":["Consecrate","JustLucky"],"picked":"Halt+1","floor":18},{"not_picked":["Wallop","FlyingSleeves+1","ThirdEye"],"picked":"SKIP","floor":19},{"not_picked":["Protect","Perseverance"],"picked":"Adaptation","floor":22},{"not_picked":["Evaluate","SandsOfTime","Fasting2"],"picked":"SKIP","floor":25},{"not_picked":["FlurryOfBlows","CutThroughFate","EmptyBody+1"],"picked":"SKIP","floor":28},{"not_picked":["EmptyBody","Halt","SignatureMove"],"picked":"SKIP","floor":29},{"not_picked":["Swivel","MentalFortress","ClearTheMind+1"],"picked":"SKIP","floor":31}],"player_experience":140468,"relics_obtained":[{"floor":6,"key":"Pen Nib"},{"floor":9,"key":"Whetstone"},{"floor":25,"key":"Letter Opener"},{"floor":26,"key":"Darkstone Periapt"}],"event_choices":[{"damage_healed":0,"gold_gain":0,"player_choice":"Upgraded","damage_taken":0,"max_hp_gain":0,"max_hp_loss":0,"event_name":"Upgrade Shrine","floor":3,"gold_loss":0,"cards_upgraded":["Eruption"]},{"damage_healed":0,"gold_gain":175,"player_choice":"AGREE","damage_taken":0,"max_hp_gain":0,"max_hp_loss":0,"event_name":"Liars Game","floor":5,"gold_loss":0,"cards_obtained":["Doubt"]},{"damage_healed":0,"gold_gain":0,"player_choice":"Success","damage_taken":3,"relics_obtained":["Orichalcum"],"max_hp_gain":0,"max_hp_loss":0,"event_name":"Scrap Ooze","floor":14,"gold_loss":0},{"damage_healed":0,"gold_gain":0,"player_choice":"Opened","damage_taken":0,"relics_obtained":["Bag of Marbles"],"max_hp_gain":0,"max_hp_loss":0,"event_name":"The Mausoleum","floor":20,"gold_loss":0,"cards_obtained":["Writhe"]}],"is_beta":false,"boss_relics":[{"not_picked":["Empty Cage","Ectoplasm"],"picked":"Cursed Key"}],"items_purged_floors":[10,21,24],"is_endless":false,"potions_floor_spawned":[2,4,7,11,16,18,19,25],"killed_by":"Automaton","ascension_level":0}}