{"host":"4nqeo0vu1vuav7gg","time":1609325743,"event":{"mods":["AchievementEnabler","BaseMod","Block Reminder","Colored Map","Colored Powertips","Highlight Path","Minty Spire (QoL Compilation)","Quick Restart","Rare Cards Sparkle","Relic Relevance Reorder","StSLib"],"gold_per_floor":[117,117,117,117,117,150,150,166,166,181,206,245,258,289,289,382,382,407,434,455,164,189,189,229,249,297,321,321,344,375,388,388,388,388],"floor_reached":33,"playtime":1622,"items_purged":["Decay"],"score":631,"play_id":"8f7f494e-30b0-4a8a-8806-09ebfdaf5eee","local_time":"20201230115543","is_ascension_mode":true,"campfire_choices":[{"data":"Defragment","floor":7.0,"key":"SMITH"},{"data":"Dualcast","floor":15.0,"key":"SMITH"},{"floor":23.0,"key":"REST"},{"floor":28.0,"key":"REST"},{"floor":32,"key":"REST"}],"circlet_count":0,"master_deck":["AscendersBane","Strike_B+1","Strike_B","Strike_B","Defend_B","Defend_B","Defend_B","Defend_B","Zap+1","Dualcast+1","Cold Snap+1","Injury","Defragment+1","Gash","Glacier","Sunder","Hyperbeam","Storm","BootSequence","Seek","Gash","Defragment","Pain","Genetic Algorithm","Tempest","Writhe","Coolheaded+1","Echo Form","Skim"],"relics":["Cracked Core","InkBottle","Nunchaku","CaptainsWheel","NeowsBlessing","DataDisk","PreservedInsect","Smiling Mask","Tiny Chest","Juzu Bracelet","Cursed Key","Golden Idol","Boot","MealTicket"],"acts_visited":["Exordium","TheCity"],"potions_floor_usage":[31],"damage_taken":[{"damage":0.0,"enemies":"Small Slimes","floor":1.0,"turns":1.0},{"damage":0.0,"enemies":"Gremlin Nob","floor":6.0,"turns":1.0},{"damage":0.0,"enemies":"Jaw Worm","floor":8.0,"turns":1.0},{"damage":4.0,"enemies":"2 Louse","floor":10.0,"turns":2.0},{"damage":0.0,"enemies":"Lots of Slimes","floor":11.0,"turns":4.0},{"damage":2.0,"enemies":"Lagavulin","floor":12.0,"turns":7.0},{"damage":0.0,"enemies":"Red Slaver","floor":13.0,"turns":3.0},{"damage":5.0,"enemies":"3 Sentries","floor":14.0,"turns":5.0},{"damage":16.0,"enemies":"Hexaghost","floor":16.0,"turns":16.0},{"damage":8.0,"enemies":"3 Byrds","floor":18.0,"turns":4.0},{"damage":9.0,"enemies":"Chosen","floor":20.0,"turns":5.0},{"damage":28.0,"enemies":"Book of Stabbing","floor":24.0,"turns":6.0},{"damage":7.0,"enemies":"Snecko","floor":25.0,"turns":8.0},{"damage":5.0,"enemies":"Snake Plant","floor":27.0,"turns":3.0},{"damage":11.0,"enemies":"Shelled Parasite and Fungi","floor":29.0,"turns":5.0},{"damage":9.0,"enemies":"Slavers","floor":30.0,"turns":4.0},{"damage":5,"enemies":"Centurion and Healer","floor":31,"turns":7},{"damage":41,"enemies":"Champ","floor":33,"turns":10}],"seed_played":"-1761681939863931399","potions_obtained":[{"floor":10.0,"key":"SkillPotion"},{"floor":11.0,"key":"FocusPotion"},{"floor":13.0,"key":"Weak Potion"},{"floor":24.0,"key":"Fire Potion"},{"floor":25.0,"key":"EssenceOfSteel"},{"floor":27.0,"key":"CultistPotion"},{"floor":29.0,"key":"Strength Potion"},{"floor":30.0,"key":"Dexterity Potion"}],"is_trial":false,"path_per_floor":["M","?","?","?","?","E","R","M","T","M","M","E","M","E","R","B",null,"M","T","M","$","T","R","E","M","T","M","R","M","E","M","R","B"],"character_chosen":"DEFECT","items_purchased":["PreservedInsect","Defragment"],"campfire_rested":3,"item_purchase_floors":[21,21],"current_hp_per_floor":[64,64,64,43,43,43,43,43,43,39,39,37,37,32,32,16,57,49,49,40,40,40,61,33,26,26,21,42,31,22,17,38,0,0],"gold":388,"neow_bonus":"THREE_ENEMY_KILL","is_daily":false,"chose_seed":false,"campfire_upgraded":2,"win_rate":0.0,"timestamp":1609325743,"path_taken":["M","?","?","?","?","E","R","?","T","M","M","E","M","E","R","BOSS","M","?","?","$","?","R","E","M","T","M","R","M","E","M","R","BOSS"],"items_purchased_type":["Relic","Card"],"build_version":"2020-12-22","purchased_purges":1,"victory":false,"max_hp_per_floor":[71,71,71,71,71,71,71,71,71,71,71,71,71,71,71,71,71,71,71,71,71,71,71,71,71,71,71,71,71,71,71,71,71,71],"card_choices":[{"not_picked":["Streamline","Conserve Battery"],"picked":"Cold Snap","floor":1.0},{"not_picked":["Gash","Heatsinks"],"picked":"Defragment","floor":6.0},{"not_picked":["Cold Snap","Stack"],"picked":"Gash","floor":8.0},{"not_picked":["Doom and Gloom","Conserve Battery"],"picked":"Glacier","floor":10.0},{"not_picked":["Coolheaded","Darkness"],"picked":"Sunder","floor":11.0},{"not_picked":["Self Repair","Thunder Strike"],"picked":"Hyperbeam","floor":12.0},{"not_picked":["Rip and Tear","Recycle"],"picked":"Storm","floor":13.0},{"not_picked":["Glacier","Beam Cell"],"picked":"BootSequence","floor":14.0},{"not_picked":["Reboot","Amplify"],"picked":"Seek","floor":16.0},{"not_picked":["Glacier+1","Hologram"],"picked":"Gash","floor":18.0},{"not_picked":["Beam Cell","Reprogram","Auto Shields"],"picked":"SKIP","floor":20.0},{"not_picked":["Reinforced Body","Rebound"],"picked":"Genetic Algorithm","floor":24.0},{"not_picked":["Compile Driver","Hello World"],"picked":"Tempest","floor":25.0},{"not_picked":["Stack","Sweeping Beam"],"picked":"Coolheaded+1","floor":27.0},{"not_picked":["Go for the Eyes+1","Streamline"],"picked":"Echo Form","floor":29.0},{"not_picked":["Rip and Tear","Redo"],"picked":"Skim","floor":30.0},{"not_picked":["Storm","Force Field+1","FTL"],"picked":"SKIP","floor":31}],"player_experience":1039107,"relics_obtained":[{"floor":6.0,"key":"Boot"},{"floor":9.0,"key":"DataDisk"},{"floor":12.0,"key":"Tiny Chest"},{"floor":14.0,"key":"InkBottle"},{"floor":19.0,"key":"Smiling Mask"},{"floor":22.0,"key":"Nunchaku"},{"floor":24.0,"key":"Juzu Bracelet"},{"floor":26.0,"key":"MealTicket"},{"floor":30.0,"key":"CaptainsWheel"}],"event_choices":[{"cards_removed":["Strike_B"],"damage_healed":0.0,"max_hp_gain":0.0,"max_hp_loss":0.0,"gold_gain":0.0,"event_name":"Living Wall","player_choice":"Forget","floor":2.0,"gold_loss":0.0,"damage_taken":0.0},{"damage_healed":0.0,"max_hp_gain":0.0,"max_hp_loss":0.0,"gold_gain":0.0,"event_name":"Golden Idol","player_choice":"Take Wound","floor":3.0,"gold_loss":0.0,"damage_taken":0.0,"relics_obtained":["Golden Idol"],"cards_obtained":["Injury"]},{"damage_healed":0.0,"max_hp_gain":0.0,"max_hp_loss":0.0,"gold_gain":0.0,"event_name":"Shining Light","player_choice":"Entered Light","floor":4.0,"gold_loss":0.0,"damage_taken":21.0,"cards_upgraded":["Strike_B","Cold Snap"]},{"damage_healed":0.0,"max_hp_gain":0.0,"max_hp_loss":0.0,"gold_gain":0.0,"event_name":"Accursed Blacksmith","player_choice":"Forge","floor":5.0,"gold_loss":0.0,"damage_taken":0.0,"cards_upgraded":["Zap"]}],"is_beta":false,"boss_relics":[{"not_picked":["Runic Dome","Ectoplasm"],"picked":"Cursed Key"}],"items_purged_floors":[21],"is_endless":false,"potions_floor_spawned":[10,11,13,14,24,25,27,29,30],"killed_by":"Champ","ascension_level":18}}