{"host":"wwm0n4cn14lqtm8g","time":1609304789,"event":{"mods":["AchievementEnabler","BaseMod","Colored Map","DeckTracker","Minty Spire (QoL Compilation)","Rare Cards Sparkle","Relic Stats","StSLib","Waifu the Spire","everything is the same but u backflip on backflip"],"gold_per_floor":[112,112,122,47,67,67,82,111,111,30,30,30,45,61,61,135,135,148,148,148,148,166,166,166,166,191,23,23,23],"floor_reached":28,"playtime":1176,"items_purged":["Defend_B"],"score":432,"play_id":"ece8f4c7-8771-446e-a62a-ae561b2f036b","local_time":"20201230140629","is_ascension_mode":true,"campfire_choices":[{"data":"Zap","floor":6.0,"key":"SMITH"},{"data":"Static Discharge","floor":12.0,"key":"SMITH"},{"data":"Dualcast","floor":15.0,"key":"SMITH"},{"data":"Creative AI","floor":23,"key":"SMITH"},{"floor":25,"key":"RECALL"}],"circlet_count":0,"master_deck":["AscendersBane","Strike_B","Defend_B","Defend_B","Defend_B","Zap+1","Dualcast+1","Cold Snap","Beam Cell","Darkness","Compile Driver","Conserve Battery","Static Discharge+1","Self Repair","FTL","BootSequence","Creative AI+1","Coolheaded"],"relics":["Cracked Core","Omamori","Matryoshka","SacredBark","Kunai","Darkstone Periapt","Toy Ornithopter","Runic Capacitor"],"acts_visited":["Exordium","TheCity"],"potions_floor_usage":[28],"damage_taken":[{"damage":1.0,"enemies":"2 Louse","floor":1.0,"turns":4.0},{"damage":0.0,"enemies":"Cultist","floor":3.0,"turns":3.0},{"damage":7.0,"enemies":"Small Slimes","floor":5.0,"turns":3.0},{"damage":15.0,"enemies":"2 Fungi Beasts","floor":7.0,"turns":3.0},{"damage":20.0,"enemies":"3 Sentries","floor":8.0,"turns":8.0},{"damage":12.0,"enemies":"3 Louse","floor":13.0,"turns":4.0},{"damage":5.0,"enemies":"Large Slime","floor":14.0,"turns":4.0},{"damage":9.0,"enemies":"Hexaghost","floor":16.0,"turns":8.0},{"damage":20.0,"enemies":"3 Byrds","floor":18.0,"turns":3.0},{"damage":29,"enemies":"Chosen","floor":22,"turns":4},{"damage":25,"enemies":"Snake Plant","floor":28,"turns":4}],"seed_played":"-8505596479469615106","potions_obtained":[{"floor":7.0,"key":"Energy Potion"},{"floor":13.0,"key":"Weak Potion"},{"floor":14.0,"key":"Explosive Potion"},{"floor":16.0,"key":"EntropicBrew"},{"floor":22,"key":"Block Potion"}],"is_trial":false,"path_per_floor":["M","?","M","$","M","R","M","E","T","$","?","R","M","M","R","B",null,"M","?","?","?","M","R","?","R","T","$","M"],"character_chosen":"DEFECT","items_purchased":["Static Discharge","Runic Capacitor"],"campfire_rested":0,"item_purchase_floors":[10,27],"current_hp_per_floor":[63,63,63,63,56,56,41,21,21,21,21,21,16,18,18,16,57,37,37,37,37,15,15,15,15,15,15,0,0],"gold":23,"neow_bonus":"REMOVE_CARD","is_daily":false,"chose_seed":false,"campfire_upgraded":4,"win_rate":0.0,"timestamp":1609304789,"path_taken":["M","?","?","$","M","R","M","E","T","?","?","R","M","M","R","BOSS","M","?","?","?","?","R","?","R","T","?","M"],"items_purchased_type":["Card","Relic"],"build_version":"2020-12-22","purchased_purges":1,"victory":false,"max_hp_per_floor":[71,71,71,71,71,71,71,71,71,71,71,71,71,71,71,71,71,71,71,71,71,71,71,71,71,71,71,71,71],"relic_stats":{"Darkstone Periapt":0,"counters":[11,48],"Kunai":[0],"obtain_stats":[{"Darkstone Periapt":24,"Matryoshka":9,"SacredBark":17,"Omamori":8,"Runic Capacitor":27,"Kunai":21,"Cracked Core":0,"Toy Ornithopter":26},{"Darkstone Periapt":10,"Matryoshka":5,"SacredBark":8,"Omamori":5,"Runic Capacitor":10,"Kunai":9,"Cracked Core":0,"Toy Ornithopter":10},{"Darkstone Periapt":44,"Matryoshka":21,"SacredBark":37,"Omamori":21,"Runic Capacitor":44,"Kunai":40,"Cracked Core":0,"Toy Ornithopter":44}],"Toy Ornithopter":5},"card_choices":[{"not_picked":["Barrage","Conserve Battery"],"picked":"Cold Snap","floor":1.0},{"not_picked":["Streamline","Force Field"],"picked":"Darkness","floor":3.0},{"not_picked":["Redo","Reinforced Body"],"picked":"Compile Driver","floor":5.0},{"not_picked":["Turbo","Double Energy"],"picked":"Conserve Battery","floor":7.0},{"not_picked":["Double Energy","Compile Driver","Gash"],"picked":"SKIP","floor":8.0},{"not_picked":["Stack","Leap"],"picked":"FTL","floor":13.0},{"not_picked":["Storm","Machine Learning"],"picked":"BootSequence","floor":14.0},{"not_picked":["Seek","Machine Learning"],"picked":"Creative AI","floor":16.0},{"not_picked":["Leap+1","Compile Driver","Aggregate"],"picked":"SKIP","floor":18.0},{"not_picked":["Sweeping Beam","Compile Driver","Melter"],"picked":"SKIP","floor":22}],"player_experience":1203598,"relics_obtained":[{"floor":8.0,"key":"Omamori"},{"floor":9.0,"key":"Matryoshka"},{"floor":26,"key":"Toy Ornithopter"}],"event_choices":[{"damage_healed":0.0,"max_hp_gain":0.0,"max_hp_loss":0.0,"gold_gain":0.0,"cards_transformed":["Strike_B"],"event_name":"Transmorgrifier","player_choice":"Transformed","floor":2.0,"gold_loss":0.0,"damage_taken":0.0,"cards_obtained":["Beam Cell"]},{"damage_healed":0.0,"max_hp_gain":0.0,"max_hp_loss":0.0,"gold_gain":0.0,"cards_transformed":["Strike_B"],"event_name":"Living Wall","player_choice":"Change","floor":11.0,"gold_loss":0.0,"damage_taken":0.0,"cards_obtained":["Self Repair"]},{"damage_healed":0.0,"max_hp_gain":0.0,"max_hp_loss":0.0,"gold_gain":0.0,"event_name":"The Library","player_choice":"Read","floor":19.0,"gold_loss":0.0,"damage_taken":0.0,"cards_obtained":["Coolheaded"]},{"damage_healed":0.0,"max_hp_gain":0.0,"max_hp_loss":0.0,"gold_gain":0.0,"event_name":"Forgotten Altar","player_choice":"Smashed Altar","floor":20.0,"gold_loss":0.0,"damage_taken":0.0,"cards_obtained":["Decay"]},{"damage_healed":0.0,"max_hp_gain":0.0,"max_hp_loss":0.0,"gold_gain":0.0,"event_name":"WeMeetAgain","player_choice":"Gave Potion","floor":21.0,"gold_loss":0.0,"damage_taken":0.0,"relics_obtained":["Kunai"]},{"damage_healed":0,"gold_gain":0,"player_choice":"Stole Relic","damage_taken":0,"relics_obtained":["Darkstone Periapt"],"max_hp_gain":0,"max_hp_loss":0,"event_name":"Addict","floor":24,"gold_loss":0,"cards_obtained":["Shame"]}],"is_beta":false,"boss_relics":[{"not_picked":["Inserter","Fusion Hammer"],"picked":"SacredBark"}],"items_purged_floors":[4],"is_endless":false,"potions_floor_spawned":[7,13,14,16,22],"killed_by":"Snake Plant","ascension_level":20}}