{"host":"ft2xazkv7v30fddt","time":1609326839,"event":{"mods":["AchievementEnabler","Act Like it!","Aspiration","Astrologer","Bard","BaseMod","Better Altar","Better Match","Better Note","Better Sensory Stone","Better Skull","CapriCore","Chen","Colored Powertips","Downfall","Elementarium","Energized Spire","Gensokyo","GifTheSpireLib","Gremlin Mod","Hallownest","Hermit","Hubris","Infinite Spire","KinomotoSakuraMod(????)","Koishi","Marisa????????","Minty Spire (QoL Compilation)","Pale of the Ancients","Permanent Neow","Potionbrewer","Prisma Mod","Replay The Spire","StSLib","Stuff the Spire","The Blackbeard","The Bladedancer","The Construct","The Cursed","The Forsaken","The Gatherer","The Hayseed","The Immortal","The Runesmith","The Servant 0.9.4","The Showman","The Vixen","TheArtist","TheSwordswoman","Wandering Minibosses","thorton","vexMod"],"gold_per_floor":[116,116,116,136,150,180,180,199,226,226,74,109,109,32,32,133,133,152,152,152,162,180,180,200,200,200,212,226,226,254,3,3,107,107,119,200,214,90,110,145,161,161,161,161,161,161,161,187,187,187],"floor_reached":51,"playtime":4238,"items_purged":["ReplayTheSpireMod:Splinters"],"score":1037,"play_id":"4778966b-02f5-4972-85fd-1a77700ab5a5","local_time":"20201230191359","is_ascension_mode":true,"campfire_choices":[{"data":"MokouMod:SacredFire","floor":7,"key":"SMITH"},{"data":"Pot Of Greed","floor":10,"key":"SMITH"},{"floor":13,"key":"REST"},{"data":"Pot Of Greed","floor":15,"key":"SMITH"},{"floor":23,"key":"REST"},{"floor":25,"key":"REST"},{"data":"MokouMod:SubterraneanCore","floor":29,"key":"SMITH"},{"floor":32,"key":"REST"},{"data":"MokouMod:Rekindle","floor":42,"key":"SMITH"},{"data":"MokouMod:SearingBlow+1","floor":47,"key":"SMITH"},{"data":"MokouMod:HeartofFire","floor":49,"key":"SMITH"}],"circlet_count":0,"master_deck":["MokouMod:Strike","MokouMod:Strike","MokouMod:Strike","MokouMod:Strike+1","MokouMod:Defend","MokouMod:Defend","MokouMod:Defend+1","MokouMod:Defend+1","MokouMod:HeatSpark","MokouMod:Firecracker+1","MokouMod:RetainTemperature+1","MokouMod:GuidingSmoke+1","MokouMod:SacredFire+1","Pot Of Greed+1","Pot Of Greed+1","MokouMod:IndiscriminateIgnition+1","MokouMod:SearingBlow+2","MokouMod:InfernalWave+1","MokouMod:Sear+1","MokouMod:SubterraneanCore+1","Gensokyo:ShootingStar","MokouMod:HouraiForge","MokouMod:Stoke+1","MokouMod:EternalBurstReactor+1","Pot Of Greed+1","MokouMod:Rekindle+1","Gensokyo:UnhurriedMind+1","MokouMod:BurningDraft+1","MokouMod:HeartofFire+1"],"relics":["MokouMod:PhoenixFeather","Gensokyo:OccultBall","Durian","Grinning Jar","Guide Book","Regal Pillow","aspiration:MobileForge","Gensokyo:RedStar","Mango","hubris:BundleOfHerbs","vexMod:MemoryStick","Pear","energizedSpire:EnergizedDie","Replay:Bottled Eggs","potionbrewer:ToyAutogyro","ReplayFunnel","aspiration:ChemicalBlood"],"acts_visited":["Gensokyo:Gensokyo","Gensokyo:Gensokyoer","Gensokyo:Gensokyoest"],"potions_floor_usage":[12,33,50,50,50],"damage_taken":[{"damage":12,"enemies":"Gensokyo:Gryphon","floor":1,"turns":5},{"damage":0,"enemies":"Gensokyo:Python","floor":4,"turns":3},{"damage":0,"enemies":"Gensokyo:3_Fairies","floor":5,"turns":5},{"damage":22,"enemies":"Gensokyo:Mamizou","floor":6,"turns":10},{"damage":0,"enemies":"Gensokyo:LivingMonolith","floor":8,"turns":2},{"damage":10,"enemies":"Gensokyo:Aya","floor":12,"turns":4},{"damage":47,"enemies":"Gensokyo:Kokoro","floor":16,"turns":7},{"damage":0,"enemies":"Gensokyo:AngelMirror","floor":18,"turns":2},{"damage":24,"enemies":"Gensokyo:CosmicMonolith","floor":21,"turns":4},{"damage":11,"enemies":"Gensokyo:Slime_Group","floor":22,"turns":3},{"damage":17,"enemies":"Gensokyo:Mirror_and_Dog","floor":24,"turns":2},{"damage":15,"enemies":"Gensokyo:Monolith_and_Dog","floor":27,"turns":6},{"damage":15,"enemies":"Gensokyo:Swordslinger","floor":28,"turns":3},{"damage":36,"enemies":"Gensokyo:Reisen","floor":30,"turns":5},{"damage":50,"enemies":"Gensokyo:Kaguya","floor":33,"turns":6},{"damage":0,"enemies":"Gensokyo:3_Bats","floor":35,"turns":3},{"damage":2,"enemies":"Gensokyo:3_Boulders","floor":37,"turns":4},{"damage":3,"enemies":"Gensokyo:Dusk_and_Dawn","floor":39,"turns":4},{"damage":35,"enemies":"Gensokyo:Marisa","floor":40,"turns":4},{"damage":12,"enemies":"Gensokyo:Sharpion","floor":41,"turns":3},{"damage":2,"enemies":"Gensokyo:Sharpion","floor":44,"turns":5},{"damage":0,"enemies":"Gensokyo:Rafflesia","floor":45,"turns":2},{"damage":0,"enemies":"Gensokyo:Doremy","floor":46,"turns":2},{"damage":0,"enemies":"Gensokyo:Kasen","floor":48,"turns":2},{"damage":0,"enemies":"Gensokyo:Shinki","floor":50,"turns":3}],"seed_played":"3308361613475172289","potions_obtained":[{"floor":1,"key":"BlessingOfTheForge"},{"floor":5,"key":"Swift Potion"},{"floor":12,"key":"Death Potion"},{"floor":16,"key":"Swift Potion"},{"floor":18,"key":"potionbrewer:BoundlessPotion"}],"is_trial":false,"path_per_floor":["M","?","?","M","M","E","R","M","T","R","$","E","R","COS","R","B",null,"M","?","?","M","M","R","M","R","T","M","M","R","E","$","R","B",null,"M","?","M","$","M","E","M","R","T","?","M","E","R","E","R","B",null],"character_chosen":"MKU","items_purchased":["Guide Book","Pear","Adrenaline Potion"],"campfire_rested":4,"item_purchase_floors":[11,31,38],"current_hp_per_floor":[63,63,17,17,17,19,19,19,19,19,19,9,48,48,48,1,80,80,80,40,16,5,44,27,66,80,65,50,50,14,24,70,54,104,104,104,102,102,99,64,52,52,52,52,52,52,52,52,52,52],"gold":187,"neow_bonus":"TRANSFORM_CARD","is_daily":false,"chose_seed":false,"campfire_upgraded":7,"win_rate":0.0,"timestamp":1609326839,"path_taken":["M","?","?","?","?","E","R","?","T","R","?","E","R","COS","R","BOSS","M","?","?","M","?","R","?","R","T","M","M","R","E","$","R","BOSS","M","?","M","$","M","E","M","R","T","?","M","E","R","E","R","BOSS"],"items_purchased_type":["Relic","Relic","Potion"],"build_version":"2020-12-22","purchased_purges":1,"victory":true,"max_hp_per_floor":[75,75,75,75,75,80,80,80,80,80,80,80,80,80,80,80,80,80,80,80,80,80,80,80,80,94,94,94,94,94,104,104,104,104,104,104,104,104,104,104,104,104,104,104,104,104,104,104,104,104],"card_choices":[{"not_picked":["MokouMod:Ember","MokouMod:AdaptivePyromancy"],"picked":"MokouMod:IgnitionBlast","floor":1},{"not_picked":["MokouMod:BurningDraft","MokouMod:Stoke"],"picked":"MokouMod:RetainTemperature","floor":4},{"not_picked":["MokouMod:UncontrollableSolarReaction","MokouMod:ScorchingColumn"],"picked":"MokouMod:GuidingSmoke","floor":5},{"not_picked":["MokouMod:RoaringFlare","MokouMod:EternalBurstReactor"],"picked":"MokouMod:SacredFire","floor":6},{"not_picked":["MokouMod:UncontrollableSolarReaction","MokouMod:HeatFactory","MokouMod:Sear"],"picked":"SKIP","floor":8},{"not_picked":["MokouMod:Sear","MokouMod:AdaptivePyromancy"],"picked":"MokouMod:IndiscriminateIgnition","floor":12},{"not_picked":["MokouMod:BurningHiddenBullet","MokouMod:EnchantingBambooForest"],"picked":"MokouMod:SearingBlow","floor":16},{"not_picked":["MokouMod:Overheat","MokouMod:IgnitionBlast+1"],"picked":"MokouMod:InfernalWave+1","floor":18},{"not_picked":["MokouMod:SearingShot+1","MokouMod:FlickeringFlame"],"picked":"MokouMod:Sear+1","floor":21},{"not_picked":["MokouMod:RoaringFlare","MokouMod:HeatCyclone","MokouMod:Trailblazer+1"],"picked":"SKIP","floor":22},{"not_picked":["MokouMod:HeatTransfer","MokouMod:FlickeringFlame","MokouMod:SearingShot"],"picked":"SKIP","floor":24},{"not_picked":["MokouMod:ResoluteFlare","MokouMod:ShiftIgnition","MokouMod:InfernalWave"],"picked":"SKIP","floor":27},{"not_picked":["MokouMod:CrimsonFlare","MokouMod:FlickeringFlame"],"picked":"MokouMod:SubterraneanCore","floor":28},{"not_picked":["MokouMod:BurningHiddenBullet","MokouMod:IgneousBlow","MokouMod:CrimsonArmoury"],"picked":"SKIP","floor":30},{"not_picked":[],"picked":"Gensokyo:ShootingStar","floor":33},{"not_picked":["MokouMod:EnchantingBambooForest","MokouMod:SacredFire"],"picked":"MokouMod:HouraiForge","floor":33},{"not_picked":["MokouMod:IndiscriminateIgnition+1","MokouMod:RoaringFlare","MokouMod:IgneousBlow+1"],"picked":"SKIP","floor":35},{"not_picked":["MokouMod:FujiyamaVolcano","MokouMod:Singe"],"picked":"MokouMod:Stoke+1","floor":36},{"not_picked":["MokouMod:AdaptivePyromancy","MokouMod:IcarusDive+1","MokouMod:RoaringFlare"],"picked":"SKIP","floor":37},{"not_picked":["MokouMod:Singe","MokouMod:Sear"],"picked":"MokouMod:EternalBurstReactor+1","floor":39},{"not_picked":["MokouMod:IllusoryBattlefield+1","MokouMod:InfernalWave"],"picked":"MokouMod:Rekindle","floor":40},{"not_picked":["MokouMod:Trailblazer","MokouMod:AdaptivePyromancy+1","MokouMod:ShiftIgnition"],"picked":"SKIP","floor":41},{"not_picked":["Gensokyo:RainbowDanmaku+1","Gensokyo:UnlikelyAid+1"],"picked":"Gensokyo:UnhurriedMind+1","floor":44},{"not_picked":["MokouMod:ResoluteFlare+1","MokouMod:FlamingFireTalons+1","MokouMod:SearingShot+1"],"picked":"SKIP","floor":45},{"not_picked":["MokouMod:Combust","MokouMod:FusionFlare"],"picked":"MokouMod:BurningDraft+1","floor":46},{"not_picked":["MokouMod:BlazingComet+1","MokouMod:Overheat+1"],"picked":"MokouMod:HeartofFire","floor":48}],"player_experience":1640569,"relics_obtained":[{"floor":6,"key":"Gensokyo:OccultBall"},{"floor":6,"key":"Durian"},{"floor":9,"key":"Grinning Jar"},{"floor":12,"key":"Regal Pillow"},{"floor":16,"key":"Gensokyo:OccultBall"},{"floor":26,"key":"Mango"},{"floor":30,"key":"vexMod:MemoryStick"},{"floor":33,"key":"Gensokyo:OccultBall"},{"floor":39,"key":"Gensokyo:OccultBall"},{"floor":40,"key":"Gensokyo:OccultBall"},{"floor":40,"key":"Replay:Bottled Eggs"},{"floor":43,"key":"potionbrewer:ToyAutogyro"},{"floor":46,"key":"ReplayFunnel"},{"floor":48,"key":"aspiration:ChemicalBlood"}],"event_choices":[{"damage_healed":0,"gold_gain":0,"player_choice":"UP UP UP ","damage_taken":52,"relics_obtained":[],"max_hp_gain":0,"max_hp_loss":0,"event_name":"betterSkull:BetterSkull","floor":3,"gold_loss":0,"cards_upgraded":["MokouMod:Defend","MokouMod:Firecracker","MokouMod:Strike"]},{"damage_healed":0,"gold_gain":0,"player_choice":"UP UP UP ","damage_taken":46,"relics_obtained":[],"max_hp_gain":0,"max_hp_loss":0,"event_name":"betterSkull:BetterSkull","floor":20,"gold_loss":0,"cards_upgraded":["MokouMod:SearingBlow","MokouMod:Defend","MokouMod:IndiscriminateIgnition"]}],"is_beta":false,"boss_relics":[{"not_picked":["hubris:GrandSneckoEye","theForsaken:PaleLantern"],"picked":"aspiration:MobileForge"},{"not_picked":["energizedSpire:MagnifyingGlass","vexMod:ImprovementManual"],"picked":"energizedSpire:EnergizedDie"}],"items_purged_floors":[38],"is_endless":false,"potions_floor_spawned":[1,5,12,16,18,24,28,40,41,45,46,48],"ascension_level":4}}