{"host":"851hhqouejqwzba1","time":1609340365,"event":{"mods":["BaseMod","Minty Spire (QoL Compilation)","Permanent Neow","Shop Mod","StSLib","óô»ðÖ¸ÄÏ"],"gold_per_floor":[118,134,208,227,227,227,262,51,51,90,103,178,178,198,148,243,243,267,267,286,286,236,236,280,315,315,330,33,46,86,185,185,280,280,303,326,326,196,212,162,206,224,224,224,248,248,198,233,233,233],"floor_reached":51,"playtime":10817,"items_purged":["Strike_G","Defend_G","Strike_G","Defend_G","Strike_G","Defend_G","Defend_G"],"score":1220,"play_id":"e6cb73e0-46b9-4cd3-82bc-63db9b6ee033","local_time":"20201230225925","is_ascension_mode":true,"campfire_choices":[{"data":"Deadly Poison","floor":6.0,"key":"SMITH"},{"data":"Venomology","floor":13.0,"key":"SMITH"},{"data":"Tools of the Trade","floor":23.0,"key":"SMITH"},{"data":"Adrenaline","floor":32.0,"key":"SMITH"},{"data":"Neutralize","floor":46.0,"key":"SMITH"},{"data":"Backflip","floor":49,"key":"SMITH"}],"circlet_count":0,"master_deck":["AscendersBane","Survivor","Neutralize+1","Die Die Die+1","Eviscerate+1","Dagger Spray+1","Deadly Poison+1","PiercingWail","Footwork","Adrenaline+1","Bane","Venomology+1","Calculated Gamble","Tools of the Trade+1","CurseOfTheBell","Acrobatics","Outmaneuver+1","Noxious Fumes","Expertise+1","Adrenaline+1","Well Laid Plans+1","Backflip+1"],"relics":["Astrolabe","Shuriken","Golden Idol","Smiling Mask","Mummified Hand","Happy Flower","Calling Bell","Bag of Preparation","Letter Opener","Calipers","Pantograph","Pear","Red Mask","Ginger","Matryoshka","Meat on the Bone","Paper Crane","Orichalcum","FossilizedHelix","Centennial Puzzle"],"acts_visited":["Exordium","TheCity","TheBeyond"],"potions_floor_usage":[50,50,50,50],"damage_taken":[{"damage":0.0,"enemies":"Cultist","floor":1.0,"turns":2.0},{"damage":0.0,"enemies":"Small Slimes","floor":2.0,"turns":2.0},{"damage":0.0,"enemies":"Jaw Worm","floor":4.0,"turns":3.0},{"damage":12.0,"enemies":"3 Sentries","floor":7.0,"turns":5.0},{"damage":20.0,"enemies":"Gremlin Nob","floor":10.0,"turns":4.0},{"damage":0.0,"enemies":"2 Fungi Beasts","floor":11.0,"turns":2.0},{"damage":0.0,"enemies":"Blue Slaver","floor":14.0,"turns":2.0},{"damage":6.0,"enemies":"The Guardian","floor":16.0,"turns":9.0},{"damage":4.0,"enemies":"2 Thieves","floor":18.0,"turns":3.0},{"damage":0.0,"enemies":"Spheric Guardian","floor":20.0,"turns":3.0},{"damage":8.0,"enemies":"Slavers","floor":24.0,"turns":4.0},{"damage":3.0,"enemies":"Masked Bandits","floor":25.0,"turns":2.0},{"damage":7.0,"enemies":"Snake Plant","floor":27.0,"turns":3.0},{"damage":0.0,"enemies":"Cultist and Chosen","floor":29.0,"turns":4.0},{"damage":8.0,"enemies":"Book of Stabbing","floor":30.0,"turns":5.0},{"damage":63.0,"enemies":"Automaton","floor":33.0,"turns":7.0},{"damage":8.0,"enemies":"3 Shapes","floor":35.0,"turns":3.0},{"damage":4.0,"enemies":"Orb Walker","floor":36.0,"turns":4.0},{"damage":18.0,"enemies":"Jaw Worm Horde","floor":39.0,"turns":3.0},{"damage":4.0,"enemies":"Nemesis","floor":41.0,"turns":6.0},{"damage":9.0,"enemies":"Maw","floor":42.0,"turns":5.0},{"damage":0.0,"enemies":"Sphere and 2 Shapes","floor":45.0,"turns":2.0},{"damage":3.0,"enemies":"Reptomancer","floor":48.0,"turns":3.0},{"damage":14,"enemies":"Awakened One","floor":50,"turns":8}],"seed_played":"8405045628753358028","potions_obtained":[{"floor":2.0,"key":"SmokeBomb"},{"floor":10.0,"key":"Block Potion"},{"floor":11.0,"key":"Swift Potion"},{"floor":14.0,"key":"GhostInAJar"},{"floor":16.0,"key":"EntropicBrew"},{"floor":24.0,"key":"Strength Potion"},{"floor":33.0,"key":"Block Potion"},{"floor":35.0,"key":"Fire Potion"},{"floor":36.0,"key":"LiquidBronze"}],"is_trial":false,"path_per_floor":["M","M","T","M","?","R","E","R","T","E","M","?","R","M","R","B",null,"M","?","M","?","$","R","E","?","T","M","$","M","E","?","R","B",null,"M","M","?","$","M","R","E","M","T","?","M","R","$","E","R","B",null],"character_chosen":"THE_SILENT","items_purchased":["Adrenaline","Matryoshka","Well Laid Plans"],"campfire_rested":0,"item_purchase_floors":[8,28,38],"current_hp_per_floor":[59,59,59,59,59,59,47,47,47,27,27,16,16,16,16,10,48,44,61,61,61,61,61,63,60,60,53,53,53,45,45,45,19,58,50,46,46,46,40,40,36,42,42,42,42,42,42,39,39,50],"gold":233,"neow_bonus":"BOSS_RELIC","is_daily":false,"chose_seed":false,"campfire_upgraded":6,"win_rate":0.0,"timestamp":1609340365,"path_taken":["M","M","?","M","?","R","E","R","T","E","?","?","R","M","R","BOSS","M","?","M","?","$","R","E","?","T","M","$","M","E","?","R","BOSS","M","M","?","$","?","R","E","M","T","?","M","R","$","E","R","BOSS"],"items_purchased_type":["Card","Relic","Card"],"build_version":"2020-12-22","purchased_purges":7,"victory":true,"max_hp_per_floor":[66,66,66,66,61,61,61,61,61,61,61,61,61,61,61,61,61,61,61,61,61,61,61,71,71,71,71,71,71,71,71,71,71,71,71,71,71,71,71,71,71,71,71,71,71,71,71,71,71,71],"card_choices":[{"not_picked":["Prepared","Sucker Punch"],"picked":"Deadly Poison","floor":1.0},{"not_picked":["Cloak And Dagger","Dodge and Roll"],"picked":"PiercingWail","floor":2.0},{"not_picked":["Distraction","Eviscerate"],"picked":"Footwork","floor":4.0},{"not_picked":["Quick Slash","Sucker Punch","Slice"],"picked":"SKIP","floor":7.0},{"not_picked":["Flying Knee","Infinite Blades"],"picked":"Bane","floor":10.0},{"not_picked":["Prepared","Blade Dance"],"picked":"Venomology","floor":11.0},{"not_picked":["Underhanded Strike","Deflect"],"picked":"Calculated Gamble","floor":14.0},{"not_picked":["Night Terror","Storm of Steel"],"picked":"Tools of the Trade","floor":16.0},{"not_picked":["Dagger Spray","Blade Dance"],"picked":"Acrobatics","floor":18.0},{"not_picked":["Deadly Poison","Backflip"],"picked":"Outmaneuver+1","floor":20.0},{"not_picked":["Cloak And Dagger","Skewer"],"picked":"Noxious Fumes","floor":24.0},{"not_picked":["Deflect","Dagger Throw","Endless Agony"],"picked":"SKIP","floor":27.0},{"not_picked":["Dash","Blade Dance","PiercingWail"],"picked":"SKIP","floor":29.0},{"not_picked":["Acrobatics","Adrenaline","Calculated Gamble"],"picked":"SKIP","floor":30.0},{"not_picked":["Footwork","Sucker Punch","Blade Dance"],"picked":"SKIP","floor":35.0},{"not_picked":["PiercingWail+1","Underhanded Strike"],"picked":"Expertise+1","floor":36.0},{"not_picked":["Poisoned Stab","Calculated Gamble","Dagger Throw"],"picked":"SKIP","floor":39.0},{"not_picked":["Outmaneuver","Sucker Punch","Bouncing Flask"],"picked":"SKIP","floor":41.0},{"not_picked":["Bane","Dagger Throw+1","Underhanded Strike"],"picked":"SKIP","floor":42.0},{"not_picked":["Dodge and Roll+1","Wraith Form v2","Expertise"],"picked":"SKIP","floor":45.0},{"not_picked":["Quick Slash","Accuracy"],"picked":"Backflip","floor":48.0}],"player_experience":398754,"relics_obtained":[{"floor":3.0,"key":"Shuriken"},{"floor":7.0,"key":"Smiling Mask"},{"floor":9.0,"key":"Mummified Hand"},{"floor":10.0,"key":"Happy Flower"},{"floor":17.0,"key":"Bag of Preparation"},{"floor":17.0,"key":"Letter Opener"},{"floor":17.0,"key":"Calipers"},{"floor":24.0,"key":"Pear"},{"floor":25.0,"key":"Red Mask"},{"floor":26.0,"key":"Ginger"},{"floor":30.0,"key":"Meat on the Bone"},{"floor":41.0,"key":"Paper Crane"},{"floor":43.0,"key":"Orichalcum"},{"floor":43.0,"key":"FossilizedHelix"},{"floor":48.0,"key":"Centennial Puzzle"}],"event_choices":[{"damage_healed":0.0,"max_hp_gain":0.0,"max_hp_loss":5.0,"gold_gain":0.0,"event_name":"Golden Idol","player_choice":"Lose Max HP","floor":5.0,"gold_loss":0.0,"damage_taken":0.0,"relics_obtained":["Golden Idol"]},{"damage_healed":0.0,"max_hp_gain":0.0,"max_hp_loss":0.0,"gold_gain":75.0,"event_name":"World of Goop","player_choice":"Gather Gold","floor":12.0,"gold_loss":0.0,"damage_taken":11.0},{"damage_healed":20.0,"max_hp_gain":0.0,"max_hp_loss":0.0,"gold_gain":0.0,"event_name":"The Library","player_choice":"Heal","floor":19.0,"gold_loss":0.0,"damage_taken":0.0},{"damage_healed":0.0,"max_hp_gain":0.0,"max_hp_loss":0.0,"gold_gain":0.0,"event_name":"The Mausoleum","player_choice":"Opened","floor":21.0,"gold_loss":0.0,"damage_taken":0.0,"relics_obtained":["Pantograph"]},{"damage_healed":0.0,"max_hp_gain":0.0,"max_hp_loss":0.0,"gold_gain":0.0,"event_name":"Masked Bandits","player_choice":"Fought Bandits","floor":25.0,"gold_loss":0.0,"damage_taken":0.0},{"damage_healed":0.0,"max_hp_gain":0.0,"max_hp_loss":0.0,"gold_gain":99.0,"event_name":"Nest","player_choice":"Stole From Cult","floor":31.0,"gold_loss":0.0,"damage_taken":0.0},{"damage_healed":0.0,"max_hp_gain":0.0,"max_hp_loss":0.0,"gold_gain":0.0,"event_name":"Duplicator","player_choice":"Copied","floor":37.0,"gold_loss":0.0,"damage_taken":0.0,"cards_obtained":["Adrenaline"]},{"damage_healed":0.0,"max_hp_gain":0.0,"max_hp_loss":0.0,"gold_gain":0.0,"event_name":"Upgrade Shrine","player_choice":"Upgraded","floor":44.0,"gold_loss":0.0,"damage_taken":0.0,"cards_upgraded":["Well Laid Plans"]}],"is_beta":false,"boss_relics":[{"not_picked":["Sozu","WristBlade"],"picked":"Calling Bell"},{"not_picked":["Snecko Eye","Coffee Dripper","Runic Dome"]}],"items_purged_floors":[8,15,22,28,38,40,47],"is_endless":false,"potions_floor_spawned":[2,10,11,14,16,24,27,30,33,35,36,45],"ascension_level":14}}