{"host":"48zyk7qbyaqvksy3","time":1609327434,"event":{"mods":["Act Like it!","BaseMod","GifTheSpireLib","Marisa£®ÏF”Í°°ƒß¿Ì…≥£©","Minty Spire (QoL Compilation)","Replay The Spire","Shop Mod","StSLib","The Servant 0.9.4","Waifu the Spire"],"gold_per_floor":[116,129,204,217,231,258,258,290,290,290,308,341,360,360,360,464,464,464,464,449,449,449,449,449,449,449,449,449,449,1,1,1,1,1,1,1,1,1,1,1,1,1,1,1,1,1,1,1,1,1],"floor_reached":51,"playtime":1712,"items_purged":["Iron Wave"],"score":818,"play_id":"1594a9b7-b61c-4f38-843d-b5ac5ab1b651","local_time":"20201230192354","is_ascension_mode":true,"campfire_choices":[{"data":"Perfected Strike","floor":7.0,"key":"SMITH"},{"data":"Clothesline","floor":10.0,"key":"SMITH"},{"floor":15.0,"key":"REST"},{"data":"Sever Soul","floor":24.0,"key":"SMITH"},{"floor":32.0,"key":"DIG"},{"floor":40.0,"key":"REST"}],"circlet_count":0,"master_deck":["Strike_R","Strike_R","Strike_R","Strike_R","Strike_R","Defend_R","Defend_R+1","Defend_R+1","Bash","Perfected Strike+1","Clothesline+1","Clash","Sever Soul+1","Twin Strike","Flex","Clash+1","Necronomicurse","Metallicize+1","Clash","Battle Trance","Carnage","Perfected Strike","Perfected Strike","Perfected Strike+1","Armaments","ReplayTheSpireMod:Limb From Limb+1","Demonic Infusion","Inflame","Battle Trance","Looming Evil"],"relics":["Painkiller Herb","Bag of Marbles","Blood Vial","War Paint","ReplayTheSpireMod:Shallot","Ectoplasm","Necronomicon","Smiling Mask","Juzu Bracelet","Red Mask","Strawberry","Tiny Chest","Lee\u0027s Waffle","Kunai","Sozu","CatCart","Replay:Bottled Steam","Ring of Panic","Boot","Replay:WaspNest"],"acts_visited":["Exordium","TheCity","TheBeyond"],"potions_floor_usage":[50,50],"damage_taken":[{"damage":0.0,"enemies":"Jaw Worm","floor":1.0,"turns":3.0},{"damage":0.0,"enemies":"Cultist","floor":2.0,"turns":2.0},{"damage":1.0,"enemies":"2 Louse","floor":4.0,"turns":2.0},{"damage":9.0,"enemies":"2 Fungi Beasts","floor":5.0,"turns":2.0},{"damage":15.0,"enemies":"3 Sentries","floor":6.0,"turns":8.0},{"damage":3.0,"enemies":"Lagavulin","floor":8.0,"turns":4.0},{"damage":0.0,"enemies":"Large Slime","floor":11.0,"turns":2.0},{"damage":24.0,"enemies":"3 Sentries","floor":12.0,"turns":6.0},{"damage":5.0,"enemies":"Exordium Thugs","floor":13.0,"turns":2.0},{"damage":23.0,"enemies":"Slime Boss","floor":16.0,"turns":5.0},{"damage":6.0,"enemies":"3 Byrds","floor":18.0,"turns":4.0},{"damage":8.0,"enemies":"2 Thieves","floor":20.0,"turns":2.0},{"damage":0.0,"enemies":"Cultist and Chosen","floor":22.0,"turns":4.0},{"damage":0.0,"enemies":"Gremlin Leader","floor":23.0,"turns":3.0},{"damage":0.0,"enemies":"3 Cultists","floor":25.0,"turns":3.0},{"damage":0.0,"enemies":"Masked Bandits","floor":27.0,"turns":3.0},{"damage":0.0,"enemies":"Book of Stabbing","floor":28.0,"turns":1.0},{"damage":0.0,"enemies":"Centurion and Healer","floor":29.0,"turns":3.0},{"damage":0.0,"enemies":"Snake Plant","floor":31.0,"turns":1.0},{"damage":24.0,"enemies":"Collector","floor":33.0,"turns":4.0},{"damage":0.0,"enemies":"Orb Walker","floor":35.0,"turns":1.0},{"damage":8.0,"enemies":"3 Shapes","floor":36.0,"turns":1.0},{"damage":32.0,"enemies":"Orin","floor":38.0,"turns":4.0},{"damage":17.0,"enemies":"Sphere and 2 Shapes","floor":39.0,"turns":3.0},{"damage":0.0,"enemies":"Nemesis","floor":41.0,"turns":1.0},{"damage":41.0,"enemies":"4 Shapes","floor":45.0,"turns":4.0},{"damage":2.0,"enemies":"Jaw Worm Horde","floor":46.0,"turns":3.0},{"damage":26.0,"enemies":"R_Hoarder","floor":47.0,"turns":5.0},{"damage":0.0,"enemies":"Writhing Mass","floor":48.0,"turns":1.0},{"damage":59,"enemies":"Replay:Hell Engine","floor":50,"turns":7}],"seed_played":"5054621652417640801","potions_obtained":[{"floor":2.0,"key":"Block Potion"},{"floor":4.0,"key":"Venom Potion"},{"floor":8.0,"key":"Adrenaline Potion"},{"floor":16.0,"key":"Weak Potion"},{"floor":18.0,"key":"Adrenaline Potion"},{"floor":22.0,"key":"Elixir"},{"floor":27.0,"key":"Toxic Potion"},{"floor":31.0,"key":"SteroidPotion"}],"is_trial":false,"path_per_floor":["?","?","?","?","?","E","T","E","T","T","?","E","?","?","T","B",null,"?","?","?","?","?","E","T","?","T","?","E","?","T","?","T","B",null,"?","?","T","?","?","T","E","?","T","T","?","?","E","?","T","B",null],"character_chosen":"IRONCLAD","items_purchased":["Armaments","ReplayTheSpireMod:Limb From Limb","Tiny Chest","Lee\u0027s Waffle"],"campfire_rested":2,"item_purchase_floors":[30,30,30,30],"current_hp_per_floor":[80,80,72,71,62,47,47,44,44,44,46,24,21,21,45,24,80,74,58,52,52,54,56,56,58,58,60,69,71,94,94,94,70,94,94,86,86,56,41,69,71,71,71,71,32,32,8,10,38,40],"gold":1,"neow_bonus":"BOSS_RELIC","is_daily":false,"chose_seed":false,"campfire_upgraded":3,"win_rate":0.0,"timestamp":1609327434,"path_taken":["?","?","?","?","?","E","T","E","T","T","?","E","?","?","T","BOSS","?","?","?","?","?","E","T","?","T","?","E","?","T","?","T","BOSS","?","?","T","?","?","T","E","?","T","T","?","?","E","?","T","BOSS"],"items_purchased_type":["Card","Card","Relic","Relic"],"build_version":"2020-12-22","purchased_purges":1,"victory":true,"max_hp_per_floor":[80,80,80,80,80,80,80,80,80,80,80,80,80,80,80,80,80,80,80,80,80,80,80,80,80,80,80,87,87,94,94,94,94,94,94,94,94,94,94,94,94,94,94,94,94,94,94,94,94,94],"card_choices":[{"not_picked":["Seeing Red","Armaments"],"picked":"Perfected Strike","floor":1.0},{"not_picked":["ReplayTheSpireMod:LeadingStrike","Headbutt"],"picked":"Clothesline","floor":2.0},{"not_picked":["Ghostly Armor","Thunderclap"],"picked":"Clash","floor":4.0},{"not_picked":["Seeing Red","Infernal Blade"],"picked":"Iron Wave","floor":5.0},{"not_picked":["Run Through","Thunderclap"],"picked":"Sever Soul","floor":6.0},{"not_picked":["Anger","Rupture"],"picked":"Twin Strike","floor":8.0},{"not_picked":["Twin Strike","Hemokinesis","Iron Wave"],"picked":"SKIP","floor":11.0},{"not_picked":["Seeing Red","ReplayTheSpireMod:Corrosion Curse","Body Slam"],"picked":"SKIP","floor":12.0},{"not_picked":["Anger","Reckless Charge","Havoc"],"picked":"SKIP","floor":13.0},{"not_picked":["Dual Wield","ReplayTheSpireMod:Stacked"],"picked":"Clash","floor":18.0},{"not_picked":["Havoc","Sword Boomerang+1"],"picked":"Metallicize+1","floor":20.0},{"not_picked":["Rupture","Bloodletting"],"picked":"Clash","floor":22.0},{"not_picked":["Hemokinesis","Demonic Infusion"],"picked":"Battle Trance","floor":23.0},{"not_picked":["Sword Boomerang","Bloodletting"],"picked":"Carnage","floor":25.0},{"not_picked":["ReplayTheSpireMod:Strike From Hell","Sentinel"],"picked":"Perfected Strike","floor":27.0},{"not_picked":["Sword Boomerang","Feel No Pain+1"],"picked":"Perfected Strike","floor":28.0},{"not_picked":["Run Through","ReplayTheSpireMod:Strike From Hell"],"picked":"Perfected Strike+1","floor":29.0},{"not_picked":["Thunderclap","Burning Pact","ReplayTheSpireMod:Strike From Hell+1"],"picked":"SKIP","floor":31.0},{"not_picked":["Feed","Impervious"],"picked":"Demonic Infusion","floor":33.0},{"not_picked":["Replay:Undeath\u0027s Touch","Flex+1","Cleave+1"],"picked":"SKIP","floor":35.0},{"not_picked":["Power Through+1","Feel No Pain"],"picked":"Inflame","floor":36.0},{"not_picked":["Feel No Pain+1","Body Slam+1"],"picked":"Battle Trance","floor":39.0},{"not_picked":["Cleave","Twin Strike","Flex+1"],"picked":"SKIP","floor":41.0},{"not_picked":["Dropkick","Flex+1","ReplayTheSpireMod:Stacked+1"],"picked":"SKIP","floor":45.0},{"not_picked":["Dropkick+1","Iron Wave","Fiend Fire"],"picked":"SKIP","floor":46.0},{"not_picked":["Anger","Cleave","Pommel Strike+1"],"picked":"SKIP","floor":47.0},{"not_picked":["Anger+1","Second Wind+1","Fire Breathing+1"],"picked":"SKIP","floor":48.0}],"player_experience":262574,"relics_obtained":[{"floor":6.0,"key":"Bag of Marbles"},{"floor":8.0,"key":"Blood Vial"},{"floor":9.0,"key":"War Paint"},{"floor":12.0,"key":"ReplayTheSpireMod:Shallot"},{"floor":19.0,"key":"Necronomicon"},{"floor":23.0,"key":"Smiling Mask"},{"floor":26.0,"key":"Juzu Bracelet"},{"floor":27.0,"key":"Red Mask"},{"floor":28.0,"key":"Strawberry"},{"floor":32.0,"key":"Kunai"},{"floor":38.0,"key":"CatCart"},{"floor":41.0,"key":"Replay:Bottled Steam"},{"floor":42.0,"key":"Ring of Panic"},{"floor":43.0,"key":"Boot"},{"floor":47.0,"key":"Replay:WaspNest"}],"event_choices":[{"damage_healed":0.0,"max_hp_gain":0.0,"max_hp_loss":0.0,"gold_gain":75.0,"event_name":"FaceTrader","player_choice":"Touch","floor":3.0,"gold_loss":0.0,"damage_taken":8.0},{"damage_healed":0.0,"max_hp_gain":0.0,"max_hp_loss":0.0,"gold_gain":0.0,"cards_transformed":["Defend_R"],"event_name":"Living Wall","player_choice":"Change","floor":14.0,"gold_loss":0.0,"damage_taken":0.0,"cards_obtained":["Flex"]},{"damage_healed":0.0,"max_hp_gain":0.0,"max_hp_loss":0.0,"gold_gain":0.0,"event_name":"Cursed Tome","player_choice":"Obtained Book","floor":19.0,"gold_loss":0.0,"damage_taken":16.0},{"damage_healed":0.0,"max_hp_gain":0.0,"max_hp_loss":0.0,"gold_gain":0.0,"event_name":"Accursed Blacksmith","player_choice":"Forge","floor":21.0,"gold_loss":0.0,"damage_taken":0.0,"cards_upgraded":["Clash"]},{"damage_healed":0.0,"max_hp_gain":0.0,"max_hp_loss":0.0,"gold_gain":0.0,"event_name":"Masked Bandits","player_choice":"Fought Bandits","floor":27.0,"gold_loss":0.0,"damage_taken":0.0},{"damage_healed":0.0,"max_hp_gain":0.0,"max_hp_loss":0.0,"gold_gain":0.0,"event_name":"OrinTheCat","player_choice":"Fight","floor":38.0,"gold_loss":0.0,"damage_taken":0.0}],"is_beta":false,"boss_relics":[{"not_picked":["Runic Cube","Replay:Bronze Core"],"picked":"Ectoplasm"},{"not_picked":["Ooze Armor","Astrolabe"],"picked":"Sozu"}],"items_purged_floors":[30],"is_endless":false,"potions_floor_spawned":[2,4,8,16,18,22,27,29,31,36,41,46,47],"ascension_level":3}}