{"host":"0cgp910o8339lr91","time":1609309897,"event":{"mods":["BaseMod","Colored Map","Filter the Spire","Minty Spire (QoL Compilation)","Relic Stats","Slay-I","ojb\u0027s Better Paths Mod","ojb\u0027s Info Mod"],"gold_per_floor":[118,129,129,129,148,179,104,138,161,197,197,212,212,236,236,326,326,346,346,356,356,368,397,397,417,417,417,59,75,109,124,124,201,201,211,231,246,256,306,338,356,356,356],"floor_reached":42,"playtime":6358,"items_purged":["Vigilance+1"],"score":1124,"play_id":"241dda0f-7fc9-4d07-98b7-8cdacc464831","local_time":"20201230073137","is_ascension_mode":true,"campfire_choices":[{"data":"Conclude","floor":11.0,"key":"SMITH"},{"floor":13.0,"key":"REST"},{"data":"TalkToTheHand","floor":15.0,"key":"SMITH"},{"floor":24.0,"key":"RECALL"},{"floor":32.0,"key":"REST"}],"circlet_count":0,"master_deck":["AscendersBane","Eruption+1","LessonLearned+1","WaveOfTheHand+1","WindmillStrike+1","TalkToTheHand+1","ReachHeaven+1","FlyingSleeves+1","InnerPeace+1","InnerPeace+1","Halt+1","Conclude+1","Swivel+1","Wallop+1","Omniscience+1","Ghostly+1","Ghostly+1","Ghostly","FlurryOfBlows+1","Vault","RitualDagger+1","Wireheading+1","Madness+1","Devotion","Tantrum+1","Nirvana","Wallop","Tantrum"],"relics":["Pandora\u0027s Box","Bloody Idol","Anchor","War Paint","Vajra","Bottled Flame","Fusion Hammer","Toy Ornithopter","Mummified Hand","TheAbacus","Gremlin Horn","Coffee Dripper","White Beast Statue"],"acts_visited":["Exordium","TheCity","TheBeyond"],"potions_floor_usage":[41,41],"damage_taken":[{"damage":12.0,"enemies":"Jaw Worm","floor":1.0,"turns":3.0},{"damage":7.0,"enemies":"Small Slimes","floor":2.0,"turns":5.0},{"damage":0.0,"enemies":"2 Louse","floor":5.0,"turns":1.0},{"damage":34.0,"enemies":"3 Sentries","floor":6.0,"turns":6.0},{"damage":2.0,"enemies":"Gremlin Nob","floor":8.0,"turns":3.0},{"damage":0.0,"enemies":"Lagavulin","floor":10.0,"turns":4.0},{"damage":1.0,"enemies":"Looter","floor":12.0,"turns":3.0},{"damage":0.0,"enemies":"Large Slime","floor":14.0,"turns":3.0},{"damage":0.0,"enemies":"Slime Boss","floor":16.0,"turns":6.0},{"damage":0.0,"enemies":"Chosen","floor":18.0,"turns":5.0},{"damage":0.0,"enemies":"Spheric Guardian","floor":20.0,"turns":2.0},{"damage":2.0,"enemies":"Shelled Parasite and Fungi","floor":22.0,"turns":4.0},{"damage":9.0,"enemies":"Book of Stabbing","floor":23.0,"turns":7.0},{"damage":2.0,"enemies":"3 Cultists","floor":25.0,"turns":3.0},{"damage":4.0,"enemies":"Sentry and Sphere","floor":29.0,"turns":4.0},{"damage":7.0,"enemies":"Gremlin Leader","floor":30.0,"turns":8.0},{"damage":2.0,"enemies":"Chosen and Byrds","floor":31.0,"turns":6.0},{"damage":0.0,"enemies":"Automaton","floor":33.0,"turns":8.0},{"damage":10.0,"enemies":"3 Darklings","floor":35.0,"turns":4.0},{"damage":1.0,"enemies":"3 Shapes","floor":36.0,"turns":4.0},{"damage":14.0,"enemies":"Spire Growth","floor":37.0,"turns":5.0},{"damage":5.0,"enemies":"3 Darklings","floor":38.0,"turns":7.0},{"damage":1,"enemies":"Reptomancer","floor":40,"turns":5},{"damage":0,"enemies":"Transient","floor":41,"turns":6},{"damage":66,"enemies":"Writhing Mass","floor":42,"turns":1}],"seed_played":"4982187800218945171","potions_obtained":[{"floor":1.0,"key":"Energy Potion"},{"floor":5.0,"key":"SteroidPotion"},{"floor":8.0,"key":"LiquidBronze"},{"floor":14.0,"key":"SteroidPotion"},{"floor":18.0,"key":"Fire Potion"},{"floor":20.0,"key":"Dexterity Potion"},{"floor":22.0,"key":"FearPotion"},{"floor":25.0,"key":"StancePotion"},{"floor":31.0,"key":"Swift Potion"},{"floor":37.0,"key":"Strength Potion"},{"floor":38.0,"key":"SkillPotion"},{"floor":41,"key":"Ancient Potion"}],"is_trial":false,"path_per_floor":["M","M","?","?","M","E","?","E","T","E","R","M","R","M","R","B",null,"M","?","M","?","M","E","R","M","T","?","$","M","E","M","R","B",null,"M","M","M","M","?","E","M","M"],"character_chosen":"WATCHER","items_purchased":["Wireheading","Madness","TheAbacus"],"campfire_rested":2,"item_purchase_floors":[28,28,28],"current_hp_per_floor":[49,42,42,42,42,8,8,6,6,6,6,5,23,23,23,23,52,52,52,57,31,31,27,27,30,30,24,24,25,28,31,31,31,31,26,30,21,21,26,30,31,0,0],"gold":356,"neow_bonus":"BOSS_RELIC","is_daily":false,"chose_seed":false,"campfire_upgraded":2,"win_rate":0.0,"timestamp":1609309897,"path_taken":["M","M","?","?","M","E","?","E","T","E","R","M","R","M","R","BOSS","M","?","M","?","M","E","R","M","T","?","$","M","E","M","R","BOSS","M","M","M","M","?","E","M","?"],"items_purchased_type":["Card","Card","Relic"],"build_version":"2020-12-22","purchased_purges":1,"victory":false,"max_hp_per_floor":[68,68,62,62,62,62,62,62,62,62,62,62,62,62,62,62,62,62,62,62,31,31,31,31,31,31,31,31,31,31,31,31,31,31,31,31,31,31,31,31,31,31,31],"relic_stats":{"TheAbacus":[84],"Gremlin Horn":[14,14],"counters":[25,113],"Mummified Hand":[24],"Bloody Idol":57,"Pandora\u0027s Box":["LessonLearned","WaveOfTheHand","WindmillStrike","TalkToTheHand","ReachHeaven","FlyingSleeves","Nirvana","InnerPeace"],"War Paint":["Halt","InnerPeace"],"obtain_stats":[{"Gremlin Horn":30,"Golden Idol":3,"Vajra":9,"War Paint":8,"White Beast Statue":40,"Anchor":6,"Bottled Flame":10,"TheAbacus":28,"Mummified Hand":26,"Bloody Idol":19,"Pandora\u0027s Box":0,"Fusion Hammer":17,"Coffee Dripper":34,"PureWater":0,"Toy Ornithopter":23},{"Gremlin Horn":16,"Golden Idol":2,"Vajra":5,"War Paint":5,"White Beast Statue":23,"Anchor":4,"Bottled Flame":6,"TheAbacus":14,"Mummified Hand":14,"Bloody Idol":10,"Pandora\u0027s Box":0,"Fusion Hammer":9,"Coffee Dripper":18,"PureWater":0,"Toy Ornithopter":13},{"Gremlin Horn":67,"Golden Idol":8,"Vajra":18,"War Paint":18,"White Beast Statue":106,"Anchor":15,"Bottled Flame":22,"TheAbacus":55,"Mummified Hand":55,"Bloody Idol":39,"Pandora\u0027s Box":0,"Fusion Hammer":34,"Coffee Dripper":81,"PureWater":0,"Toy Ornithopter":52}],"Toy Ornithopter":11},"card_choices":[{"not_picked":["FlyingSleeves","SignatureMove"],"picked":"InnerPeace","floor":1.0},{"not_picked":["ClearTheMind","PathToVictory","Worship"],"picked":"SKIP","floor":2.0},{"not_picked":["Swivel","FlyingSleeves","Crescendo"],"picked":"SKIP","floor":5.0},{"not_picked":["ThirdEye","Sanctity"],"picked":"Halt","floor":6.0},{"not_picked":["ThirdEye","SandsOfTime"],"picked":"Conclude","floor":8.0},{"not_picked":["Worship","Fasting2","Prostrate"],"picked":"SKIP","floor":10.0},{"not_picked":["Collect","ThirdEye"],"picked":"Swivel","floor":12.0},{"not_picked":["CrushJoints","Collect"],"picked":"Wallop","floor":14.0},{"not_picked":["SpiritShield","Ragnarok"],"picked":"Omniscience","floor":16.0},{"not_picked":["CrushJoints","Evaluate","EmptyBody"],"picked":"SKIP","floor":18.0},{"not_picked":["PathToVictory","CutThroughFate","Collect"],"picked":"SKIP","floor":20.0},{"not_picked":["Protect+1","ClearTheMind+1"],"picked":"FlurryOfBlows+1","floor":22.0},{"not_picked":["Study","ClearTheMind","CrushJoints+1"],"picked":"SKIP","floor":23.0},{"not_picked":["Collect","LikeWater"],"picked":"Vault","floor":25.0},{"not_picked":["CrushJoints","ThirdEye","Protect"],"picked":"SKIP","floor":29.0},{"not_picked":["Indignation","MasterReality","Protect"],"picked":"SKIP","floor":30.0},{"not_picked":["Indignation","FlyingSleeves","Worship"],"picked":"SKIP","floor":31.0},{"not_picked":["Vault","Ragnarok"],"picked":"Devotion","floor":33.0},{"not_picked":["ClearTheMind+1","Weave"],"picked":"Tantrum+1","floor":35.0},{"not_picked":["Pray","Evaluate","FlyingSleeves"],"picked":"SKIP","floor":36.0},{"not_picked":["EmptyFist","Weave","FlurryOfBlows"],"picked":"SKIP","floor":37.0},{"not_picked":["Conclude","Wireheading+1"],"picked":"Nirvana","floor":38.0},{"not_picked":["Wireheading","Nirvana"],"picked":"Wallop","floor":40},{"not_picked":["Crescendo","Evaluate+1"],"picked":"Tantrum","floor":41}],"player_experience":1203132,"relics_obtained":[{"floor":6.0,"key":"Anchor"},{"floor":8.0,"key":"War Paint"},{"floor":9.0,"key":"Vajra"},{"floor":10.0,"key":"Bottled Flame"},{"floor":23.0,"key":"Toy Ornithopter"},{"floor":26.0,"key":"Mummified Hand"},{"floor":30.0,"key":"Gremlin Horn"},{"floor":40,"key":"White Beast Statue"}],"event_choices":[{"damage_healed":0.0,"max_hp_gain":0.0,"max_hp_loss":6.0,"gold_gain":0.0,"event_name":"Golden Idol","player_choice":"Lose Max HP","floor":3.0,"gold_loss":0.0,"damage_taken":0.0,"relics_obtained":["Golden Idol"]},{"damage_healed":0.0,"max_hp_gain":0.0,"max_hp_loss":0.0,"gold_gain":0.0,"event_name":"Liars Game","player_choice":"Ignored","floor":4.0,"gold_loss":0.0,"damage_taken":0.0},{"cards_removed":["Nirvana"],"damage_healed":0.0,"max_hp_gain":0.0,"max_hp_loss":0.0,"gold_gain":0.0,"event_name":"The Cleric","player_choice":"Card Removal","floor":7.0,"gold_loss":75.0,"damage_taken":0.0},{"damage_healed":0.0,"max_hp_gain":0.0,"max_hp_loss":0.0,"gold_gain":0.0,"event_name":"Forgotten Altar","player_choice":"Gave Idol","floor":19.0,"relics_lost":["Golden Idol"],"gold_loss":0.0,"damage_taken":0.0,"relics_obtained":["Bloody Idol"]},{"damage_healed":0.0,"max_hp_gain":0.0,"max_hp_loss":31.0,"gold_gain":0.0,"event_name":"Ghosts","player_choice":"Became a Ghost","floor":21.0,"gold_loss":0.0,"damage_taken":0.0,"cards_obtained":["Ghostly","Ghostly","Ghostly"]},{"damage_healed":0.0,"max_hp_gain":0.0,"max_hp_loss":0.0,"gold_gain":0.0,"event_name":"Nest","player_choice":"Joined the Cult","floor":27.0,"gold_loss":0.0,"damage_taken":6.0,"cards_obtained":["RitualDagger"]},{"damage_healed":0.0,"max_hp_gain":0.0,"max_hp_loss":0.0,"gold_gain":50.0,"event_name":"Golden Shrine","player_choice":"Pray","floor":39.0,"gold_loss":0.0,"damage_taken":0.0}],"is_beta":false,"boss_relics":[{"not_picked":["Busted Crown","Runic Pyramid"],"picked":"Fusion Hammer"},{"not_picked":["Sozu","Empty Cage"],"picked":"Coffee Dripper"}],"items_purged_floors":[28],"is_endless":false,"potions_floor_spawned":[1,5,8,14,18,20,22,25,31,37,38,41],"killed_by":"Writhing Mass","ascension_level":15}}