{"host":"5gvtsr4efrrdxof8","time":1609346099,"event":{"mods":["BaseMod","Bestiary","Better Altar","Better Match","Better Note","Better Skull","Better Vampires","ChefMod","Colored Powertips","Curses Come First","Downfall","Hermit","Hubris","Jorbs\u0027s Wanderer Trilogy","Luminous","Marisa????????","Minty Spire (QoL Compilation)","Quick Restart","READ ME - Guardian Mod","READ ME - Snecko Mod","Random Character Button","Rare Cards Sparkle","Replay The Spire","Robot Space Explorer","Shade Mod","StSLib","The Animator","The Blackbeard","The Construct","The Cursed","The Disciple","The Hierophant","The Judge","The Jungle","The Marked","The Necromancer","The Poker Player","The Servant 0.9.4","Unceasing Turn Reminder","thorton"],"gold_per_floor":[199,211,661,680,707,230,230,28,28,61,61,77,109,109,127,229,229,229,229],"floor_reached":17,"playtime":981,"items_purged":["Slimebound:Icky"],"score":163,"play_id":"b697a7d5-b023-4145-a5ff-9e8c581ee6f6","local_time":"20201230163459","is_ascension_mode":false,"campfire_choices":[{"floor":1,"key":"RECALL"},{"data":"hexamod:BacktrackSmack","floor":9,"key":"SMITH"},{"data":"hexamod:RecurringNightmare","floor":11,"key":"SMITH"}],"circlet_count":0,"master_deck":["hexamod:Strike","hexamod:Strike","hexamod:Strike+1","hexamod:Strike+1","hexamod:Defend","hexamod:Defend","hexamod:Defend","hexamod:Defend","hexamod:Sear","hexamod:Float","hexamod:NightmareStrike+1","Slimebound:Icky","Slimebound:Icky","hexamod:GhostLash","hexamod:NightmareGuise","hexamod:Hexaguard","hexamod:Hexaguard","hexamod:HeatCrush+1","hexamod:FirstSeal","hexamod:SpectersWail","hexamod:BacktrackSmack+1","hexamod:ThirdSeal","hexamod:RecurringNightmare+1","hexamod:Haunt","hexamod:NightmareGuise","hexamod:HexaLevel","hexamod:TimeWarp","hexamod:ChargedBarrage","hexamod:SpectersWail","hexamod:SixthSeal"],"relics":["hexamod:SpiritBrand","Centennial Puzzle","Whetstone","hubris:DisguiseKit","Guide Book","The Courier","Replay:WaspNest","ReplayTheSpireMod:DimensionalGlitch"],"acts_visited":["Exordium","TheCity"],"potions_floor_usage":[16,16],"damage_taken":[{"damage":0,"enemies":"Small Slimes","floor":2,"turns":4},{"damage":2,"enemies":"Jaw Worm","floor":4,"turns":4},{"damage":0,"enemies":"downfall:FleeingMerchant","floor":6,"turns":4},{"damage":3,"enemies":"downfall:FleeingMerchant","floor":8,"turns":4},{"damage":13,"enemies":"3 Sentries","floor":10,"turns":5},{"damage":7,"enemies":"2 Louse","floor":12,"turns":3},{"damage":1,"enemies":"Gremlin Nob","floor":13,"turns":3},{"damage":2,"enemies":"Blue Slaver","floor":15,"turns":3},{"damage":33,"enemies":"downfall:Watcher","floor":16,"turns":7}],"seed_played":"-921320192077892444","potions_obtained":[{"floor":2,"key":"PowerPotion"},{"floor":10,"key":"Swift Potion"},{"floor":12,"key":"Toxic Potion"}],"is_trial":false,"path_per_floor":["R","M","?","M","T","$","T","$","R","E","R","M","E","?","M","B",null],"character_chosen":"THE_SPIRIT","items_purchased":["hexamod:Hexaguard","Whetstone","hexamod:HeatCrush","hexamod:FirstSeal","hexamod:SpectersWail","Guide Book","hexamod:ThirdSeal"],"campfire_rested":0,"item_purchase_floors":[6,6,6,6,6,8,8],"current_hp_per_floor":[70,70,70,68,68,68,68,70,70,64,64,64,63,63,61,35,70,70,70],"gold":229,"neow_bonus":"HUNDRED_GOLD","is_daily":false,"chose_seed":false,"campfire_upgraded":2,"win_rate":0.0,"timestamp":1609346099,"path_taken":["R","M","?","M","?","$","T","$","R","E","R","M","E","?","M","BOSS"],"items_purchased_type":["Card","Relic","Card","Card","Card","Relic","Card"],"build_version":"2020-12-22","purchased_purges":1,"victory":false,"max_hp_per_floor":[70,70,70,70,70,70,70,70,70,70,70,70,70,70,70,70,70,70,70],"card_choices":[{"not_picked":["hexamod:ChargedBarrage","hexamod:RetreatToShadows"],"picked":"hexamod:NightmareStrike","floor":2},{"not_picked":["hexamod:RetreatToShadows","hexamod:ThermalTransfer"],"picked":"hexamod:GhostLash","floor":4},{"not_picked":["hexamod:PhantomFireball","hexamod:Rewind"],"picked":"hexamod:NightmareGuise","floor":6},{"not_picked":["hexamod:DynamicBlow","hexamod:ThermalTransfer","thethorton:ElbowSmash"],"picked":"hexamod:BacktrackSmack","floor":8},{"not_picked":["hexamod:HeatMetal","hexamod:RetreatToShadows","thethorton:DownPayment"],"picked":"hexamod:RecurringNightmare","floor":10},{"not_picked":["hexamod:Hexaguard","hexamod:FastForward","thethorton:DodgeAndRollAndRun"],"picked":"hexamod:Haunt","floor":10},{"not_picked":["hexamod:RainOfEmbers","hexamod:HauntingEcho","thethorton:OddChange"],"picked":"hexamod:NightmareGuise","floor":12},{"not_picked":["hexamod:Haunt","hexamod:Hexaguard","thethorton:ROI"],"picked":"hexamod:HexaLevel","floor":12},{"not_picked":["hexamod:ThermalTransfer","hexamod:GhostOfSpirePast","thethorton:LongTermPayoff"],"picked":"hexamod:TimeWarp","floor":13},{"not_picked":["hexamod:BacktrackSmack","hexamod:SwordOfDarkness","thethorton:BusinessCard"],"picked":"hexamod:ChargedBarrage","floor":15},{"not_picked":["hexamod:BacktrackSmack","hexamod:BurningTouch","thethorton:PocketChange"],"picked":"hexamod:SpectersWail","floor":15},{"not_picked":["hexamod:TurnItUp","hexamod:WildfireWeapon","thethorton:Octopus"],"picked":"hexamod:SixthSeal","floor":16}],"player_experience":103119,"relics_obtained":[{"floor":5,"key":"Centennial Puzzle"},{"floor":7,"key":"hubris:DisguiseKit"},{"floor":10,"key":"The Courier"},{"floor":13,"key":"Replay:WaspNest"}],"event_choices":[],"is_beta":false,"boss_relics":[{"not_picked":["hubris:VirtuousBlindfold","Empty Cage"],"picked":"ReplayTheSpireMod:DimensionalGlitch"}],"items_purged_floors":[6],"is_endless":false,"potions_floor_spawned":[2,10,12,15],"ascension_level":0}}