{"host":"gkh5j5k5w4qf7k7n","time":1609334544,"event":{"mods":["2.2 Compatiblity","AchievementEnabler","BaseMod","Colored Map","Colored Powertips","GifTheSpireLib","Keyboard Shortcuts","Minty Spire (QoL Compilation)","Quick Restart","StSLib","SuperFastMode","The Construct","The Problem Sleuth","¡¼?Úª?ø«¡½REMEMod"],"gold_per_floor":[110,35,35,35,35,66,86,86,86,86,86,86,86,9,9,111,111,131,131,31,31,31,31,31,31,31],"floor_reached":24,"playtime":766,"items_purged":["theSleuth:Strike","theSleuth:Strike"],"score":337,"play_id":"164fb764-6e3f-4fec-98c4-07b5b0b11b5f","local_time":"20201230222224","is_ascension_mode":true,"campfire_choices":[{"data":"1","floor":10.0,"key":"LIFT"},{"data":"2","floor":12.0,"key":"LIFT"},{"data":"3","floor":15.0,"key":"LIFT"},{"data":"theSleuth:RetainReturn","floor":23.0,"key":"SMITH"}],"circlet_count":0,"master_deck":["AscendersBane","theSleuth:Strike+1","theSleuth:Strike+1","theSleuth:Defend","theSleuth:Defend","theSleuth:KeyHandgun+1","theSleuth:TakeInventory+1","theSleuth:Diplomacy","DeusExMachina","theSleuth:RetainReturn+1","theSleuth:FudgeDeck","theSleuth:HeroBust","theSleuth:FudgeDeck","Decay"],"relics":["theSleuth:Typewriter","REME_ComplimentaryCards","NeowsBlessing","Girya","Spirit Poop","Busted Crown","Nloth\u0027s Gift"],"acts_visited":["Exordium","TheCity"],"potions_floor_usage":[24],"damage_taken":[{"damage":0.0,"enemies":"Cultist","floor":1.0,"turns":2.0},{"damage":0.0,"enemies":"Lagavulin","floor":6.0,"turns":2.0},{"damage":2.0,"enemies":"Jaw Worm","floor":7.0,"turns":2.0},{"damage":18.0,"enemies":"The Guardian","floor":16.0,"turns":15.0},{"damage":0.0,"enemies":"3 Byrds","floor":18.0,"turns":6.0},{"damage":92,"enemies":"Slavers","floor":24,"turns":16}],"seed_played":"-6586454924704541248","potions_obtained":[{"floor":7.0,"key":"Energy Potion"},{"floor":13.0,"key":"FairyPotion"},{"floor":13.0,"key":"DistilledChaos"}],"is_trial":false,"path_per_floor":["M","$","?","?","?","E","M","?","T","R","?","R","?","$","R","B",null,"M","?","$","?","?","R","E"],"character_chosen":"THE_sleuth","items_purchased":["theSleuth:FudgeDeck"],"campfire_rested":0,"item_purchase_floors":[14],"current_hp_per_floor":[66,66,66,66,66,66,64,64,64,64,64,64,64,64,64,46,66,66,66,66,66,66,66,0,0,0],"gold":31,"neow_bonus":"THREE_ENEMY_KILL","is_daily":false,"chose_seed":false,"campfire_upgraded":1,"win_rate":0.0,"timestamp":1609334544,"path_taken":["M","$","?","?","?","E","M","?","T","R","?","R","?","$","R","BOSS","M","?","$","?","?","R","E"],"items_purchased_type":["Card"],"build_version":"2020-12-22","purchased_purges":2,"victory":false,"max_hp_per_floor":[73,73,73,73,73,73,73,73,73,73,73,73,73,73,73,73,73,73,73,73,73,73,73,73,73,73],"card_choices":[{"not_picked":["theSleuth:SnoopDoggBust","theSleuth:KeyringTommygun"],"picked":"theSleuth:RetainReturn","floor":1.0},{"not_picked":["theSleuth:Unscale","theSleuth:Leer","theSleuth:Fortify"],"picked":"SKIP","floor":6.0},{"not_picked":["theSleuth:ForceDeck","theSleuth:ThinkAhead","theSleuth:CandyCorn"],"picked":"SKIP","floor":7.0},{"not_picked":["theSleuth:HitTheMattresses","theSleuth:MobRule"],"picked":"theSleuth:HeroBust","floor":16.0},{"not_picked":[],"picked":"theSleuth:FudgeDeck","floor":18.0}],"player_experience":942746,"relics_obtained":[{"floor":6.0,"key":"Girya"},{"floor":9.0,"key":"Whetstone"}],"event_choices":[{"damage_healed":0.0,"max_hp_gain":0.0,"max_hp_loss":0.0,"gold_gain":0.0,"event_name":"Accursed Blacksmith","player_choice":"Forge","floor":3.0,"gold_loss":0.0,"damage_taken":0.0,"cards_upgraded":["theSleuth:TakeInventory"]},{"damage_healed":0.0,"max_hp_gain":0.0,"max_hp_loss":0.0,"gold_gain":0.0,"event_name":"WeMeetAgain","player_choice":"Ignored","floor":4.0,"gold_loss":0.0,"damage_taken":0.0},{"damage_healed":0.0,"max_hp_gain":0.0,"max_hp_loss":0.0,"gold_gain":0.0,"event_name":"Upgrade Shrine","player_choice":"Upgraded","floor":5.0,"gold_loss":0.0,"damage_taken":0.0,"cards_upgraded":["theSleuth:KeyHandgun"]},{"damage_healed":0.0,"max_hp_gain":0.0,"max_hp_loss":0.0,"gold_gain":0.0,"event_name":"Wheel of Change","player_choice":"Cursed","floor":8.0,"gold_loss":0.0,"damage_taken":0.0,"cards_obtained":["Decay"]},{"cards_removed":["Decay"],"damage_healed":0.0,"max_hp_gain":0.0,"max_hp_loss":0.0,"gold_gain":0.0,"event_name":"Bonfire Elementals","player_choice":"Offered Curse","floor":11.0,"gold_loss":0.0,"damage_taken":0.0,"relics_obtained":["Spirit Poop"]},{"damage_healed":0.0,"max_hp_gain":0.0,"max_hp_loss":0.0,"gold_gain":0.0,"event_name":"Lab","player_choice":"Got Potions","floor":13.0,"gold_loss":0.0,"damage_taken":0.0},{"damage_healed":0.0,"max_hp_gain":0.0,"max_hp_loss":0.0,"gold_gain":0.0,"event_name":"N\u0027loth","player_choice":"Traded Relic","floor":19.0,"relics_lost":["Whetstone"],"gold_loss":0.0,"damage_taken":0.0,"relics_obtained":["Nloth\u0027s Gift"]},{"cards_removed":["theSleuth:Defend"],"damage_healed":0.0,"max_hp_gain":0.0,"max_hp_loss":0.0,"gold_gain":0.0,"event_name":"Purifier","player_choice":"Purged","floor":21.0,"gold_loss":0.0,"damage_taken":0.0},{"damage_healed":0.0,"max_hp_gain":0.0,"max_hp_loss":0.0,"gold_gain":0.0,"event_name":"Wheel of Change","player_choice":"Cursed","floor":22.0,"gold_loss":0.0,"damage_taken":0.0,"cards_obtained":["Decay"]}],"is_beta":false,"boss_relics":[{"not_picked":["Pandora\u0027s Box","Cursed Key"],"picked":"Busted Crown"}],"items_purged_floors":[2,20],"is_endless":false,"potions_floor_spawned":[7,16],"killed_by":"Slavers","ascension_level":12}}