{"host":"28wx1s78lfgm5n5a","time":1609305212,"event":{"mods":["BaseMod","Energized Spire","Gold Saver","Highlight Path","Minty Spire (QoL Compilation)","Replay The Spire","StSLib","TestMod","Waifu the Spire","¡¾ÒÅÎï¿¨ÅÆ¡¿REMEMod"],"gold_per_floor":[927,236,249,3999,4025,4025,4038,4069,4069,3113,3148,3148,3148,3173,3173,3299,3299,3328,3253,3188,3214,3238,2869,2869,2900,2924,2963,3004,3068,3095,2222,2222,2394,2394,2436,2472,1846,1846,1846,1846,1879,1410,1486,1486,1545,1545,1621,1680,1680,1715,1715,1715,974,1048,1150],"floor_reached":56,"playtime":2552,"items_purged":["Strike_R","Strike_R","Strike_R","Strike_R","Defend_R","Defend_R"],"score":1683,"play_id":"0794eb64-78af-4500-b15f-979870079724","local_time":"20201230131332","is_ascension_mode":true,"campfire_choices":[{"data":"Armaments","floor":6,"key":"SMITH"},{"data":"Limit Break","floor":12,"key":"SMITH"},{"floor":15,"key":"DIG"},{"floor":24,"key":"RECALL"},{"data":"Sword Boomerang","floor":32,"key":"SMITH"},{"data":"Whirlwind","floor":40,"key":"SMITH"},{"data":"Feel No Pain","floor":44,"key":"SMITH"},{"floor":49,"key":"REST"},{"data":"Shrug It Off","floor":52,"key":"SMITH"}],"circlet_count":0,"master_deck":["Defend_R","Limit Break+1","ReplayTheSpireMod:Stacked","Armaments+1","Shrug It Off+1","Dark Embrace+1","Feel No Pain+1","Eclipse+1","Whirlwind+1","Flex+1","True Grit+1","Battle Trance+1","Sword Boomerang+1","REME_MawOfCthun+1","Immolate","Second Wind+1","Reaper","Power Through+1","Shrug It Off+1","Pommel Strike+1","ReplayReversal+1","Body Slam+1","Burning Pact+1","Feel No Pain+1","ReplayTheSpireMod:Necrogeddon"],"relics":["testmod-TestBox","REME_ComplimentaryCards","testmod-DeterminationOfClimber","Runic Dome","Brimstone","testmod-Acrobat","MealTicket","Toxic Egg 2","Magic Flower","Pear","OrangePellets","Self Forming Clay","testmod-RealStoneCalender","Mark of Pain","Counterbalance","Replay:WaspNest","Replay:Bandana","Red Skull","Paper Frog","Prayer Wheel","ReplayTheSpireMod:ShopPack","Replay:Drink Me","Strawberry","testmod-Justice","testmod-Register","Vajra","Bag of Marbles","Frozen Egg 2","Juzu Bracelet","Happy Flower","King of Hearts","Toy Ornithopter","Toolbox","Replay:Ringing Soul"],"acts_visited":["Exordium","TheCity","TheBeyond","TheEnding"],"potions_floor_usage":[7,10],"damage_taken":[{"damage":5,"enemies":"Small Slimes","floor":1,"turns":3},{"damage":0,"enemies":"Cultist","floor":3,"turns":3},{"damage":3,"enemies":"Jaw Worm","floor":4,"turns":3},{"damage":8,"enemies":"Gremlin Gang","floor":5,"turns":4},{"damage":0,"enemies":"Lots of Slimes","floor":7,"turns":1},{"damage":17,"enemies":"Replay:BlueRogue","floor":8,"turns":4},{"damage":0,"enemies":"Lagavulin","floor":11,"turns":5},{"damage":4,"enemies":"Blue Slaver","floor":14,"turns":3},{"damage":8,"enemies":"Fading Forest","floor":16,"turns":10},{"damage":2,"enemies":"Chosen","floor":18,"turns":4},{"damage":0,"enemies":"2 Thieves","floor":21,"turns":2},{"damage":0,"enemies":"Chosen and Byrds","floor":22,"turns":1},{"damage":12,"enemies":"Snake Plant","floor":25,"turns":3},{"damage":1,"enemies":"Snecko","floor":27,"turns":2},{"damage":3,"enemies":"Shelled Parasite and Fungi","floor":28,"turns":2},{"damage":14,"enemies":"Replay:Snechameleon","floor":29,"turns":2},{"damage":10,"enemies":"Snake Plant","floor":30,"turns":2},{"damage":0,"enemies":"Champ","floor":33,"turns":3},{"damage":6,"enemies":"3 Darklings","floor":35,"turns":2},{"damage":4,"enemies":"Orb Walker","floor":36,"turns":2},{"damage":0,"enemies":"Jaw Worm Horde","floor":41,"turns":2},{"damage":0,"enemies":"Reptomancer","floor":45,"turns":2},{"damage":0,"enemies":"R_Hoarder","floor":47,"turns":2},{"damage":12,"enemies":"Awakened One","floor":50,"turns":4},{"damage":3,"enemies":"Shield and Spear","floor":54,"turns":2},{"damage":2,"enemies":"The Heart","floor":55,"turns":3}],"seed_played":"7976540454885318725","potions_obtained":[{"floor":3,"key":"SkillPotion"},{"floor":7,"key":"SteroidPotion"},{"floor":8,"key":"Swift Potion"},{"floor":11,"key":"testmod-TimePotion"},{"floor":41,"key":"Death Potion"}],"is_trial":false,"path_per_floor":["M","$","M","M","M","R","M","E","T","$","E","R","?","M","R","B",null,"M","?","?","M","M","$","R","M","T","M","M","E","M","$","R","B",null,"M","M","$","?","?","R","M","$","T","R","E","?","E","?","R","B",null,"R","$","E","B",null],"character_chosen":"IRONCLAD","items_purchased":["Brimstone","testmod-TestPotion","SkillPotion","ReplayTheSpireMod:Stacked","testmod-Acrobat","MealTicket","Magic Flower","Pear","OrangePellets","Fruit Juice","DuplicationPotion","Replay:WaspNest","Sword Boomerang","Paper Frog","Prayer Wheel","ReplayTheSpireMod:ShopPack","Strawberry","testmod-Justice","testmod-Register","Power Through+1","Vajra","Bag of Marbles","Feel No Pain+1","Toy Ornithopter","Toolbox","ReplayTheSpireMod:Necrogeddon"],"campfire_rested":1,"item_purchase_floors":[2,2,2,2,2,2,10,10,10,10,10,23,31,31,31,31,37,37,37,37,42,42,53,53,53,53],"current_hp_per_floor":[76,76,76,74,68,68,68,52,52,82,86,86,86,84,84,94,95,93,93,93,95,95,95,95,89,89,95,95,89,89,95,95,95,72,72,72,79,79,79,79,79,79,79,79,79,75,75,57,75,71,75,75,75,75,75],"gold":1150,"neow_bonus":"BOSS_RELIC","is_daily":false,"chose_seed":false,"campfire_upgraded":6,"win_rate":0.0,"timestamp":1609305212,"path_taken":["M","$","M","M","M","R","M","E","T","$","E","R","?","?","R","BOSS","M","?","?","?","M","$","R","M","T","?","M","E","M","?","R","BOSS","M","M","$","?","?","R","M","$","T","R","E","?","E","?","R","BOSS","R","$","E","BOSS"],"items_purchased_type":["Relic","Potion","Potion","Card","Relic","Relic","Relic","Relic","Relic","Potion","Potion","Relic","Card","Relic","Relic","Relic","Relic","Relic","Relic","Card","Relic","Relic","Card","Relic","Relic","Card"],"build_version":"2020-12-22","purchased_purges":6,"victory":true,"max_hp_per_floor":[80,80,80,80,80,80,80,80,80,95,95,95,95,95,95,95,95,95,95,95,95,95,95,95,95,95,95,95,95,95,95,95,95,72,72,72,79,79,79,79,79,79,79,79,79,75,75,75,75,75,75,75,75,75,75],"card_choices":[{"not_picked":["Blood for Blood","Thunderclap","Cleave"],"picked":"SKIP","floor":1},{"not_picked":["Heavy Blade","Dropkick"],"picked":"Armaments","floor":3},{"not_picked":["Life Link","Bloodletting","Twin Strike"],"picked":"SKIP","floor":4},{"not_picked":["Replay:Undeath\u0027s Touch","Infernal Blade"],"picked":"Shrug It Off","floor":5},{"not_picked":["Entrench","Run Through","Replay:Undeath\u0027s Touch"],"picked":"SKIP","floor":7},{"not_picked":["Armaments+1","Warcry+1"],"picked":"Dark Embrace","floor":8},{"not_picked":["Headbutt","Perfected Strike","Thunderclap"],"picked":"SKIP","floor":11},{"not_picked":["ReplayTheSpireMod:Strike From Hell","Hemokinesis"],"picked":"Feel No Pain","floor":14},{"not_picked":["Bludgeon","Replay:Many Hands+1"],"picked":"Eclipse+1","floor":16},{"not_picked":["Clash","Twin Strike"],"picked":"Whirlwind","floor":18},{"not_picked":["Feel No Pain+1","Sever Soul"],"picked":"Flex+1","floor":21},{"not_picked":["Body Slam","Armaments+1"],"picked":"ReplayTheSpireMod:Muscle Training+1","floor":22},{"not_picked":["Flex+1","Pommel Strike"],"picked":"True Grit+1","floor":25},{"not_picked":["Blood for Blood","Limit Break+1","Power Through+1"],"picked":"SKIP","floor":27},{"not_picked":["Defy Death+1","Replay:Undeath\u0027s Touch"],"picked":"Battle Trance+1","floor":28},{"not_picked":["Reckless Charge","Searing Blow","Havoc+1"],"picked":"SKIP","floor":29},{"not_picked":["Armaments+1","ReplayTheSpireMod:LeadingStrike+1","REME_SingleHolding+1"],"picked":"SKIP","floor":30},{"not_picked":["Survey Options","testmod-CardIndex"],"picked":"REME_MawOfCthun","floor":31},{"not_picked":["Limit Break+1","Brutality"],"picked":"Immolate","floor":33},{"not_picked":["Whirlwind","True Grit+1","Warcry+1"],"picked":"SKIP","floor":35},{"not_picked":["True Grit+1","Cleave","Anger"],"picked":"SKIP","floor":35},{"not_picked":["ReplayTheSpireMod:LeadingStrike","ReplayTheSpireMod:Muscle Training+1"],"picked":"Second Wind+1","floor":36},{"not_picked":["Clash+1","Twin Strike+1"],"picked":"Reaper","floor":36},{"not_picked":["Run Through+1","Life Link+1"],"picked":"Pommel Strike+1","floor":41},{"not_picked":["Thunderclap","Replay:Undeath\u0027s Touch"],"picked":"ReplayReversal+1","floor":41},{"not_picked":["Life Link+1","Demonic Infusion+1","ReplayTheSpireMod:Stacked+1"],"picked":"SKIP","floor":45},{"not_picked":["Combust+1","Run Through+1"],"picked":"Body Slam+1","floor":47},{"not_picked":["Sword Boomerang+1","ReplayTheSpireMod:LeadingStrike"],"picked":"Burning Pact+1","floor":48},{"not_picked":["Armaments+1","Heavy Blade+1","Juggernaut+1"],"picked":"SKIP","floor":54}],"player_experience":91440,"relics_obtained":[{"floor":8,"key":"Toxic Egg 2"},{"floor":11,"key":"Self Forming Clay"},{"floor":15,"key":"testmod-RealStoneCalender"},{"floor":26,"key":"Replay:Bandana"},{"floor":29,"key":"Red Skull"},{"floor":43,"key":"Frozen Egg 2"},{"floor":45,"key":"Juzu Bracelet"},{"floor":47,"key":"Happy Flower"},{"floor":48,"key":"King of Hearts"},{"floor":54,"key":"Replay:Ringing Soul"}],"event_choices":[{"damage_healed":0,"gold_gain":0,"player_choice":"Upgraded","damage_taken":0,"max_hp_gain":0,"max_hp_loss":0,"event_name":"Upgrade Shrine","floor":13,"gold_loss":0,"cards_upgraded":["Dark Embrace"]},{"cards_removed":["Strike_R"],"damage_healed":0,"gold_gain":0,"player_choice":"Gave Gold","damage_taken":0,"max_hp_gain":0,"max_hp_loss":0,"event_name":"Beggar","floor":19,"gold_loss":75},{"damage_healed":0,"gold_gain":0,"player_choice":"Paid Gold","damage_taken":0,"relics_obtained":["Counterbalance"],"max_hp_gain":0,"max_hp_loss":0,"event_name":"WeMeetAgain","floor":20,"gold_loss":65},{"damage_healed":0,"gold_gain":0,"player_choice":"Ignored","damage_taken":0,"max_hp_gain":0,"max_hp_loss":0,"event_name":"Tomb of Lord Red Mask","floor":38,"gold_loss":0},{"damage_healed":0,"gold_gain":0,"player_choice":"1 cards matched","damage_taken":0,"max_hp_gain":0,"max_hp_loss":0,"event_name":"Match and Keep!","floor":39,"gold_loss":0,"cards_obtained":["Shrug It Off"]},{"damage_healed":0,"gold_gain":0,"player_choice":"Max HP","damage_taken":0,"max_hp_gain":0,"max_hp_loss":4,"event_name":"Winding Halls","floor":46,"gold_loss":0}],"is_beta":false,"boss_relics":[{"not_picked":["Ooze Armor","REME_ChargedStone"],"picked":"Mark of Pain"},{"not_picked":["Empty Cage","Philosopher\u0027s Stone"],"picked":"Replay:Drink Me"}],"items_purged_floors":[2,10,23,31,42,53],"is_endless":false,"potions_floor_spawned":[3,7,8,11,14,18,27,28,29,35,41],"ascension_level":3}}