{"host":"daa8jqyg4gqfaysm","time":1609350550,"event":{"mods":["BaseMod","Colored Powertips","Minty Spire (QoL Compilation)","StSLib"],"gold_per_floor":[119,119,119,119,137,137,173,173,173,211,211,235,235,273,273,371,371,392,56,56,56,56,56,81,81,81,81,100,100,112,123,123,196,196,214,214,42,57,57,57,57,86,86,104,104,156,169,180,180,180,180,180,180,80,109,109,109],"floor_reached":56,"playtime":2011,"items_purged":["Strike_B","Defend_B"],"score":2118,"play_id":"e9e0f7a4-ff59-43d9-a85e-dba3fbd1e7d3","local_time":"20201231014910","is_ascension_mode":true,"campfire_choices":[{"data":"Sweeping Beam","floor":6.0,"key":"SMITH"},{"floor":11.0,"key":"REST"},{"data":"Loop","floor":13.0,"key":"SMITH"},{"data":"Defragment","floor":15.0,"key":"SMITH"},{"floor":23.0,"key":"REST"},{"floor":25.0,"key":"REST"},{"data":"Strike_B","floor":27.0,"key":"PURGE"},{"data":"Strike_B","floor":29.0,"key":"PURGE"},{"data":"Defragment","floor":32.0,"key":"SMITH"},{"floor":40.0,"key":"RECALL"},{"data":"Defragment","floor":45.0,"key":"SMITH"},{"data":"Strike_B","floor":49.0,"key":"PURGE"},{"data":"Seek","floor":53.0,"key":"SMITH"}],"circlet_count":0,"master_deck":["AscendersBane","Defend_B","Defend_B","Zap","Dualcast","Ball Lightning+1","Sweeping Beam+1","Loop+1","Barrage","Leap","Cold Snap","Defragment+1","Electrodynamics","Lockon","Compile Driver","Sunder","Ghostly","Ghostly","Ghostly","Seek+1","FTL","Chill+1","Coolheaded+1","Defragment+1","Biased Cognition","Dark Shackles","Loop+1","Defragment+1"],"relics":["FrozenCore","NeowsBlessing","Bloody Idol","Dream Catcher","Matryoshka","WingedGreaves","Omamori","Letter Opener","StoneCalendar","Incense Burner","Velvet Choker","Runic Capacitor","Shuriken","Centennial Puzzle","Peace Pipe","ClockworkSouvenir","Anchor","CaptainsWheel","Bag of Preparation"],"acts_visited":["Exordium","TheCity","TheBeyond","TheEnding"],"potions_floor_usage":[56,56],"damage_taken":[{"damage":0.0,"enemies":"Jaw Worm","floor":1.0,"turns":1.0},{"damage":0.0,"enemies":"2 Louse","floor":5.0,"turns":1.0},{"damage":0.0,"enemies":"Gremlin Nob","floor":7.0,"turns":1.0},{"damage":17.0,"enemies":"3 Sentries","floor":10.0,"turns":6.0},{"damage":0.0,"enemies":"Cultist","floor":12.0,"turns":2.0},{"damage":13.0,"enemies":"Lagavulin","floor":14.0,"turns":6.0},{"damage":32.0,"enemies":"Hexaghost","floor":16.0,"turns":8.0},{"damage":32.0,"enemies":"Shell Parasite","floor":18.0,"turns":5.0},{"damage":26.0,"enemies":"Slavers","floor":24.0,"turns":6.0},{"damage":8.0,"enemies":"Spheric Guardian","floor":28.0,"turns":4.0},{"damage":0.0,"enemies":"Snake Plant","floor":30.0,"turns":4.0},{"damage":0.0,"enemies":"Chosen and Byrds","floor":31.0,"turns":6.0},{"damage":0.0,"enemies":"Collector","floor":33.0,"turns":6.0},{"damage":0.0,"enemies":"3 Shapes","floor":35.0,"turns":6.0},{"damage":0.0,"enemies":"Orb Walker","floor":38.0,"turns":6.0},{"damage":0.0,"enemies":"Nemesis","floor":42.0,"turns":7.0},{"damage":0.0,"enemies":"4 Shapes","floor":44.0,"turns":6.0},{"damage":4.0,"enemies":"2 Orb Walkers","floor":46.0,"turns":4.0},{"damage":0.0,"enemies":"Sphere and 2 Shapes","floor":47.0,"turns":6.0},{"damage":0.0,"enemies":"Spire Growth","floor":48.0,"turns":6.0},{"damage":2.0,"enemies":"Donu and Deca","floor":50.0,"turns":7.0},{"damage":0.0,"enemies":"Time Eater","floor":51.0,"turns":25.0},{"damage":0.0,"enemies":"Shield and Spear","floor":55.0,"turns":7.0},{"damage":33,"enemies":"The Heart","floor":56,"turns":11}],"seed_played":"-1736763620329041376","potions_obtained":[{"floor":5.0,"key":"PowerPotion"},{"floor":7.0,"key":"EssenceOfSteel"},{"floor":12.0,"key":"Regen Potion"},{"floor":16.0,"key":"BlessingOfTheForge"},{"floor":28.0,"key":"Ancient Potion"},{"floor":35.0,"key":"SkillPotion"}],"is_trial":false,"path_per_floor":["M","?","?","?","M","R","E","?","T","E","R","M","R","E","R","B",null,"M","$","?","?","$","R","E","R","T","R","M","R","M","M","R","B",null,"M","?","$","M","?","R","?","E","T","M","R","?","M","M","R","B","B",null,"R","$","E","B"],"character_chosen":"DEFECT","items_purchased":["Runic Capacitor","Compile Driver","Sunder","ClockworkSouvenir"],"campfire_rested":3,"item_purchase_floors":[19,19,19,37],"current_hp_per_floor":[64,64,45,40,40,40,40,40,40,23,42,42,42,43,43,11,51,19,19,19,19,19,28,7,16,16,16,13,13,18,23,23,28,31,32,32,32,32,32,32,32,32,32,32,32,32,32,32,32,30,30,32,32,32,32,0,0],"gold":109,"neow_bonus":"THREE_ENEMY_KILL","is_daily":false,"chose_seed":false,"campfire_upgraded":6,"win_rate":0.0,"timestamp":1609350550,"path_taken":["M","?","?","?","M","R","E","?","T","E","R","?","R","E","R","BOSS","M","$","?","?","?","R","E","R","T","R","M","R","M","M","R","BOSS","M","?","$","?","?","R","?","E","T","M","R","?","M","?","R","BOSS","BOSS","R","$","E","BOSS"],"items_purchased_type":["Relic","Card","Card","Relic"],"build_version":"2020-12-22","purchased_purges":2,"victory":false,"max_hp_per_floor":[71,64,64,64,64,64,64,64,64,64,64,64,64,64,64,64,64,64,64,32,32,32,32,32,32,32,32,32,32,32,32,32,32,32,32,32,32,32,32,32,32,32,32,32,32,32,32,32,32,32,32,32,32,32,32,32,32],"card_choices":[{"not_picked":["Conserve Battery","Barrage"],"picked":"Ball Lightning","floor":1.0},{"not_picked":["Rebound","Coolheaded"],"picked":"Sweeping Beam","floor":5.0},{"not_picked":["Beam Cell","Static Discharge"],"picked":"Loop","floor":7.0},{"not_picked":["Rebound","Amplify"],"picked":"Barrage","floor":10.0},{"not_picked":["Scrape","Streamline"],"picked":"Leap","floor":11.0},{"not_picked":["Steam Power","Blizzard"],"picked":"Cold Snap","floor":12.0},{"not_picked":["Barrage","Ball Lightning"],"picked":"Defragment","floor":14.0},{"not_picked":["Echo Form","Biased Cognition"],"picked":"Electrodynamics","floor":16.0},{"not_picked":["Sweeping Beam","Turbo"],"picked":"Lockon","floor":18.0},{"not_picked":["Cold Snap","Hologram"],"picked":"Seek","floor":24.0},{"not_picked":["Streamline","Go for the Eyes"],"picked":"FTL","floor":25.0},{"not_picked":["Streamline+1","Sweeping Beam"],"picked":"Chill+1","floor":28.0},{"not_picked":["Gash","Defragment"],"picked":"Coolheaded+1","floor":30.0},{"not_picked":["Redo","Turbo"],"picked":"Defragment","floor":31.0},{"not_picked":["All For One","Rainbow"],"picked":"Biased Cognition","floor":33.0},{"not_picked":["White Noise+1","Cold Snap","Compile Driver+1"],"picked":"SKIP","floor":35.0},{"not_picked":["White Noise+1","Cold Snap","Compile Driver+1"],"picked":"SKIP","floor":35.0},{"not_picked":["Leap","Streamline","Auto Shields+1"],"picked":"SKIP","floor":38.0},{"not_picked":["Violence","Chrysalis"],"picked":"Dark Shackles","floor":39.0},{"not_picked":["BootSequence+1","Stack+1"],"picked":"Loop+1","floor":42.0},{"not_picked":["Beam Cell+1","Sunder"],"picked":"Defragment","floor":44.0},{"not_picked":["Chaos","Rebound","Cold Snap"],"picked":"SKIP","floor":47.0},{"not_picked":["Genetic Algorithm+1","Tempest","Storm+1"],"picked":"SKIP","floor":48.0},{"not_picked":["Defragment","Aggregate","Beam Cell"],"picked":"SKIP","floor":55.0}],"player_experience":760695,"relics_obtained":[{"floor":7.0,"key":"Matryoshka"},{"floor":8.0,"key":"WingedGreaves"},{"floor":9.0,"key":"Omamori"},{"floor":9.0,"key":"Letter Opener"},{"floor":10.0,"key":"StoneCalendar"},{"floor":14.0,"key":"Incense Burner"},{"floor":24.0,"key":"Shuriken"},{"floor":26.0,"key":"Centennial Puzzle"},{"floor":26.0,"key":"Peace Pipe"},{"floor":42.0,"key":"Anchor"},{"floor":46.0,"key":"CaptainsWheel"},{"floor":55.0,"key":"Bag of Preparation"}],"event_choices":[{"damage_healed":0.0,"max_hp_gain":0.0,"max_hp_loss":7.0,"gold_gain":0.0,"event_name":"Golden Idol","player_choice":"Lose Max HP","floor":2.0,"gold_loss":0.0,"damage_taken":0.0,"relics_obtained":["Golden Idol"]},{"damage_healed":0.0,"max_hp_gain":0.0,"max_hp_loss":0.0,"gold_gain":0.0,"event_name":"Shining Light","player_choice":"Entered Light","floor":3.0,"gold_loss":0.0,"damage_taken":19.0,"cards_upgraded":["Defend_B","Ball Lightning"]},{"damage_healed":0.0,"max_hp_gain":0.0,"max_hp_loss":0.0,"gold_gain":0.0,"event_name":"Scrap Ooze","player_choice":"Success","floor":4.0,"gold_loss":0.0,"damage_taken":5.0,"relics_obtained":["Dream Catcher"]},{"damage_healed":0.0,"max_hp_gain":0.0,"max_hp_loss":0.0,"gold_gain":0.0,"event_name":"Wheel of Change","player_choice":"Relic","floor":8.0,"gold_loss":0.0,"damage_taken":0.0},{"damage_healed":0.0,"max_hp_gain":0.0,"max_hp_loss":32.0,"gold_gain":0.0,"event_name":"Ghosts","player_choice":"Became a Ghost","floor":20.0,"gold_loss":0.0,"damage_taken":0.0,"cards_obtained":["Ghostly","Ghostly","Ghostly"]},{"damage_healed":0.0,"max_hp_gain":0.0,"max_hp_loss":0.0,"gold_gain":0.0,"event_name":"Forgotten Altar","player_choice":"Gave Idol","floor":21.0,"relics_lost":["Golden Idol"],"gold_loss":0.0,"damage_taken":0.0,"relics_obtained":["Bloody Idol"]},{"damage_healed":0.0,"max_hp_gain":0.0,"max_hp_loss":0.0,"gold_gain":0.0,"event_name":"SecretPortal","player_choice":"Ignored","floor":36.0,"gold_loss":0.0,"damage_taken":0.0},{"damage_healed":0.0,"max_hp_gain":0.0,"max_hp_loss":0.0,"gold_gain":0.0,"event_name":"SensoryStone","player_choice":"Memory 1","floor":39.0,"gold_loss":0.0,"damage_taken":0.0},{"cards_removed":["Defend_B"],"damage_healed":0.0,"max_hp_gain":0.0,"max_hp_loss":0.0,"gold_gain":0.0,"event_name":"Falling","player_choice":"Removed Skill","floor":41.0,"gold_loss":0.0,"damage_taken":0.0},{"damage_healed":0.0,"max_hp_gain":0.0,"max_hp_loss":0.0,"gold_gain":0.0,"event_name":"Mysterious Sphere","player_choice":"Fight","floor":46.0,"gold_loss":0.0,"damage_taken":0.0}],"is_beta":false,"boss_relics":[{"not_picked":["SlaversCollar","SacredBark"],"picked":"Velvet Choker"},{"not_picked":["Pandora\u0027s Box","Inserter"],"picked":"FrozenCore"}],"items_purged_floors":[19,54],"is_endless":false,"potions_floor_spawned":[5,7,12,16,28,33,35,46,48],"killed_by":"The Heart","ascension_level":20}}