{"host":"sav7uxregyirlf69","time":1609296493,"event":{"mods":["AchievementEnabler","BaseMod","Colored Map","DeckTracker","Keyboard Shortcuts","Minty Spire (QoL Compilation)","READ ME - Guardian Mod","StSLib","SuperFastMode"],"gold_per_floor":[112,131,145,156,156,156,156,156,156,61,396,396,411,434,434,527,527,541,541,558,578,23,23,51,75,87,99,36,82,94,106,118,206,218,250,280,292,316,328,369,181,206,256,256,256,276,292,317,317,317,317,317,317,139,165,165,165],"floor_reached":56,"playtime":1238,"items_purged":["Defend_G","Strike_G","Expertise+1"],"score":1865,"play_id":"7d12263f-cedc-4e84-b093-9fdb274f4d63","local_time":"20201230114813","is_ascension_mode":true,"campfire_choices":[{"data":"Blade Dance","floor":6.0,"key":"SMITH"},{"data":"Neutralize","floor":8.0,"key":"SMITH"},{"data":"Accuracy","floor":12.0,"key":"SMITH"},{"data":"Cloak And Dagger","floor":15.0,"key":"SMITH"},{"data":"Terror","floor":23.0,"key":"SMITH"},{"data":"Phantasmal Killer","floor":30,"key":"SMITH"},{"data":"Backflip","floor":32,"key":"SMITH"},{"data":"Wraith Form v2","floor":45,"key":"SMITH"},{"floor":49,"key":"RECALL"},{"data":"Storm of Steel","floor":53,"key":"SMITH"}],"circlet_count":0,"master_deck":["AscendersBane","Defend_G","Defend_G","Defend_G","Survivor","Neutralize+1","Quick Slash","Blade Dance+1","Pain","Accuracy+1","Cloak And Dagger+1","PiercingWail","Escape Plan","Phantasmal Killer+1","Outmaneuver+1","Riddle With Holes+1","Backflip+1","Terror+1","Necronomicurse","Accuracy+1","Wraith Form v2+1","Finesse","Prepared+1","Storm of Steel+1"],"relics":["Ring of the Snake","Du-Vu Doll","Bloody Idol","WarpedTongs","Blue Candle","Old Coin","Astrolabe","OrangePellets","Meat on the Bone","MawBank","Pear","Necronomicon","Bottled Lightning","Runic Pyramid","Paper Crane","Turnip","White Beast Statue","InkBottle","Boot"],"acts_visited":["Exordium","TheCity","TheBeyond","TheEnding"],"potions_floor_usage":[35,35,50,56,56],"damage_taken":[{"damage":2.0,"enemies":"Small Slimes","floor":1.0,"turns":3.0},{"damage":0.0,"enemies":"Cultist","floor":2.0,"turns":3.0},{"damage":2.0,"enemies":"Jaw Worm","floor":3.0,"turns":3.0},{"damage":8.0,"enemies":"Blue Slaver","floor":4.0,"turns":4.0},{"damage":5.0,"enemies":"Lagavulin","floor":11.0,"turns":6.0},{"damage":1.0,"enemies":"Exordium Thugs","floor":13.0,"turns":3.0},{"damage":0.0,"enemies":"3 Louse","floor":14.0,"turns":2.0},{"damage":8.0,"enemies":"Hexaghost","floor":16.0,"turns":9.0},{"damage":12.0,"enemies":"Chosen","floor":18.0,"turns":4.0},{"damage":3.0,"enemies":"3 Byrds","floor":20.0,"turns":4.0},{"damage":8.0,"enemies":"3 Cultists","floor":21.0,"turns":4.0},{"damage":25.0,"enemies":"Slavers","floor":24.0,"turns":4.0},{"damage":11.0,"enemies":"Chosen and Byrds","floor":25.0,"turns":4.0},{"damage":37,"enemies":"Gremlin Leader","floor":29,"turns":3},{"damage":21,"enemies":"Champ","floor":33,"turns":4},{"damage":20,"enemies":"3 Shapes","floor":35,"turns":3},{"damage":6,"enemies":"3 Darklings","floor":36,"turns":6},{"damage":12,"enemies":"Jaw Worm Horde","floor":38,"turns":4},{"damage":4,"enemies":"Giant Head","floor":40,"turns":4},{"damage":14,"enemies":"Mind Bloom Boss Battle","floor":42,"turns":6},{"damage":1,"enemies":"Sphere and 2 Shapes","floor":46,"turns":5},{"damage":11,"enemies":"Maw","floor":47,"turns":3},{"damage":12,"enemies":"Nemesis","floor":48,"turns":3},{"damage":14,"enemies":"Donu and Deca","floor":50,"turns":5},{"damage":37,"enemies":"Awakened One","floor":51,"turns":6},{"damage":35,"enemies":"Shield and Spear","floor":55,"turns":5},{"damage":35,"enemies":"The Heart","floor":56,"turns":4}],"seed_played":"5695926750523257315","potions_obtained":[{"floor":2.0,"key":"DistilledChaos"},{"floor":11.0,"key":"FearPotion"},{"floor":13.0,"key":"LiquidBronze"},{"floor":21.0,"key":"Fire Potion"},{"floor":36,"key":"LiquidBronze"},{"floor":40,"key":"PowerPotion"}],"is_trial":false,"path_per_floor":["M","M","M","M","?","R","?","R","T","$","E","R","M","M","R","B",null,"M","?","M","M","$","R","E","M","T","?","?","E","R","?","R","B",null,"M","M","?","M","?","E","$","?","T","T","R","M","M","E","R","B","B",null,"R","$","E","B"],"character_chosen":"THE_SILENT","items_purchased":["Accuracy","Cloak And Dagger","OrangePellets","Meat on the Bone","Weak Potion","Finesse","FearPotion"],"campfire_rested":0,"item_purchase_floors":[10,10,22,22,22,41,54],"current_hp_per_floor":[42,42,40,32,32,32,32,32,32,32,27,27,26,26,26,18,50,38,38,40,37,37,37,29,40,55,39,44,29,34,39,44,45,65,55,59,64,59,64,66,66,57,62,62,62,66,60,53,53,39,14,53,53,53,35,0,0],"gold":165,"neow_bonus":"ONE_RARE_RELIC","is_daily":false,"chose_seed":false,"campfire_upgraded":9,"win_rate":0.0,"timestamp":1609296493,"path_taken":["M","M","M","M","?","R","?","R","T","$","E","R","?","M","R","BOSS","M","?","M","M","$","R","E","M","T","?","?","E","R","?","R","BOSS","M","M","?","M","?","E","$","?","T","?","R","?","M","E","R","BOSS","BOSS","R","$","E","BOSS"],"items_purchased_type":["Card","Card","Relic","Relic","Potion","Card","Potion"],"build_version":"2020-12-22","purchased_purges":3,"victory":false,"max_hp_per_floor":[66,66,66,66,60,60,60,60,60,60,60,60,60,60,60,60,60,60,60,60,60,60,60,60,60,70,70,70,70,70,70,70,70,70,70,70,66,66,66,66,66,66,66,66,66,66,66,66,66,66,66,66,66,66,66,66,66],"card_choices":[{"not_picked":["Slice","Backflip"],"picked":"Quick Slash","floor":1.0},{"not_picked":["Dagger Throw","Storm of Steel"],"picked":"Blade Dance","floor":2.0},{"not_picked":["Backflip","Poisoned Stab","Skewer"],"picked":"SKIP","floor":3.0},{"not_picked":["Prepared","Flying Knee","Backflip"],"picked":"SKIP","floor":4.0},{"not_picked":["Poisoned Stab","Wraith Form v2","Underhanded Strike"],"picked":"SKIP","floor":11.0},{"not_picked":["Eviscerate","Deflect"],"picked":"PiercingWail","floor":13.0},{"not_picked":["Quick Slash","Flying Knee"],"picked":"Escape Plan","floor":14.0},{"not_picked":["Envenom","Venomology"],"picked":"Phantasmal Killer","floor":16.0},{"not_picked":["Sucker Punch","Deflect"],"picked":"Backflip","floor":18.0},{"not_picked":["Leg Sweep","Setup+1"],"picked":"Terror","floor":20.0},{"not_picked":["Deadly Poison","Prepared","Poisoned Stab"],"picked":"SKIP","floor":21.0},{"not_picked":["Flying Knee","Deflect","Noxious Fumes"],"picked":"SKIP","floor":24.0},{"not_picked":["Predator","Quick Slash","Bane"],"picked":"SKIP","floor":25},{"not_picked":["Eviscerate","Backflip","Crippling Poison"],"picked":"SKIP","floor":29},{"not_picked":["Tools of the Trade","A Thousand Cuts"],"picked":"Wraith Form v2","floor":33},{"not_picked":["Bane+1","Dodge and Roll","Flying Knee"],"picked":"SKIP","floor":35},{"not_picked":["Acrobatics+1","PiercingWail+1","Deadly Poison"],"picked":"SKIP","floor":36},{"not_picked":["Predator","Poisoned Stab","Endless Agony"],"picked":"SKIP","floor":38},{"not_picked":["Finisher","Slice","Tools of the Trade"],"picked":"SKIP","floor":40},{"not_picked":["Deadly Poison+1","Noxious Fumes"],"picked":"Prepared+1","floor":42},{"not_picked":["Dagger Spray","Prepared","Leg Sweep"],"picked":"SKIP","floor":46},{"not_picked":["Bane+1","Poisoned Stab"],"picked":"Storm of Steel","floor":47},{"not_picked":["Predator","Deadly Poison","Dagger Spray"],"picked":"SKIP","floor":48},{"not_picked":["Predator","Deadly Poison","Dagger Spray"],"picked":"SKIP","floor":48},{"not_picked":["Outmaneuver","Setup+1","Skewer"],"picked":"SKIP","floor":55}],"player_experience":1061586,"relics_obtained":[{"floor":9.0,"key":"Blue Candle"},{"floor":11.0,"key":"Old Coin"},{"floor":24.0,"key":"MawBank"},{"floor":26,"key":"Pear"},{"floor":27,"key":"Necronomicon"},{"floor":29,"key":"Bottled Lightning"},{"floor":40,"key":"Paper Crane"},{"floor":42,"key":"Turnip"},{"floor":44,"key":"White Beast Statue"},{"floor":48,"key":"InkBottle"},{"floor":55,"key":"Boot"}],"event_choices":[{"damage_healed":0.0,"max_hp_gain":0.0,"max_hp_loss":6.0,"gold_gain":0.0,"event_name":"Golden Idol","player_choice":"Lose Max HP","floor":5.0,"gold_loss":0.0,"damage_taken":0.0,"relics_obtained":["Golden Idol"]},{"damage_healed":0.0,"max_hp_gain":0.0,"max_hp_loss":0.0,"gold_gain":0.0,"event_name":"Accursed Blacksmith","player_choice":"Rummage","floor":7.0,"gold_loss":0.0,"damage_taken":0.0,"relics_obtained":["WarpedTongs"],"cards_obtained":["Pain"]},{"damage_healed":0.0,"max_hp_gain":0.0,"max_hp_loss":0.0,"gold_gain":0.0,"event_name":"Forgotten Altar","player_choice":"Gave Idol","floor":19.0,"relics_lost":["Golden Idol"],"gold_loss":0.0,"damage_taken":0.0,"relics_obtained":["Bloody Idol"]},{"damage_healed":0,"gold_gain":0,"player_choice":"Obtained Book","damage_taken":21,"max_hp_gain":0,"max_hp_loss":0,"event_name":"Cursed Tome","floor":27,"gold_loss":0},{"cards_removed":["Strike_G"],"damage_healed":0,"gold_gain":0,"player_choice":"Gave Gold","damage_taken":0,"max_hp_gain":0,"max_hp_loss":0,"event_name":"Beggar","floor":28,"gold_loss":75},{"damage_healed":0,"gold_gain":0,"player_choice":"Copied","damage_taken":0,"max_hp_gain":0,"max_hp_loss":0,"event_name":"Duplicator","floor":31,"gold_loss":0,"cards_obtained":["Accuracy"]},{"damage_healed":0,"gold_gain":0,"player_choice":"Max HP","damage_taken":0,"max_hp_gain":0,"max_hp_loss":4,"event_name":"Winding Halls","floor":37,"gold_loss":0},{"cards_removed":["Defend_G"],"damage_healed":0,"gold_gain":0,"player_choice":"Removed Skill","damage_taken":0,"max_hp_gain":0,"max_hp_loss":0,"event_name":"Falling","floor":39,"gold_loss":0},{"damage_healed":0,"gold_gain":0,"player_choice":"Fight","damage_taken":0,"max_hp_gain":0,"max_hp_loss":0,"event_name":"MindBloom","floor":42,"gold_loss":0}],"is_beta":false,"boss_relics":[{"not_picked":["Pandora\u0027s Box","Coffee Dripper"],"picked":"Astrolabe"},{"not_picked":["SacredBark","Velvet Choker"],"picked":"Runic Pyramid"}],"items_purged_floors":[22,41,54],"is_endless":false,"potions_floor_spawned":[2,11,13,21,36,40,42,46,47,48,55],"killed_by":"The Heart","ascension_level":20}}