{"host":"hgkb2zpbo2dcws21","time":1609336128,"event":{"mods":["AchievementEnabler","BaseMod","Colored Map","Colored Powertips","Custom Start","DeckTracker","KOR Keyword Fix","Minty Spire (QoL Compilation)","Relic Stats","StSLib","SuperFastMode"],"gold_per_floor":[118,135,135,146,160,160,174,174,174,193,118,118,118],"floor_reached":12,"playtime":231,"items_purged":[],"score":144,"play_id":"07cc1f4a-1da8-49fa-aba1-cfabecc85e0c","local_time":"20201230224848","is_ascension_mode":true,"campfire_choices":[{"floor":6,"key":"REST"},{"data":"Barricade","floor":8,"key":"SMITH"}],"circlet_count":0,"master_deck":["AscendersBane","Strike_R","Strike_R","Strike_R","Strike_R","Defend_R","Defend_R","Defend_R","Defend_R","Bash","Flame Barrier","Clothesline","Wild Strike","Barricade+1","Impervious","Evolve"],"relics":["Burning Blood","Paper Frog"],"acts_visited":["Exordium"],"potions_floor_usage":[12],"damage_taken":[{"damage":9,"enemies":"2 Louse","floor":1,"turns":4},{"damage":6,"enemies":"Cultist","floor":2,"turns":4},{"damage":16,"enemies":"Jaw Worm","floor":4,"turns":4},{"damage":42,"enemies":"Large Slime","floor":5,"turns":7},{"damage":12,"enemies":"Blue Slaver","floor":7,"turns":4},{"damage":14,"enemies":"Looter","floor":10,"turns":3},{"damage":40,"enemies":"Gremlin Nob","floor":12,"turns":4}],"seed_played":"-2629900167940682470","potions_obtained":[{"floor":4,"key":"ElixirPotion"},{"floor":7,"key":"PowerPotion"},{"floor":10,"key":"LiquidBronze"}],"is_trial":false,"path_per_floor":["M","M","?","M","M","R","M","R","T","M","?","E"],"character_chosen":"IRONCLAD","items_purchased":[],"campfire_rested":1,"item_purchase_floors":[],"current_hp_per_floor":[72,72,72,62,26,50,44,44,44,36,36,0,0],"gold":118,"neow_bonus":"TEN_PERCENT_HP_BONUS","is_daily":false,"chose_seed":false,"campfire_upgraded":1,"win_rate":0.0,"timestamp":1609336128,"path_taken":["M","M","?","M","M","R","?","R","T","?","?","E"],"items_purchased_type":[],"build_version":"2020-12-22","purchased_purges":0,"victory":false,"max_hp_per_floor":[82,82,82,82,82,82,82,82,82,82,82,82,82],"relic_stats":{"counters":[7,30],"obtain_stats":[{"Burning Blood":0,"Paper Frog":9},{"Burning Blood":0,"Paper Frog":5},{"Burning Blood":0,"Paper Frog":23}],"Burning Blood":36},"card_choices":[{"not_picked":["Iron Wave","Infernal Blade"],"picked":"Flame Barrier","floor":1},{"not_picked":["Anger","True Grit"],"picked":"Clothesline","floor":2},{"not_picked":["Heavy Blade","Sword Boomerang","Pummel"],"picked":"SKIP","floor":4},{"not_picked":["Iron Wave","Clash","Dual Wield"],"picked":"SKIP","floor":5},{"not_picked":["Thunderclap","Iron Wave"],"picked":"Impervious","floor":7},{"not_picked":["Sword Boomerang","Pommel Strike"],"picked":"Evolve","floor":10}],"player_experience":1120529,"relics_obtained":[{"floor":9,"key":"Paper Frog"}],"event_choices":[{"damage_healed":0,"gold_gain":0,"player_choice":"2 cards matched","damage_taken":0,"max_hp_gain":0,"max_hp_loss":0,"event_name":"Match and Keep!","floor":3,"gold_loss":0,"cards_obtained":["Wild Strike","Barricade"]},{"cards_removed":["Strike_R"],"damage_healed":0,"gold_gain":0,"player_choice":"Card Removal","damage_taken":0,"max_hp_gain":0,"max_hp_loss":0,"event_name":"The Cleric","floor":11,"gold_loss":75}],"is_beta":false,"boss_relics":[],"items_purged_floors":[],"is_endless":false,"potions_floor_spawned":[4,7,10],"killed_by":"Gremlin Nob","ascension_level":20}}