{"host":"82vjcvwyw2j7afb1","time":1609347715,"event":{"mods":["BaseMod","Colored Map","DeckTracker","Keyboard Shortcuts","Minty Spire (QoL Compilation)","Permanent Neow","Quick Restart","StSLib","SuperFastMode","everything is the same but u backflip on backflip"],"gold_per_floor":[117,392,6,25,25,57,77,27,99,99,115,133,162,182,182,182,182],"floor_reached":16,"playtime":520,"items_purged":["Regret"],"score":137,"play_id":"92c34402-4fc0-4eee-a1ba-da704c42a926","local_time":"20201231020155","is_ascension_mode":false,"campfire_choices":[{"data":"Bash","floor":10.0,"key":"SMITH"},{"data":"Brutality","floor":15.0,"key":"SMITH"}],"circlet_count":0,"master_deck":["Strike_R","Strike_R","Strike_R","Strike_R","Strike_R","Defend_R","Defend_R","Defend_R","Bash+1","Shrug It Off","Entrench","Dramatic Entrance","Thunderclap","Spot Weakness","Shockwave","Ghostly Armor","Brutality+1","Armaments"],"relics":["Burning Blood","NeowsBlessing","Oddly Smooth Stone","Ancient Tea Set","Pantograph","Smiling Mask"],"acts_visited":["Exordium"],"potions_floor_usage":[16],"damage_taken":[{"damage":0.0,"enemies":"Jaw Worm","floor":1.0,"turns":1.0},{"damage":0.0,"enemies":"Cultist","floor":4.0,"turns":1.0},{"damage":0.0,"enemies":"Lagavulin","floor":6.0,"turns":1.0},{"damage":0.0,"enemies":"2 Louse","floor":7.0,"turns":1.0},{"damage":0.0,"enemies":"Exordium Thugs","floor":11.0,"turns":4.0},{"damage":11.0,"enemies":"Looter","floor":12.0,"turns":3.0},{"damage":33.0,"enemies":"Gremlin Nob","floor":13.0,"turns":5.0},{"damage":8.0,"enemies":"Red Slaver","floor":14.0,"turns":3.0},{"damage":65,"enemies":"Hexaghost","floor":16,"turns":12}],"seed_played":"-2665883172935349651","potions_obtained":[{"floor":6.0,"key":"EntropicBrew"},{"floor":11.0,"key":"SkillPotion"},{"floor":13.0,"key":"FearPotion"}],"is_trial":false,"path_per_floor":["M","?","$","M","$","E","M","?","T","R","M","M","E","M","R","B"],"character_chosen":"IRONCLAD","items_purchased":["Oddly Smooth Stone","Entrench","Dramatic Entrance"],"campfire_rested":0,"item_purchase_floors":[3,3,3],"current_hp_per_floor":[80,80,80,80,80,80,80,80,80,80,80,75,48,46,46,6,6],"gold":182,"neow_bonus":"THREE_ENEMY_KILL","is_daily":false,"chose_seed":false,"campfire_upgraded":2,"win_rate":0.0,"timestamp":1609347715,"path_taken":["M","?","$","M","?","E","M","?","T","R","?","M","E","M","R","BOSS"],"items_purchased_type":["Relic","Card","Card"],"build_version":"2020-12-22","purchased_purges":1,"victory":false,"max_hp_per_floor":[80,80,80,80,80,80,80,80,80,80,80,80,80,80,80,80,80],"card_choices":[{"not_picked":["Headbutt","Infernal Blade"],"picked":"Shrug It Off","floor":1.0},{"not_picked":["Feel No Pain","Clothesline","Thunderclap"],"picked":"SKIP","floor":4.0},{"not_picked":["Feel No Pain","Clothesline"],"picked":"Thunderclap","floor":4.0},{"not_picked":["Wild Strike","True Grit"],"picked":"Spot Weakness","floor":6.0},{"not_picked":["Heavy Blade","Fire Breathing"],"picked":"Shockwave","floor":7.0},{"not_picked":["Sever Soul","Intimidate","Whirlwind"],"picked":"SKIP","floor":11.0},{"not_picked":["Sword Boomerang","Warcry"],"picked":"Ghostly Armor","floor":12.0},{"not_picked":["Rampage","Intimidate"],"picked":"Brutality","floor":13.0},{"not_picked":["Perfected Strike","Heavy Blade"],"picked":"Armaments","floor":14.0}],"player_experience":24678,"relics_obtained":[{"floor":6.0,"key":"Ancient Tea Set"},{"floor":9.0,"key":"Pantograph"},{"floor":13.0,"key":"Smiling Mask"}],"event_choices":[{"damage_healed":0.0,"max_hp_gain":0.0,"max_hp_loss":0.0,"gold_gain":275.0,"event_name":"Golden Shrine","player_choice":"Desecrate","floor":2.0,"gold_loss":0.0,"damage_taken":0.0,"cards_obtained":["Regret"]},{"cards_removed":["Defend_R"],"damage_healed":0.0,"max_hp_gain":0.0,"max_hp_loss":0.0,"gold_gain":0.0,"event_name":"The Cleric","player_choice":"Card Removal","floor":8.0,"gold_loss":50.0,"damage_taken":0.0}],"is_beta":false,"boss_relics":[],"items_purged_floors":[3],"is_endless":false,"potions_floor_spawned":[6,11,13],"killed_by":"Hexaghost","ascension_level":0}}