{"host":"m78cb9j8mt6kw0f2","time":1609304446,"event":{"mods":["Act Like it!","BaseMod","Best Route Mod","BetterRewards","Colored Powertips","Downfall","Friendly Minions","Highlight Path","Kiyohime£®«Âºß£©","Marisa£®ÏF”Í°°ƒß¿Ì…≥£©","Minty Spire (QoL Compilation)","Quick Restart","Random Character Button","Reimu£®≤©¿ˆ¡È√Œ£©","Remilia£®¿Ÿ√◊¿Ú—«£©","Replay The Spire","Shop Mod","StSLib","SuperFastMode","Synergy Search","Td1madao Mod","The Cursed","Youmu£®ªÍ∆«—˝√Œ£©","slay the spire mod where everything is the same but ironclad has a cowboy hat"],"gold_per_floor":[115,127,127,127,2,27,62,12,12,27,38,58,58,58,58,154,154,137,156,255,74,74,101,101,114,139,139,153,181,200,200,200,214,214],"floor_reached":33,"playtime":1327,"items_purged":["Poor:ReiMu","Defend_C"],"score":310,"play_id":"08f3a5e7-5547-4d5f-859f-2b7156125b15","local_time":"20201230130046","is_ascension_mode":false,"campfire_choices":[{"data":"Here Defend Chip","floor":13,"key":"SMITH"},{"data":"Here Defend Chip+1","floor":15,"key":"SMITH"},{"data":"Memory Alloy","floor":24,"key":"SMITH"},{"data":"Here Defend Chip+2","floor":32,"key":"SMITH"}],"circlet_count":0,"master_deck":["Strike_C","Strike_C","Strike_C","Strike_C","Defend_C+1","Knight Kick","Chip","Sub Weapons+1","Machining","Here Defend Chip+3","Cooling Song","Retrieval Recycling","Fixing","Reflection Mechanism","Memory Alloy+1","CurseOfTheBell","Black Dance+1","Defend System","Necronomicurse","Sub Weapons","Backup"],"relics":["Apod","NeowsBlessing","YidongShenshe:ReiMu","War Paint","Pondfish Scales","Calling Bell","Regal Pillow","Mirror","Replay:Towering Pillar of Hats","Necronomicon","PureWhite:ReiMu","Happy Flower","Replay:Accelerometer","Replay:Bandana"],"acts_visited":["Exordium","TheCity"],"potions_floor_usage":[23],"damage_taken":[{"damage":0,"enemies":"2 Louse","floor":1,"turns":1},{"damage":0,"enemies":"Jaw Worm","floor":2,"turns":1},{"damage":0,"enemies":"Lagavulin","floor":7,"turns":1},{"damage":0,"enemies":"Small Slimes","floor":10,"turns":3},{"damage":6,"enemies":"Looter","floor":11,"turns":3},{"damage":0,"enemies":"Blue Slaver","floor":12,"turns":4},{"damage":25,"enemies":"The Guardian","floor":16,"turns":17},{"damage":0,"enemies":"2 Thieves","floor":18,"turns":4},{"damage":0,"enemies":"3 Byrds","floor":19,"turns":4},{"damage":24,"enemies":"Gremlin Leader","floor":23,"turns":5},{"damage":1,"enemies":"3 Cultists","floor":25,"turns":2},{"damage":13,"enemies":"Snake Plant","floor":28,"turns":3},{"damage":15,"enemies":"Replay:Snechameleon","floor":29,"turns":5},{"damage":1,"enemies":"Shelled Parasite and Fungi","floor":30,"turns":6},{"damage":23,"enemies":"Collector","floor":33,"turns":3}],"seed_played":"5673248629945567660","potions_obtained":[{"floor":1,"key":"Slimebound:ThreeZeroPotion"},{"floor":2,"key":"hexamod:EctoCoolerPotion"},{"floor":7,"key":"FearPotion"},{"floor":11,"key":"LifebloodPotion"},{"floor":25,"key":"Languid Potion"}],"is_trial":false,"path_per_floor":["M","M","?","?","$","T","E","?","T","M","M","M","R","$","R","B",null,"M","M","?","$","?","E","R","M","T","?","M","E","M","T","R","B"],"character_chosen":"TD1MADAO_CLASS","items_purchased":["Here Defend Chip","Defend System"],"campfire_rested":0,"item_purchase_floors":[5,21],"current_hp_per_floor":[70,70,70,70,70,70,70,70,70,70,64,64,64,64,64,39,70,70,70,70,70,54,30,30,29,29,52,39,24,23,23,23,0,0],"gold":214,"neow_bonus":"THREE_ENEMY_KILL","is_daily":false,"chose_seed":false,"campfire_upgraded":4,"win_rate":0.0,"timestamp":1609304446,"path_taken":["M","M","?","?","$","?","E","?","T","M","M","M","R","?","R","BOSS","M","M","?","$","?","E","R","M","T","?","M","E","M","?","R","BOSS"],"items_purchased_type":["Card","Card"],"build_version":"2020-12-22","purchased_purges":2,"victory":false,"max_hp_per_floor":[70,70,70,70,70,70,70,70,70,70,70,70,70,70,70,70,70,70,70,70,70,70,70,70,70,70,70,70,70,70,70,70,70,70],"card_choices":[{"not_picked":["Black Execution","Fire Up"],"picked":"Sub Weapons","floor":1},{"not_picked":["E MP","Fire Blade"],"picked":"Machining","floor":2},{"not_picked":["Ruin Defend","Sudden Beat"],"picked":"Cooling Song","floor":7},{"not_picked":["Cursed Blade","Fixing"],"picked":"Retrieval Recycling","floor":10},{"not_picked":["Oblique Hack","Black Shadow"],"picked":"Fixing","floor":11},{"not_picked":["Black Execution","Provocative"],"picked":"Reflection Mechanism","floor":12},{"not_picked":["Overclocking","Chip Synthesis"],"picked":"Memory Alloy","floor":16},{"not_picked":["Load Balancing","Light Attack"],"picked":"Black Dance+1","floor":18},{"not_picked":["Preloading","White Contract","Thunder Jump"],"picked":"SKIP","floor":19},{"not_picked":["De Ware Chip","Judgment"],"picked":"Sub Weapons","floor":23},{"not_picked":["Floating Swing Kick","Twin Teeth+1"],"picked":"Backup","floor":25},{"not_picked":["Black Spear+1","Fire Up","Gravity Defend"],"picked":"SKIP","floor":28},{"not_picked":["Fire Up","Paralysis+1","Black Execution"],"picked":"SKIP","floor":29},{"not_picked":["Trader","Black Shadow","Coercion"],"picked":"SKIP","floor":30}],"player_experience":252247,"relics_obtained":[{"floor":6,"key":"War Paint"},{"floor":7,"key":"Pondfish Scales"},{"floor":17,"key":"Regal Pillow"},{"floor":17,"key":"Mirror"},{"floor":17,"key":"Replay:Towering Pillar of Hats"},{"floor":22,"key":"Necronomicon"},{"floor":23,"key":"PureWhite:ReiMu"},{"floor":26,"key":"Happy Flower"},{"floor":29,"key":"Replay:Accelerometer"},{"floor":31,"key":"Replay:Bandana"}],"event_choices":[{"damage_healed":0,"gold_gain":0,"player_choice":"¥¯◊ﬂ…Ò…Á","damage_taken":0,"relics_obtained":["YidongShenshe:ReiMu"],"max_hp_gain":0,"max_hp_loss":0,"event_name":"yidonshenshe","floor":3,"gold_loss":0,"cards_obtained":["Poor:ReiMu"]},{"cards_removed":["Defend_C"],"damage_healed":0,"gold_gain":0,"player_choice":"Card Removal","damage_taken":0,"max_hp_gain":0,"max_hp_loss":0,"event_name":"The Cleric","floor":8,"gold_loss":50},{"damage_healed":0,"gold_gain":99,"player_choice":"Stole From Cult","damage_taken":0,"max_hp_gain":0,"max_hp_loss":0,"event_name":"Nest","floor":20,"gold_loss":0},{"damage_healed":0,"gold_gain":0,"player_choice":"Obtained Book","damage_taken":16,"max_hp_gain":0,"max_hp_loss":0,"event_name":"Cursed Tome","floor":22,"gold_loss":0},{"damage_healed":23,"gold_gain":0,"player_choice":"Heal","damage_taken":0,"max_hp_gain":0,"max_hp_loss":0,"event_name":"The Library","floor":27,"gold_loss":0}],"is_beta":false,"boss_relics":[{"not_picked":["ChewingGum","Replay:Ancient Bell"],"picked":"Calling Bell"}],"items_purged_floors":[5,21],"is_endless":false,"potions_floor_spawned":[1,2,7,11,19,25,30],"killed_by":"Collector","ascension_level":0}}