{"host":"2yqfi47fogfu1ic4","time":1609368597,"event":{"mods":["AchievementEnabler","BaseMod","Colored Map","Colored Powertips","Highlight Path","Minty Spire (QoL Compilation)","Permanent Neow","Relic Stats","StSLib"],"gold_per_floor":[111,127,140,140,140,173,173,203,229,229,263,278,278,278,278,372,372,392,392,392,317,317,352,352,391,391,391,430,455,455,469,469,568,568,587,920,920,880,890,890,780,810,810,823,560,585,597,597,597,597,597,597,597,47,77,77],"floor_reached":57,"playtime":9419,"items_purged":["A Thousand Cuts","Blade Dance","Distraction+1"],"score":2914,"play_id":"e6818be4-3977-4932-85d9-b122f26540be","local_time":"20201230234957","is_ascension_mode":true,"campfire_choices":[{"data":"Glass Knife","floor":7.0,"key":"SMITH"},{"data":"Terror","floor":10.0,"key":"SMITH"},{"data":"Bullet Time","floor":15.0,"key":"SMITH"},{"data":"Ghostly","floor":24.0,"key":"SMITH"},{"data":"RitualDagger","floor":27.0,"key":"SMITH"},{"data":"Burst","floor":32.0,"key":"SMITH"},{"data":"Wraith Form v2","floor":40.0,"key":"SMITH"},{"floor":49,"key":"RECALL"},{"data":"Ghostly","floor":53,"key":"SMITH"}],"circlet_count":0,"master_deck":["AscendersBane","Survivor","Neutralize","Bullet Time+1","Quick Slash","Dash","Glass Knife+1","Wraith Form v2+1","Dash","Terror+1","PiercingWail+1","Corpse Explosion","Backflip","Leg Sweep","After Image","Backflip","RitualDagger+1","Deflect","Ghostly+1","Ghostly+1","Ghostly+1","Leg Sweep","Burst+1","Wraith Form v2+1","Acrobatics","Thinking Ahead","Master of Strategy","Thinking Ahead","Backflip","Caltrops"],"relics":["Pandora\u0027s Box","Blood Vial","PreservedInsect","Ancient Tea Set","Runic Pyramid","Question Card","Eternal Feather","Bird Faced Urn","War Paint","Nilry\u0027s Codex","SlaversCollar","Bronze Scales","White Beast Statue","Happy Flower","Toy Ornithopter","Medical Kit","Letter Opener"],"acts_visited":["Exordium","TheCity","TheBeyond","TheEnding"],"potions_floor_usage":[56],"damage_taken":[{"damage":2.0,"enemies":"2 Louse","floor":1.0,"turns":2.0},{"damage":2.0,"enemies":"Jaw Worm","floor":2.0,"turns":3.0},{"damage":0.0,"enemies":"Small Slimes","floor":3.0,"turns":2.0},{"damage":0.0,"enemies":"Gremlin Nob","floor":6.0,"turns":3.0},{"damage":1.0,"enemies":"Lagavulin","floor":8.0,"turns":6.0},{"damage":2.0,"enemies":"Gremlin Nob","floor":11.0,"turns":4.0},{"damage":0.0,"enemies":"Exordium Wildlife","floor":12.0,"turns":4.0},{"damage":5.0,"enemies":"The Guardian","floor":16.0,"turns":10.0},{"damage":3.0,"enemies":"2 Thieves","floor":18.0,"turns":4.0},{"damage":0.0,"enemies":"Book of Stabbing","floor":23.0,"turns":5.0},{"damage":0.0,"enemies":"Gremlin Leader","floor":25.0,"turns":5.0},{"damage":1.0,"enemies":"Slavers","floor":28.0,"turns":6.0},{"damage":7.0,"enemies":"3 Byrds","floor":29.0,"turns":6.0},{"damage":0.0,"enemies":"Snecko","floor":31.0,"turns":5.0},{"damage":14.0,"enemies":"Champ","floor":33.0,"turns":14.0},{"damage":0.0,"enemies":"3 Darklings","floor":35.0,"turns":3.0},{"damage":2.0,"enemies":"3 Shapes","floor":39.0,"turns":6.0},{"damage":1.0,"enemies":"Reptomancer","floor":42.0,"turns":4.0},{"damage":0.0,"enemies":"Writhing Mass","floor":44.0,"turns":5.0},{"damage":1,"enemies":"Giant Head","floor":46,"turns":11},{"damage":0,"enemies":"Spire Growth","floor":47,"turns":6},{"damage":3,"enemies":"Time Eater","floor":50,"turns":18},{"damage":5,"enemies":"Awakened One","floor":51,"turns":14},{"damage":1,"enemies":"Shield and Spear","floor":55,"turns":7},{"damage":8,"enemies":"The Heart","floor":56,"turns":11}],"seed_played":"-833137752258660257","potions_obtained":[{"floor":1.0,"key":"PowerPotion"},{"floor":2.0,"key":"SteroidPotion"},{"floor":25.0,"key":"Strength Potion"},{"floor":31.0,"key":"CultistPotion"},{"floor":35.0,"key":"GamblersBrew"}],"is_trial":false,"path_per_floor":["M","M","M","?","?","E","R","E","T","R","E","M","?","?","R","B",null,"M","?","?","$","?","E","R","E","T","R","E","M","?","M","R","B",null,"M","?","?","?","M","R","?","E","T","M","$","E","M","?","R","B","B",null,"R","$","E","B",null],"character_chosen":"THE_SILENT","items_purchased":["Happy Flower","Medical Kit","Thinking Ahead","Backflip"],"campfire_rested":0,"item_purchase_floors":[45,54,54,54],"current_hp_per_floor":[57,55,55,55,55,55,55,56,56,56,56,58,35,40,40,37,63,62,56,56,56,35,35,35,35,35,35,34,30,9,15,30,22,32,35,35,33,33,33,33,33,32,32,33,33,33,33,23,33,33,33,33,33,33,33,33],"gold":77,"neow_bonus":"BOSS_RELIC","is_daily":false,"chose_seed":false,"campfire_upgraded":8,"win_rate":0.0,"timestamp":1609368597,"path_taken":["M","M","M","?","?","E","R","E","T","R","E","M","?","?","R","BOSS","M","?","?","$","?","E","R","E","T","R","E","M","?","M","R","BOSS","M","?","?","?","?","R","?","E","T","M","$","E","?","?","R","BOSS","BOSS","R","$","E","BOSS"],"items_purchased_type":["Relic","Relic","Card","Card"],"build_version":"2020-12-22","purchased_purges":3,"victory":true,"max_hp_per_floor":[66,66,66,66,66,66,66,66,66,66,66,66,66,71,71,71,71,71,71,71,71,35,35,35,35,35,35,35,35,35,35,35,35,35,35,35,33,33,33,33,33,33,33,33,33,33,33,33,33,33,33,33,33,33,33,33],"relic_stats":{"Happy Flower":[22],"counters":[25,164],"Eternal Feather":25,"PreservedInsect":428,"Letter Opener":[45],"War Paint":["Ghostly","PiercingWail"],"Question Card":15,"Medical Kit":[8],"Blood Vial":18,"Bird Faced Urn":[31],"Bronze Scales":[411],"Pandora\u0027s Box":["Bullet Time","Quick Slash","Dash","Skewer","Glass Knife","Wraith Form v2","A Thousand Cuts","Distraction","Blade Dance","Dash"],"obtain_stats":[{"Happy Flower":45,"Golden Idol":13,"Nilry\u0027s Codex":30,"Eternal Feather":25,"PreservedInsect":8,"Letter Opener":55,"War Paint":28,"Ancient Tea Set":11,"Question Card":23,"Medical Kit":54,"White Beast Statue":43,"Blood Vial":6,"SlaversCollar":34,"Bird Faced Urn":26,"Bronze Scales":42,"Pandora\u0027s Box":0,"Toy Ornithopter":46,"Ring of the Snake":0,"Runic Pyramid":17},{"Happy Flower":19,"Golden Idol":7,"Nilry\u0027s Codex":13,"Eternal Feather":11,"PreservedInsect":5,"Letter Opener":24,"War Paint":12,"Ancient Tea Set":6,"Question Card":10,"Medical Kit":23,"White Beast Statue":18,"Blood Vial":4,"SlaversCollar":15,"Bird Faced Urn":11,"Bronze Scales":18,"Pandora\u0027s Box":0,"Toy Ornithopter":20,"Ring of the Snake":0,"Runic Pyramid":8},{"Happy Flower":97,"Golden Idol":24,"Nilry\u0027s Codex":60,"Eternal Feather":48,"PreservedInsect":16,"Letter Opener":153,"War Paint":54,"Ancient Tea Set":20,"Question Card":43,"Medical Kit":146,"White Beast Statue":92,"Blood Vial":10,"SlaversCollar":79,"Bird Faced Urn":48,"Bronze Scales":92,"Pandora\u0027s Box":0,"Toy Ornithopter":108,"Ring of the Snake":0,"Runic Pyramid":34}],"Toy Ornithopter":0},"card_choices":[{"not_picked":["Accuracy","PiercingWail"],"picked":"Terror","floor":1.0},{"not_picked":["Sucker Punch","Deflect","Dagger Spray"],"picked":"SKIP","floor":2.0},{"not_picked":["Sucker Punch","Deflect","Dagger Spray"],"picked":"SKIP","floor":2.0},{"not_picked":["Slice","Sucker Punch","Bane"],"picked":"SKIP","floor":3.0},{"not_picked":["Prepared","Dagger Throw"],"picked":"PiercingWail","floor":6.0},{"not_picked":["Deflect","Calculated Gamble"],"picked":"Corpse Explosion","floor":8.0},{"not_picked":["Choke","Escape Plan"],"picked":"Backflip","floor":11.0},{"not_picked":["Blade Dance","Sucker Punch"],"picked":"Leg Sweep","floor":12.0},{"not_picked":["Corpse Explosion","Doppelganger"],"picked":"After Image","floor":16.0},{"not_picked":["Backflip","Skewer","Bane"],"picked":"SKIP","floor":18.0},{"not_picked":["Skewer","Bane"],"picked":"Backflip","floor":18.0},{"not_picked":["Heel Hook","Dodge and Roll"],"picked":"Leg Sweep","floor":23.0},{"not_picked":["Dodge and Roll+1","Underhanded Strike","Deflect"],"picked":"Burst","floor":25.0},{"not_picked":["Dagger Throw","Concentrate","Setup+1","Expertise"],"picked":"SKIP","floor":28.0},{"not_picked":["Dagger Throw","Concentrate","Setup+1","Expertise"],"picked":"SKIP","floor":28.0},{"not_picked":["Infinite Blades","Dagger Spray","Riddle With Holes","Deadly Poison"],"picked":"SKIP","floor":29.0},{"not_picked":["Expertise","Quick Slash","Backflip","Outmaneuver"],"picked":"SKIP","floor":31.0},{"not_picked":["Grand Finale","A Thousand Cuts","Die Die Die"],"picked":"Wraith Form v2","floor":33.0},{"not_picked":["Prepared","Escape Plan","Backflip","Finisher+1"],"picked":"SKIP","floor":35.0},{"not_picked":["Slice","Deflect","PiercingWail","Blur"],"picked":"SKIP","floor":39.0},{"not_picked":["PiercingWail","Corpse Explosion","Infinite Blades"],"picked":"Acrobatics","floor":42.0},{"not_picked":["Bane","Sucker Punch","Tactician","Cloak And Dagger"],"picked":"SKIP","floor":44.0},{"not_picked":["Skewer+1","Deflect","Choke","Flying Knee+1"],"picked":"SKIP","floor":46},{"not_picked":["Deflect","Blade Dance","Quick Slash","Backstab"],"picked":"SKIP","floor":47},{"not_picked":["Panacea","Blind","Jack Of All Trades"],"picked":"Thinking Ahead","floor":48},{"not_picked":["Transmutation","Chrysalis","PanicButton"],"picked":"Master of Strategy","floor":48},{"not_picked":["PiercingWail","Dagger Spray","Quick Slash"],"picked":"Caltrops","floor":55}],"player_experience":1965935,"relics_obtained":[{"floor":6.0,"key":"Blood Vial"},{"floor":8.0,"key":"PreservedInsect"},{"floor":11.0,"key":"Ancient Tea Set"},{"floor":23.0,"key":"Question Card"},{"floor":25.0,"key":"Eternal Feather"},{"floor":26.0,"key":"Bird Faced Urn"},{"floor":28.0,"key":"War Paint"},{"floor":30.0,"key":"Nilry\u0027s Codex"},{"floor":42.0,"key":"Bronze Scales"},{"floor":43.0,"key":"White Beast Statue"},{"floor":46,"key":"Toy Ornithopter"},{"floor":55,"key":"Letter Opener"}],"event_choices":[{"damage_healed":0.0,"max_hp_gain":0.0,"max_hp_loss":0.0,"gold_gain":0.0,"event_name":"Liars Game","player_choice":"Ignored","floor":4.0,"gold_loss":0.0,"damage_taken":0.0},{"damage_healed":0.0,"max_hp_gain":0.0,"max_hp_loss":0.0,"gold_gain":0.0,"event_name":"Living Wall","player_choice":"Grow","floor":5.0,"gold_loss":0.0,"damage_taken":0.0,"cards_upgraded":["Wraith Form v2"]},{"damage_healed":0.0,"max_hp_gain":0.0,"max_hp_loss":0.0,"gold_gain":0.0,"event_name":"Golden Idol","player_choice":"Take Damage","floor":13.0,"gold_loss":0.0,"damage_taken":23.0,"relics_obtained":["Golden Idol"]},{"damage_healed":0.0,"max_hp_gain":5.0,"max_hp_loss":0.0,"gold_gain":0.0,"event_name":"Big Fish","player_choice":"Donut","floor":14.0,"gold_loss":0.0,"damage_taken":0.0},{"damage_healed":0.0,"max_hp_gain":0.0,"max_hp_loss":0.0,"gold_gain":0.0,"event_name":"Nest","player_choice":"Joined the Cult","floor":19.0,"gold_loss":0.0,"damage_taken":6.0,"cards_obtained":["RitualDagger"]},{"damage_healed":0.0,"max_hp_gain":0.0,"max_hp_loss":0.0,"gold_gain":0.0,"event_name":"The Library","player_choice":"Read","floor":20.0,"gold_loss":0.0,"damage_taken":0.0,"cards_obtained":["Deflect"]},{"damage_healed":0.0,"max_hp_gain":0.0,"max_hp_loss":36.0,"gold_gain":0.0,"event_name":"Ghosts","player_choice":"Became a Ghost","floor":22.0,"gold_loss":0.0,"damage_taken":0.0,"cards_obtained":["Ghostly","Ghostly","Ghostly"]},{"damage_healed":0.0,"max_hp_gain":0.0,"max_hp_loss":0.0,"gold_gain":0.0,"event_name":"Cursed Tome","player_choice":"Obtained Book","floor":30.0,"gold_loss":0.0,"damage_taken":21.0},{"damage_healed":0.0,"max_hp_gain":0.0,"max_hp_loss":0.0,"gold_gain":333.0,"event_name":"The Moai Head","player_choice":"Gave Idol","floor":36.0,"relics_lost":["Golden Idol"],"gold_loss":0.0,"damage_taken":0.0},{"damage_healed":0.0,"max_hp_gain":0.0,"max_hp_loss":2.0,"gold_gain":0.0,"event_name":"Winding Halls","player_choice":"Max HP","floor":37.0,"gold_loss":0.0,"damage_taken":0.0},{"damage_healed":0.0,"max_hp_gain":0.0,"max_hp_loss":0.0,"gold_gain":0.0,"event_name":"The Woman in Blue","player_choice":"Bought 3 Potions","floor":38.0,"gold_loss":0.0,"damage_taken":0.0},{"cards_removed":["Skewer"],"damage_healed":0.0,"max_hp_gain":0.0,"max_hp_loss":0.0,"gold_gain":0.0,"event_name":"Designer","player_choice":"Upgrade and Remove","floor":41.0,"gold_loss":110.0,"damage_taken":0.0,"cards_upgraded":["Distraction"]},{"damage_healed":0,"gold_gain":0,"player_choice":"Memory 3","damage_taken":10,"max_hp_gain":0,"max_hp_loss":0,"event_name":"SensoryStone","floor":48,"gold_loss":0}],"is_beta":false,"boss_relics":[{"not_picked":["Black Star","Cursed Key"],"picked":"Runic Pyramid"},{"not_picked":["Tiny House","Calling Bell"],"picked":"SlaversCollar"}],"items_purged_floors":[21,45,54],"is_endless":false,"potions_floor_spawned":[1,2,12,25,31,33,35,44,46,47,55],"ascension_level":20}}