{"host":"l60rmjjsfi0fipmi","time":1609348320,"event":{"mods":["BaseMod","Colored Map","DeckTracker","Highlight Path","Minty Spire (QoL Compilation)"],"gold_per_floor":[118,118,193,209,228,228,253,253,253,269,269,288,320,345,345,443,443,455,455,473,473,195,527,442,442,467,467,484,495,506,605,605,605,605],"floor_reached":33,"playtime":3228,"items_purged":["Strike_G"],"score":314,"play_id":"e248da3b-50e7-429b-a554-0fec9da6308c","local_time":"20201230121200","is_ascension_mode":true,"campfire_choices":[{"data":"Sucker Punch","floor":6,"key":"SMITH"},{"floor":8,"key":"REST"},{"data":"Terror","floor":11,"key":"SMITH"},{"data":"Blade Dance","floor":15,"key":"SMITH"},{"data":"Tools of the Trade","floor":25,"key":"SMITH"},{"data":"Ghostly","floor":27,"key":"SMITH"},{"floor":32,"key":"REST"}],"circlet_count":0,"master_deck":["Strike_G","Strike_G","Defend_G","Defend_G","Defend_G","Defend_G","Defend_G","Survivor","Neutralize","Dash","Blade Dance+1","Poisoned Stab","Sucker Punch+1","Terror+1","Blade Dance","Underhanded Strike","Deadly Poison","Catalyst","Tools of the Trade+1","Blade Dance","Flying Knee+1","Infinite Blades+1","Ghostly+1","Ghostly","Ghostly","Ghostly","Ghostly","Slice","Die Die Die","Caltrops"],"relics":["Ring of the Snake","Prayer Wheel","Lizard Tail","Paper Crane","Strawberry","HoveringKite","MealTicket","PreservedInsect","Old Coin","Ancient Tea Set"],"acts_visited":["Exordium","TheCity"],"potions_floor_usage":[16,29,30,33,33],"damage_taken":[{"damage":0,"enemies":"2 Louse","floor":1,"turns":3},{"damage":0,"enemies":"Small Slimes","floor":4,"turns":3},{"damage":0,"enemies":"Jaw Worm","floor":5,"turns":3},{"damage":19,"enemies":"Gremlin Nob","floor":7,"turns":5},{"damage":2,"enemies":"Looter","floor":10,"turns":3},{"damage":3,"enemies":"Exordium Wildlife","floor":12,"turns":5},{"damage":8,"enemies":"Lagavulin","floor":13,"turns":5},{"damage":17,"enemies":"Hexaghost","floor":16,"turns":7},{"damage":19,"enemies":"3 Byrds","floor":18,"turns":6},{"damage":0,"enemies":"Chosen","floor":20,"turns":4},{"damage":6,"enemies":"Gremlin Leader","floor":23,"turns":6},{"damage":11,"enemies":"Snecko","floor":28,"turns":4},{"damage":9,"enemies":"Snake Plant","floor":29,"turns":4},{"damage":6,"enemies":"Centurion and Healer","floor":30,"turns":6},{"damage":12,"enemies":"Automaton","floor":33,"turns":4}],"seed_played":"8097179284069114016","potions_obtained":[{"floor":5,"key":"Weak Potion"},{"floor":12,"key":"SmokeBomb"},{"floor":13,"key":"SkillPotion"},{"floor":20,"key":"Fire Potion"},{"floor":23,"key":"Fire Potion"},{"floor":29,"key":"SpeedPotion"}],"is_trial":false,"path_per_floor":["M","?","?","M","M","R","E","R","T","M","R","M","E","T","R","B",null,"M","?","M","?","$","E","?","R","T","R","M","M","M","?","R","B"],"character_chosen":"THE_SILENT","items_purchased":["PreservedInsect","Slice"],"campfire_rested":2,"item_purchase_floors":[22,22],"current_hp_per_floor":[70,63,52,52,52,52,33,54,54,52,52,49,41,48,48,31,77,58,58,58,38,38,32,32,32,32,32,21,12,6,6,17,5,5],"gold":605,"neow_bonus":"TRANSFORM_CARD","is_daily":false,"chose_seed":false,"campfire_upgraded":5,"win_rate":0.0,"timestamp":1609348320,"path_taken":["M","?","?","M","M","R","E","R","T","M","R","M","E","?","R","BOSS","M","?","M","?","$","E","?","R","T","R","M","M","M","?","R","BOSS"],"items_purchased_type":["Relic","Card"],"build_version":"2020-12-22","purchased_purges":1,"victory":false,"max_hp_per_floor":[70,70,70,70,70,70,70,70,70,70,70,70,70,77,77,77,77,77,77,77,38,38,38,38,38,38,38,38,38,38,38,38,38,38],"card_choices":[{"not_picked":["Poisoned Stab","Distraction"],"picked":"Blade Dance","floor":1},{"not_picked":["Backflip","Finisher"],"picked":"Poisoned Stab","floor":4},{"not_picked":["Tactician","Escape Plan"],"picked":"Sucker Punch","floor":5},{"not_picked":["Wraith Form v2","Escape Plan"],"picked":"Terror","floor":7},{"not_picked":["Bane","Quick Slash"],"picked":"Blade Dance","floor":10},{"not_picked":["Outmaneuver","Flechettes"],"picked":"Underhanded Strike","floor":10},{"not_picked":["Acrobatics","Riddle With Holes"],"picked":"Deadly Poison","floor":12},{"not_picked":["Adrenaline","Expertise"],"picked":"Catalyst","floor":12},{"not_picked":["Calculated Gamble","Deflect","Prepared"],"picked":"SKIP","floor":13},{"not_picked":["Corpse Explosion","Unload"],"picked":"Tools of the Trade","floor":16},{"not_picked":["PiercingWail+1","Expertise"],"picked":"Blade Dance","floor":18},{"not_picked":["Masterful Stab","Dodge and Roll","Prepared+1"],"picked":"SKIP","floor":18},{"not_picked":["Acrobatics+1","Leg Sweep"],"picked":"Flying Knee+1","floor":20},{"not_picked":["Dagger Spray","Backflip"],"picked":"Infinite Blades+1","floor":20},{"not_picked":["Flying Knee","Dagger Throw+1"],"picked":"Die Die Die","floor":23},{"not_picked":["Terror+1","Sucker Punch"],"picked":"Caltrops","floor":28},{"not_picked":["Underhanded Strike+1","Predator","Eviscerate+1"],"picked":"SKIP","floor":28},{"not_picked":["Expertise","Distraction","Bane+1"],"picked":"SKIP","floor":29},{"not_picked":["Sucker Punch","Acrobatics+1","PiercingWail+1"],"picked":"SKIP","floor":29},{"not_picked":["PiercingWail","Acrobatics","Dagger Spray"],"picked":"SKIP","floor":30},{"not_picked":["Backstab","Sucker Punch","Bane"],"picked":"SKIP","floor":30}],"player_experience":113129,"relics_obtained":[{"floor":7,"key":"Prayer Wheel"},{"floor":9,"key":"Lizard Tail"},{"floor":13,"key":"Paper Crane"},{"floor":14,"key":"Strawberry"},{"floor":23,"key":"Old Coin"}],"event_choices":[{"cards_removed":["Strike_G"],"damage_healed":0,"gold_gain":0,"player_choice":"Card Removal","damage_taken":7,"max_hp_gain":0,"max_hp_loss":0,"event_name":"Golden Wing","floor":2,"gold_loss":0},{"damage_healed":0,"gold_gain":75,"player_choice":"Gather Gold","damage_taken":11,"max_hp_gain":0,"max_hp_loss":0,"event_name":"World of Goop","floor":3,"gold_loss":0},{"damage_healed":0,"gold_gain":0,"player_choice":"Opened","damage_taken":0,"relics_obtained":["MealTicket"],"max_hp_gain":0,"max_hp_loss":0,"event_name":"The Mausoleum","floor":19,"gold_loss":0},{"damage_healed":0,"gold_gain":0,"player_choice":"Became a Ghost","damage_taken":0,"max_hp_gain":0,"max_hp_loss":39,"event_name":"Ghosts","floor":21,"gold_loss":0,"cards_obtained":["Ghostly","Ghostly","Ghostly","Ghostly","Ghostly"]},{"damage_healed":0,"gold_gain":0,"player_choice":"Obtained Relic","damage_taken":0,"relics_obtained":["Ancient Tea Set"],"max_hp_gain":0,"max_hp_loss":0,"event_name":"Addict","floor":24,"gold_loss":85},{"damage_healed":0,"gold_gain":99,"player_choice":"Stole From Cult","damage_taken":0,"max_hp_gain":0,"max_hp_loss":0,"event_name":"Nest","floor":31,"gold_loss":0}],"is_beta":false,"boss_relics":[{"not_picked":["Cursed Key","Ectoplasm"],"picked":"HoveringKite"}],"items_purged_floors":[22],"is_endless":false,"potions_floor_spawned":[5,12,13,20,23,29],"killed_by":"Automaton","ascension_level":1}}