{"host":"nlt3cun66idbuazp","time":1609329726,"event":{"mods":["2.2 Compatiblity","Act Like it!","Aspiration","BaseMod","Better Altar","Better Match","Better Skull","Better Third Choice","BetterRewards","Downfall","Grow up Mod","Hermit","Hubris","Jorbs\u0027s Wanderer Trilogy","Koishi","Minty Spire (QoL Compilation)","Prisma Mod","Rare Cards Sparkle","Remove Card Discount Mod","Shade Mod","Spicy Shops","StSLib","The Animator","The Construct","The Disciple","The Gatherer","The Marked","vexMod"],"gold_per_floor":[99,9114,9169,7969,7989,7989,7989,7989,8005,8020,8020,8046,8046,8058,8068,8167,8167,8167,8167,8182,7412,7412,7412,7412,7429,7429,7464,7464,7464,7482,7190,7209,7312,7312,7312,7324,7334,7334,7349,5921,5921,5941,5958,5993,5227,5227,5247,5247,5258,5258],"floor_reached":51,"playtime":2517,"items_purged":["Regret"],"score":1029,"play_id":"162d959b-2cab-45be-b91c-8d974f41113d","local_time":"20201230070206","is_ascension_mode":false,"campfire_choices":[{"floor":1,"key":"RECALL"},{"data":"hexamod:TimeOfNeed","floor":6,"key":"SMITH"},{"data":"hexamod:SkipABeat","floor":13,"key":"SMITH"},{"data":"hexamod:WildfireWeapon","floor":18,"key":"SMITH"},{"data":"hexamod:WildfireWeapon","floor":23,"key":"SMITH"},{"data":"hexamod:ExtraCrispy","floor":26,"key":"SMITH"},{"data":"hexamod:ParanormalForm","floor":35,"key":"SMITH"},{"data":"Magnetism","floor":46,"key":"SMITH"}],"circlet_count":0,"master_deck":["hexamod:Strike","hexamod:Strike","hexamod:Strike","hexamod:Strike","hexamod:Sear","hexamod:Float","hexamod:SkipABeat+1","hexamod:Hexaguard","hexamod:FourthSeal","hexamod:TimeOfNeed+1","hexamod:ThirdSeal","hexamod:SwordOfDarkness","hexamod:FastForward+1","hexamod:ChargedBarrage","hexamod:AdvancingGuard","hexamod:GhostOfSpireFuture","hexamod:RadiantFlame","hexamod:ThermalTransfer","hexamod:PhantomFireball","hexamod:DynamicBlow","hexamod:ShieldOfDarkness","hexamod:ExtraCrispy+1","hexamod:WildfireWeapon+1","CurseOfTheBell","hexamod:NightmareStrike+1","hexamod:WildfireWeapon+1","hexamod:GhostflameBarrier+1","hexamod:GhostOfSpirePresent+1","hexamod:Firestarter","Ghostly","Ghostly","Ghostly","hexamod:StepThrough+1","hexamod:Incineration","hexamod:BurningTouch","hexamod:Firestarter","hexamod:StepThrough+1","hexamod:InspiringFlames","hexamod:ParanormalForm+1","hexamod:EmpoweredFlame","hexamod:HeatMetal","hexamod:CrushingStance","hexamod:FifthSeal","hexamod:BurningTouch+1","Magnetism+1","hexamod:ShieldOfDarkness+1","hexamod:FirstSeal","hexamod:SecondSeal"],"relics":["hexamod:SpiritBrand","Ancient Tea Set","Gremlin Horn","hubris:SlimyHat","ClockworkSouvenir","hubris:ToyBattleship","Oddly Smooth Stone","Chemical X","hubris:SphereOfDissonance","Calling Bell","Art of War","Pear","FossilizedHelix","hubris:Towel","Bag of Preparation","Nunchaku","Sling","Medical Kit","Juzu Bracelet","Dream Catcher","Red Mask","vexMod:BarristanHead","Orrery","vexMod:BigBerry","PreservedInsect","aspiration:FrozenJewel","Toxic Egg 2","hubris:CrystalStatue","HandDrill","vexMod:Dragonfruit","Pen Nib","Mummified Hand","Blood Vial","hubris:EmptyBottle"],"acts_visited":["Exordium","TheCity","TheBeyond"],"potions_floor_usage":[50],"damage_taken":[{"damage":0,"enemies":"2 Louse","floor":2,"turns":3},{"damage":4,"enemies":"Lagavulin Event","floor":3,"turns":5},{"damage":0,"enemies":"downfall:FleeingMerchant","floor":4,"turns":1},{"damage":0,"enemies":"Cultist","floor":5,"turns":3},{"damage":0,"enemies":"Small Slimes","floor":9,"turns":1},{"damage":0,"enemies":"3 Louse","floor":10,"turns":3},{"damage":1,"enemies":"Lagavulin","floor":12,"turns":3},{"damage":0,"enemies":"Large Slime","floor":14,"turns":2},{"damage":0,"enemies":"2 Fungi Beasts","floor":15,"turns":1},{"damage":0,"enemies":"downfall:Watcher","floor":16,"turns":1},{"damage":0,"enemies":"3 Byrds","floor":20,"turns":1},{"damage":0,"enemies":"Chosen","floor":22,"turns":1},{"damage":0,"enemies":"Snake Plant","floor":25,"turns":1},{"damage":0,"enemies":"Masked Bandits","floor":27,"turns":1},{"damage":0,"enemies":"Centurion and Healer","floor":30,"turns":1},{"damage":0,"enemies":"Snecko","floor":32,"turns":1},{"damage":0,"enemies":"downfall:Ironclad","floor":33,"turns":1},{"damage":0,"enemies":"3 Darklings","floor":36,"turns":1},{"damage":0,"enemies":"Orb Walker","floor":37,"turns":1},{"damage":0,"enemies":"Transient","floor":39,"turns":1},{"damage":0,"enemies":"3 Darklings","floor":42,"turns":1},{"damage":0,"enemies":"Sphere and 2 Shapes","floor":43,"turns":1},{"damage":0,"enemies":"Nemesis","floor":44,"turns":3},{"damage":0,"enemies":"Spire Growth","floor":47,"turns":1},{"damage":0,"enemies":"Jaw Worm Horde","floor":49,"turns":1},{"damage":21,"enemies":"downfall:Defect","floor":50,"turns":6}],"seed_played":"-7181970571424967570","potions_obtained":[{"floor":5,"key":"SkillPotion"},{"floor":9,"key":"PowerPotion"},{"floor":32,"key":"hexamod:EctoCoolerPotion"},{"floor":43,"key":"DistilledChaos"}],"is_trial":false,"path_per_floor":["R","M","?","$","M","R","T","?","M","M","?","E","R","M","M","B",null,"R","?","M","$","M","R","T","M","R","?","?","?","M","$","M","B",null,"R","M","M","?","M","$","T","M","M","E","$","R","M","?","M","B",null],"character_chosen":"THE_SPIRIT","items_purchased":["Gremlin Horn","hubris:SlimyHat","ClockworkSouvenir","hubris:ToyBattleship","Oddly Smooth Stone","Chemical X","AttackPotion","Energy Potion","hexamod:TimeOfNeed","hexamod:ThirdSeal","hexamod:SwordOfDarkness","hexamod:FastForward","Bag of Preparation","Nunchaku","Sling","Medical Kit","Juzu Bracelet","hexamod:WildfireWeapon","vexMod:BarristanHead","Orrery","PreservedInsect","aspiration:FrozenJewel","Toxic Egg 2","hubris:CrystalStatue","HandDrill","hexamod:EmpoweredFlame","hexamod:HeatMetal","hexamod:CrushingStance","Mummified Hand","Blood Vial","hubris:EmptyBottle","Magnetism","hexamod:ShieldOfDarkness+1"],"campfire_rested":0,"item_purchase_floors":[4,4,4,4,4,4,4,4,4,4,4,4,21,21,21,21,21,21,31,31,40,40,40,40,40,40,40,40,45,45,45,45,45],"current_hp_per_floor":[97,107,113,123,133,143,153,163,173,183,193,202,212,222,232,242,267,277,287,297,307,317,327,337,347,357,367,377,198,208,218,228,238,278,288,298,308,318,328,338,353,363,373,383,393,403,413,423,433,429],"gold":5258,"neow_bonus":"TEN_PERCENT_HP_BONUS","is_daily":false,"chose_seed":false,"campfire_upgraded":7,"win_rate":0.0,"timestamp":1609329726,"path_taken":["R","M","?","$","M","R","T","?","M","?","?","E","R","M","M","BOSS","R","?","M","$","M","R","T","M","R","?","?","?","M","$","M","BOSS","R","M","M","?","M","$","T","M","M","E","$","R","M","?","M","BOSS"],"items_purchased_type":["Relic","Relic","Relic","Relic","Relic","Relic","Potion","Potion","Card","Card","Card","Card","Relic","Relic","Relic","Relic","Relic","Card","Relic","Relic","Relic","Relic","Relic","Relic","Relic","Card","Card","Card","Relic","Relic","Relic","Card","Card"],"build_version":"2020-12-22","purchased_purges":1,"victory":true,"max_hp_per_floor":[97,107,117,127,137,147,157,167,177,187,197,207,217,227,237,247,267,277,287,297,307,317,327,337,347,357,367,377,198,208,218,228,238,278,288,298,308,318,328,338,353,363,373,383,393,403,413,423,433,443],"card_choices":[{"not_picked":["hexamod:ShieldOfDarkness","hexamod:PhantomCloak"],"picked":"hexamod:SkipABeat","floor":2},{"not_picked":["hexamod:SpectersWail","hexamod:AdvancingGuard"],"picked":"hexamod:Hexaguard","floor":3},{"not_picked":["hexamod:HauntingEcho","hexamod:ThirdSeal"],"picked":"hexamod:FourthSeal","floor":4},{"not_picked":["hexamod:Again","hexamod:HeatShield"],"picked":"hexamod:ChargedBarrage","floor":5},{"not_picked":["hexamod:NightmareGuise","hexamod:SoulSteal"],"picked":"hexamod:AdvancingGuard","floor":5},{"not_picked":["hexamod:SoulSteal","hexamod:GhostLash"],"picked":"hexamod:GhostOfSpireFuture","floor":9},{"not_picked":["hexamod:HeatCrush","hexamod:BacktrackSmack"],"picked":"hexamod:RadiantFlame","floor":10},{"not_picked":["hexamod:RainOfEmbers","hexamod:BacktrackSmack"],"picked":"hexamod:ThermalTransfer","floor":10},{"not_picked":["hexamod:Incineration","hexamod:SoulSteal"],"picked":"hexamod:PhantomFireball","floor":12},{"not_picked":["hexamod:ShieldOfDarkness","hexamod:FourthSeal"],"picked":"hexamod:DynamicBlow","floor":14},{"not_picked":["hexamod:BacktrackSmack","hexamod:Haunt"],"picked":"hexamod:ShieldOfDarkness","floor":14},{"not_picked":["hexamod:NightmareGuise","hexamod:TimeWarp"],"picked":"hexamod:ExtraCrispy","floor":15},{"not_picked":["hexamod:UnleashSpirits","hexamod:GhostflameInferno"],"picked":"hexamod:WildfireWeapon","floor":16},{"not_picked":["hexamod:ChargedBarrage","hexamod:SoulSteal"],"picked":"hexamod:NightmareStrike+1","floor":20},{"not_picked":["hexamod:Rewind","hexamod:StepThrough"],"picked":"hexamod:GhostflameBarrier+1","floor":22},{"not_picked":["hexamod:GhostOfSpirePast","hexamod:RecurringNightmare"],"picked":"hexamod:GhostOfSpirePresent+1","floor":25},{"not_picked":["hexamod:StepThrough","hexamod:RainOfEmbers"],"picked":"hexamod:Firestarter","floor":27},{"not_picked":["hexamod:AdvancingGuard+1","hexamod:GhostflameInferno"],"picked":"hexamod:StepThrough+1","floor":30},{"not_picked":["hexamod:Haunt","hexamod:RetreatToShadows"],"picked":"hexamod:Incineration","floor":31},{"not_picked":["hexamod:GhostShield","hexamod:ExtraCrispy"],"picked":"hexamod:BurningTouch","floor":31},{"not_picked":["hexamod:GhostOfSpirePast","hexamod:GhostShield"],"picked":"hexamod:Firestarter","floor":31},{"not_picked":["hexamod:ShieldOfDarkness","hexamod:HeatShield"],"picked":"hexamod:StepThrough+1","floor":31},{"not_picked":["hexamod:HauntingEcho","hexamod:ChargedBarrage"],"picked":"hexamod:InspiringFlames","floor":31},{"not_picked":["hexamod:Firestarter","hexamod:GhostOfSpireFuture+1","hexamod:ShieldOfDarkness"],"picked":"SKIP","floor":32},{"not_picked":["hexamod:FifthSeal","hexamod:TurnItUp"],"picked":"hexamod:ParanormalForm","floor":33},{"not_picked":["hexamod:ShieldOfDarkness","hexamod:FourthSeal","hexamod:ExtraCrispy"],"picked":"SKIP","floor":36},{"not_picked":["hexamod:SpectralAdrenaline+1","hexamod:AdvancingGuard","hexamod:SoulSteal+1"],"picked":"SKIP","floor":37},{"not_picked":["hexamod:RainOfEmbers","hexamod:Incineration","hexamod:ThermalTransfer"],"picked":"SKIP","floor":39},{"not_picked":["hexamod:DynamicBlow","hexamod:AdvancingGuard+1"],"picked":"hexamod:FifthSeal","floor":42},{"not_picked":["hexamod:ShieldOfDarkness+1","hexamod:Haunt+1"],"picked":"hexamod:BurningTouch+1","floor":43},{"not_picked":["hexamod:ShieldOfDarkness+1","hexamod:AdvancingGuard+1","hexamod:FastForward+1"],"picked":"SKIP","floor":44},{"not_picked":["hexamod:RainOfEmbers","hexamod:GhostOfSpirePast","hexamod:ThirdSeal"],"picked":"SKIP","floor":44},{"not_picked":["hexamod:Again+1","hexamod:Firestarter","hexamod:ShieldOfDarkness+1"],"picked":"SKIP","floor":47},{"not_picked":["hexamod:Hexaguard+1","hexamod:Incineration"],"picked":"hexamod:SecondSeal","floor":49}],"player_experience":160466,"relics_obtained":[{"floor":3,"key":"Ancient Tea Set"},{"floor":12,"key":"hubris:SphereOfDissonance"},{"floor":17,"key":"Art of War"},{"floor":17,"key":"Pear"},{"floor":17,"key":"FossilizedHelix"},{"floor":24,"key":"Dream Catcher"},{"floor":27,"key":"Red Mask"},{"floor":41,"key":"vexMod:Dragonfruit"},{"floor":44,"key":"Pen Nib"}],"event_choices":[{"damage_healed":0,"gold_gain":0,"player_choice":"Upgraded","damage_taken":0,"max_hp_gain":0,"max_hp_loss":0,"event_name":"Upgrade Shrine","floor":8,"gold_loss":0,"cards_upgraded":["hexamod:FastForward"]},{"damage_healed":0,"gold_gain":0,"player_choice":"Fought Bandits","damage_taken":0,"max_hp_gain":0,"max_hp_loss":0,"event_name":"Masked Bandits","floor":27,"gold_loss":0},{"damage_healed":0,"gold_gain":0,"player_choice":"Ignored","damage_taken":0,"max_hp_gain":0,"max_hp_loss":0,"event_name":"Vampires","floor":28,"gold_loss":0}],"is_beta":false,"boss_relics":[{"not_picked":["hubris:GrandSneckoEye","vexMod:NewClearReactor"],"picked":"Calling Bell"},{"not_picked":["hexamod:IceCube","SlaversCollar"],"picked":"vexMod:BigBerry"}],"items_purged_floors":[21],"is_endless":false,"potions_floor_spawned":[5,9,10,14,20,32,33,42,43,47],"ascension_level":0}}