{"host":"appz8zkad29u9482","time":1609315836,"event":{"mods":["2.2 Compatiblity","Act Like it!","Aspiration","BaseMod","Better Altar","Better Match","Better Note","Better Skull","Better Third Choice","BetterRewards","CapriCore","Chen","Conspire","Disable Question Mark Monsters","Energized Spire","Gensokyo","GifTheSpireLib","Gold Saver","Halation","Hermit","Hubris","Infinite Spire","Jedi Mod","Marisa????????","Minty Spire (QoL Compilation)","Permanent Neow","Reimu??????","Replay The Spire","Spicy Shops","StSLib","Strawberry Spire","Stuff the Spire","The Immortal","The Servant 0.9.4","Yakumo Yukari mod","yUi"],"gold_per_floor":[419,431,89,103,75,102,102,116,116,116,130,146,146,146,146,146],"floor_reached":15,"playtime":778,"items_purged":[],"score":97,"play_id":"4681cf20-0e12-4b38-ba87-caecf662f895","local_time":"20201229221036","is_ascension_mode":false,"campfire_choices":[{"data":"hermit:TakeAim","floor":10,"key":"SMITH"}],"circlet_count":0,"master_deck":["hermit:Strike_Hermit","hermit:Strike_Hermit","hermit:Strike_Hermit","hermit:Strike_Hermit","hermit:Defend_Hermit","hermit:Defend_Hermit","hermit:Defend_Hermit","hermit:Defend_Hermit","hermit:Snapshot","hermit:Covet","hermit:HoleUp","hermit:Ricochet","hermit:TakeAim+1","hermit:Snipe","hermit:Ricochet","hermit:NoHoldsBarred","hermit:ItchyTrigger","hermit:BigShot"],"relics":["hermit:Momento","halation:PromiseList","betterThird:SlimedRelic","Tiny Chest","aspiration:BabyByrd","Garlic"],"acts_visited":["Exordium"],"potions_floor_usage":[15,15],"damage_taken":[{"damage":0,"enemies":"2 Louse","floor":1,"turns":2},{"damage":1,"enemies":"Jaw Worm","floor":2,"turns":4},{"damage":1,"enemies":"Cultist","floor":4,"turns":3},{"damage":30,"enemies":"3 Sentries","floor":6,"turns":9},{"damage":15,"enemies":"Large Slime","floor":8,"turns":5},{"damage":3,"enemies":"Gremlin Gang","floor":11,"turns":6},{"damage":5,"enemies":"Red Slaver","floor":12,"turns":2},{"damage":16,"enemies":"Lagavulin","floor":15,"turns":3}],"seed_played":"-3245739193245616378","potions_obtained":[{"floor":1,"key":"Languid Potion"},{"floor":4,"key":"SkillPotion"},{"floor":8,"key":"Energy Potion"}],"is_trial":false,"path_per_floor":["M","M","$","M","?","E","?","M","T","R","M","M","PTL","PTL","E"],"character_chosen":"HERMIT","items_purchased":["hermit:TakeAim","halation:PromiseList","hermit:Snipe","hermit:Ricochet"],"campfire_rested":0,"item_purchase_floors":[3,3,3,3],"current_hp_per_floor":[75,74,74,73,62,32,32,17,17,17,14,9,9,9,0,0],"gold":146,"neow_bonus":"HUNDRED_GOLD","is_daily":false,"chose_seed":false,"campfire_upgraded":1,"win_rate":0.0,"timestamp":1609315836,"path_taken":["M","M","$","M","?","E","?","?","T","R","M","M","PTL","PTL","E"],"items_purchased_type":["Card","Relic","Card","Card"],"build_version":"2020-12-22","purchased_purges":0,"victory":false,"max_hp_per_floor":[75,75,75,75,75,75,75,75,75,75,75,75,75,75,75,75],"card_choices":[{"not_picked":["hermit:Quickdraw","hermit:TrackingShot"],"picked":"hermit:HoleUp","floor":1},{"not_picked":["hermit:Glare","hermit:Roulette"],"picked":"hermit:Ricochet","floor":2},{"not_picked":["hermit:WideOpen","hermit:TakeCover"],"picked":"hermit:NoHoldsBarred","floor":4},{"not_picked":["hermit:Midnight","hermit:Grudge"],"picked":"hermit:ItchyTrigger","floor":6},{"not_picked":["hermit:Malice","hermit:SprayPray","hermit:HoleUp"],"picked":"SKIP","floor":8},{"not_picked":["hermit:Horror","hermit:BodyArmor","hermit:Manifest"],"picked":"SKIP","floor":11},{"not_picked":["hermit:Horror","hermit:Coalescence"],"picked":"hermit:BigShot","floor":12}],"player_experience":387404,"relics_obtained":[{"floor":6,"key":"Tiny Chest"},{"floor":9,"key":"Garlic"}],"event_choices":[{"damage_healed":0,"gold_gain":0,"player_choice":"Slimed","damage_taken":11,"max_hp_gain":0,"max_hp_loss":0,"event_name":"betterThird:BetterGoop","floor":5,"gold_loss":28}],"is_beta":false,"boss_relics":[],"items_purged_floors":[],"is_endless":false,"potions_floor_spawned":[1,4,8,12],"killed_by":"Lagavulin","ascension_level":0}}