{"host":"u0f5uy314yz7olfc","time":1609328682,"event":{"mods":["AchievementEnabler","Aspiration","BaseMod","Better Altar","Better Match","Better Note","Better Sensory Stone","Better Skull","Better Third Choice","BetterRewards","Block Reminder","Colored Map","Colored Powertips","DeckTracker","Dota2Spire","Emptier Cage","Gold Saver","Highlight Path","Hubris","Infinite Spire","Marked Mod","Mimic Mod","Minty Spire (QoL Compilation)","Permanent Neow","Quick Restart","Rare Cards Sparkle","Relic Sorter","Replay The Spire","Shop Mod","StSLib","The Bladedancer","The Blue Laboratory","Watcher Patcher"],"gold_per_floor":[882,105,116,130,130,157,157,167,167,187,198,210,170,182,182,277,277,297,297,316,333,333,333,333,333,364,364,375,375,375,375,389,664,664,759,759,775,34,50,60,60,87,87,107,107,139,158,176,176,192,192,192,192],"floor_reached":52,"playtime":9393,"items_purged":["Sickly","Regret"],"score":595,"play_id":"e5792fe6-5570-4295-966d-16786efad22f","local_time":"20201230184442","daily_mods":["Allstar","Heirloom"],"is_ascension_mode":false,"campfire_choices":[{"floor":7.0,"key":"REST"},{"floor":15.0,"key":"REST"},{"data":"Mayhem","floor":23.0,"key":"SMITH"},{"data":"ReplayTheSpireMod:Chaos Vortex","floor":25.0,"key":"SMITH"},{"data":"Madness","floor":29.0,"key":"SMITH"},{"floor":43.0,"key":"REST"},{"floor":49.0,"key":"REST"},{"data":"Discovery","floor":51.0,"key":"SMITH"}],"circlet_count":0,"master_deck":["blademaster:Strike+1","blademaster:Strike","blademaster:Strike+1","blademaster:Strike","blademaster:Defend","blademaster:Defend+1","blademaster:Defend","blademaster:Defend","blademaster:RagingBlow","blademaster:HighVoltage","Madness+1","Dark Shackles+1","Master of Strategy","Mayhem+1","Vault","blademaster:Stability","Bandage Up","blademaster:Momentum+1","blademaster:KiBarrier","blademaster:BladeMastery","blademaster:FuriousStrike","blademaster:Slice","blademaster:BloodyBlow","blademaster:DaggerAndCloak","Discovery+1","blademaster:Bloodbath","blademaster:DeadlyDance","blademaster:LeechingStrike","blademaster:Thrust","blademaster:Flurry","blademaster:Quickness","blademaster:Blindside","CommonCold","CurseOfTheBell","blademaster:AspectOfWind","Apotheosis+1","blademaster:Breeze","blademaster:EyeOfTheStorm+1","ReplayTheSpireMod:Chaos Vortex+1","blademaster:EnchantedCuirass+1","blademaster:LeechingStrike","Delirium","blademaster:ThunderingOpener","blademaster:Cut+1","blademaster:Empower","blademaster:DaggerAndCloak","Secret Weapon","blademaster:ChargingUp","blademaster:ChargingUp","blademaster:TraverseCut","blademaster:ParryingStrike","blademaster:Discharge","blademaster:Quickstep","blademaster:Momentum","blademaster:SlyStabs+1","blademaster:BladeCross+1","blademaster:ThunderingOpener","blademaster:Sunder","blademaster:Cut+1","blademaster:WindSlash","blademaster:BloodyBlow"],"relics":["blademaster:DancersAmulet","BargainBundle","MerchantsRug","hubris:FunFungus","Mirror","Simple Rune","Replay:Ancient Bell","Dota2Spire:LotusOrb","Meat on the Bone","Torii","Mercury Hourglass","Gremlin Horn","Ring of Chaos","infinitespire:EmpoweringShard","hubris:EmptyBottle","Membership Card","ReplayTheSpireMod:TigerMarble","Ornamental Fan","Blue Doll"],"acts_visited":["Exordium","TheCity","TheBeyond"],"potions_floor_usage":[52],"damage_taken":[{"damage":0.0,"enemies":"Jaw Worm","floor":1.0,"turns":4.0},{"damage":1.0,"enemies":"2 Louse","floor":3.0,"turns":3.0},{"damage":9.0,"enemies":"Cultist","floor":4.0,"turns":4.0},{"damage":63.0,"enemies":"Gremlin Nob","floor":6.0,"turns":7.0},{"damage":3.0,"enemies":"3 Louse","floor":8.0,"turns":4.0},{"damage":6.0,"enemies":"Large Slime","floor":10.0,"turns":7.0},{"damage":18.0,"enemies":"Gremlin Gang","floor":11.0,"turns":5.0},{"damage":9.0,"enemies":"Blue Slaver","floor":12.0,"turns":5.0},{"damage":0.0,"enemies":"Large Slime","floor":14.0,"turns":5.0},{"damage":73.0,"enemies":"The Guardian","floor":16.0,"turns":9.0},{"damage":22.0,"enemies":"Spheric Guardian","floor":18.0,"turns":6.0},{"damage":42.0,"enemies":"Shell Parasite","floor":20.0,"turns":7.0},{"damage":3.0,"enemies":"Cultist and Chosen","floor":21.0,"turns":7.0},{"damage":1.0,"enemies":"Centurion and Healer","floor":26.0,"turns":7.0},{"damage":16.0,"enemies":"Centurion and Healer","floor":28.0,"turns":7.0},{"damage":0.0,"enemies":"Snake Plant","floor":32.0,"turns":6.0},{"damage":28.0,"enemies":"Champ","floor":35.0,"turns":11.0},{"damage":18.0,"enemies":"3 Shapes","floor":37.0,"turns":3.0},{"damage":41.0,"enemies":"3 Darklings","floor":39.0,"turns":4.0},{"damage":17.0,"enemies":"Sphere and 2 Shapes","floor":40.0,"turns":6.0},{"damage":7.0,"enemies":"Reptomancer","floor":42.0,"turns":5.0},{"damage":17.0,"enemies":"Transient","floor":44.0,"turns":5.0},{"damage":8.0,"enemies":"Giant Head","floor":46.0,"turns":10.0},{"damage":54.0,"enemies":"Jaw Worm Horde","floor":47.0,"turns":4.0},{"damage":3.0,"enemies":"4 Shapes","floor":48.0,"turns":4.0},{"damage":1.0,"enemies":"Sphere and 2 Shapes","floor":50.0,"turns":4.0},{"damage":64,"enemies":"Time Eater","floor":52,"turns":4}],"seed_played":"6370718151680904354","potions_obtained":[{"floor":3.0,"key":"Dexterity Potion"},{"floor":10.0,"key":"ColorlessPotion"},{"floor":11.0,"key":"blueLaboratory:AbyssPotion"},{"floor":13.0,"key":"PowerPotion"},{"floor":13.0,"key":"blueLaboratory:BottleOfRum"},{"floor":13.0,"key":"Dota2Spire:Clarity"},{"floor":14.0,"key":"SpeedPotion"},{"floor":20.0,"key":"blueLaboratory:ForbiddenFruitJuice"},{"floor":21.0,"key":"blueLaboratory:BottleOfVodka"},{"floor":32.0,"key":"LifebloodPotion"},{"floor":40.0,"key":"blueLaboratory:RecallPotion"},{"floor":44.0,"key":"Dota2Spire:HealingSalve"},{"floor":47.0,"key":"infinitespire:BlackPotion"},{"floor":48.0,"key":"Elixir"}],"is_trial":true,"path_per_floor":["M","$","M","M","?","E","R","M","T","M","M","M","?","M","R","B",null,"M","?","M","M","AVR","R","?","R","MIM","?","M","R","PTL","PTL","M","?","R_BF","B",null,"M","$","M","M","AVR","E","R","M","T","E","M","M","R","M","R_BF","B"],"character_chosen":"THE_BLADEMASTER","items_purchased":["Bandage Up","BargainBundle","blademaster:Momentum","blademaster:KiBarrier","blademaster:BladeMastery","blademaster:FuriousStrike","blademaster:Slice","MerchantsRug","LessonLearned","hubris:FunFungus","Adrenaline Potion","Secret Weapon","blademaster:ChargingUp","infinitespire:EmpoweringShard","hubris:EmptyBottle","blademaster:TraverseCut","blademaster:ParryingStrike","blademaster:Discharge","blademaster:Quickstep"],"campfire_rested":4,"item_purchase_floors":[2,2,2,2,2,2,2,2,2,2,2,38,38,38,38,38,38,38,38],"current_hp_per_floor":[75,75,75,66,66,10,32,29,29,30,19,17,17,36,58,26,75,53,53,65,64,64,64,64,64,65,65,61,61,61,61,63,63,65,55,65,47,47,18,18,18,23,42,42,42,57,18,27,46,51,51,0,0],"gold":192,"neow_bonus":"","is_daily":false,"chose_seed":false,"campfire_upgraded":4,"win_rate":0.0,"timestamp":1609328682,"path_taken":["M","$","M","M","?","E","R","M","T","M","M","M","?","?","R","BOSS","M","?","M","M","AVR","R","?","R","MIM","?","M","R","PTL","PTL","M","?","R_BF","BOSS","M","$","M","M","AVR","E","R","M","T","E","?","M","R","M","R_BF","BOSS"],"items_purchased_type":["Card","Relic","Card","Card","Card","Card","Card","Relic","Card","Relic","Potion","Card","Card","Relic","Relic","Card","Card","Card","Card"],"build_version":"2020-12-22","purchased_purges":2,"victory":false,"max_hp_per_floor":[75,75,75,75,75,75,75,75,75,75,75,75,75,75,75,75,75,75,75,65,65,65,65,65,65,65,65,65,65,65,65,65,65,65,65,65,65,65,65,65,65,65,65,65,65,65,65,65,65,65,65,65,65],"card_choices":[{"not_picked":["blademaster:AwakeningDefend","blademaster:DeadlyDance"],"picked":"blademaster:Stability","floor":1.0},{"not_picked":["blademaster:Thrust","blademaster:Blockade"],"picked":"blademaster:BloodyBlow","floor":3.0},{"not_picked":["blademaster:AncestralHealing","blademaster:Safeguard"],"picked":"blademaster:DaggerAndCloak","floor":4.0},{"not_picked":["Dark Shackles","Purity"],"picked":"Discovery","floor":5.0},{"not_picked":["blademaster:Frontflip","blademaster:Sunder"],"picked":"blademaster:Bloodbath","floor":6.0},{"not_picked":["blademaster:CloudOfSteel","blademaster:CullingStrike"],"picked":"blademaster:DeadlyDance","floor":8.0},{"not_picked":["blademaster:Sunder","blademaster:Frontflip"],"picked":"blademaster:LeechingStrike","floor":10.0},{"not_picked":["blademaster:OneTrickPony","blademaster:BladeCross"],"picked":"blademaster:Thrust","floor":11.0},{"not_picked":["blademaster:DragonStrike","blademaster:UnrelentingWind"],"picked":"blademaster:Flurry","floor":12.0},{"not_picked":["blademaster:AirSlash","blademaster:Overcharge"],"picked":"blademaster:Quickness","floor":14.0},{"not_picked":["blademaster:UnrelentingWind","blademaster:HighVoltage"],"picked":"blademaster:Blindside","floor":16.0},{"not_picked":["Pain","ReplayTheSpireMod:Faulty Equipment"],"picked":"Sickly","floor":17.0},{"not_picked":["hubris:Compulsion","Amnesia"],"picked":"CommonCold","floor":17.0},{"not_picked":["hubris:Disease","Writhe"],"picked":"CurseOfTheBell","floor":17.0},{"not_picked":["blademaster:AwakeningDefend","blademaster:FuriousStrike"],"picked":"blademaster:AspectOfWind","floor":18.0},{"not_picked":["blademaster:ParryingStrike","blademaster:Sunder"],"picked":"blademaster:Breeze","floor":20.0},{"not_picked":["blademaster:Flurry","blademaster:Slice"],"picked":"blademaster:EyeOfTheStorm+1","floor":21.0},{"not_picked":["blademaster:ThunderSlash","blademaster:Flurry"],"picked":"blademaster:LeechingStrike","floor":26.0},{"not_picked":["blademaster:BladeCross+1","blademaster:Discharge"],"picked":"blademaster:ThunderingOpener","floor":28.0},{"not_picked":["blademaster:Momentum","blademaster:DaggerAndCloak"],"picked":"blademaster:Cut+1","floor":32.0},{"not_picked":["blademaster:EnchantedCuirass","blademaster:RollingTyphoon"],"picked":"blademaster:Empower","floor":35.0},{"not_picked":["blademaster:LeechingStrike","blademaster:Slice"],"picked":"blademaster:DaggerAndCloak","floor":37.0},{"not_picked":["blademaster:AirSlash","blademaster:ThunderingOpener+1"],"picked":"blademaster:Momentum","floor":39.0},{"not_picked":["blademaster:ChargingUp","blademaster:AspectOfWind"],"picked":"blademaster:SlyStabs+1","floor":40.0},{"not_picked":["blademaster:ThunderSlash","blademaster:AirSlash+1"],"picked":"blademaster:BladeCross+1","floor":42.0},{"not_picked":["blademaster:IcyWind","blademaster:Safeguard"],"picked":"blademaster:ThunderingOpener","floor":44.0},{"not_picked":["blademaster:Safeguard+1","blademaster:Gust"],"picked":"blademaster:Sunder","floor":46.0},{"not_picked":["blademaster:Gust","blademaster:ChargingUp+1"],"picked":"blademaster:Cut","floor":47.0},{"not_picked":["blademaster:LeechingStrike+1","blademaster:Frenzy+1"],"picked":"blademaster:WindSlash","floor":48.0},{"not_picked":["blademaster:IcyWind","blademaster:DancingEdge"],"picked":"blademaster:BloodyBlow","floor":50.0}],"player_experience":376119,"relics_obtained":[{"floor":6.0,"key":"Mirror"},{"floor":6.0,"key":"blademaster:ComboEveryTurnPerk"},{"floor":9.0,"key":"Simple Rune"},{"floor":26.0,"key":"Mercury Hourglass"},{"floor":42.0,"key":"ReplayTheSpireMod:TigerMarble"},{"floor":42.0,"key":"blademaster:BonusComboPerk"},{"floor":45.0,"key":"Ornamental Fan"},{"floor":46.0,"key":"Blue Doll"},{"floor":46.0,"key":"blademaster:RandomStancePerk"}],"event_choices":[{"damage_healed":0.0,"max_hp_gain":0.0,"max_hp_loss":0.0,"gold_gain":1.0,"event_name":"betterStone:BetterStone","player_choice":"1","floor":5.0,"gold_loss":0.0,"damage_taken":0.0},{"damage_healed":0.0,"max_hp_gain":0.0,"max_hp_loss":0.0,"gold_gain":0.0,"event_name":"The Woman in Blue","player_choice":"Bought 3 Potions","floor":13.0,"gold_loss":0.0,"damage_taken":0.0},{"damage_healed":0.0,"max_hp_gain":0.0,"max_hp_loss":0.0,"gold_gain":0.0,"cards_transformed":["LessonLearned"],"event_name":"Transmorgrifier","player_choice":"Transformed","floor":19.0,"gold_loss":0.0,"damage_taken":0.0,"cards_obtained":["Apotheosis"]},{"cards_removed":["Mayhem"],"damage_healed":0.0,"max_hp_gain":0.0,"max_hp_loss":0.0,"gold_gain":0.0,"event_name":"betterNote:BetterNote","player_choice":"Take \u0026 Give","floor":24.0,"gold_loss":0.0,"damage_taken":0.0,"cards_obtained":["blademaster:EnchantedCuirass"]},{"damage_healed":0.0,"max_hp_gain":0.0,"max_hp_loss":0.0,"gold_gain":275.0,"event_name":"Golden Shrine","player_choice":"Desecrate","floor":33.0,"gold_loss":0.0,"damage_taken":0.0,"cards_obtained":["Regret"]}],"is_beta":false,"boss_relics":[{"not_picked":["aspiration:RunicSpoon","ReplayTheSpireMod:SealedPack"],"picked":"Replay:Ancient Bell"},{"not_picked":["hubris:SlimyHat","aspiration:Lifesprig"],"picked":"Dota2Spire:LotusOrb"},{"not_picked":["infinitespire:Broken Mirror","Replay:Bottled Steam"],"picked":"Meat on the Bone"},{"not_picked":["aspiration:AnachronicSnailShell","Mango"],"picked":"Torii"},{"not_picked":["infinitespire:Cupcake","hubris:HollowSoul"],"picked":"Ring of Chaos"}],"items_purged_floors":[22,41],"is_endless":false,"potions_floor_spawned":[3,10,11,14,20,21,32,40,44,47,48],"killed_by":"Time Eater","ascension_level":0}}