{"host":"lpcxcvdszk9zyesf","time":1609328259,"event":{"mods":["BaseMod","Better Third Choice","BetterRewards","Minty Spire (QoL Compilation)","Rare Cards Sparkle","Relic Stats","Say the Spire","Spicy Shops","StSLib"],"gold_per_floor":[116,68,79,34,34,34,34,34,59,59,59,71,21,39,39,139,139,151,151,141,153,78,78,78,78,78,112,12,29,29,29,29,124,124,136,36,36,36,51,51,51,51],"floor_reached":41,"playtime":2570,"items_purged":["Strike_R","Strike_R","Strike_R","Defend_R"],"score":818,"play_id":"1bd9b75e-2ca0-4ff4-8916-e5124e2584e4","local_time":"20201230193739","is_ascension_mode":true,"campfire_choices":[{"data":"Metallicize","floor":6.0,"key":"SMITH"},{"data":"Chrysalis","floor":8.0,"key":"SMITH"},{"data":"Rampage","floor":10.0,"key":"SMITH"},{"data":"Berserk","floor":15.0,"key":"SMITH"},{"floor":23.0,"key":"REST"},{"data":"Juggernaut","floor":25.0,"key":"SMITH"},{"floor":32.0,"key":"REST"},{"floor":40,"key":"REST"}],"circlet_count":0,"master_deck":["AscendersBane","Defend_R","Defend_R+1","Defend_R+1","Bash","Rampage+1","Chrysalis+1","Metallicize+1","Dual Wield","Spot Weakness","Berserk+1","Juggernaut+1","Ghostly Armor+1","Body Slam+1","Evolve","Offering","Uppercut+1","Flex+1"],"relics":["Burning Blood","Lizard Tail","Regal Pillow","Oddly Smooth Stone","Lee\u0027s Waffle","betterThird:SlimedRelic","Bottled Flame","Smiling Mask","Philosopher\u0027s Stone","Nilry\u0027s Codex","Mummified Hand","Omamori","Mark of Pain"],"acts_visited":["Exordium","TheCity","TheBeyond"],"potions_floor_usage":[35],"damage_taken":[{"damage":5.0,"enemies":"2 Louse","floor":1.0,"turns":3.0},{"damage":12.0,"enemies":"Jaw Worm","floor":3.0,"turns":5.0},{"damage":2.0,"enemies":"Small Slimes","floor":12.0,"turns":3.0},{"damage":4.0,"enemies":"Blue Slaver","floor":14.0,"turns":6.0},{"damage":12.0,"enemies":"Slime Boss","floor":16.0,"turns":12.0},{"damage":16.0,"enemies":"Shell Parasite","floor":18.0,"turns":7.0},{"damage":25.0,"enemies":"2 Thieves","floor":20.0,"turns":4.0},{"damage":46.0,"enemies":"Cultist and Chosen","floor":21.0,"turns":7.0},{"damage":57.0,"enemies":"Slavers","floor":27.0,"turns":6.0},{"damage":5.0,"enemies":"Snecko","floor":29.0,"turns":5.0},{"damage":29.0,"enemies":"Automaton","floor":33.0,"turns":9.0},{"damage":49,"enemies":"3 Darklings","floor":35,"turns":7},{"damage":32,"enemies":"Orb Walker","floor":39,"turns":3},{"damage":77,"enemies":"Reptomancer","floor":41,"turns":4}],"seed_played":"4217592646313627655","potions_obtained":[{"floor":3.0,"key":"PowerPotion"},{"floor":12.0,"key":"BloodPotion"},{"floor":18.0,"key":"GamblersBrew"},{"floor":29.0,"key":"BlessingOfTheForge"},{"floor":33.0,"key":"Swift Potion"}],"is_trial":false,"path_per_floor":["M","$","M","?","$","R","T","R","T","R","?","M","?","M","R","B",null,"M","?","M","M","?","R","T","R","T","E","$","M","?","$","R","B",null,"M","$","?","?","M","R","E"],"character_chosen":"IRONCLAD","items_purchased":["Rampage","Chrysalis","Metallicize","Dual Wield","Lizard Tail","Regal Pillow","Oddly Smooth Stone","Lee\u0027s Waffle","Spot Weakness"],"campfire_rested":3,"item_purchase_floors":[0,0,0,0,0,0,0,0,2],"current_hp_per_floor":[87,87,81,70,70,70,70,70,70,70,53,57,57,59,59,70,83,73,57,38,49,49,87,87,87,87,36,36,37,37,37,78,55,79,36,36,76,76,50,76,0,0],"gold":51,"neow_bonus":"","is_daily":false,"chose_seed":false,"campfire_upgraded":5,"win_rate":0.0,"timestamp":1609328259,"path_taken":["M","$","M","?","$","R","?","R","T","R","?","M","?","M","R","BOSS","M","?","M","M","?","R","?","R","T","E","$","?","?","?","R","BOSS","M","$","?","?","?","R","E"],"items_purchased_type":["Card","Card","Card","Card","Relic","Relic","Relic","Relic","Card"],"build_version":"2020-12-22","purchased_purges":4,"victory":false,"max_hp_per_floor":[87,87,87,87,87,87,87,87,87,87,87,87,87,87,87,87,87,87,87,87,87,87,87,87,87,87,87,87,87,87,87,87,87,87,87,87,76,76,76,76,76,76],"relic_stats":{"Lizard Tail":43,"Regal Pillow":31,"Lee\u0027s Waffle":15,"counters":[110,535],"Mummified Hand":[30],"Smiling Mask":338,"obtain_stats":[{"Gremlin Horn":40,"Nilry\u0027s Codex":19,"Vajra":21,"Boot":0,"Blood Vial":0,"Centennial Puzzle":29,"Lizard Tail":0,"HornCleat":26,"Strawberry":38,"Philosopher\u0027s Stone":17,"Prayer Wheel":28,"MealTicket":9,"Fusion Hammer":17,"HandDrill":0,"Necronomicon":24,"Kunai":6,"Runic Cube":17,"Girya":36,"Happy Flower":25,"Dead Branch":0,"Oddly Smooth Stone":0,"Eternal Feather":0,"Letter Opener":12,"War Paint":19,"Question Card":9,"Akabeko":9,"Bottled Flame":41,"Bronze Scales":9,"Mark of Pain":34,"Meat on the Bone":24,"Regal Pillow":11,"Singing Bowl":0,"Black Blood":17,"StoneCalendar":41,"Bag of Preparation":10,"Incense Burner":47,"Smiling Mask":7,"Ancient Tea Set":4,"Cursed Key":17,"Burning Blood":0,"SsserpentHead":19,"Mummified Hand":24,"Pantograph":10,"Toolbox":28,"Red Mask":21,"Potion Belt":21,"Lee\u0027s Waffle":0,"NeowsBlessing":0,"Golden Idol":3,"Self Forming Clay":26,"Thread and Needle":3,"PreservedInsect":0,"The Courier":26,"Omamori":27,"White Beast Statue":22,"Mercury Hourglass":0,"Strange Spoon":4,"Anchor":8,"CaptainsWheel":21,"Busted Crown":17,"betterThird:SlimedRelic":4,"Bag of Marbles":0,"Art of War":7,"Membership Card":39,"TungstenRod":0},{"Gremlin Horn":40,"Nilry\u0027s Codex":102,"Vajra":84,"Boot":45,"Blood Vial":59,"Centennial Puzzle":20,"Lizard Tail":96,"HornCleat":33,"Strawberry":39,"Philosopher\u0027s Stone":30,"Prayer Wheel":55,"MealTicket":63,"Fusion Hammer":5,"HandDrill":21,"Necronomicon":32,"Kunai":24,"Runic Cube":14,"Girya":72,"Happy Flower":68,"Dead Branch":59,"Oddly Smooth Stone":96,"Eternal Feather":75,"Letter Opener":64,"War Paint":15,"Question Card":3,"Akabeko":11,"Bottled Flame":40,"Bronze Scales":78,"Mark of Pain":37,"Meat on the Bone":85,"Regal Pillow":3,"Singing Bowl":45,"Black Blood":52,"StoneCalendar":92,"Bag of Preparation":26,"Incense Burner":95,"Smiling Mask":3,"Ancient Tea Set":60,"Cursed Key":65,"Burning Blood":0,"SsserpentHead":31,"Mummified Hand":104,"Pantograph":3,"Toolbox":55,"Red Mask":16,"Potion Belt":32,"Lee\u0027s Waffle":96,"NeowsBlessing":0,"Golden Idol":1,"Self Forming Clay":86,"Thread and Needle":8,"PreservedInsect":7,"The Courier":55,"Omamori":105,"White Beast Statue":66,"Mercury Hourglass":45,"Strange Spoon":76,"Anchor":25,"CaptainsWheel":32,"Busted Crown":82,"betterThird:SlimedRelic":98,"Bag of Marbles":45,"Art of War":48,"Membership Card":73,"TungstenRod":21},{"Gremlin Horn":173,"Nilry\u0027s Codex":490,"Vajra":379,"Boot":200,"Blood Vial":255,"Centennial Puzzle":91,"Lizard Tail":454,"HornCleat":147,"Strawberry":167,"Philosopher\u0027s Stone":134,"Prayer Wheel":232,"MealTicket":269,"Fusion Hammer":24,"HandDrill":94,"Necronomicon":142,"Kunai":106,"Runic Cube":66,"Girya":321,"Happy Flower":300,"Dead Branch":255,"Oddly Smooth Stone":454,"Eternal Feather":330,"Letter Opener":273,"War Paint":68,"Question Card":3,"Akabeko":50,"Bottled Flame":173,"Bronze Scales":346,"Mark of Pain":162,"Meat on the Bone":384,"Regal Pillow":3,"Singing Bowl":200,"Black Blood":222,"StoneCalendar":428,"Bag of Preparation":115,"Incense Burner":446,"Smiling Mask":3,"Ancient Tea Set":257,"Cursed Key":285,"Burning Blood":0,"SsserpentHead":138,"Mummified Hand":501,"Pantograph":3,"Toolbox":232,"Red Mask":72,"Potion Belt":142,"Lee\u0027s Waffle":454,"NeowsBlessing":0,"Golden Idol":1,"Self Forming Clay":388,"Thread and Needle":37,"PreservedInsect":33,"The Courier":232,"Omamori":507,"White Beast Statue":289,"Mercury Hourglass":200,"Strange Spoon":334,"Anchor":112,"CaptainsWheel":142,"Busted Crown":367,"betterThird:SlimedRelic":462,"Bag of Marbles":200,"Art of War":207,"Membership Card":323,"TungstenRod":94}],"Burning Blood":668},"card_choices":[{"not_picked":["Warcry","Twin Strike","Iron Wave"],"picked":"SKIP","floor":1.0},{"not_picked":["Cleave","Twin Strike","Warcry"],"picked":"SKIP","floor":3.0},{"not_picked":["Cleave","Anger"],"picked":"Body Slam","floor":12.0},{"not_picked":["Power Through","Intimidate"],"picked":"Berserk","floor":14.0},{"not_picked":["Impervious","Exhume"],"picked":"Juggernaut","floor":16.0},{"not_picked":["Dark Embrace","Warcry","Clothesline"],"picked":"SKIP","floor":18.0},{"not_picked":["Bloodletting","Cleave+1"],"picked":"Ghostly Armor+1","floor":20.0},{"not_picked":["Cleave","Dual Wield+1"],"picked":"Body Slam+1","floor":21.0},{"not_picked":["Headbutt","Anger","Twin Strike"],"picked":"SKIP","floor":27.0},{"not_picked":["Combust+1","Twin Strike"],"picked":"Evolve","floor":29.0},{"not_picked":["Feed","Brutality"],"picked":"Offering","floor":33.0},{"not_picked":["Clothesline+1","Rage"],"picked":"Uppercut+1","floor":35},{"not_picked":["Dual Wield","Power Through+1"],"picked":"Flex+1","floor":39}],"player_experience":293731,"relics_obtained":[{"floor":7.0,"key":"Bottled Flame"},{"floor":9.0,"key":"Smiling Mask"},{"floor":19.0,"key":"Nilry\u0027s Codex"},{"floor":24.0,"key":"Mummified Hand"},{"floor":27.0,"key":"Omamori"}],"event_choices":[{"damage_healed":0.0,"max_hp_gain":0.0,"max_hp_loss":0.0,"gold_gain":0.0,"event_name":"betterThird:BetterGoop","player_choice":"Slimed","floor":4.0,"gold_loss":45.0,"damage_taken":11.0},{"damage_healed":70.0,"max_hp_gain":0.0,"max_hp_loss":87.0,"gold_gain":0.0,"event_name":"betterThird:BetterShining","player_choice":"Upgrade","floor":11.0,"gold_loss":0.0,"damage_taken":17.0,"cards_upgraded":["Defend_R","Defend_R"]},{"cards_removed":["Strike_R"],"damage_healed":0.0,"max_hp_gain":0.0,"max_hp_loss":0.0,"gold_gain":0.0,"event_name":"The Cleric","player_choice":"Card Removal","floor":13.0,"gold_loss":50.0,"damage_taken":0.0},{"damage_healed":0.0,"max_hp_gain":0.0,"max_hp_loss":0.0,"gold_gain":0.0,"event_name":"Cursed Tome","player_choice":"Obtained Book","floor":19.0,"gold_loss":0.0,"damage_taken":16.0},{"cards_removed":["Strike_R"],"damage_healed":0.0,"max_hp_gain":0.0,"max_hp_loss":0.0,"gold_gain":0.0,"event_name":"Beggar","player_choice":"Gave Gold","floor":22.0,"gold_loss":75.0,"damage_taken":0.0},{"damage_healed":0.0,"max_hp_gain":0.0,"max_hp_loss":0.0,"gold_gain":0.0,"event_name":"Vampires","player_choice":"Ignored","floor":30.0,"gold_loss":0.0,"damage_taken":0.0},{"damage_healed":76,"gold_gain":0,"player_choice":"Heal","damage_taken":0,"max_hp_gain":0,"max_hp_loss":11,"event_name":"The Moai Head","floor":37,"gold_loss":0},{"cards_removed":["Body Slam"],"damage_healed":0,"gold_gain":0,"player_choice":"Removed Attack","damage_taken":0,"max_hp_gain":0,"max_hp_loss":0,"event_name":"Falling","floor":38,"gold_loss":0}],"is_beta":false,"boss_relics":[{"not_picked":["Ectoplasm","Astrolabe"],"picked":"Philosopher\u0027s Stone"},{"not_picked":["Tiny House","Runic Pyramid"],"picked":"Mark of Pain"}],"items_purged_floors":[28,28,36,36],"is_endless":false,"potions_floor_spawned":[3,12,18,29,33],"killed_by":"Reptomancer","ascension_level":10}}