{"host":"5fasz840ryq7obdf","time":1609330402,"event":{"mods":["AchievementEnabler","BaseMod","Bestiary","Better Altar","Better Skull","Better Third Choice","BetterRewards","Block Reminder","Colored Powertips","Curses Come First","Highlight Path","Minty Spire (QoL Compilation)","Quick Restart","Rare Cards Sparkle","Relic Sorter","Relic Stats","Shop Mod","Slay-I","Spicy Shops","StSLib","SuperFastMode"],"gold_per_floor":[112,129,279,135,145,177,209,209,232,135,135,163,197,272,272,343,343,388,429,480,129,184,214,250,317,356,418,486,498,510,522,534,643,655,732,744,824,296,296,325,335,557,582,632,667,667,749,767,767,767,767,767,767,8,63,63],"floor_reached":57,"playtime":3421,"items_purged":["Strike_P","Strike_P","Doubt","Defend_P"],"score":4475,"play_id":"af268a4d-d160-4326-8cf4-f181960bb799","local_time":"20201230121322","is_ascension_mode":true,"campfire_choices":[{"floor":8.0,"key":"DIG"},{"floor":15.0,"key":"REST"},{"floor":30.0,"key":"DIG"},{"floor":32.0,"key":"DIG"},{"floor":46.0,"key":"DIG"},{"floor":49,"key":"RECALL"},{"floor":53,"key":"DIG"}],"circlet_count":0,"master_deck":["AscendersBane","Strike_P+1","Defend_P+1","Defend_P+1","Defend_P+1","Eruption+1","Vigilance+1","CutThroughFate+1","Wallop+1","FlurryOfBlows+1","LessonLearned+1","Ragnarok+1","TalkToTheHand+1","EmptyBody+1","Wallop+1","Wish+1","FlurryOfBlows","HandOfGreed","ThirdEye+1","Protect+1","Omniscience","Collect+1","DeusExMachina","DeusExMachina+1","Fasting2+1","Wallop","Scrawl+1","WaveOfTheHand+1","Consecrate+1","CutThroughFate+1","Wireheading","CrushJoints","Ragnarok","Swift Strike","Omniscience","Omniscience","InnerPeace","WreathOfFlame+1","Fasting2","Blind","CrushJoints+1","PanicButton","InnerPeace","LikeWater","Adaptation","BattleHymn","Nirvana","Wireheading","Study"],"relics":["PureWater","Pen Nib","Sundial","Happy Flower","WingedGreaves","HornCleat","Tiny Chest","Pocketwatch","Shuriken","Nunchaku","Membership Card","Anchor","Unceasing Top","Vajra","Oddly Smooth Stone","Shovel","CloakClasp","Torii","Akabeko","Sling","TungstenRod","Peace Pipe","Juzu Bracelet","Bag of Preparation","Art of War","The Courier","Coffee Dripper","Red Mask","Ice Cream","Lantern","HandDrill","MawBank","Bag of Marbles","Bird Faced Urn","StoneCalendar","Nloth\u0027s Gift","Yang","Regal Pillow","VioletLotus","PreservedInsect","Orrery","Turnip","Ancient Tea Set","Blood Vial","Bronze Scales","Boot","Molten Egg 2","Eternal Feather","Centennial Puzzle","Pantograph","Ginger","Mummified Hand","Kunai","Letter Opener","Bottled Tornado"],"acts_visited":["Exordium","TheCity","TheBeyond","TheEnding"],"potions_floor_usage":[56,56],"damage_taken":[{"damage":0.0,"enemies":"Small Slimes","floor":1.0,"turns":1.0},{"damage":0.0,"enemies":"Jaw Worm","floor":2.0,"turns":2.0},{"damage":0.0,"enemies":"Cultist","floor":5.0,"turns":3.0},{"damage":0.0,"enemies":"3 Sentries","floor":6.0,"turns":4.0},{"damage":0.0,"enemies":"Lagavulin","floor":7.0,"turns":3.0},{"damage":0.0,"enemies":"Gremlin Nob","floor":12.0,"turns":2.0},{"damage":0.0,"enemies":"Lagavulin","floor":13.0,"turns":2.0},{"damage":0.0,"enemies":"Slime Boss","floor":16.0,"turns":4.0},{"damage":0.0,"enemies":"Chosen","floor":18.0,"turns":4.0},{"damage":0.0,"enemies":"3 Byrds","floor":19.0,"turns":3.0},{"damage":0.0,"enemies":"Masked Bandits","floor":20.0,"turns":4.0},{"damage":7.0,"enemies":"Cultist and Chosen","floor":22.0,"turns":6.0},{"damage":0.0,"enemies":"Gremlin Leader","floor":23.0,"turns":2.0},{"damage":0.0,"enemies":"Book of Stabbing","floor":25.0,"turns":5.0},{"damage":0.0,"enemies":"Gremlin Leader","floor":28.0,"turns":2.0},{"damage":34.0,"enemies":"Automaton","floor":33.0,"turns":7.0},{"damage":0.0,"enemies":"Orb Walker","floor":35.0,"turns":4.0},{"damage":0.0,"enemies":"3 Shapes","floor":37.0,"turns":2.0},{"damage":0.0,"enemies":"Nemesis","floor":40.0,"turns":1.0},{"damage":0.0,"enemies":"Sphere and 2 Shapes","floor":41.0,"turns":2.0},{"damage":0.0,"enemies":"Giant Head","floor":44.0,"turns":3.0},{"damage":0.0,"enemies":"Nemesis","floor":45.0,"turns":1.0},{"damage":0.0,"enemies":"Giant Head","floor":47.0,"turns":4.0},{"damage":0.0,"enemies":"3 Darklings","floor":48.0,"turns":1.0},{"damage":0,"enemies":"Awakened One","floor":50,"turns":4},{"damage":0,"enemies":"Donu and Deca","floor":51,"turns":2},{"damage":23,"enemies":"Shield and Spear","floor":55,"turns":5},{"damage":27,"enemies":"The Heart","floor":56,"turns":8}],"seed_played":"-2743525673201951116","potions_obtained":[{"floor":1.0,"key":"FearPotion"},{"floor":2.0,"key":"Strength Potion"},{"floor":6.0,"key":"AttackPotion"},{"floor":7.0,"key":"LiquidMemories"},{"floor":20.0,"key":"Dexterity Potion"},{"floor":25.0,"key":"Dexterity Potion"}],"is_trial":false,"path_per_floor":["M","M","?","$","M","E","E","R","T","$","?","E","E","?","R","B",null,"M","M","?","$","M","E","T","E","T","?","E","?","R","?","R","B",null,"M","T","M","$","?","E","M","?","T","E","E","R","E","M","R","B","B",null,"R","$","E","B",null],"character_chosen":"WATCHER","items_purchased":["Membership Card","Anchor","HornCleat","Vajra","Oddly Smooth Stone","CutThroughFate","Wallop","Shovel","CloakClasp","Akabeko","Sling","TungstenRod","FlurryOfBlows","LessonLearned","Ragnarok","Shuriken","TalkToTheHand","Juzu Bracelet","Wallop","HandOfGreed","Ice Cream","Lantern","HandDrill","ThirdEye","PreservedInsect","Wallop","Orrery","Turnip","CrushJoints","Ragnarok","Ancient Tea Set","Blood Vial","Bronze Scales","Ginger","Mummified Hand","Kunai","Letter Opener","Blind","CrushJoints+1","PanicButton","InnerPeace","LikeWater","Adaptation","BattleHymn","Nirvana","Wireheading","Study"],"campfire_rested":1,"item_purchase_floors":[0,0,0,0,0,0,0,0,0,0,0,0,0,0,0,0,0,4,10,21,21,21,21,21,38,38,38,38,38,38,38,38,38,54,54,54,54,54,54,54,54,54,54,54,54,54,54],"current_hp_per_floor":[19,19,19,19,19,19,19,19,19,19,19,24,24,14,34,34,60,60,60,60,60,58,58,58,58,58,58,58,58,58,58,58,24,57,57,57,57,57,57,59,67,67,67,68,68,68,68,68,68,68,68,68,68,68,47,50],"gold":63,"neow_bonus":"","is_daily":false,"chose_seed":false,"campfire_upgraded":0,"win_rate":0.0,"timestamp":1609330402,"path_taken":["M","M","?","$","M","E","E","R","T","$","?","E","E","?","R","BOSS","M","M","?","$","M","E","?","E","T","?","E","?","R","?","R","BOSS","M","?","M","$","?","E","M","?","T","E","E","R","E","M","R","BOSS","BOSS","R","$","E","BOSS"],"items_purchased_type":["Relic","Relic","Relic","Relic","Relic","Card","Card","Relic","Relic","Relic","Relic","Relic","Card","Card","Card","Relic","Card","Relic","Card","Card","Relic","Relic","Relic","Card","Relic","Card","Relic","Relic","Card","Card","Relic","Relic","Relic","Relic","Relic","Relic","Relic","Card","Card","Card","Card","Card","Card","Card","Card","Card","Card"],"build_version":"2020-12-22","purchased_purges":4,"victory":true,"max_hp_per_floor":[68,68,68,68,68,68,68,68,68,68,68,68,68,68,68,68,68,68,68,68,68,68,68,68,68,68,68,68,68,68,68,68,68,68,68,68,68,68,68,68,68,68,68,68,68,68,68,68,68,68,68,68,68,68,68,68],"relic_stats":{"Regal Pillow":0,"Torii":5,"StoneCalendar":[88],"Yang":[948],"CloakClasp":[308],"Juzu Bracelet":3,"Bag of Preparation":[164],"Ginger":[17],"Boot":[1],"Blood Vial":26,"Nunchaku":[19],"Centennial Puzzle":[21],"Shovel":5,"Sundial":[0],"Mummified Hand":[15],"Pantograph":21,"Tiny Chest":4,"VioletLotus":[4],"HandDrill":[30],"Kunai":[207],"Happy Flower":[35],"counters":[220,909],"Eternal Feather":0,"Pen Nib":[64],"PreservedInsect":2491,"Letter Opener":[40],"MawBank":720,"Peace Pipe":2,"Shuriken":[142],"Bird Faced Urn":[17],"Bronze Scales":[457],"Turnip":[11],"Art of War":[9],"Nloth\u0027s Gift":6,"obtain_stats":[{"Whetstone":55,"Ginger":29,"Bottled Tornado":28,"Boot":38,"Sling":4,"Old Coin":47,"Blood Vial":8,"Sundial":10,"MealTicket":6,"HandDrill":0,"Kunai":22,"Pear":54,"Blue Candle":23,"Eternal Feather":45,"Pen Nib":6,"Akabeko":41,"SlaversCollar":34,"MutagenicStrength":22,"Bird Faced Urn":41,"Pandora\u0027s Box":34,"StrikeDummy":10,"Unceasing Top":43,"Lantern":9,"Regal Pillow":7,"Torii":17,"Singing Bowl":23,"StoneCalendar":0,"Bag of Preparation":55,"Smiling Mask":25,"Ancient Tea Set":17,"Cursed Key":17,"Matryoshka":14,"Shovel":0,"WingedGreaves":0,"InkBottle":29,"Potion Belt":40,"Golden Idol":5,"Damaru":26,"Thread and Needle":25,"The Courier":10,"PreservedInsect":25,"Omamori":48,"Frozen Egg 2":48,"GoldenEye":0,"MawBank":9,"Ornamental Fan":31,"Orrery":46,"Turnip":30,"Art of War":25,"Bottled Lightning":45,"Toy Ornithopter":6,"Ice Cream":0,"Calipers":0,"Gremlin Horn":0,"CeramicFish":0,"Vajra":0,"Centennial Puzzle":8,"Lizard Tail":39,"HornCleat":54,"Strawberry":7,"Prayer Wheel":42,"VioletLotus":17,"Toxic Egg 2":23,"Happy Flower":42,"Dead Branch":55,"Oddly Smooth Stone":22,"Letter Opener":44,"War Paint":23,"Question Card":30,"OrangePellets":0,"Bottled Flame":9,"Shuriken":0,"Bronze Scales":9,"Molten Egg 2":0,"Black Star":34,"Nloth\u0027s Gift":29,"Meat on the Bone":23,"Pocketwatch":0,"Darkstone Periapt":44,"Yang":26,"Incense Burner":22,"Juzu Bracelet":39,"CloakClasp":55,"TeardropLocket":0,"Frozen Eye":54,"Dream Catcher":13,"Nunchaku":0,"Mummified Hand":0,"Pantograph":28,"Gambling Chip":17,"Tiny Chest":17,"Red Mask":19,"Runic Pyramid":17,"Orichalcum":4,"White Beast Statue":17,"Mercury Hourglass":21,"Calling Bell":17,"Peace Pipe":21,"Strange Spoon":0,"Anchor":40,"CaptainsWheel":42,"HolyWater":34,"Bag of Marbles":0,"Coffee Dripper":34,"Membership Card":0,"PureWater":0,"FossilizedHelix":0,"TungstenRod":0},{"Whetstone":55,"Ginger":150,"Bottled Tornado":44,"Boot":49,"Sling":105,"Old Coin":159,"Blood Vial":36,"Sundial":109,"MealTicket":35,"HandDrill":32,"Kunai":14,"Pear":162,"Blue Candle":86,"Eternal Feather":214,"Pen Nib":4,"Akabeko":50,"SlaversCollar":47,"MutagenicStrength":40,"Bird Faced Urn":126,"Pandora\u0027s Box":121,"StrikeDummy":6,"Unceasing Top":156,"Lantern":5,"Regal Pillow":107,"Torii":65,"Singing Bowl":115,"StoneCalendar":164,"Bag of Preparation":102,"Smiling Mask":16,"Ancient Tea Set":65,"Cursed Key":82,"Matryoshka":111,"Shovel":192,"WingedGreaves":192,"InkBottle":150,"Potion Belt":25,"Golden Idol":59,"Damaru":16,"Thread and Needle":147,"The Courier":37,"PreservedInsect":68,"Omamori":30,"Frozen Egg 2":30,"GoldenEye":103,"MawBank":168,"Ornamental Fan":46,"Orrery":51,"Turnip":18,"Art of War":68,"Bottled Lightning":97,"Toy Ornithopter":60,"Ice Cream":133,"Calipers":164,"Gremlin Horn":0,"CeramicFish":0,"Vajra":0,"Centennial Puzzle":77,"Lizard Tail":154,"HornCleat":162,"Strawberry":136,"Prayer Wheel":26,"VioletLotus":38,"Toxic Egg 2":177,"Happy Flower":26,"Dead Branch":163,"Oddly Smooth Stone":14,"Letter Opener":27,"War Paint":145,"Question Card":120,"OrangePellets":56,"Bottled Flame":108,"Shuriken":56,"Bronze Scales":77,"Molten Egg 2":133,"Black Star":20,"Nloth\u0027s Gift":207,"Meat on the Bone":41,"Pocketwatch":192,"Darkstone Periapt":27,"Yang":116,"Incense Burner":14,"Juzu Bracelet":93,"CloakClasp":191,"TeardropLocket":32,"Frozen Eye":190,"Dream Catcher":9,"Nunchaku":32,"Mummified Hand":103,"Pantograph":87,"Gambling Chip":172,"Tiny Chest":172,"Red Mask":84,"Runic Pyramid":11,"Orichalcum":34,"White Beast Statue":172,"Mercury Hourglass":114,"Calling Bell":65,"Peace Pipe":66,"Strange Spoon":0,"Anchor":25,"CaptainsWheel":156,"HolyWater":90,"Bag of Marbles":0,"Coffee Dripper":151,"Membership Card":0,"PureWater":0,"FossilizedHelix":164,"TungstenRod":192},{"Whetstone":255,"Ginger":674,"Bottled Tornado":196,"Boot":225,"Sling":506,"Old Coin":701,"Blood Vial":160,"Sundial":517,"MealTicket":155,"HandDrill":142,"Kunai":41,"Pear":716,"Blue Candle":396,"Eternal Feather":885,"Pen Nib":9,"Akabeko":231,"SlaversCollar":216,"MutagenicStrength":179,"Bird Faced Urn":577,"Pandora\u0027s Box":555,"StrikeDummy":15,"Unceasing Top":693,"Lantern":11,"Regal Pillow":511,"Torii":303,"Singing Bowl":536,"StoneCalendar":723,"Bag of Preparation":493,"Smiling Mask":48,"Ancient Tea Set":303,"Cursed Key":383,"Matryoshka":523,"Shovel":818,"WingedGreaves":818,"InkBottle":674,"Potion Belt":96,"Golden Idol":276,"Damaru":48,"Thread and Needle":667,"The Courier":164,"PreservedInsect":317,"Omamori":126,"Frozen Egg 2":126,"GoldenEye":501,"MawBank":733,"Ornamental Fan":208,"Orrery":233,"Turnip":59,"Art of War":317,"Bottled Lightning":458,"Toy Ornithopter":284,"Ice Cream":628,"Calipers":723,"Gremlin Horn":0,"CeramicFish":0,"Vajra":0,"Centennial Puzzle":363,"Lizard Tail":685,"HornCleat":716,"Strawberry":633,"Prayer Wheel":103,"VioletLotus":169,"Toxic Egg 2":756,"Happy Flower":103,"Dead Branch":717,"Oddly Smooth Stone":41,"Letter Opener":110,"War Paint":655,"Question Card":547,"OrangePellets":263,"Bottled Flame":514,"Shuriken":263,"Bronze Scales":363,"Molten Egg 2":628,"Black Star":74,"Nloth\u0027s Gift":865,"Meat on the Bone":184,"Pocketwatch":818,"Darkstone Periapt":110,"Yang":537,"Incense Burner":41,"Juzu Bracelet":435,"CloakClasp":811,"TeardropLocket":142,"Frozen Eye":808,"Dream Catcher":24,"Nunchaku":142,"Mummified Hand":501,"Pantograph":401,"Gambling Chip":743,"Tiny Chest":743,"Red Mask":390,"Runic Pyramid":32,"Orichalcum":149,"White Beast Statue":743,"Mercury Hourglass":533,"Calling Bell":303,"Peace Pipe":307,"Strange Spoon":0,"Anchor":96,"CaptainsWheel":693,"HolyWater":417,"Bag of Marbles":0,"Coffee Dripper":677,"Membership Card":0,"PureWater":0,"FossilizedHelix":723,"TungstenRod":818}],"Unceasing Top":[0],"TungstenRod":19,"Pocketwatch":[58]},"card_choices":[{"not_picked":["FearNoEvil","FlyingSleeves","BowlingBash"],"picked":"SKIP","floor":1.0},{"not_picked":["FollowUp","Pray","Nirvana"],"picked":"SKIP","floor":2.0},{"not_picked":["BowlingBash","SashWhip","ReachHeaven"],"picked":"SKIP","floor":5.0},{"not_picked":["Consecrate","MasterReality"],"picked":"EmptyBody","floor":6.0},{"not_picked":["Halt","ReachHeaven","ClearTheMind"],"picked":"SKIP","floor":7.0},{"not_picked":["SignatureMove","FollowUp","CarveReality"],"picked":"SKIP","floor":12.0},{"not_picked":["Indignation","FlyingSleeves","Crescendo"],"picked":"SKIP","floor":13.0},{"not_picked":["Devotion","Brilliance"],"picked":"Wish","floor":16.0},{"not_picked":["ClearTheMind","Halt","Prostrate"],"picked":"SKIP","floor":18.0},{"not_picked":["FlyingSleeves","BattleHymn","SandsOfTime+1"],"picked":"SKIP","floor":19.0},{"not_picked":["Halt","Collect"],"picked":"FlurryOfBlows","floor":20.0},{"not_picked":["CarveReality","Worship"],"picked":"Protect","floor":22.0},{"not_picked":["PathToVictory","Prostrate","Consecrate"],"picked":"SKIP","floor":23.0},{"not_picked":["JustLucky","EmptyBody"],"picked":"Omniscience","floor":25.0},{"not_picked":["Meditate","ReachHeaven"],"picked":"Collect","floor":28.0},{"not_picked":["Judgement","Brilliance"],"picked":"DeusExMachina","floor":33.0},{"not_picked":["Protect","JustLucky"],"picked":"DeusExMachina","floor":35.0},{"not_picked":["Judgement","WreathOfFlame"],"picked":"Fasting2","floor":37.0},{"not_picked":["FearNoEvil","BattleHymn+1"],"picked":"Scrawl","floor":38.0},{"not_picked":["EmptyFist+1","BowlingBash"],"picked":"WaveOfTheHand+1","floor":38.0},{"not_picked":["Swivel","Worship+1"],"picked":"Consecrate+1","floor":38.0},{"not_picked":["BowlingBash+1","Prostrate"],"picked":"CutThroughFate","floor":38.0},{"not_picked":["Weave","FollowUp"],"picked":"Wireheading","floor":38.0},{"not_picked":["Forethought","The Bomb"],"picked":"Swift Strike","floor":39.0},{"not_picked":["JustLucky+1","Wish"],"picked":"Omniscience","floor":40.0},{"not_picked":["WaveOfTheHand+1","EmptyFist","Nirvana"],"picked":"SKIP","floor":41.0},{"not_picked":["CrushJoints+1","FlyingSleeves+1"],"picked":"Omniscience","floor":44.0},{"not_picked":["ClearTheMind","Perseverance"],"picked":"InnerPeace","floor":45.0},{"not_picked":["BattleHymn","Meditate"],"picked":"WreathOfFlame+1","floor":47.0},{"not_picked":["EmptyBody","BowlingBash+1"],"picked":"Fasting2","floor":48.0},{"not_picked":["MasterReality","ConjureBlade","Conclude+1"],"picked":"SKIP","floor":55}],"player_experience":1285058,"relics_obtained":[{"floor":6.0,"key":"Toy Ornithopter"},{"floor":7.0,"key":"Tiny Chest"},{"floor":8.0,"key":"Bag of Preparation"},{"floor":9.0,"key":"Art of War"},{"floor":12.0,"key":"The Courier"},{"floor":13.0,"key":"Nunchaku"},{"floor":20.0,"key":"Red Mask"},{"floor":23.0,"key":"MawBank"},{"floor":24.0,"key":"Bag of Marbles"},{"floor":25.0,"key":"Bird Faced Urn"},{"floor":26.0,"key":"Happy Flower"},{"floor":28.0,"key":"StoneCalendar"},{"floor":30.0,"key":"Yang"},{"floor":32.0,"key":"Regal Pillow"},{"floor":36.0,"key":"Sundial"},{"floor":40.0,"key":"Boot"},{"floor":44.0,"key":"Molten Egg 2"},{"floor":45.0,"key":"Eternal Feather"},{"floor":46.0,"key":"Pen Nib"},{"floor":47.0,"key":"Centennial Puzzle"},{"floor":53,"key":"Pantograph"},{"floor":55,"key":"Bottled Tornado"}],"event_choices":[{"damage_healed":0.0,"max_hp_gain":0.0,"max_hp_loss":0.0,"gold_gain":150.0,"event_name":"betterThird:BetterSerpent","player_choice":"AGREE","floor":3.0,"gold_loss":0.0,"damage_taken":129.0},{"cards_removed":["Strike_P"],"damage_healed":0.0,"max_hp_gain":0.0,"max_hp_loss":0.0,"gold_gain":0.0,"event_name":"Purifier","player_choice":"Purged","floor":11.0,"gold_loss":0.0,"damage_taken":0.0},{"damage_healed":0.0,"max_hp_gain":1.0,"max_hp_loss":0.0,"gold_gain":75.0,"event_name":"betterThird:BetterGoop","player_choice":"Gold","floor":14.0,"gold_loss":0.0,"damage_taken":11.0},{"damage_healed":0.0,"max_hp_gain":0.0,"max_hp_loss":0.0,"gold_gain":0.0,"event_name":"Masked Bandits","player_choice":"Fought Bandits","floor":20.0,"gold_loss":0.0,"damage_taken":0.0},{"damage_healed":0.0,"max_hp_gain":0.0,"max_hp_loss":0.0,"gold_gain":100.0,"event_name":"The Joust","player_choice":"Bet on Murderer","floor":27.0,"gold_loss":50.0,"damage_taken":0.0},{"damage_healed":0.0,"max_hp_gain":0.0,"max_hp_loss":0.0,"gold_gain":0.0,"event_name":"N\u0027loth","player_choice":"Traded Relic","floor":29.0,"relics_lost":["Toy Ornithopter"],"gold_loss":0.0,"damage_taken":0.0,"relics_obtained":["Nloth\u0027s Gift"]},{"damage_healed":0.0,"max_hp_gain":0.0,"max_hp_loss":0.0,"gold_gain":0.0,"event_name":"Vampires","player_choice":"Ignored","floor":31.0,"gold_loss":0.0,"damage_taken":0.0},{"damage_healed":0.0,"max_hp_gain":0.0,"max_hp_loss":0.0,"gold_gain":0.0,"event_name":"SensoryStone","player_choice":"Memory 1","floor":39.0,"gold_loss":0.0,"damage_taken":0.0},{"damage_healed":0.0,"max_hp_gain":0.0,"max_hp_loss":0.0,"gold_gain":222.0,"event_name":"Tomb of Lord Red Mask","player_choice":"Wore Mask","floor":42.0,"gold_loss":0.0,"damage_taken":0.0}],"is_beta":false,"boss_relics":[{"not_picked":["Empty Cage","Pandora\u0027s Box"],"picked":"Coffee Dripper"},{"not_picked":["Runic Pyramid","Astrolabe"],"picked":"VioletLotus"}],"items_purged_floors":[0,0,4,10],"is_endless":false,"potions_floor_spawned":[1,2,6,7,20,25,33,40,41,44],"ascension_level":20}}