{"host":"lhth1efayex2023z","time":1609297176,"event":{"mods":["BaseMod","Colored Map","Googly Eyes","Minty Spire (QoL Compilation)","StSLib"],"gold_per_floor":[10,21,35,53,69,101,14,43,68,68,79,112,112,62,62,159,159,173,186,186,202,202,231,231,261,261,295,308,322,322,333,333,438,438,458,477,427,443,96,125,125,125,150,184,196,233,257,324,336,348,360,372,4,33,33,33],"floor_reached":55,"playtime":2607,"items_purged":["Defend_R","Strike_R","Perfected Strike","Strike_R+1","Parasite"],"score":1444,"play_id":"4ae429c0-0298-4612-a5a7-36f33c725020","local_time":"20201229195936","is_ascension_mode":true,"campfire_choices":[{"data":"Demon Form","floor":10,"key":"SMITH"},{"data":"Rage","floor":15,"key":"SMITH"},{"data":"Second Wind","floor":24,"key":"SMITH"},{"data":"Bloodletting","floor":32,"key":"SMITH"},{"floor":42,"key":"REST"},{"floor":49,"key":"RECALL"},{"floor":52,"key":"REST"}],"circlet_count":0,"master_deck":["AscendersBane","Strike_R+1","Strike_R+1","Strike_R+1","Defend_R+1","Defend_R+1","Defend_R+1","Bash","Pommel Strike","Rage+1","Ghostly Armor","Clash","Demon Form+1","Power Through","Battle Trance","Metallicize","Offering","Second Wind+1","Spot Weakness","Feel No Pain","Pummel+1","Body Slam+1","Bloodletting+1","Body Slam+1","Demon Form","Pommel Strike+1","Spot Weakness+1","Madness","Madness","Demon Form","Pummel+1","Demon Form"],"relics":["Burning Blood","Incense Burner","Smiling Mask","Pen Nib","Blood Vial","Orichalcum","Runic Pyramid","Anchor","Bag of Preparation","Bottled Lightning","Mummified Hand","Mercury Hourglass","Fusion Hammer","Ice Cream","Pocketwatch","MawBank","Molten Egg 2","Regal Pillow","TungstenRod","StoneCalendar"],"acts_visited":["Exordium","TheCity","TheBeyond","TheEnding"],"potions_floor_usage":[8,11,13,16,23,25,54],"damage_taken":[{"damage":13,"enemies":"Jaw Worm","floor":1,"turns":4},{"damage":1,"enemies":"Cultist","floor":2,"turns":3},{"damage":10,"enemies":"Small Slimes","floor":3,"turns":3},{"damage":1,"enemies":"Looter","floor":4,"turns":3},{"damage":6,"enemies":"Gremlin Gang","floor":5,"turns":6},{"damage":16,"enemies":"Lagavulin","floor":6,"turns":7},{"damage":21,"enemies":"Gremlin Nob","floor":8,"turns":6},{"damage":21,"enemies":"Blue Slaver","floor":11,"turns":4},{"damage":20,"enemies":"3 Sentries","floor":12,"turns":5},{"damage":28,"enemies":"Slime Boss","floor":16,"turns":6},{"damage":9,"enemies":"Chosen","floor":18,"turns":5},{"damage":6,"enemies":"3 Byrds","floor":19,"turns":5},{"damage":7,"enemies":"Centurion and Healer","floor":21,"turns":9},{"damage":17,"enemies":"Book of Stabbing","floor":23,"turns":7},{"damage":47,"enemies":"Slavers","floor":25,"turns":10},{"damage":1,"enemies":"Gremlin Leader","floor":27,"turns":4},{"damage":17,"enemies":"Snake Plant","floor":28,"turns":4},{"damage":6,"enemies":"Cultist and Chosen","floor":29,"turns":3},{"damage":6,"enemies":"3 Cultists","floor":31,"turns":3},{"damage":24,"enemies":"Collector","floor":33,"turns":5},{"damage":6,"enemies":"3 Shapes","floor":35,"turns":2},{"damage":9,"enemies":"3 Darklings","floor":36,"turns":3},{"damage":6,"enemies":"Transient","floor":38,"turns":5},{"damage":10,"enemies":"Giant Head","floor":40,"turns":5},{"damage":9,"enemies":"Nemesis","floor":44,"turns":3},{"damage":11,"enemies":"Giant Head","floor":46,"turns":5},{"damage":1,"enemies":"Writhing Mass","floor":47,"turns":3},{"damage":23,"enemies":"Time Eater","floor":50,"turns":5},{"damage":75,"enemies":"Shield and Spear","floor":54,"turns":6},{"damage":15,"enemies":"The Heart","floor":55,"turns":2}],"seed_played":"8953852832901441516","potions_obtained":[{"floor":5,"key":"Weak Potion"},{"floor":6,"key":"Regen Potion"},{"floor":8,"key":"ColorlessPotion"},{"floor":11,"key":"Fruit Juice"},{"floor":12,"key":"Energy Potion"},{"floor":13,"key":"BloodPotion"},{"floor":13,"key":"Explosive Potion"},{"floor":18,"key":"BlessingOfTheForge"},{"floor":19,"key":"EssenceOfSteel"},{"floor":27,"key":"LiquidBronze"},{"floor":28,"key":"Dexterity Potion"},{"floor":31,"key":"Strength Potion"},{"floor":44,"key":"SkillPotion"}],"is_trial":false,"path_per_floor":["M","M","M","M","M","E","$","E","T","R","M","E","?","$","R","B",null,"M","M","?","M","?","E","R","E","T","E","M","M","?","M","R","B",null,"M","M","$","M","$","E","?","R","T","E","?","E","M","T","R","B",null,"R","$","E","B"],"character_chosen":"IRONCLAD","items_purchased":["Power Through","Ice Cream","TungstenRod","Pummel+1"],"campfire_rested":2,"item_purchase_floors":[7,39,53,53],"current_hp_per_floor":[65,70,66,71,71,61,61,61,61,61,53,41,58,58,58,38,73,72,74,74,75,75,66,66,27,27,34,25,27,27,29,29,13,67,69,68,68,70,70,68,57,82,82,81,81,78,85,85,85,68,81,85,82,13,0,0],"gold":33,"neow_bonus":"ONE_RARE_RELIC","is_daily":false,"chose_seed":false,"campfire_upgraded":4,"win_rate":0.0,"timestamp":1609297176,"path_taken":["M","M","M","M","M","E","$","E","T","R","M","E","?","?","R","BOSS","M","M","?","M","?","E","R","E","T","E","?","M","?","?","R","BOSS","M","M","$","M","$","E","?","R","T","E","?","E","M","?","R","BOSS","R","$","E","BOSS"],"items_purchased_type":["Card","Relic","Relic","Card"],"build_version":"2020-12-22","purchased_purges":5,"victory":false,"max_hp_per_floor":[80,80,80,80,80,80,80,80,80,80,85,85,85,85,85,85,85,85,85,85,85,85,85,85,85,85,85,85,85,85,85,85,85,85,85,85,85,85,85,85,85,85,85,85,85,85,85,85,85,85,85,85,82,82,82,82],"card_choices":[{"not_picked":["Warcry","Seeing Red"],"picked":"Perfected Strike","floor":1},{"not_picked":["Shrug It Off","Pummel"],"picked":"Pommel Strike","floor":2},{"not_picked":["Heavy Blade","Combust"],"picked":"Rage","floor":3},{"not_picked":["Pommel Strike","Burning Pact"],"picked":"Ghostly Armor","floor":4},{"not_picked":["Pummel","Hemokinesis"],"picked":"Clash","floor":5},{"not_picked":["Sentinel","Inflame"],"picked":"Demon Form","floor":6},{"not_picked":["Ghostly Armor","Pommel Strike"],"picked":"Twin Strike","floor":8},{"not_picked":["Armaments","Heavy Blade"],"picked":"Battle Trance","floor":11},{"not_picked":["Thunderclap","Perfected Strike"],"picked":"Metallicize","floor":12},{"not_picked":["Corruption","Feed"],"picked":"Offering","floor":16},{"not_picked":["Thunderclap","Headbutt+1"],"picked":"Sword Boomerang","floor":18},{"not_picked":["Flex","Rupture"],"picked":"Second Wind","floor":19},{"not_picked":["Battle Trance","Iron Wave"],"picked":"Spot Weakness","floor":21},{"not_picked":["Burning Pact","Intimidate+1","Clothesline"],"picked":"SKIP","floor":23},{"not_picked":["Uppercut","Burning Pact"],"picked":"Pummel+1","floor":25},{"not_picked":["Uppercut+1","Exhume"],"picked":"Body Slam+1","floor":27},{"not_picked":["Clothesline","Iron Wave","Heavy Blade"],"picked":"SKIP","floor":28},{"not_picked":["Wild Strike","Sever Soul"],"picked":"Bloodletting","floor":29},{"not_picked":["Iron Wave+1","Uppercut"],"picked":"Body Slam+1","floor":31},{"not_picked":["Juggernaut","Barricade"],"picked":"Demon Form","floor":33},{"not_picked":["Clothesline","Spot Weakness+1","Thunderclap"],"picked":"SKIP","floor":35},{"not_picked":["Armaments","Cleave"],"picked":"Pommel Strike+1","floor":36},{"not_picked":["Armaments","Feed"],"picked":"Spot Weakness+1","floor":38},{"not_picked":["Immolate","Armaments","Thunderclap+1"],"picked":"SKIP","floor":40},{"not_picked":["Cleave","Warcry","Hemokinesis"],"picked":"SKIP","floor":44},{"not_picked":["Cleave","Warcry","Hemokinesis"],"picked":"SKIP","floor":44},{"not_picked":["Perfected Strike+1","Rage","Combust"],"picked":"SKIP","floor":46},{"not_picked":["Dark Embrace","Armaments"],"picked":"Demon Form","floor":47},{"not_picked":["Dropkick+1","Infernal Blade+1"],"picked":"Demon Form","floor":54}],"player_experience":423835,"relics_obtained":[{"floor":6,"key":"Smiling Mask"},{"floor":8,"key":"Pen Nib"},{"floor":9,"key":"Blood Vial"},{"floor":12,"key":"Orichalcum"},{"floor":23,"key":"Anchor"},{"floor":25,"key":"Bag of Preparation"},{"floor":26,"key":"Bottled Lightning"},{"floor":27,"key":"Mummified Hand"},{"floor":40,"key":"Pocketwatch"},{"floor":44,"key":"MawBank"},{"floor":46,"key":"Molten Egg 2"},{"floor":48,"key":"Regal Pillow"},{"floor":54,"key":"StoneCalendar"}],"event_choices":[{"damage_healed":0,"gold_gain":0,"player_choice":"Got Potions","damage_taken":0,"max_hp_gain":0,"max_hp_loss":0,"event_name":"Lab","floor":13,"gold_loss":0},{"damage_healed":0,"gold_gain":0,"player_choice":"Simplicity","damage_taken":0,"max_hp_gain":0,"max_hp_loss":0,"event_name":"Back to Basics","floor":20,"gold_loss":0,"cards_upgraded":["Strike_R","Strike_R","Strike_R","Strike_R","Defend_R","Defend_R","Defend_R"]},{"damage_healed":0,"gold_gain":0,"cards_transformed":["Twin Strike"],"player_choice":"Transformed","damage_taken":0,"max_hp_gain":0,"max_hp_loss":0,"event_name":"Transmorgrifier","floor":22,"gold_loss":0,"cards_obtained":["Feel No Pain"]},{"damage_healed":0,"gold_gain":0,"player_choice":"Gave Potion","damage_taken":0,"relics_obtained":["Mercury Hourglass"],"max_hp_gain":0,"max_hp_loss":0,"event_name":"WeMeetAgain","floor":30,"gold_loss":0},{"damage_healed":0,"gold_gain":0,"player_choice":"Embrace Madness","damage_taken":11,"max_hp_gain":0,"max_hp_loss":0,"event_name":"Winding Halls","floor":41,"gold_loss":0,"cards_obtained":["Madness","Madness"]},{"cards_removed":["Sword Boomerang"],"damage_healed":0,"gold_gain":0,"player_choice":"Removed Attack","damage_taken":0,"max_hp_gain":0,"max_hp_loss":0,"event_name":"Falling","floor":45,"gold_loss":0}],"is_beta":false,"boss_relics":[{"not_picked":["Runic Cube","SacredBark"],"picked":"Runic Pyramid"},{"not_picked":["Snecko Eye","SlaversCollar"],"picked":"Fusion Hammer"}],"items_purged_floors":[7,14,37,39,53],"is_endless":false,"potions_floor_spawned":[5,6,8,11,12,18,19,27,28,31,33,38,44],"killed_by":"The Heart","ascension_level":12}}