{"host":"tr12w2fixbnujl15","time":1609349130,"event":{"mods":["2.2 Compatiblity","BaseMod","Better Skull","BetterRewards","CatGirl Mod","Colored Powertips","Hubris","Infinite Spire","Jorbs\u0027s Wanderer Trilogy","Luminous","Minty Spire (QoL Compilation)","Quick Restart","Reimu??????","Replay The Spire","StSLib","SuperFastMode","Td1madao Mod","The Animator","The Sage","The Spell Scribe","WarShipGirlsR/????R mod"],"gold_per_floor":[116,0,0,18,35,35,49,62,62,62,62,77,77,2,2,10,10],"floor_reached":16,"playtime":2453,"items_purged":["Delirium"],"score":92,"play_id":"ee7a52e1-de15-4271-b51c-b9230268a6d3","local_time":"20201230122530","is_ascension_mode":false,"campfire_choices":[{"floor":6,"key":"REST"},{"floor":10,"key":"REST"},{"data":"rmod:luckystar","floor":15,"key":"SMITH"}],"circlet_count":0,"master_deck":["rmod:strick","rmod:strick","rmod:strick","rmod:strick","rmod:defend","rmod:defend","rmod:defend","rmod:defend","rmod:basicallowance","rmod:maingunfire","rmod:goodsister","rmod:goodsister","rmod:spoils","rmod:unsinkable","rmod:firesupport","rmod:intelligenceanalysis","Discovery","hubris:EnhanceAbility+1","rmod:fletcherpendant","rmod:steelsupply","rmod:ammunitionsupply","rmod:intelligenceanalysis","rmod:openingtorpedo","rmod:luckystar","rmod:maintain","rmod:victimresponsibility","rmod:luckystar+1","rmod:fletcherpendant","rmod:aviationdawn"],"relics":["rmod:firstchargereward","hubris:BundleOfHerbs","Dream Catcher","BargainBundle","infinitespire:Lucky Rock","ReplayTheSpireMod:Shallot","hubris:Towel","ReplayTheSpireMod:Ring of Challenge","Ring of Fangs"],"acts_visited":["Exordium"],"potions_floor_usage":[16],"damage_taken":[{"damage":0,"enemies":"Small Slimes","floor":1,"turns":3},{"damage":12,"enemies":"2 Louse","floor":4,"turns":3},{"damage":0,"enemies":"Cultist","floor":5,"turns":2},{"damage":23,"enemies":"Exordium Thugs","floor":7,"turns":5},{"damage":0,"enemies":"Looter","floor":8,"turns":3},{"damage":3,"enemies":"3 Louse","floor":12,"turns":4},{"damage":13,"enemies":"Hexaghost","floor":16,"turns":6}],"seed_played":"-6506013296015370589","potions_obtained":[{"floor":4,"key":"DuplicationPotion"},{"floor":5,"key":"SkillPotion"}],"is_trial":false,"path_per_floor":["M","$","?","M","M","R","M","M","T","R","?","M","?","$","R","B"],"character_chosen":"PRAEFECT","items_purchased":["BargainBundle","rmod:goodsister","rmod:spoils","rmod:unsinkable","rmod:firesupport","rmod:intelligenceanalysis","Discovery","hubris:EnhanceAbility","infinitespire:Lucky Rock","Block Potion","Explosive Potion","Swift Potion","rmod:steelsupply","rmod:ammunitionsupply","rmod:intelligenceanalysis"],"campfire_rested":2,"item_purchase_floors":[0,0,0,0,0,0,0,0,0,0,0,0,2,2,2],"current_hp_per_floor":[75,75,75,63,63,75,52,52,52,74,74,71,71,71,71,58,58],"gold":10,"neow_bonus":"","is_daily":false,"chose_seed":false,"campfire_upgraded":1,"win_rate":0.0,"timestamp":1609349130,"path_taken":["M","$","?","M","M","R","M","M","T","R","?","M","?","$","R","BOSS"],"items_purchased_type":["Relic","Card","Card","Card","Card","Card","Card","Card","Relic","Potion","Potion","Potion","Card","Card","Card"],"build_version":"2020-12-22","purchased_purges":1,"victory":false,"max_hp_per_floor":[75,75,75,75,75,75,75,75,75,75,75,75,75,75,75,75,75],"card_choices":[{"not_picked":["rmod:aluminumsupply","rmod:openingtorpedo"],"picked":"rmod:fletcherpendant","floor":1},{"not_picked":["rmod:ammunitionsupply","rmod:intelligenceanalysis"],"picked":"rmod:openingtorpedo","floor":4},{"not_picked":["rmod:ammunitionsupply","rmod:circuitoustactics"],"picked":"rmod:luckystar","floor":5},{"not_picked":["rmod:heivgo","rmod:aggressivemary"],"picked":"rmod:maintain","floor":6},{"not_picked":["rmod:ridicule","rmod:lonelyqueen"],"picked":"rmod:victimresponsibility","floor":7},{"not_picked":["rmod:diamondstrike","rmod:aggressivemary"],"picked":"rmod:luckystar","floor":8},{"not_picked":["rmod:circuitoustactics","rmod:chargemoney"],"picked":"rmod:fletcherpendant","floor":10},{"not_picked":["rmod:circuitoustactics","rmod:generalist"],"picked":"rmod:aviationdawn","floor":12}],"player_experience":12492,"relics_obtained":[{"floor":9,"key":"ReplayTheSpireMod:Shallot"},{"floor":13,"key":"ReplayTheSpireMod:Ring of Challenge"},{"floor":13,"key":"Ring of Fangs"}],"event_choices":[{"damage_healed":0,"gold_gain":0,"player_choice":"Grow","damage_taken":0,"max_hp_gain":0,"max_hp_loss":0,"event_name":"Living Wall","floor":3,"gold_loss":0,"cards_upgraded":["hubris:EnhanceAbility"]}],"is_beta":false,"boss_relics":[],"items_purged_floors":[14],"is_endless":false,"potions_floor_spawned":[4,5],"killed_by":"Hexaghost","ascension_level":0}}