{"host":"lstuuc6roym1046h","time":1609361980,"event":{"mods":["AchievementEnabler","BaseMod","Minty Spire (QoL Compilation)","Relic Stats","StSLib"],"gold_per_floor":[114,133,133,150,168,168,197,197,197,197,227,49,79,79,79,157,157,174,188,188,200,216,216,251,251,251,280,291,291,317,329,329,329,329],"floor_reached":33,"playtime":2059,"items_purged":["Strike_G"],"score":650,"play_id":"6cc8cc93-97c6-42b6-b111-3ec08425a197","local_time":"20201230205940","is_ascension_mode":true,"campfire_choices":[{"data":"Skewer","floor":6.0,"key":"SMITH"},{"floor":8.0,"key":"REST"},{"floor":10.0,"key":"REST"},{"data":"Well Laid Plans","floor":15.0,"key":"SMITH"},{"floor":23,"key":"REST"},{"data":"Catalyst","floor":25,"key":"SMITH"},{"floor":29,"key":"REST"},{"floor":32,"key":"REST"}],"circlet_count":0,"master_deck":["AscendersBane","Defend_G","Defend_G","Defend_G","Defend_G","Survivor","Neutralize+1","All Out Attack","Well Laid Plans+1","Bouncing Flask","Skewer+1","Riddle With Holes","Catalyst+1","Dodge and Roll","Noxious Fumes","Deadly Poison","Backstab+1","Tools of the Trade","Underhanded Strike+1","All Out Attack+1","Dagger Throw+1","Bouncing Flask","Tactician","Backflip","Dodge and Roll","Blur"],"relics":["Black Star","Oddly Smooth Stone","Ninja Scroll","Mercury Hourglass","Lantern","Happy Flower","Omamori","Mummified Hand","Astrolabe","Letter Opener","Eternal Feather","Gremlin Horn","Akabeko","Whetstone","Tingsha","Boot"],"acts_visited":["Exordium","TheCity"],"potions_floor_usage":[24,24,27,33],"damage_taken":[{"damage":3.0,"enemies":"2 Louse","floor":1.0,"turns":4.0},{"damage":0.0,"enemies":"Cultist","floor":2.0,"turns":3.0},{"damage":8.0,"enemies":"Small Slimes","floor":4.0,"turns":4.0},{"damage":17.0,"enemies":"Gremlin Gang","floor":5.0,"turns":6.0},{"damage":2.0,"enemies":"3 Sentries","floor":7.0,"turns":5.0},{"damage":28.0,"enemies":"Lagavulin","floor":11.0,"turns":5.0},{"damage":5.0,"enemies":"3 Sentries","floor":13.0,"turns":5.0},{"damage":9.0,"enemies":"Hexaghost","floor":16.0,"turns":7.0},{"damage":0.0,"enemies":"Spheric Guardian","floor":18.0,"turns":3.0},{"damage":12.0,"enemies":"Shell Parasite","floor":19.0,"turns":3.0},{"damage":13.0,"enemies":"Cultist and Chosen","floor":21.0,"turns":5.0},{"damage":12,"enemies":"Chosen and Byrds","floor":22,"turns":4},{"damage":3,"enemies":"Slavers","floor":24,"turns":3},{"damage":42,"enemies":"Book of Stabbing","floor":27,"turns":5},{"damage":0,"enemies":"Shelled Parasite and Fungi","floor":28,"turns":2},{"damage":24,"enemies":"Slavers","floor":30,"turns":5},{"damage":0,"enemies":"Centurion and Healer","floor":31,"turns":6},{"damage":66,"enemies":"Collector","floor":33,"turns":8}],"seed_played":"-3927289340581905954","potions_obtained":[{"floor":1.0,"key":"BlessingOfTheForge"},{"floor":4.0,"key":"SteroidPotion"},{"floor":5.0,"key":"Fire Potion"},{"floor":13.0,"key":"ColorlessPotion"},{"floor":18.0,"key":"GhostInAJar"},{"floor":21.0,"key":"Poison Potion"},{"floor":24,"key":"SpeedPotion"},{"floor":31,"key":"Block Potion"}],"is_trial":false,"path_per_floor":["M","M","?","M","M","R","E","R","T","R","E","$","E","?","R","B",null,"M","M","?","M","M","R","E","R","T","E","M","R","E","M","R","B"],"character_chosen":"THE_SILENT","items_purchased":["Noxious Fumes","Deadly Poison"],"campfire_rested":5,"item_purchase_floors":[12,12],"current_hp_per_floor":[56,56,56,48,31,31,29,48,48,66,38,38,33,33,33,24,56,56,44,44,31,19,38,35,50,50,8,8,42,18,18,52,0,0],"gold":329,"neow_bonus":"BOSS_RELIC","is_daily":false,"chose_seed":false,"campfire_upgraded":3,"win_rate":0.0,"timestamp":1609361980,"path_taken":["M","M","?","?","?","R","E","R","T","R","E","$","E","?","R","BOSS","M","?","?","?","M","R","E","R","T","E","M","R","E","M","R","BOSS"],"items_purchased_type":["Card","Card"],"build_version":"2020-12-22","purchased_purges":1,"victory":false,"max_hp_per_floor":[66,66,66,66,66,66,66,66,66,66,66,66,66,66,66,66,66,66,66,66,66,66,66,66,66,66,66,66,66,66,66,66,66,66],"relic_stats":{"Happy Flower":[18],"Gremlin Horn":[6,6],"counters":[18,83],"Astrolabe":["Underhanded Strike","All Out Attack","Dagger Throw"],"Eternal Feather":45,"Tingsha":[45],"Letter Opener":[73],"Whetstone":["Backstab","Neutralize"],"Boot":[26],"Mercury Hourglass":[258],"Mummified Hand":[26],"Black Star":6,"obtain_stats":[{"Lantern":11,"Happy Flower":11,"Gremlin Horn":26,"Astrolabe":17,"Oddly Smooth Stone":7,"Eternal Feather":24,"Tingsha":30,"Omamori":13,"Letter Opener":24,"Whetstone":27,"Boot":30,"Akabeko":27,"Mercury Hourglass":9,"Ninja Scroll":7,"Mummified Hand":13,"Black Star":0,"Ring of the Snake":0},{"Lantern":6,"Happy Flower":6,"Gremlin Horn":13,"Astrolabe":8,"Oddly Smooth Stone":5,"Eternal Feather":13,"Tingsha":16,"Omamori":7,"Letter Opener":13,"Whetstone":14,"Boot":16,"Akabeko":14,"Mercury Hourglass":5,"Ninja Scroll":5,"Mummified Hand":7,"Black Star":0,"Ring of the Snake":0},{"Lantern":27,"Happy Flower":27,"Gremlin Horn":57,"Astrolabe":39,"Oddly Smooth Stone":22,"Eternal Feather":57,"Tingsha":69,"Omamori":32,"Letter Opener":57,"Whetstone":62,"Boot":69,"Akabeko":62,"Mercury Hourglass":22,"Ninja Scroll":22,"Mummified Hand":32,"Black Star":0,"Ring of the Snake":0}]},"card_choices":[{"not_picked":["Dodge and Roll","Outmaneuver"],"picked":"All Out Attack","floor":1.0},{"not_picked":["Acrobatics","Escape Plan"],"picked":"Well Laid Plans","floor":2.0},{"not_picked":["Dagger Spray","Dash"],"picked":"Skewer","floor":4.0},{"not_picked":["Predator","Acrobatics"],"picked":"Riddle With Holes","floor":5.0},{"not_picked":["Grand Finale","Accuracy"],"picked":"Catalyst","floor":7.0},{"not_picked":["Envenom","Underhanded Strike"],"picked":"Dodge and Roll","floor":11.0},{"not_picked":["Finisher","Poisoned Stab"],"picked":"Backstab","floor":13.0},{"not_picked":["Die Die Die","Adrenaline"],"picked":"Tools of the Trade","floor":16.0},{"not_picked":["Blade Dance","Riddle With Holes"],"picked":"Bouncing Flask","floor":18.0},{"not_picked":["Prepared","Flying Knee","Dagger Spray"],"picked":"SKIP","floor":19.0},{"not_picked":["Outmaneuver","Cloak And Dagger"],"picked":"Backflip","floor":21.0},{"not_picked":["Sucker Punch","Concentrate"],"picked":"Dodge and Roll","floor":22},{"not_picked":["Poisoned Stab+1","Bouncing Flask","Cloak And Dagger"],"picked":"SKIP","floor":24},{"not_picked":["Masterful Stab","Predator+1","Infinite Blades"],"picked":"SKIP","floor":27},{"not_picked":["Well Laid Plans","Dodge and Roll"],"picked":"Blur","floor":28},{"not_picked":["Prepared","Deflect","Phantasmal Killer"],"picked":"SKIP","floor":30},{"not_picked":["Blade Dance","Setup","Slice+1"],"picked":"SKIP","floor":31}],"player_experience":839922,"relics_obtained":[{"floor":7.0,"key":"Oddly Smooth Stone"},{"floor":7.0,"key":"Ninja Scroll"},{"floor":9.0,"key":"Mercury Hourglass"},{"floor":11.0,"key":"Lantern"},{"floor":11.0,"key":"Happy Flower"},{"floor":13.0,"key":"Omamori"},{"floor":13.0,"key":"Mummified Hand"},{"floor":24,"key":"Letter Opener"},{"floor":24,"key":"Eternal Feather"},{"floor":26,"key":"Gremlin Horn"},{"floor":27,"key":"Akabeko"},{"floor":27,"key":"Whetstone"},{"floor":30,"key":"Tingsha"},{"floor":30,"key":"Boot"}],"event_choices":[{"damage_healed":0.0,"max_hp_gain":0.0,"max_hp_loss":0.0,"gold_gain":0.0,"event_name":"Match and Keep!","player_choice":"1 cards matched","floor":3.0,"gold_loss":0.0,"damage_taken":0.0,"cards_obtained":["Bouncing Flask"]},{"cards_removed":["Strike_G"],"damage_healed":0.0,"max_hp_gain":0.0,"max_hp_loss":0.0,"gold_gain":0.0,"event_name":"Purifier","player_choice":"Purged","floor":14.0,"gold_loss":0.0,"damage_taken":0.0},{"damage_healed":0.0,"max_hp_gain":0.0,"max_hp_loss":0.0,"gold_gain":0.0,"cards_transformed":["Defend_G"],"event_name":"Transmorgrifier","player_choice":"Transformed","floor":20.0,"gold_loss":0.0,"damage_taken":0.0,"cards_obtained":["Tactician"]}],"is_beta":false,"boss_relics":[{"not_picked":["SacredBark","Empty Cage"],"picked":"Astrolabe"}],"items_purged_floors":[12],"is_endless":false,"potions_floor_spawned":[1,4,5,13,18,21,24,31],"killed_by":"Collector","ascension_level":20}}