{"host":"w2kjv12xyhtt0cv2","time":1609341171,"event":{"mods":["Act Like it!","BaseMod","Colored Map","Friendly Minions","Gensokyo","Highlight Path","Hubris","Kiyohime（清姬）","Marisa（F雨　魔理沙）","Minty Spire (QoL Compilation)","Quick Restart","Reimu（博丽灵梦）","Relic Stats","Replay The Spire","RumiaBox-露米娅的神秘盒子","Shop Mod","Spicy Shops","StSLib","The Cursed","The Servant 0.9.4","UnlockEverythingMod","Waifu the Spire","[功能]功能增强和修复MOD","vexMod","【功能Mod】Neow奖励","【遗物卡牌】REMEMod","没有小屋子和绿帽子啦"],"gold_per_floor":[117,12,12,12,12,44,119,119,119],"floor_reached":8,"playtime":314,"items_purged":[],"score":68,"play_id":"b0539bbd-69ed-4db7-8bd0-6e8068616c7c","local_time":"20201230231251","is_ascension_mode":true,"campfire_choices":[],"circlet_count":0,"master_deck":["Strike_S","Strike_S","Strike_S","Strike_S","Defend_S","Defend_S","Defend_S","Defend_S","KidneyShot","Exchange","Blasphemy+1","Magnetism","BottledTime","Pot Of Greed","Pot Of Greed","Dilation"],"relics":["Uniform","REME_ComplimentaryCards","vexMod:PlasmaPancake","hubris:BundleOfHerbs","Grinning Jar"],"acts_visited":["Exordium"],"potions_floor_usage":[8],"damage_taken":[{"damage":17.0,"enemies":"Small Slimes","floor":1.0,"turns":5.0},{"damage":15,"enemies":"Gremlin Nob","floor":6,"turns":4},{"damage":23,"enemies":"3 Sentries","floor":8,"turns":7}],"seed_played":"-8905754975235160280","potions_obtained":[{"floor":1.0,"key":"SpeedPotion"}],"is_trial":false,"path_per_floor":["M","$","?","?","?","E","?","E"],"character_chosen":"THE_SERVANT","items_purchased":["vexMod:PlasmaPancake"],"campfire_rested":0,"item_purchase_floors":[2],"current_hp_per_floor":[42,48,36,36,36,21,10,8,8],"gold":119,"neow_bonus":"RANDOM_COLORLESS_2","is_daily":false,"chose_seed":false,"campfire_upgraded":0,"win_rate":0.0,"timestamp":1609341171,"path_taken":["M","$","?","?","?","E","?","E"],"items_purchased_type":["Relic"],"build_version":"2020-12-22","purchased_purges":0,"victory":false,"max_hp_per_floor":[59,65,65,65,65,65,65,65,65],"relic_stats":{"counters":[3,16],"obtain_stats":[{"vexMod:PlasmaPancake":2,"hubris:BundleOfHerbs":3,"Uniform":0,"Grinning Jar":6,"REME_ComplimentaryCards":0},{"vexMod:PlasmaPancake":1,"hubris:BundleOfHerbs":1,"Uniform":0,"Grinning Jar":2,"REME_ComplimentaryCards":0},{"vexMod:PlasmaPancake":5,"hubris:BundleOfHerbs":5,"Uniform":0,"Grinning Jar":9,"REME_ComplimentaryCards":0}]},"card_choices":[{"not_picked":["REME_BodyOfCthun","Mayhem"],"picked":"Magnetism","floor":0.0},{"not_picked":["Replace","Ricochet"],"picked":"BottledTime","floor":1.0},{"not_picked":["Collapse","Rearm"],"picked":"Dilation","floor":6}],"player_experience":71652,"relics_obtained":[{"floor":6,"key":"Grinning Jar"}],"event_choices":[{"damage_healed":0.0,"max_hp_gain":0.0,"max_hp_loss":0.0,"gold_gain":0.0,"event_name":"Scrap Ooze","player_choice":"Success","floor":3.0,"gold_loss":0.0,"damage_taken":12.0,"relics_obtained":["hubris:BundleOfHerbs"]},{"cards_removed":["Normality"],"damage_healed":0,"gold_gain":0,"player_choice":"Forget","damage_taken":0,"max_hp_gain":0,"max_hp_loss":0,"event_name":"Living Wall","floor":5,"gold_loss":0},{"damage_healed":0,"gold_gain":75,"player_choice":"Gather Gold","damage_taken":11,"max_hp_gain":0,"max_hp_loss":0,"event_name":"World of Goop","floor":7,"gold_loss":0}],"is_beta":false,"boss_relics":[],"items_purged_floors":[],"is_endless":false,"potions_floor_spawned":[1],"killed_by":"3 Sentries","ascension_level":6}}