{"host":"d9qnfj0htoku23sz","time":1609308657,"event":{"mods":["BaseMod","Challenge The Spire","Downfall","Minty Spire (QoL Compilation)","MostiFishMod","Reimu£®≤©¿ˆ¡È√Œ£©","Replay The Spire","Spicy Shops","StSLib","The Servant 0.9.4","WarShipGirlsR/’ΩΩ¢…Ÿ≈ÆR mod","vexMod"],"gold_per_floor":[114,129,147,158,169,169,182,182,208,208,208,208],"floor_reached":11,"playtime":734,"items_purged":[],"score":90,"play_id":"7d68698b-1ecc-451e-b0e0-7de37571e260","local_time":"20201230141057","is_ascension_mode":true,"campfire_choices":[{"data":"Revamp","floor":6,"key":"SMITH"},{"floor":10,"key":"REST"}],"circlet_count":0,"master_deck":["Strike_S","Strike_S","Strike_S","Defend_S","Defend_S","Defend_S","Defend_S","KidneyShot","Exchange","Replace","Orbit","SurpressingFire","Revamp+1","BottledTime"],"relics":["Uniform","DaveBox","OldScarf","SynthV:TestCard","Eternal Feather"],"acts_visited":["Exordium"],"potions_floor_usage":[3,4],"damage_taken":[{"damage":2,"enemies":"Cultist","floor":1,"turns":5},{"damage":3,"enemies":"2 Louse","floor":2,"turns":4},{"damage":6,"enemies":"Jaw Worm","floor":3,"turns":4},{"damage":20,"enemies":"Large Slime","floor":4,"turns":11},{"damage":3,"enemies":"3 Louse","floor":5,"turns":2},{"damage":5,"enemies":"Red Slaver","floor":7,"turns":4},{"damage":25,"enemies":"Lagavulin","floor":11,"turns":8}],"seed_played":"8356785104407375390","potions_obtained":[{"floor":2,"key":"AttackPotion"},{"floor":3,"key":"SkillPotion"},{"floor":5,"key":"Doom Potion"}],"is_trial":false,"path_per_floor":["M","M","M","M","M","R","M","?","T","R","E"],"character_chosen":"THE_SERVANT","items_purchased":[],"campfire_rested":1,"item_purchase_floors":[],"current_hp_per_floor":[57,54,48,28,25,25,20,20,20,43,18,18],"gold":208,"neow_bonus":"ONE_RARE_RELIC","is_daily":false,"chose_seed":false,"campfire_upgraded":1,"win_rate":0.0,"timestamp":1609308657,"path_taken":["M","M","M","?","M","R","M","?","T","R","E"],"items_purchased_type":[],"build_version":"2020-12-22","purchased_purges":0,"victory":false,"max_hp_per_floor":[59,59,59,59,59,59,59,59,59,59,59,59],"card_choices":[{"not_picked":["Defy","Snipe"],"picked":"Replace","floor":1},{"not_picked":["Alleviate","Rearm","Potential","StarChef"],"picked":"Orbit","floor":2},{"not_picked":["TimeWarp","Revamp","TimeTheft","DoubleEdge"],"picked":"SurpressingFire","floor":3},{"not_picked":["Potential","StarChef","BottledTime","FastForward"],"picked":"Revamp","floor":4},{"not_picked":["Defy","MurderousAura","Hightail","DoubleEdge"],"picked":"BottledTime","floor":5},{"not_picked":["Rearm","Replace","Advance","Foresight","ShatteredReality"],"picked":"SKIP","floor":7}],"player_experience":315447,"relics_obtained":[{"floor":1,"key":"SynthV:TestCard"}],"event_choices":[],"is_beta":false,"boss_relics":[],"items_purged_floors":[],"is_endless":false,"potions_floor_spawned":[2,3,5],"killed_by":"Lagavulin","ascension_level":7}}