{"host":"iha1eel9u3wfm8eh","time":1609358435,"event":{"mods":["AchievementEnabler","Aspiration","BaseMod","Better Altar","Better Match","Better Note","Better Sensory Stone","Better Skull","Better Third Choice","BetterRewards","CCEM","Colored Map","Conspire","Downfall","GifTheSpireLib","Googly Eyes","Halation","Hermit","Highlight Path","Hubris","Infinite Spire","Jedi Mod","Mimic Mod","Minty Spire (QoL Compilation)","Permanent Neow","Replay The Spire","Shade Mod","Shop Mod","Spicy Shops","StSLib","Stuff the Spire","The Jungle","The Mystic","The Witch","Unceasing Turn Reminder","[IsaacMod]????"],"gold_per_floor":[116,166,1410055356,1410055356,1410055367,1410055367,1410055367,1410055395,1410055465,1410054827,1410054843,1410054878,1410054878,1410054907,1410054907,1410054979,1410054979,1410054979,1410054999,1410054999,1410055032,1410055044,1410055079,1410055079,1410055093,1410055117,1410055151,1410055151,1410055151],"floor_reached":28,"playtime":2890,"items_purged":[],"score":1213,"play_id":"eabe799e-de41-42f6-a998-628cce6ec1a2","local_time":"20201230200035","daily_mods":["Hoarder","Vintage","Heirloom","Time Dilation","Flight","DeadlyEvents"],"is_ascension_mode":true,"campfire_choices":[{"floor":6,"key":"REST"},{"floor":13,"key":"REST"},{"data":"mysticmod:GeminiForm","floor":15,"key":"SMITH"},{"data":"Languid","floor":24,"key":"PURGE"}],"circlet_count":0,"master_deck":["Demon Form","mysticmod:GeminiForm+1","Guardian:ConstructionForm","hexamod:ParanormalForm","Slimebound:DuplicatedForm","sneckomod:SerpentMind","AscendersBane","infinitespire:FutureSight+1","Strike_G","Strike_G+1","Strike_G","Strike_G+1","Strike_G","Defend_G","Defend_G","Defend_G+1","Defend_G","Defend_G+1","Survivor","Neutralize","ReplayTheSpireMod:Private Reserves","ReplayTheSpireMod:Private Reserves","ReplayTheSpireMod:Private Reserves","Noxious Fumes","Noxious Fumes","Noxious Fumes","Caltrops","Caltrops","Caltrops","conspire:DoublingDagger+1","conspire:DoublingDagger+1","conspire:DoublingDagger+1","Trip+1","Trip+1","Trip+1","StuffTheSpire:Plugnplay+1","StuffTheSpire:Plugnplay+1","StuffTheSpire:Plugnplay+1","hubris:DuctTapeCard+2","hubris:DuctTapeCard+2","hubris:DuctTapeCard+2","Deep Breath+1","Deep Breath+1","Deep Breath+1","Languid","Languid","StuffTheSpire:Ambrosia","StuffTheSpire:Ambrosia","StuffTheSpire:Ambrosia","Poison Darts+1","Poison Darts+1","Poison Darts+1","hubris:DuctTapeCard","hubris:DuctTapeCard","hubris:DuctTapeCard","Replay:Dark Deal+1","Replay:Dark Deal+1","Replay:Dark Deal+1"],"relics":["Ring of the Snake","jedi:maincommand","replay:Trail_Library","HushsDoor","MoneyPower","hubris:Potato","Happy Flower","The Courier","DeathBook","Lantern","StuffTheSpire:GrapeVine","halation:TwoAmDonut","hubris:TenFootPole","hubris:64BitClover","Replay:Accelerometer","AnarchistCookbook","aspiration:AnachronicSnailShell","halation:AfternoonTea","jedi:angrymask","jedi:archwizardhat","Akabeko","TheBible","Another Sword","Anchor","StuffTheSpire:Saxophone","CCEMRelics:FestiveHat","aspiration:EnhancedActuators","Vajra","Nunchaku","infinitespire:EmpoweringShard","infinitespire:Freezer","Whetstone","Toxic Egg 2","Ice Cream","hubris:RGBLights","sneckomod:UnknownEgg","infinitespire:SolderingIron","hubris:SoftwareUpdate","aspiration:Legacy_Headhunter","Regal Pillow","Gremlin Horn","Symbiotic Virus","aspiration:FrozenJewel","hubris:DisguiseKit","Garlic","jedi:ghostblades","The Specimen","Unceasing Top","Turnip","Quantum Egg","Frozen Egg 2","Potion Belt","aspiration:Headhunter","Prayer Wheel","Smiling Mask","Peace Pipe","PrismaticShard","halation:QuantumPhysicsTextbook","jedi:laserpointer","Basket Of Snakes","Oddly Smooth Stone","Molten Egg 2","MerchantsRug","StuffTheSpire:EmeraldSignet","aspiration:HummingbirdHeart","Sundial","Mango","Golden Egg","Mirror","hubris:DuctTape","StuffTheSpire:DarkSteelAnvil","Membership Card","SteamSale","Replay:WaspNest","hubris:IronBody","infinitespire:CheckeredPen","PunchingBag","Inserter","ReplayTheSpireMod:Lightbulb","War Paint","Ring of Panic","Ring of Fangs","Mango","NineVolt","Ginger","Cables","Juzu Bracelet","Strawberry","Medical Kit","DollysMirror","conspire:InfiniteJournal","conspire:Dentures","ReplayTheSpireMod:Spearhead"],"acts_visited":["Exordium","Exordium"],"potions_floor_usage":[],"damage_taken":[{"damage":0,"enemies":"conspire:RoseBush","floor":1,"turns":1},{"damage":54,"enemies":"Hiden Room Battle","floor":2,"turns":5},{"damage":0,"enemies":"Cultist","floor":5,"turns":1},{"damage":0,"enemies":"Gremlin Nob","floor":8,"turns":1},{"damage":0,"enemies":"Small Slimes","floor":11,"turns":2},{"damage":0,"enemies":"Replay:BlueRogue","floor":12,"turns":2},{"damage":0,"enemies":"Lagavulin","floor":14,"turns":1},{"damage":0,"enemies":"Slime Boss","floor":16,"turns":1},{"damage":0,"enemies":"theJungle:Flameango_and_Byrd","floor":18,"turns":3},{"damage":0,"enemies":"theJungle:5_Spyders","floor":19,"turns":3},{"damage":0,"enemies":"theJungle:MamaSnecko","floor":21,"turns":3},{"damage":1,"enemies":"theJungle:2_Snecko_Cultists","floor":22,"turns":2},{"damage":0,"enemies":"Nightmare","floor":23,"turns":1},{"damage":0,"enemies":"theJungle:Lyon","floor":25,"turns":1},{"damage":0,"enemies":"theJungle:Cassacara","floor":27,"turns":2}],"seed_played":"-279108203149627236","potions_obtained":[{"floor":11,"key":"SpeedPotion"},{"floor":14,"key":"EssenceOfSteel"},{"floor":23,"key":"hexamod:EctoCoolerPotion"}],"is_trial":true,"path_per_floor":["M","?","$","?","M","R","T","E","T","$","M","E","R","E","R","B",null,"M","M","?","E","M","NM","R","M","T","E","$"],"character_chosen":"THE_SILENT","items_purchased":["ReplayTheSpireMod:Private Reserves","Noxious Fumes","Caltrops","jedi:command_common","jedi:command_common","jedi:command_uncommon","jedi:command_common","jedi:command_rare","jedi:command_uncommon","jedi:command_uncommon","jedi:command_rare","jedi:command_common","jedi:command_uncommon","jedi:command_uncommon","jedi:command_common","jedi:command_uncommon","jedi:command_rare","jedi:command_common","jedi:command_shop","jedi:command_common","jedi:command_common","jedi:command_common","jedi:command_common","jedi:command_uncommon","jedi:command_common","jedi:command_common","jedi:command_uncommon","jedi:command_rare","jedi:command_uncommon","jedi:command_rare","jedi:command_uncommon","jedi:command_uncommon","jedi:command_rare","jedi:command_common","jedi:command_uncommon","jedi:command_uncommon","jedi:command_uncommon","jedi:command_uncommon","jedi:command_uncommon","jedi:command_uncommon","jedi:command_rare","jedi:command_rare","jedi:command_rare","jedi:command_uncommon","jedi:command_uncommon","jedi:command_common","jedi:command_rare","jedi:command_rare","jedi:command_common","jedi:command_rare","jedi:command_shop","jedi:command_rare","jedi:command_common","jedi:command_rare","jedi:command_common","jedi:command_uncommon","MerchantsRug","jedi:command_uncommon","jedi:command_uncommon","jedi:command_uncommon","jedi:command_rare","jedi:command_shop","jedi:command_shop","jedi:command_uncommon","jedi:command_shop","jedi:command_shop","jedi:command_rare","jedi:command_uncommon","jedi:command_common","Replay:Dark Deal+1"],"campfire_rested":2,"item_purchase_floors":[3,3,3,3,3,3,3,3,3,3,3,3,3,3,3,3,3,3,3,3,3,3,3,3,3,3,3,3,3,3,3,3,3,3,3,3,3,3,3,3,3,3,3,3,3,3,3,3,3,3,3,3,3,3,3,3,3,3,3,3,10,10,10,10,28,28,28,28,28,28],"current_hp_per_floor":[59,5,5,5,19,58,58,58,58,58,58,58,80,80,80,80,80,80,80,80,97,100,103,103,106,106,116,116,116],"gold":1410055151,"neow_bonus":"","is_daily":false,"chose_seed":false,"campfire_upgraded":1,"win_rate":0.0,"timestamp":1609358435,"path_taken":["M","?","$","?","M","R","?","?","T","$","?","E","R","E","R","BOSS","M","M","?","?","M","NM","R","?","T","?","$"],"items_purchased_type":["Card","Card","Card","Relic","Relic","Relic","Relic","Relic","Relic","Relic","Relic","Relic","Relic","Relic","Relic","Relic","Relic","Relic","Relic","Relic","Relic","Relic","Relic","Relic","Relic","Relic","Relic","Relic","Relic","Relic","Relic","Relic","Relic","Relic","Relic","Relic","Relic","Relic","Relic","Relic","Relic","Relic","Relic","Relic","Relic","Relic","Relic","Relic","Relic","Relic","Relic","Relic","Relic","Relic","Relic","Relic","Relic","Relic","Relic","Relic","Relic","Relic","Relic","Relic","Relic","Relic","Relic","Relic","Relic","Card"],"build_version":"2020-12-22","purchased_purges":0,"victory":false,"max_hp_per_floor":[66,66,66,66,80,80,80,80,80,80,80,80,80,80,80,80,80,80,80,80,97,100,103,103,106,106,116,116,116],"card_choices":[{"not_picked":[],"picked":"Bomb","floor":0},{"not_picked":["expansioncontent:TimeRipple+1","Chrysalis+1","expansioncontent:CaCaw+1"],"picked":"SKIP","floor":5},{"not_picked":["Purity+1","Specialist+1"],"picked":"Trip+1","floor":8},{"not_picked":["hexamod:ExtraCrispy+1","Slimebound:SamplingLick+1","Deflect+1"],"picked":"StuffTheSpire:Plugnplay","floor":8},{"not_picked":["StuffTheSpire:FreeRealEstate+1","hubris:Insight+1"],"picked":"Deep Breath+1","floor":11},{"not_picked":["hexamod:BacktrackSmack+1","True Grit+1","champ:DefensiveStyle+1","Hologram"],"picked":"SKIP","floor":12},{"not_picked":["hexamod:BacktrackSmack+1","True Grit+1","champ:DefensiveStyle+1","Hologram"],"picked":"SKIP","floor":12},{"not_picked":["mysticmod:AllIn+1","expansioncontent:BronzeBeam+1","hermit:Virtue+1","Redo"],"picked":"SKIP","floor":14},{"not_picked":["Dodge and Roll+1","MementoMori+1","mysticmod:Daze+1","Hyperbeam"],"picked":"SKIP","floor":21},{"not_picked":["ReachHeaven+1","EmptyBody+1","hermit:Midnight+1","ReplayTheSpireMod:System Scan"],"picked":"SKIP","floor":23},{"not_picked":["SashWhip+1","Shade:Consume+1","Deadly Poison+1","Turbo"],"picked":"SKIP","floor":27}],"player_experience":53093,"relics_obtained":[{"floor":1,"key":"jedi:command_common"},{"floor":2,"key":"jedi:command_uncommon"},{"floor":2,"key":"DeathBook"},{"floor":5,"key":"jedi:command_rare"},{"floor":7,"key":"jedi:command_uncommon"},{"floor":8,"key":"jedi:command_uncommon"},{"floor":9,"key":"jedi:command_uncommon"},{"floor":11,"key":"jedi:command_uncommon"},{"floor":12,"key":"jedi:command_uncommon"},{"floor":14,"key":"PunchingBag"},{"floor":18,"key":"jedi:command_common"},{"floor":19,"key":"jedi:command_common"},{"floor":20,"key":"Ring of Panic"},{"floor":20,"key":"Ring of Fangs"},{"floor":21,"key":"jedi:command_rare"},{"floor":22,"key":"NineVolt"},{"floor":23,"key":"jedi:command_rare"},{"floor":25,"key":"jedi:command_uncommon"},{"floor":26,"key":"jedi:command_common"},{"floor":27,"key":"jedi:command_common"}],"event_choices":[{"damage_healed":0,"gold_gain":0,"player_choice":"Fight","damage_taken":0,"max_hp_gain":0,"max_hp_loss":0,"event_name":"HidenRoomEvent","floor":2,"gold_loss":0},{"damage_healed":0,"gold_gain":0,"cards_transformed":["Wraith Form v2"],"player_choice":"Transformed","damage_taken":0,"max_hp_gain":0,"max_hp_loss":0,"event_name":"Transmorgrifier","floor":4,"gold_loss":0,"cards_obtained":["conspire:DoublingDagger"]}],"is_beta":false,"boss_relics":[{"not_picked":["jedi:command_boss","jedi:command_boss"],"picked":"jedi:command_boss"},{"not_picked":[]}],"items_purged_floors":[],"is_endless":false,"potions_floor_spawned":[11,14,16,21,23],"ascension_level":20}}