{"host":"f0dbpmn0khgeoqc0","time":1609364828,"event":{"mods":["2.2 Compatiblity","AchievementEnabler","Act Like it!","Ascension Unlocker","Aspiration","BaseMod","Better Altar","Better Match","Better Sensory Stone","Better Skull","Better Third Choice","BetterRewards","Block Reminder","Colored Map","Colored Powertips","Conspire","DNKmod","Disable Question Mark Monsters","Displayed Cursed Tome","Downfall","Evolution","Friendly Minions","Hermit","Highlight Path","Humility","Infinite Spire","Jorbs\u0027s Wanderer Trilogy","Koishi","Marisa????????","Minty Spire (QoL Compilation)","MostiFishMod","Permanent Neow","Random Character Button","Relic Filter","Relic Stats","Spicy Shops","StSLib","Td1madao Mod","The Gatherer","Treasure Hunter","Wandering Minibosses","??????REMEMod"],"gold_per_floor":[160,177,187,205,205,205,233,281,329,329,357,373,373,373,373],"floor_reached":13,"playtime":771,"items_purged":[],"score":128,"play_id":"d86345d2-36fa-4936-864c-68f3df8147bb","local_time":"20201230164708","is_ascension_mode":true,"campfire_choices":[{"data":"champ:EnGarde","floor":6,"key":"SMITH"},{"data":"champ:CrookedStrike","floor":10,"key":"SMITH"}],"circlet_count":0,"master_deck":["champ:FanOfKnives","champ:Strike","champ:Strike","champ:Strike","champ:Defend","champ:Defend","champ:Defend","champ:Defend","champ:Execute","champ:Taunt","Furious+1","champ:CalledShot","expansioncontent:ChargeUp","champ:DeathBlow","champ:EnGarde+1","champ:DefensiveStyle","champ:GladiatorsShout","expansioncontent:Flail","TH:TreasureMap+1","champ:GutPunch","champ:CrookedStrike+1","TH:BikiniMail+1","TH:CursedSword+1","champ:GutPunch","champ:ArenaPreparation"],"relics":["champ:ChampionCrown","EVO:Axolotl","DaveBox","REME_ComplimentaryCards","BrkXgEgg","SynthV:TestCard","Gambling Chip","aspiration:Lifesprig","TungstenRod"],"acts_visited":["Exordium"],"potions_floor_usage":[7,13],"damage_taken":[{"damage":13,"enemies":"Cultist","floor":1,"turns":4},{"damage":10,"enemies":"Small Slimes","floor":2,"turns":2},{"damage":23,"enemies":"Jaw Worm","floor":3,"turns":4},{"damage":10,"enemies":"Lots of Slimes","floor":4,"turns":1},{"damage":35,"enemies":"3 Sentries","floor":7,"turns":4},{"damage":52,"enemies":"Exordium Wildlife","floor":8,"turns":5},{"damage":39,"enemies":"Gremlin Nob","floor":11,"turns":5},{"damage":11,"enemies":"2 Fungi Beasts","floor":12,"turns":2},{"damage":26,"enemies":"3 Sentries","floor":13,"turns":1}],"seed_played":"5648036636102520231","potions_obtained":[{"floor":2,"key":"Guardian:BlockOnCardUsePotion"},{"floor":4,"key":"Fire Potion"},{"floor":7,"key":"FairyPotion"},{"floor":12,"key":"LiquidMemories"}],"is_trial":false,"path_per_floor":["M","M","M","M","?","R","E","M","T","R","E","M","E"],"character_chosen":"THE_CHAMP","items_purchased":["champ:CalledShot","expansioncontent:ChargeUp"],"campfire_rested":0,"item_purchase_floors":[0,0],"current_hp_per_floor":[80,70,58,58,58,58,36,40,40,40,26,26,0,0,0],"gold":373,"neow_bonus":"","is_daily":false,"chose_seed":false,"campfire_upgraded":2,"win_rate":0.0,"timestamp":1609364828,"path_taken":["M","M","?","M","?","R","E","M","T","R","E","M","E"],"items_purchased_type":["Card","Card"],"build_version":"2020-12-22","purchased_purges":0,"victory":false,"max_hp_per_floor":[90,90,90,90,90,90,90,90,90,90,90,90,90,90,90],"relic_stats":{"counters":[24,86],"Gambling Chip":[6],"obtain_stats":[{"aspiration:Lifesprig":9,"DaveBox":0,"downfall:HeartBlessingRed":6,"champ:ChampionCrown":0,"downfall:HeartBlessingGreen":18,"EVO:Axolotl":0,"Smiling Mask":8,"Akabeko":17,"GreenFoldingFan":1,"downfall:BrokenWingStatue":10,"SynthV:TestCard":1,"downfall:HeartBlessingBlue":9,"Sundial":24,"Gambling Chip":7,"REME_HandOfSuture":17,"Bag of Marbles":14,"Nloth\u0027s Gift":22,"REME_LowDesire":17,"TungstenRod":11,"REME_ComplimentaryCards":0},{"aspiration:Lifesprig":21,"DaveBox":0,"downfall:HeartBlessingRed":3,"champ:ChampionCrown":0,"downfall:HeartBlessingGreen":10,"EVO:Axolotl":0,"Smiling Mask":4,"Akabeko":10,"GreenFoldingFan":0,"downfall:BrokenWingStatue":4,"SynthV:TestCard":16,"downfall:HeartBlessingBlue":4,"Sundial":14,"Gambling Chip":20,"REME_HandOfSuture":10,"Bag of Marbles":8,"Nloth\u0027s Gift":13,"REME_LowDesire":10,"TungstenRod":22,"REME_ComplimentaryCards":0},{"aspiration:Lifesprig":78,"DaveBox":0,"downfall:HeartBlessingRed":9,"champ:ChampionCrown":0,"downfall:HeartBlessingGreen":37,"EVO:Axolotl":0,"Smiling Mask":16,"Akabeko":37,"GreenFoldingFan":0,"downfall:BrokenWingStatue":16,"SynthV:TestCard":62,"downfall:HeartBlessingBlue":16,"Sundial":54,"Gambling Chip":73,"REME_HandOfSuture":37,"Bag of Marbles":27,"Nloth\u0027s Gift":48,"REME_LowDesire":37,"TungstenRod":83,"REME_ComplimentaryCards":0}],"TungstenRod":7},"card_choices":[{"not_picked":["champ:FalseCounter","champ:StanceDance"],"picked":"champ:DeathBlow","floor":1},{"not_picked":["champ:BladeFlurry","champ:Backstep","champ:Duel","champ:DefensiveShout"],"picked":"champ:EnGarde","floor":2},{"not_picked":["champ:Circumvent","champ:GladiatorsShout","champ:PerfectedStrike","champ:Encircle"],"picked":"champ:DefensiveStyle","floor":3},{"not_picked":["champ:CalledShot","champ:FlashCut","champ:BerserkerStyle","champ:BladeFlurry"],"picked":"champ:GladiatorsShout","floor":4},{"not_picked":["conspire:Banana","Finesse","expansioncontent:Collect","REME_FirmDetermination"],"picked":"expansioncontent:Flail","floor":5},{"not_picked":["TH:ArmorSpikes","TH:BikiniMail","TH:EnergyPotion"],"picked":"TH:TreasureMap","floor":7},{"not_picked":["champ:GladiatorsShout","champ:Aggression","champ:Backstep","champ:FightOn"],"picked":"champ:GutPunch","floor":7},{"not_picked":["champ:AdrenalArmor","champ:TornadoPunch","champ:FanOfKnives","champ:GladiatorStyle"],"picked":"champ:CrookedStrike","floor":8},{"not_picked":["TH:Mimic","TH:ElvenBoots","TH:EnergyPotion"],"picked":"TH:BikiniMail","floor":9},{"not_picked":["TH:PixieDust","TH:BikiniMail","TH:Mimic"],"picked":"TH:CursedSword","floor":11},{"not_picked":["champ:BerserkersShout","champ:DefensiveShout","champ:Circumvent","champ:RapidStrikes"],"picked":"champ:GutPunch","floor":11},{"not_picked":["champ:Haymaker","champ:GladiatorStyle","champ:BerserkersShout","champ:FlashCut"],"picked":"champ:ArenaPreparation","floor":12}],"player_experience":540998,"relics_obtained":[{"floor":1,"key":"SynthV:TestCard"},{"floor":7,"key":"Gambling Chip"},{"floor":9,"key":"aspiration:Lifesprig"},{"floor":11,"key":"TungstenRod"}],"event_choices":[{"damage_healed":0,"gold_gain":1,"player_choice":"1","damage_taken":0,"max_hp_gain":0,"max_hp_loss":0,"event_name":"betterStone:BetterStone","floor":5,"gold_loss":0}],"is_beta":false,"boss_relics":[],"items_purged_floors":[],"is_endless":false,"potions_floor_spawned":[2,4,7,12],"killed_by":"3 Sentries","ascension_level":1}}