{"host":"h4lp0eeso8a0ssq0","time":1609353064,"event":{"mods":["2.2 Compatiblity","AchievementEnabler","Astrologer","BaseMod","CapriCore","Colored Map","Downfall","Hermit","Lobotomy","Marisa£¨Ùöéë¡¡Øª×âÞÞ£©","Minty Spire (QoL Compilation)","StSLib","SuperFastMode","The Cursed","The Hierophant","The Immortal"],"gold_per_floor":[115,133,133,149,74,109,109,209,232,243,243,243,274,274,274,274,274],"floor_reached":16,"playtime":381,"items_purged":["Strike_R"],"score":119,"play_id":"60541374-b247-4661-9fc0-7d54a3e3b366","local_time":"20201231033104","is_ascension_mode":true,"campfire_choices":[{"floor":7,"key":"DIG"},{"floor":11,"key":"DIG"},{"floor":15,"key":"DIG"}],"circlet_count":0,"master_deck":["Strike_R","Strike_R+1","Strike_R","Defend_R","Defend_R","Defend_R","Defend_R","Bash","Flex+1","True Grit","Havoc","Inflame","Clothesline","Demon Form"],"relics":["Burning Blood","Shovel","Pen Nib","Lantern","Ancient Tea Set","Regal Pillow","Golden Idol","PreservedInsect","Blood Vial"],"acts_visited":["Exordium"],"potions_floor_usage":[6,6,16],"damage_taken":[{"damage":9.0,"enemies":"2 Louse","floor":1.0,"turns":3.0},{"damage":1.0,"enemies":"Cultist","floor":2.0,"turns":3.0},{"damage":3.0,"enemies":"Small Slimes","floor":4.0,"turns":4.0},{"damage":5,"enemies":"3 Sentries","floor":6,"turns":5},{"damage":9,"enemies":"Blue Slaver","floor":10,"turns":4},{"damage":24,"enemies":"Lagavulin","floor":13,"turns":9},{"damage":29,"enemies":"Hexaghost","floor":16,"turns":9}],"seed_played":"-7285653305354315616","potions_obtained":[{"floor":2.0,"key":"Swift Potion"},{"floor":4.0,"key":"PowerPotion"},{"floor":10,"key":"Energy Potion"}],"is_trial":false,"path_per_floor":["M","M","?","M","$","E","R","?","T","M","R","?","E","?","R","B"],"character_chosen":"IRONCLAD","items_purchased":[],"campfire_rested":0,"item_purchase_floors":[],"current_hp_per_floor":[53,58,42,45,45,46,46,46,46,43,43,43,25,25,25,0,0],"gold":274,"neow_bonus":"ONE_RARE_RELIC","is_daily":false,"chose_seed":false,"campfire_upgraded":0,"win_rate":0.0,"timestamp":1609353064,"path_taken":["M","M","?","M","$","E","R","?","T","?","R","?","E","?","R","BOSS"],"items_purchased_type":[],"build_version":"2020-12-22","purchased_purges":1,"victory":false,"max_hp_per_floor":[80,80,80,80,80,80,80,80,80,80,80,74,74,74,74,74,74],"card_choices":[{"not_picked":["Pommel Strike","Hemokinesis"],"picked":"Flex","floor":1.0},{"not_picked":["Thunderclap","Headbutt"],"picked":"True Grit","floor":2.0},{"not_picked":["Iron Wave","Armaments"],"picked":"Havoc","floor":4.0},{"not_picked":["Seeing Red","Wild Strike"],"picked":"Inflame","floor":6},{"not_picked":["Disarm","Thunderclap"],"picked":"Clothesline","floor":10},{"not_picked":["Iron Wave","Perfected Strike"],"picked":"Demon Form","floor":13}],"player_experience":62720,"relics_obtained":[{"floor":6,"key":"Pen Nib"},{"floor":7,"key":"Lantern"},{"floor":9,"key":"Ancient Tea Set"},{"floor":11,"key":"Regal Pillow"},{"floor":13,"key":"PreservedInsect"},{"floor":15,"key":"Blood Vial"}],"event_choices":[{"damage_healed":0.0,"max_hp_gain":0.0,"max_hp_loss":0.0,"gold_gain":0.0,"event_name":"Shining Light","player_choice":"Entered Light","floor":3.0,"gold_loss":0.0,"damage_taken":16.0,"cards_upgraded":["Flex","Strike_R"]},{"damage_healed":0,"gold_gain":100,"player_choice":"Pray","damage_taken":0,"max_hp_gain":0,"max_hp_loss":0,"event_name":"Golden Shrine","floor":8,"gold_loss":0},{"damage_healed":0,"gold_gain":0,"player_choice":"Lose Max HP","damage_taken":0,"relics_obtained":["Golden Idol"],"max_hp_gain":0,"max_hp_loss":6,"event_name":"Golden Idol","floor":12,"gold_loss":0},{"cards_removed":["Strike_R"],"damage_healed":0,"gold_gain":0,"player_choice":"Forget","damage_taken":0,"max_hp_gain":0,"max_hp_loss":0,"event_name":"Living Wall","floor":14,"gold_loss":0}],"is_beta":false,"boss_relics":[],"items_purged_floors":[5],"is_endless":false,"potions_floor_spawned":[2,4,10],"killed_by":"Hexaghost","ascension_level":2}}