{"host":"ormi09wwzv7sq47a","time":1609344987,"event":{"mods":["2.2 Compatiblity","AchievementEnabler","Act Like it!","BaseMod","Bestiary","Better Altar","Better Note","Better Sensory Stone","Better Skull","Better Third Choice","Better Vampires","BetterRewards","Block Reminder","Card Forge","Colored Map","Colored Powertips","Curses Come First","DeckTracker","Downfall","Highlight Path","Minty Spire (QoL Compilation)","Permanent Neow","Quick Restart","Rare Cards Sparkle","Relic Stats","Shop Mod","StSLib","The Jungle"],"gold_per_floor":[119,119,119,269,21,54,54,86,86,99,174,193,262,9,9,86,86,98,110,110,121,36,36,55,26,26,26,43,59,79,110,110,184,184,196,214,51,61,78,109,109,139,139,139,172,172,172,172,172,172,172,172,38,73,73,73],"floor_reached":55,"playtime":3255,"items_purged":["Doubt"],"score":1772,"play_id":"9e289ef2-f650-46fe-b00d-24f811b3c7c3","local_time":"20201230141627","is_ascension_mode":true,"campfire_choices":[{"floor":7.0,"key":"REST"},{"floor":15.0,"key":"REST"},{"data":"Coolheaded","floor":23.0,"key":"SMITH"},{"data":"Seek","floor":32.0,"key":"SMITH"},{"data":"Compile Driver","floor":41,"key":"SMITH"},{"data":"Electrodynamics","floor":44,"key":"SMITH"},{"data":"Heatsinks","floor":46,"key":"SMITH"},{"floor":49,"key":"RECALL"},{"data":"Steam Power","floor":52,"key":"SMITH"}],"circlet_count":0,"master_deck":["AscendersBane","Strike_B","Defend_B","Defend_B","Defend_B","Defend_B","Zap+1","Dualcast+1","Beam Cell","Thinking Ahead","Steam","Hologram","Coolheaded+1","Self Repair","Barrage","Static Discharge","Creative AI","Steam Power+1","Doom and Gloom","Turbo","Core Surge","Conserve Battery","Loop","Heatsinks+1","Seek+1","Amplify","Ball Lightning+1","Storm","Defragment","Compile Driver+1","White Noise+1","Electrodynamics+1","Steam","Capacitor"],"relics":["Cracked Core","Hammer of Thor","Seething Fire","Anvil of the Gods","Calipers","Medical Kit","betterAltar:BloodRelic","Orichalcum","Centennial Puzzle","DataDisk","PreservedInsect","Mummified Hand","Runic Capacitor","Coffee Dripper","Thread and Needle","Emotion Chip","Vajra","Empty Cage","Oddly Smooth Stone","Bottled Flame","Bronze Scales","Gremlin Horn","Anchor"],"acts_visited":["Exordium","TheCity","TheBeyond","TheEnding"],"potions_floor_usage":[50,54,55],"damage_taken":[{"damage":0.0,"enemies":"2 Louse","floor":1.0,"turns":2.0},{"damage":12.0,"enemies":"Gremlin Nob","floor":6.0,"turns":4.0},{"damage":30.0,"enemies":"3 Sentries","floor":8.0,"turns":9.0},{"damage":1.0,"enemies":"Jaw Worm","floor":10.0,"turns":3.0},{"damage":0.0,"enemies":"Small Slimes","floor":12.0,"turns":3.0},{"damage":11.0,"enemies":"The Guardian","floor":16.0,"turns":12.0},{"damage":6.0,"enemies":"Chosen","floor":18.0,"turns":3.0},{"damage":15.0,"enemies":"3 Byrds","floor":19.0,"turns":4.0},{"damage":20.0,"enemies":"Centurion and Healer","floor":21.0,"turns":5.0},{"damage":11.0,"enemies":"Snecko","floor":24.0,"turns":7.0},{"damage":10.0,"enemies":"Snake Plant","floor":28.0,"turns":4.0},{"damage":12.0,"enemies":"Cultist and Chosen","floor":29.0,"turns":5.0},{"damage":13.0,"enemies":"Chosen and Byrds","floor":30.0,"turns":7.0},{"damage":12.0,"enemies":"Book of Stabbing","floor":31.0,"turns":3.0},{"damage":25.0,"enemies":"Champ","floor":33.0,"turns":7.0},{"damage":6.0,"enemies":"Orb Walker","floor":35.0,"turns":3.0},{"damage":19.0,"enemies":"3 Darklings","floor":36.0,"turns":3.0},{"damage":1.0,"enemies":"Sphere and 2 Shapes","floor":38.0,"turns":3.0},{"damage":14,"enemies":"Writhing Mass","floor":39,"turns":3},{"damage":35,"enemies":"Nemesis","floor":40,"turns":5},{"damage":24,"enemies":"Reptomancer","floor":42,"turns":4},{"damage":22,"enemies":"Nemesis","floor":45,"turns":3},{"damage":17,"enemies":"Donu and Deca","floor":50,"turns":4},{"damage":17,"enemies":"Shield and Spear","floor":54,"turns":2},{"damage":62,"enemies":"The Heart","floor":55,"turns":2}],"seed_played":"-8457236117028005826","potions_obtained":[{"floor":1.0,"key":"DuplicationPotion"},{"floor":16.0,"key":"Energy Potion"},{"floor":21.0,"key":"SpeedPotion"},{"floor":24.0,"key":"SmokeBomb"},{"floor":28.0,"key":"GamblersBrew"},{"floor":30.0,"key":"PowerPotion"},{"floor":35.0,"key":"Swift Potion"},{"floor":36.0,"key":"SneckoOil"},{"floor":39,"key":"hexamod:EctoCoolerPotion"},{"floor":54,"key":"LiquidBronze"}],"is_trial":false,"path_per_floor":["M","?","?","?","$","E","R","E","T","M","?","M","T","$","R","B",null,"M","M","?","M","?","R","M","$","T","?","M","M","M","E","R","B",null,"M","M","$","M","M","E","R","E","T","R","E","R","?","?","R","B",null,"R","$","E","B"],"character_chosen":"DEFECT","items_purchased":["Medical Kit","Blood Vial","Orichalcum","Runic Capacitor","Barrage","Static Discharge","Conserve Battery","Oddly Smooth Stone","Capacitor","Energy Potion"],"campfire_rested":2,"item_purchase_floors":[0,0,5,14,14,14,25,37,53,53],"current_hp_per_floor":[59,38,38,38,38,28,49,21,21,22,11,13,13,13,34,32,61,64,58,54,46,46,46,47,47,47,47,49,49,48,48,48,35,62,69,66,66,71,64,42,42,31,31,31,22,22,58,58,58,48,56,56,56,48,0,0],"gold":73,"neow_bonus":"","is_daily":false,"chose_seed":false,"campfire_upgraded":6,"win_rate":0.0,"timestamp":1609344987,"path_taken":["M","?","?","?","$","E","R","E","T","M","?","M","?","$","R","BOSS","M","M","?","M","?","R","M","$","T","?","M","M","?","E","R","BOSS","M","M","$","M","M","E","R","E","T","R","E","R","?","?","R","BOSS","R","$","E","BOSS"],"items_purchased_type":["Relic","Relic","Relic","Relic","Card","Card","Card","Relic","Card","Potion"],"build_version":"2020-12-22","purchased_purges":1,"victory":false,"max_hp_per_floor":[71,71,71,71,71,71,71,71,71,71,71,71,71,71,71,71,71,71,71,71,71,71,71,71,71,71,71,71,71,71,71,71,71,71,71,71,71,71,71,71,71,71,71,71,71,71,58,58,58,58,58,58,58,58,58,58],"relic_stats":{"Centennial Puzzle":[66],"Emotion Chip":[83,58,11,14,0],"Gremlin Horn":[2,2],"counters":[64,263],"Mummified Hand":[165],"Bronze Scales":[28],"PreservedInsect":393,"Orichalcum":[162],"Medical Kit":[13],"obtain_stats":[{"Calipers":0,"Gremlin Horn":45,"Vajra":9,"Hammer of Thor":0,"Bag of Preparation":0,"Runic Capacitor":14,"Whetstone":9,"Cursed Key":17,"Empty Cage":34,"Old Coin":36,"Sozu":17,"Blood Vial":0,"Centennial Puzzle":6,"Emotion Chip":26,"FaceOfCleric":12,"DollysMirror":38,"Mummified Hand":13,"Strawberry":28,"Toxic Egg 2":26,"Cracked Core":0,"betterAltar:BloodRelic":20,"Oddly Smooth Stone":44,"Thread and Needle":22,"PreservedInsect":40,"Omamori":38,"Seething Fire":0,"Orichalcum":5,"Question Card":30,"MawBank":6,"Medical Kit":0,"Mercury Hourglass":12,"Du-Vu Doll":42,"DataDisk":8,"Bottled Flame":40,"Anchor":54,"Shuriken":31,"Anvil of the Gods":0,"Bronze Scales":42,"Snecko Eye":34,"Molten Egg 2":26,"Art of War":14,"Coffee Dripper":17,"Bottled Lightning":43},{"Calipers":39,"Gremlin Horn":61,"Vajra":18,"Hammer of Thor":0,"Bag of Preparation":0,"Runic Capacitor":44,"Whetstone":3,"Cursed Key":6,"Empty Cage":54,"Old Coin":30,"Sozu":22,"Blood Vial":39,"Centennial Puzzle":41,"Emotion Chip":49,"FaceOfCleric":19,"DollysMirror":31,"Mummified Hand":44,"Strawberry":26,"Toxic Egg 2":12,"Cracked Core":0,"betterAltar:BloodRelic":47,"Oddly Smooth Stone":35,"Thread and Needle":48,"PreservedInsect":33,"Omamori":31,"Seething Fire":0,"Orichalcum":40,"Question Card":12,"MawBank":17,"Medical Kit":39,"Mercury Hourglass":4,"Du-Vu Doll":34,"DataDisk":42,"Bottled Flame":59,"Anchor":63,"Shuriken":12,"Anvil of the Gods":0,"Bronze Scales":60,"Snecko Eye":29,"Molten Egg 2":26,"Art of War":5,"Coffee Dripper":45,"Bottled Lightning":34},{"Calipers":153,"Gremlin Horn":255,"Vajra":67,"Hammer of Thor":0,"Bag of Preparation":0,"Runic Capacitor":174,"Whetstone":8,"Cursed Key":23,"Empty Cage":231,"Old Coin":116,"Sozu":80,"Blood Vial":153,"Centennial Puzzle":159,"Emotion Chip":205,"FaceOfCleric":70,"DollysMirror":120,"Mummified Hand":174,"Strawberry":95,"Toxic Egg 2":46,"Cracked Core":0,"betterAltar:BloodRelic":193,"Oddly Smooth Stone":138,"Thread and Needle":198,"PreservedInsect":132,"Omamori":120,"Seething Fire":0,"Orichalcum":155,"Question Card":46,"MawBank":64,"Medical Kit":153,"Mercury Hourglass":10,"Du-Vu Doll":135,"DataDisk":168,"Bottled Flame":248,"Anchor":261,"Shuriken":46,"Anvil of the Gods":0,"Bronze Scales":252,"Snecko Eye":113,"Molten Egg 2":95,"Art of War":14,"Coffee Dripper":186,"Bottled Lightning":135}]},"card_choices":[{"not_picked":["Scrape","Redo"],"picked":"Beam Cell","floor":1.0},{"not_picked":["expansioncontent:AwakenDeath","expansioncontent:PolyBeam"],"picked":"Thinking Ahead","floor":3.0},{"not_picked":["Beam Cell","Rebound"],"picked":"Steam","floor":6.0},{"not_picked":["Redo","Multi-Cast"],"picked":"Hologram","floor":8.0},{"not_picked":["Stack","Hologram"],"picked":"Coolheaded","floor":10.0},{"not_picked":["Double Energy","Redo"],"picked":"Self Repair","floor":12.0},{"not_picked":["All For One","Buffer"],"picked":"Creative AI","floor":16.0},{"not_picked":["Steam","Hologram"],"picked":"Steam Power","floor":18.0},{"not_picked":["Rebound","Hologram"],"picked":"Doom and Gloom","floor":19.0},{"not_picked":["Go for the Eyes","Steam"],"picked":"Turbo","floor":21.0},{"not_picked":["Coolheaded","Melter"],"picked":"Core Surge","floor":24.0},{"not_picked":["Doom and Gloom","Leap"],"picked":"Loop","floor":28.0},{"not_picked":["Sweeping Beam","Go for the Eyes"],"picked":"Heatsinks","floor":29.0},{"not_picked":["Hologram","Sunder","Static Discharge"],"picked":"SKIP","floor":30.0},{"not_picked":["Barrage","Coolheaded"],"picked":"Seek","floor":31.0},{"not_picked":["Hyperbeam","Fission"],"picked":"Amplify","floor":33.0},{"not_picked":["Aggregate","Genetic Algorithm+1"],"picked":"Ball Lightning+1","floor":35.0},{"not_picked":["Glacier","Gash+1"],"picked":"Storm","floor":36.0},{"not_picked":["Fusion","Sweeping Beam"],"picked":"Defragment","floor":38.0},{"not_picked":["Go for the Eyes","Chaos"],"picked":"Compile Driver","floor":39},{"not_picked":["Turbo+1","Redo"],"picked":"White Noise+1","floor":40},{"not_picked":["Conserve Battery","Seek"],"picked":"Electrodynamics","floor":42},{"not_picked":["Aggregate","Beam Cell"],"picked":"Steam","floor":45},{"not_picked":["Fusion","Compile Driver","Multi-Cast"],"picked":"SKIP","floor":54}],"player_experience":801235,"relics_obtained":[{"floor":6.0,"key":"Centennial Puzzle"},{"floor":8.0,"key":"DataDisk"},{"floor":9.0,"key":"PreservedInsect"},{"floor":13.0,"key":"Mummified Hand"},{"floor":26.0,"key":"Emotion Chip"},{"floor":31.0,"key":"Vajra"},{"floor":40,"key":"Bottled Flame"},{"floor":42,"key":"Bronze Scales"},{"floor":45,"key":"Gremlin Horn"},{"floor":54,"key":"Anchor"}],"event_choices":[{"damage_healed":59.0,"max_hp_gain":0.0,"max_hp_loss":71.0,"gold_gain":0.0,"event_name":"betterThird:BetterShining","player_choice":"Upgrade","floor":2.0,"gold_loss":0.0,"damage_taken":21.0,"cards_upgraded":["Zap","Dualcast"]},{"damage_healed":0.0,"max_hp_gain":0.0,"max_hp_loss":0.0,"gold_gain":1.0,"event_name":"betterStone:BetterStone","player_choice":"1","floor":3.0,"gold_loss":0.0,"damage_taken":0.0},{"damage_healed":0.0,"max_hp_gain":0.0,"max_hp_loss":0.0,"gold_gain":150.0,"event_name":"betterThird:BetterSerpent","player_choice":"AGREE","floor":4.0,"gold_loss":0.0,"damage_taken":119.0},{"damage_healed":0.0,"max_hp_gain":0.0,"max_hp_loss":0.0,"gold_gain":75.0,"event_name":"betterThird:BetterGoop","player_choice":"Gold","floor":11.0,"gold_loss":0.0,"damage_taken":11.0},{"damage_healed":0.0,"max_hp_gain":58.0,"max_hp_loss":54.0,"gold_gain":0.0,"event_name":"betterAltar:BetterAltar","player_choice":" RottenVial ","floor":20.0,"potions_obtained":[],"relics_lost":["Blood Vial"],"gold_loss":0.0,"damage_taken":4.0,"relics_obtained":["betterAltar:BloodRelic"]},{"damage_healed":0.0,"max_hp_gain":0.0,"max_hp_loss":0.0,"gold_gain":0.0,"event_name":"Addict","player_choice":"Obtained Relic","floor":22.0,"gold_loss":85.0,"damage_taken":0.0,"relics_obtained":["Thread and Needle"]},{"cards_removed":["Strike_B"],"damage_healed":0.0,"max_hp_gain":0.0,"max_hp_loss":0.0,"gold_gain":0.0,"event_name":"Purifier","player_choice":"Purged","floor":27.0,"gold_loss":0.0,"damage_taken":0.0},{"damage_healed":58,"gold_gain":0,"player_choice":"Heal","damage_taken":0,"max_hp_gain":0,"max_hp_loss":13,"event_name":"The Moai Head","floor":47,"gold_loss":0},{"damage_healed":0,"gold_gain":0,"player_choice":"Ignored","damage_taken":0,"max_hp_gain":0,"max_hp_loss":0,"event_name":"Mysterious Sphere","floor":48,"gold_loss":0}],"is_beta":false,"boss_relics":[{"not_picked":["Ectoplasm","SlaversCollar"],"picked":"Coffee Dripper"},{"not_picked":["Philosopher\u0027s Stone","Fusion Hammer"],"picked":"Empty Cage"}],"items_purged_floors":[5],"is_endless":false,"potions_floor_spawned":[1,16,21,24,28,30,35,36,39,54],"killed_by":"The Heart","ascension_level":17}}