{"host":"4jrpzl06hw66hx43","time":1609352177,"event":{"mods":["BaseMod","Bestiary","Colored Map","Colored Powertips","Minty Spire (QoL Compilation)","Quick Restart","Relic Sorter","Relic Stats","Spicy Shops","StSLib","??????REMEMod"],"gold_per_floor":[116,132,32,107,118,118,83,98,98,98,98,111,127,156,156,257,257,269,269,286,286,286],"floor_reached":21,"playtime":842,"items_purged":[],"score":206,"play_id":"452aabb6-ffee-4b63-9ec6-a998768ae2cb","local_time":"20201230101617","daily_mods":["SealedDeck","Allstar","Diverse","Colorless Cards","Heirloom"],"is_ascension_mode":false,"campfire_choices":[{"data":"Deadly Poison","floor":6,"key":"SMITH"},{"data":"Skewer","floor":10,"key":"SMITH"},{"data":"Streamline","floor":15,"key":"SMITH"}],"circlet_count":0,"master_deck":["Skewer+1","Wild Strike","Dagger Spray","Impatience","Thunderclap","Redo","Deadly Poison+1","Dagger Throw","Clash","Perfected Strike","Sword Boomerang","Blade Dance","Barrage","Streamline+1","Clothesline","REME_HeartOfCthun","Reboot+1","Magnetism+1","Enlightenment+1","Headbutt","Wild Strike","Flash of Steel+1"],"relics":["Burning Blood","REME_ComplimentaryCards","FossilizedHelix","HornCleat","NlothsMask","REME_LimitBreaker","Astrolabe"],"acts_visited":["Exordium","TheCity"],"potions_floor_usage":[20],"damage_taken":[{"damage":2,"enemies":"Cultist","floor":1,"turns":4},{"damage":0,"enemies":"2 Louse","floor":2,"turns":1},{"damage":0,"enemies":"Small Slimes","floor":5,"turns":2},{"damage":5,"enemies":"3 Louse","floor":8,"turns":2},{"damage":5,"enemies":"Lots of Slimes","floor":12,"turns":3},{"damage":0,"enemies":"Exordium Wildlife","floor":13,"turns":3},{"damage":0,"enemies":"Gremlin Nob","floor":14,"turns":3},{"damage":35,"enemies":"Slime Boss","floor":16,"turns":8},{"damage":14,"enemies":"3 Byrds","floor":18,"turns":6},{"damage":26,"enemies":"2 Thieves","floor":20,"turns":4},{"damage":57,"enemies":"3 Cultists","floor":21,"turns":5}],"seed_played":"313157343511775958","potions_obtained":[{"floor":1,"key":"DistilledChaos"},{"floor":8,"key":"EssenceOfSteel"},{"floor":14,"key":"Swift Potion"},{"floor":18,"key":"DistilledChaos"}],"is_trial":true,"path_per_floor":["M","M","$","?","M","R","?","M","T","R","?","M","M","E","R","B",null,"M","?","M","M"],"character_chosen":"IRONCLAD","items_purchased":["Block Potion","Perfected Strike"],"campfire_rested":0,"item_purchase_floors":[3,3],"current_hp_per_floor":[80,80,80,69,75,75,80,80,80,80,80,80,80,80,80,51,80,72,72,52,0,0],"gold":286,"neow_bonus":"","is_daily":false,"chose_seed":false,"campfire_upgraded":3,"win_rate":0.0,"timestamp":1609352177,"path_taken":["M","M","?","?","M","R","?","M","T","R","?","M","?","E","R","BOSS","M","?","?","M"],"items_purchased_type":["Potion","Card"],"build_version":"2020-12-22","purchased_purges":0,"victory":false,"max_hp_per_floor":[80,80,80,80,80,80,80,80,80,80,80,80,80,80,80,80,80,80,80,80,80,80],"relic_stats":{"counters":[11,41],"Astrolabe":["Reboot","Magnetism","Enlightenment"],"obtain_stats":[{"HornCleat":9,"Astrolabe":17,"REME_LimitBreaker":14,"Burning Blood":0,"FossilizedHelix":0,"REME_ComplimentaryCards":0,"NlothsMask":11},{"HornCleat":4,"Astrolabe":8,"REME_LimitBreaker":7,"Burning Blood":0,"FossilizedHelix":0,"REME_ComplimentaryCards":0,"NlothsMask":4},{"HornCleat":9,"Astrolabe":26,"REME_LimitBreaker":18,"Burning Blood":0,"FossilizedHelix":0,"REME_ComplimentaryCards":0,"NlothsMask":9}],"Burning Blood":36},"card_choices":[{"not_picked":["Havoc","Shrug It Off"],"picked":"Dagger Throw","floor":1},{"not_picked":["Bane","True Grit"],"picked":"Clash","floor":2},{"not_picked":["Escape Plan","Clash"],"picked":"Sword Boomerang","floor":5},{"not_picked":["Outmaneuver","Secret Technique"],"picked":"Blade Dance","floor":8},{"not_picked":["REME_Whirling","BootSequence"],"picked":"Barrage","floor":12},{"not_picked":["Deadly Poison","Hemokinesis"],"picked":"Streamline","floor":13},{"not_picked":["Distraction","Flash of Steel"],"picked":"Clothesline","floor":14},{"not_picked":["The Bomb","REME_ShadowForm"],"picked":"REME_HeartOfCthun","floor":16},{"not_picked":["Rage+1","Hello World"],"picked":"Headbutt","floor":18},{"not_picked":["Flying Knee","Cloak And Dagger"],"picked":"Flash of Steel+1","floor":20}],"player_experience":3926,"relics_obtained":[{"floor":9,"key":"HornCleat"},{"floor":14,"key":"REME_LimitBreaker"}],"event_choices":[{"damage_healed":0,"gold_gain":75,"player_choice":"Gather Gold","damage_taken":11,"max_hp_gain":0,"max_hp_loss":0,"event_name":"World of Goop","floor":4,"gold_loss":0},{"damage_healed":20,"gold_gain":0,"player_choice":"Healed","damage_taken":0,"max_hp_gain":0,"max_hp_loss":0,"event_name":"The Cleric","floor":7,"gold_loss":35},{"damage_healed":0,"gold_gain":0,"player_choice":"Trade","damage_taken":0,"relics_obtained":["NlothsMask"],"max_hp_gain":0,"max_hp_loss":0,"event_name":"FaceTrader","floor":11,"gold_loss":0},{"damage_healed":0,"gold_gain":0,"player_choice":"Copied","damage_taken":0,"max_hp_gain":0,"max_hp_loss":0,"event_name":"Duplicator","floor":19,"gold_loss":0,"cards_obtained":["Wild Strike"]}],"is_beta":false,"boss_relics":[{"not_picked":["Runic Pyramid","Philosopher\u0027s Stone"],"picked":"Astrolabe"}],"items_purged_floors":[],"is_endless":false,"potions_floor_spawned":[1,8,14,18],"killed_by":"3 Cultists","ascension_level":0}}