{"host":"za9ilm1uiwmpmin1","time":1609363500,"event":{"mods":["AchievementEnabler","Act Like it!","BaseMod","CapriCore","Dota2Spire","Downfall","Friendly Minions","Gensokyo","KomeijiMod","Lobotomy","LobotomyExtend","Marisa£¨ìFÓê¡¡Ä§ÀíÉ³£©","Minty Spire (QoL Compilation)","MostiFishMod","Reorder Act Four","RumiaBox-Â¶Ã×æ«µÄÉñÃØºÐ×Ó","StSLib","TestMod","The Alterego","The Immortal","Waifu the Spire","[IsaacMod]ÒÔÈö¼âËþ","¡¾¹¦ÄÜMod¡¿»ìãçÖ®»·ÐÞ¸´²¹¶¡"],"gold_per_floor":[111,128,128,140,190,225,225,150,150,177,190,190,224,243,243,345,345,365,265,284,284,304,336,356,382,382,412,412,412,412,412,412,517,517,533,533,533,545,545,545,576,255,280,295,325,344,379,391,391,391,391,391,80,80,112,112],"floor_reached":57,"playtime":1743,"items_purged":["alterego_mod:Defend","alterego_mod:BrynhildrsRune","alterego_mod:Strike","alterego_mod:Defend"],"score":1934,"play_id":"653cc90f-b2c7-48df-a8f3-93286018cc77","local_time":"20201231052500","is_ascension_mode":true,"campfire_choices":[{"data":"alterego_mod:Support","floor":12.0,"key":"SMITH"},{"data":"alterego_mod:Nekomimi","floor":15.0,"key":"SMITH"},{"data":"alterego_mod:Tantrum","floor":28.0,"key":"SMITH"},{"data":"alterego_mod:Strike","floor":30.0,"key":"SMITH"},{"floor":32.0,"key":"RECALL"},{"data":"alterego_mod:ClassAdvantage","floor":40.0,"key":"SMITH"},{"data":"alterego_mod:TrashNCrash","floor":49.0,"key":"SMITH"},{"data":"alterego_mod:Defend","floor":54.0,"key":"SMITH"}],"circlet_count":0,"master_deck":["alterego_mod:Strike+1","alterego_mod:Strike+1","alterego_mod:Strike+1","alterego_mod:Defend+1","alterego_mod:Support+1","alterego_mod:Nekomimi+1","alterego_mod:Tantrum+1","Gensokyo:ShootingStar","alterego_mod:ClassAdvantage+1","alterego_mod:TrashNCrash+1"],"relics":["DaveBox","HushsDoor","testmod-TestBox","testmod-HeartOfStrike","BookOfRevelations","Transparent","Black Star","LetterFromLob","GnawedLeaf","Dota2Spire:ArcaneBoots","Orichalcum","Whetstone","Happy Flower","DeadEye","PunchingBag","Pear","SynthV:C4","RhineCircuit","Pen Nib","SSSystem","Art of War","CombinedTypeHook","Dota2Spire:EtherealBlade","DeathBook","Meat on the Bone","Gensokyo:RedStar","PatriotShield","SharpPlug","Strawberry","testmod-IndustrialRevolution","PreservedInsect","MealTicket","GodSword5","Dota2Spire:MagicBottle","Smiling Mask","testmod-IntensifyImprint","Vajra","Shuriken"],"acts_visited":["Exordium","Gensokyo:Gensokyo","TheBeyond","TheEnding"],"potions_floor_usage":[56,56,56],"damage_taken":[{"damage":7.0,"enemies":"Gensokyo:2_Kodama","floor":1.0,"turns":1.0},{"damage":7.0,"enemies":"Gensokyo:Python","floor":2.0,"turns":1.0},{"damage":14.0,"enemies":"Gensokyo:3_Fairies","floor":4.0,"turns":2.0},{"damage":26.0,"enemies":"Hiden Room Battle","floor":5.0,"turns":3.0},{"damage":28.0,"enemies":"Gensokyo:Cirno","floor":6.0,"turns":4.0},{"damage":21.0,"enemies":"Gensokyo:Mamizou","floor":10.0,"turns":3.0},{"damage":7.0,"enemies":"Gensokyo:2_Rabbits","floor":11.0,"turns":1.0},{"damage":14.0,"enemies":"Gensokyo:Aya","floor":13.0,"turns":2.0},{"damage":8.0,"enemies":"Gensokyo:Kitsune","floor":14.0,"turns":1.0},{"damage":24.0,"enemies":"Gensokyo:Yukari","floor":16.0,"turns":3.0},{"damage":14.0,"enemies":"Gensokyo:3_Dogs","floor":18.0,"turns":2.0},{"damage":7.0,"enemies":"Gensokyo:CosmicMonolith","floor":20.0,"turns":1.0},{"damage":26.0,"enemies":"Gensokyo:Slime_Group","floor":22.0,"turns":2.0},{"damage":14.0,"enemies":"Gensokyo:Koishi","floor":23.0,"turns":2.0},{"damage":33.0,"enemies":"Gensokyo:Wraith","floor":24.0,"turns":3.0},{"damage":14.0,"enemies":"Gensokyo:Reisen","floor":25.0,"turns":2.0},{"damage":23.0,"enemies":"Gensokyo:Tenshi","floor":27.0,"turns":2.0},{"damage":6.0,"enemies":"Gensokyo:Eternal_Rivals","floor":33.0,"turns":4.0},{"damage":7.0,"enemies":"3 Shapes","floor":35.0,"turns":2.0},{"damage":7.0,"enemies":"Orb Walker","floor":38.0,"turns":1.0},{"damage":19.0,"enemies":"Nemesis","floor":41.0,"turns":3.0},{"damage":8.0,"enemies":"Spire Growth","floor":44.0,"turns":1.0},{"damage":8.0,"enemies":"Giant Head","floor":45.0,"turns":1.0},{"damage":8.0,"enemies":"Jaw Worm Horde","floor":46.0,"turns":1.0},{"damage":8.0,"enemies":"Nemesis","floor":47.0,"turns":1.0},{"damage":15.0,"enemies":"Sphere and 2 Shapes","floor":48.0,"turns":2.0},{"damage":15.0,"enemies":"Donu and Deca","floor":50.0,"turns":2.0},{"damage":8.0,"enemies":"Shield and Spear","floor":55.0,"turns":1.0},{"damage":8,"enemies":"The Heart","floor":56,"turns":3}],"seed_played":"-7282831485962608156","potions_obtained":[{"floor":2.0,"key":"Swift Potion"},{"floor":5.0,"key":"Strength Potion"},{"floor":10.0,"key":"SteroidPotion"},{"floor":38.0,"key":"testmod-TestPotion"},{"floor":55.0,"key":"ColorlessPotion"}],"is_trial":false,"path_per_floor":["M","M","?","M","?","E","?","$","T","E","M","R","E","M","R","B",null,"M","$","M","?","M","E","M","E","T","E","R","?","R","?","R","B",null,"M","?","?","M","?","R","E","$","T","M","E","M","E","M","R","B",null,null,"$","R","E","B",null],"character_chosen":"The_Alterego","items_purchased":["testmod-IndustrialRevolution","alterego_mod:TrashNCrash","testmod-IntensifyImprint"],"campfire_rested":0,"item_purchase_floors":[42,42,53],"current_hp_per_floor":[70,70,70,70,70,70,70,70,70,70,70,70,80,80,80,80,75,75,75,75,75,75,75,75,75,75,75,75,75,75,75,75,75,75,75,75,75,75,75,75,82,82,82,82,82,82,82,82,82,82,82,82,82,82,82,82],"gold":112,"neow_bonus":"BOSS_RELIC","is_daily":false,"chose_seed":false,"campfire_upgraded":7,"win_rate":0.0,"timestamp":1609363500,"path_taken":["M","M","?","M","?","E","?","$","T","E","M","R","E","?","R","BOSS","M","?","M","?","?","E","M","E","T","E","R","?","R","?","R","BOSS","M","?","?","M","?","R","E","$","T","M","E","?","E","M","R","BOSS","$","R","E","BOSS"],"items_purchased_type":["Relic","Card","Relic"],"build_version":"2020-12-22","purchased_purges":4,"victory":true,"max_hp_per_floor":[70,70,70,70,70,70,70,70,70,70,70,70,80,80,80,80,75,75,75,75,75,75,75,75,75,75,75,75,75,75,75,75,75,75,75,75,75,75,75,75,82,82,82,82,82,82,82,82,82,82,82,82,82,82,82,82],"card_choices":[{"not_picked":["alterego_mod:DustData","alterego_mod:Complex","alterego_mod:Bunnysuit"],"picked":"SKIP","floor":1.0},{"not_picked":["alterego_mod:Maid","alterego_mod:Clones","alterego_mod:HighServant"],"picked":"SKIP","floor":2.0},{"not_picked":["alterego_mod:Bunnysuit","alterego_mod:DestructionOfProperty","alterego_mod:Undulate"],"picked":"SKIP","floor":4.0},{"not_picked":["alterego_mod:Smother","alterego_mod:Punishment"],"picked":"alterego_mod:Support","floor":6.0},{"not_picked":["alterego_mod:Cycle","alterego_mod:Cooking","alterego_mod:Valkyrie"],"picked":"SKIP","floor":10.0},{"not_picked":["alterego_mod:BusterCard","alterego_mod:BiFurious"],"picked":"alterego_mod:Nekomimi","floor":11.0},{"not_picked":["alterego_mod:Cycle","alterego_mod:HighServant","alterego_mod:Alter"],"picked":"SKIP","floor":13.0},{"not_picked":["alterego_mod:Valentines","alterego_mod:Smother","alterego_mod:Skirt"],"picked":"SKIP","floor":14.0},{"not_picked":["alterego_mod:PainIsPleasure","alterego_mod:Venus"],"picked":"alterego_mod:Tantrum","floor":16.0},{"not_picked":["alterego_mod:Pet","alterego_mod:Cycle","alterego_mod:Mirror"],"picked":"SKIP","floor":18.0},{"not_picked":["alterego_mod:Undulate","alterego_mod:Skirt","alterego_mod:DeftHands"],"picked":"SKIP","floor":20.0},{"not_picked":["alterego_mod:Bounce+1","alterego_mod:DiscoLights+1","alterego_mod:Collar+1"],"picked":"SKIP","floor":22.0},{"not_picked":["alterego_mod:Bounce+1","alterego_mod:DiscoLights+1","alterego_mod:Collar+1"],"picked":"SKIP","floor":22.0},{"not_picked":["alterego_mod:Bounce","alterego_mod:HighServant","alterego_mod:DeftHands+1"],"picked":"SKIP","floor":23.0},{"not_picked":["alterego_mod:Nekomimi","alterego_mod:Jiggle","alterego_mod:Clones"],"picked":"SKIP","floor":24.0},{"not_picked":["alterego_mod:Clones+1","alterego_mod:DustData","alterego_mod:GachaTicket+1"],"picked":"SKIP","floor":25.0},{"not_picked":["alterego_mod:HighServant","alterego_mod:SakuraPetals","alterego_mod:Undulate"],"picked":"SKIP","floor":27.0},{"not_picked":[],"picked":"Gensokyo:ShootingStar","floor":33.0},{"not_picked":["alterego_mod:RingBreak","alterego_mod:Tantrum"],"picked":"alterego_mod:ClassAdvantage","floor":33.0},{"not_picked":["alterego_mod:Cooking+1","alterego_mod:Punishment+1","alterego_mod:PerceptionDisorder+1"],"picked":"SKIP","floor":35.0},{"not_picked":["alterego_mod:Punishment+1","alterego_mod:Cycle+1","alterego_mod:Undulate+1"],"picked":"SKIP","floor":38.0},{"not_picked":["alterego_mod:Cycle+1","alterego_mod:PresenceConcealment+1","alterego_mod:Belle"],"picked":"SKIP","floor":41.0},{"not_picked":["alterego_mod:DiscoLights+1","alterego_mod:Undulate+1","alterego_mod:Birthday"],"picked":"SKIP","floor":44.0},{"not_picked":["alterego_mod:Skirt+1","alterego_mod:IdEs","alterego_mod:BoobPocket+1"],"picked":"SKIP","floor":45.0},{"not_picked":["alterego_mod:SakuraLabyrinth","alterego_mod:Belts+1","alterego_mod:TrashNCrash"],"picked":"SKIP","floor":46.0},{"not_picked":["alterego_mod:1TonWallop","alterego_mod:Alter","alterego_mod:DiscoLights+1"],"picked":"SKIP","floor":47.0},{"not_picked":["alterego_mod:1TonWallop+1","alterego_mod:Jiggle+1","alterego_mod:Smother+1"],"picked":"SKIP","floor":48.0},{"not_picked":["alterego_mod:Rake","alterego_mod:1TonWallop","alterego_mod:Mirror"],"picked":"SKIP","floor":55.0}],"player_experience":1211984,"relics_obtained":[{"floor":1.0,"key":"LetterFromLob"},{"floor":5.0,"key":"GnawedLeaf"},{"floor":5.0,"key":"Dota2Spire:ArcaneBoots"},{"floor":6.0,"key":"Orichalcum"},{"floor":6.0,"key":"Whetstone"},{"floor":10.0,"key":"DeadEye"},{"floor":10.0,"key":"PunchingBag"},{"floor":13.0,"key":"Pear"},{"floor":13.0,"key":"SynthV:C4"},{"floor":23.0,"key":"Pen Nib"},{"floor":23.0,"key":"SSSystem"},{"floor":25.0,"key":"Art of War"},{"floor":25.0,"key":"CombinedTypeHook"},{"floor":26.0,"key":"Dota2Spire:EtherealBlade"},{"floor":27.0,"key":"DeathBook"},{"floor":27.0,"key":"Meat on the Bone"},{"floor":41.0,"key":"SharpPlug"},{"floor":41.0,"key":"Strawberry"},{"floor":43.0,"key":"PreservedInsect"},{"floor":45.0,"key":"MealTicket"},{"floor":45.0,"key":"GodSword5"},{"floor":47.0,"key":"Dota2Spire:MagicBottle"},{"floor":47.0,"key":"Smiling Mask"},{"floor":55.0,"key":"Vajra"},{"floor":55.0,"key":"Shuriken"}],"event_choices":[{"damage_healed":0.0,"max_hp_gain":0.0,"max_hp_loss":0.0,"gold_gain":0.0,"event_name":"HidenRoomEvent","player_choice":"Fight","floor":5.0,"gold_loss":0.0,"damage_taken":0.0},{"damage_healed":0.0,"max_hp_gain":0.0,"max_hp_loss":0.0,"gold_gain":0.0,"event_name":"Transmorgrifier","player_choice":"Ignored","floor":36.0,"gold_loss":0.0,"damage_taken":0.0},{"cards_removed":["Confused"],"damage_healed":0.0,"max_hp_gain":0.0,"max_hp_loss":0.0,"gold_gain":0.0,"event_name":"Purifier","player_choice":"Purged","floor":39.0,"gold_loss":0.0,"damage_taken":0.0}],"is_beta":false,"boss_relics":[{"not_picked":["Busted Crown","Velvet Choker"],"picked":"RhineCircuit"},{"not_picked":[]},{"not_picked":["ExusiaiGun","Runic Dome"],"picked":"PatriotShield"},{"not_picked":[]}],"items_purged_floors":[8,17,19,42],"is_endless":false,"potions_floor_spawned":[2,5,10,11,20,33,35,38,47,55],"ascension_level":1}}