{"host":"kig4ty9d1aubg29s","time":1609294274,"event":{"mods":["BaseMod","Minty Spire (QoL Compilation)","READ ME - Guardian Mod","READ ME - Snecko Mod","StSLib","The Cursed","The Gatherer","The Hierophant","The Jungle","The Runesmith"],"gold_per_floor":[119,119,119,130,141,141,152,166,238,238,238,238,270,270,270,349,349,364,364,414,429,445,445,461,461,461],"floor_reached":25,"playtime":1321,"items_purged":[],"score":365,"play_id":"5142b72f-9885-4fa5-941e-5f45045c3e55","local_time":"20201230111114","is_ascension_mode":true,"campfire_choices":[{"data":"Caltrops","floor":6,"key":"SMITH"},{"floor":11,"key":"REST"},{"floor":15,"key":"REST"},{"data":"Envenom","floor":23,"key":"SMITH"}],"circlet_count":0,"master_deck":["AscendersBane","Strike_G","Strike_G","Strike_G","Strike_G","Strike_G","Defend_G","Defend_G","Defend_G","Defend_G","Defend_G","Survivor","Neutralize+1","Escape Plan","Heel Hook","Caltrops+1","Cloak And Dagger","Heel Hook","Envenom+1","Venomology","Blade Dance","Terror","Prepared","Sucker Punch"],"relics":["Ring of the Snake","InkBottle","StoneCalendar","Bag of Preparation","Toy Ornithopter","Black Star"],"acts_visited":["Exordium","TheCity"],"potions_floor_usage":[13,16,18,21,22,22,24,24],"damage_taken":[{"damage":0,"enemies":"2 Louse","floor":1,"turns":5},{"damage":3,"enemies":"Jaw Worm","floor":4,"turns":6},{"damage":0,"enemies":"Small Slimes","floor":5,"turns":3},{"damage":8,"enemies":"Looter","floor":7,"turns":4},{"damage":8,"enemies":"2 Fungi Beasts","floor":8,"turns":6},{"damage":29,"enemies":"Gremlin Nob","floor":13,"turns":4},{"damage":42,"enemies":"Slime Boss","floor":16,"turns":9},{"damage":9,"enemies":"Shell Parasite","floor":18,"turns":7},{"damage":7,"enemies":"3 Byrds","floor":21,"turns":5},{"damage":0,"enemies":"Centurion and Healer","floor":22,"turns":5},{"damage":49,"enemies":"Sentry and Sphere","floor":24,"turns":7},{"damage":24,"enemies":"Snecko","floor":25,"turns":6}],"seed_played":"-2540037964153541644","potions_obtained":[{"floor":1,"key":"Explosive Potion"},{"floor":8,"key":"BlessingOfTheForge"},{"floor":13,"key":"Fruit Juice"},{"floor":18,"key":"DistilledChaos"},{"floor":21,"key":"Poison Potion"}],"is_trial":false,"path_per_floor":["M","?","?","M","M","R","M","M","T","?","R","?","E","?","R","B",null,"M","?","?","M","M","R","M","M"],"character_chosen":"THE_SILENT","items_purchased":[],"campfire_rested":2,"item_purchase_floors":[],"current_hp_per_floor":[65,65,65,62,62,62,54,46,46,46,67,67,38,12,33,1,58,54,54,54,52,62,62,23,0,0],"gold":461,"neow_bonus":"TEN_PERCENT_HP_BONUS","is_daily":false,"chose_seed":false,"campfire_upgraded":2,"win_rate":0.0,"timestamp":1609294274,"path_taken":["M","?","?","M","M","R","M","M","T","?","R","?","E","?","R","BOSS","M","?","?","M","M","R","M","?"],"items_purchased_type":[],"build_version":"2020-12-22","purchased_purges":0,"victory":false,"max_hp_per_floor":[72,72,72,72,72,72,72,72,72,72,72,72,72,72,72,77,77,77,77,77,77,77,77,77,77,77],"card_choices":[{"not_picked":["Dodge and Roll","Quick Slash"],"picked":"Escape Plan","floor":1},{"not_picked":["Sucker Punch","Flying Knee"],"picked":"Heel Hook","floor":4},{"not_picked":["Acrobatics","Masterful Stab"],"picked":"Caltrops","floor":5},{"not_picked":["Tactician","Poisoned Stab"],"picked":"Cloak And Dagger","floor":7},{"not_picked":["Grand Finale","Dagger Throw"],"picked":"Heel Hook","floor":8},{"not_picked":["Heel Hook","Slice"],"picked":"Envenom","floor":13},{"not_picked":["Unload","Burst"],"picked":"Venomology","floor":16},{"not_picked":["Flying Knee","Crippling Poison"],"picked":"Blade Dance","floor":18},{"not_picked":["Blade Dance","Crippling Poison"],"picked":"Terror","floor":21},{"not_picked":["Outmaneuver","Underhanded Strike"],"picked":"Prepared","floor":22},{"not_picked":["Outmaneuver","Riddle With Holes"],"picked":"Sucker Punch","floor":24}],"player_experience":1901762,"relics_obtained":[{"floor":9,"key":"InkBottle"},{"floor":13,"key":"Bag of Preparation"}],"event_choices":[{"damage_healed":0,"gold_gain":0,"player_choice":"Grow","damage_taken":0,"max_hp_gain":0,"max_hp_loss":0,"event_name":"Living Wall","floor":2,"gold_loss":0,"cards_upgraded":["Neutralize"]},{"damage_healed":0,"gold_gain":0,"player_choice":"Leave","damage_taken":0,"max_hp_gain":0,"max_hp_loss":0,"event_name":"The Cleric","floor":3,"gold_loss":0},{"damage_healed":0,"gold_gain":0,"player_choice":"Searched \u00271\u0027 times","damage_taken":0,"relics_obtained":["StoneCalendar"],"max_hp_gain":0,"max_hp_loss":0,"event_name":"Dead Adventurer","floor":10,"gold_loss":0},{"damage_healed":0,"gold_gain":0,"player_choice":"Ignored","damage_taken":0,"max_hp_gain":0,"max_hp_loss":0,"event_name":"Shining Light","floor":12,"gold_loss":0},{"damage_healed":0,"gold_gain":0,"player_choice":"Success","damage_taken":26,"relics_obtained":["Toy Ornithopter"],"max_hp_gain":0,"max_hp_loss":0,"event_name":"Scrap Ooze","floor":14,"gold_loss":0},{"damage_healed":0,"gold_gain":0,"player_choice":"Ignored","damage_taken":0,"max_hp_gain":0,"max_hp_loss":0,"event_name":"Beggar","floor":19,"gold_loss":0},{"damage_healed":0,"gold_gain":50,"player_choice":"Stole From Cult","damage_taken":0,"max_hp_gain":0,"max_hp_loss":0,"event_name":"Nest","floor":20,"gold_loss":0}],"is_beta":false,"boss_relics":[{"not_picked":["HoveringKite","Calling Bell"],"picked":"Black Star"}],"items_purged_floors":[],"is_endless":false,"potions_floor_spawned":[1,8,13,18,21],"killed_by":"Snecko","ascension_level":16}}