{"host":"fhujvjnj99vjue08","time":1609355838,"event":{"mods":["2.2 Compatiblity","AchievementEnabler","Aspiration","Astrologer","BaseMod","Beaked The Cultist","BetterRewards","CatGirl Mod","Colored Map","Colored Powertips","Conjunction","Conspire","Custom Start","Downfall","Friendly Minions","GifTheSpireLib","Googly Eyes","Halation","Highlight Path","Hubris","Hyrulean Relics","Infinite Spire","Magitek Elite","Mimic Mod","Minty Spire (QoL Compilation)","Replay The Spire","Reworked Bosses","Shop Mod","StSLib","Strawberry Spire","Stuff the Spire","The Bug Knight","The Factory","The Gatherer","The Jungle","The Servant 0.9.4","TheBandit","TheFirefly","egg","thorton","vexMod"],"gold_per_floor":[99,99,99,99,162,187,187,216,247,332,354,129,129,148,174,428,428,428,465,465,465,493,561,561,584,584,584,584,584,582,50,60,217,217,217,256,256,186,303,320,320,320,373,326,375,404,404,456,478,599,599,702,40,40,100],"floor_reached":56,"playtime":4517,"items_purged":["champ:Strike","hubris:Compulsion","Shame","vexMod:UltimateCard"],"score":1387,"play_id":"8ec4de1f-542e-4142-88c4-b12d59874475","local_time":"20201230191718","is_ascension_mode":false,"campfire_choices":[{"floor":1.0,"key":"RECALL"},{"data":"champ:VampiricStrike","floor":12.0,"key":"SMITH"},{"data":"champ:StanceDance","floor":18.0,"key":"SMITH"},{"data":"champ:GladiatorStyle","floor":27.0,"key":"SMITH"},{"data":"infinitespire:TheBestDefense","floor":35,"key":"SMITH"},{"data":"champ:RisingSlash","floor":42,"key":"SMITH"},{"data":"theJungle:PetSnecko","floor":47,"key":"SMITH"},{"data":"expansioncontent:DefensiveStance","floor":54,"key":"SMITH"}],"circlet_count":0,"master_deck":["champ:Strike+1","champ:Strike","champ:Strike","champ:Defend","champ:Defend+1","champ:Defend","champ:Defend","champ:Execute","champ:Taunt","champ:TornadoPunch+1","champ:Backstep+1","champ:RisingSlash+1","champ:Duel+1","champ:VampiricStrike+1","champ:StanceDance+1","champ:GladiatorStyle+1","champ:MurderStrike","infinitespire:TheBestDefense+1","theJungle:PetSnecko+1","champ:CalledShot+1","champ:DefensiveStyle+1","champ:CrookedStrike+1","champ:BringItOn+1","champ:ArenaPreparation+1","champ:FalseCounter+1","champ:Devastate","hubris:NaturalOne","expansioncontent:DefensiveStance+1"],"relics":["StuffTheSpire:OccultApparatus","downfall:HeartsMalice","hubris:Icosahedron","Counterbalance","infinitespire:Joker Card","vexMod:ConsolationPrize","Quantum Egg","downfall:HeartBlessingRed","downfall:HeartBlessingGreen","downfall:HeartBlessingBlue","conspire:SpecialSausage","HornCleat","Cursed Key","Whetstone","infinitespire:PuzzleCube","Question Card","Thread and Needle","hubris:EmptyBottle","StuffTheSpire:CocoNut","MawBank","Replay:Wax Seal","Bag of Preparation","Guard_Bracelet","hubris:CrystalStatue"],"acts_visited":["Exordium","Exordium","theJungle:Jungle","TheEnding"],"potions_floor_usage":[44,44,50,50,50,50,50,50,55,55,55,55,55,55],"damage_taken":[{"damage":0.0,"enemies":"Jaw Worm","floor":4.0,"turns":1.0},{"damage":0.0,"enemies":"Gremlin Nob","floor":5.0,"turns":1.0},{"damage":0.0,"enemies":"Replay:BlueRogue","floor":8.0,"turns":1.0},{"damage":12.0,"enemies":"2 Louse","floor":9.0,"turns":3.0},{"damage":56.0,"enemies":"3 Sentries","floor":10.0,"turns":6.0},{"damage":8.0,"enemies":"Small Slimes","floor":11.0,"turns":3.0},{"damage":0.0,"enemies":"2 Fungi Beasts","floor":14.0,"turns":2.0},{"damage":6.0,"enemies":"Exordium Wildlife","floor":15.0,"turns":4.0},{"damage":56.0,"enemies":"downfall:Watcher","floor":16.0,"turns":11.0},{"damage":22.0,"enemies":"theJungle:MUSHROOMGANG","floor":19.0,"turns":5.0},{"damage":8.0,"enemies":"theJungle:Flameango_and_Byrd","floor":22.0,"turns":5.0},{"damage":10.0,"enemies":"theJungle:Lyon","floor":25.0,"turns":5.0},{"damage":10.0,"enemies":"Snake Plant","floor":30.0,"turns":4.0},{"damage":5.0,"enemies":"downfall:FleeingMerchant","floor":31.0,"turns":4.0},{"damage":0.0,"enemies":"Snake Plant","floor":32.0,"turns":2.0},{"damage":59.0,"enemies":"downfall:Silent","floor":33.0,"turns":7.0},{"damage":19,"enemies":"theFactory:2_Experiment_Personnel","floor":36,"turns":2},{"damage":15,"enemies":"theFactory:BigBot","floor":38,"turns":4},{"damage":5,"enemies":"theFactory:Orbs_and_Orb_Walker","floor":39,"turns":4},{"damage":6,"enemies":"theFactory:Sentry and Guards","floor":40,"turns":5},{"damage":21,"enemies":"theFactory:DrinkBrewer","floor":43,"turns":4},{"damage":0,"enemies":"downfall:FleeingMerchant","floor":44,"turns":4},{"damage":29,"enemies":"theFactory:Personnel_and_Big_Bot","floor":45,"turns":4},{"damage":24,"enemies":"theFactory:ShrapnelTosser","floor":46,"turns":6},{"damage":42,"enemies":"theFactory:Orbs_and_Orb_Walker","floor":48,"turns":4},{"damage":5,"enemies":"theFactory:DefectiveSentry","floor":49,"turns":5},{"damage":26,"enemies":"downfall:Ironclad","floor":50,"turns":11},{"damage":68,"enemies":"downfall:CharBossMerchant","floor":52,"turns":8},{"damage":60,"enemies":"downfall:NeowBoss","floor":55,"turns":25}],"seed_played":"-7211338918322080213","potions_obtained":[{"floor":5.0,"key":"Ancient Potion"},{"floor":10.0,"key":"champ:CounterPotion"},{"floor":11.0,"key":"Dexterity Potion"},{"floor":16.0,"key":"BlessingOfTheForge"},{"floor":23.0,"key":"FairyPotion"},{"floor":43,"key":"Swift Potion"},{"floor":49,"key":"Cursed Concoction"},{"floor":52,"key":"SkillPotion"}],"is_trial":false,"path_per_floor":["R","?","?","M","?","T","T","E","M","E","M","R","?","M","M","B",null,"R","M","AVR","?","M","?","T","M","?","R","?","?","MIM","$","M","B",null,"R","M","?","M","M","M","T","R","E","$","M","M","R","M","M","B",null,"E","$","R","B",null],"character_chosen":"THE_CHAMP","items_purchased":["Thread and Needle","hubris:EmptyBottle","Replay:Wax Seal","Bag of Preparation","DistilledChaos","hubris:CrystalStatue","expansioncontent:DefensiveStance","infinitespire:BlackPotion","ColorlessPotion"],"campfire_rested":0,"item_purchase_floors":[31,31,44,44,44,53,53,53,53],"current_hp_per_floor":[90,90,90,90,90,90,90,90,83,37,39,49,49,100,100,69,100,100,89,89,89,98,98,98,95,95,95,95,95,92,95,95,63,100,100,100,100,100,100,100,107,107,91,107,105,96,96,84,96,96,107,86,86,86,107],"gold":100,"neow_bonus":"THREE_ENEMY_KILL","is_daily":false,"chose_seed":false,"campfire_upgraded":7,"win_rate":0.0,"timestamp":1609355838,"path_taken":["R","?","?","M","?","?","T","E","M","E","M","R","?","M","M","BOSS","R","M","AVR","?","M","?","T","M","?","R","?","?","?","?","M","BOSS","R","M","?","M","?","?","T","R","E","$","?","?","R","M","M","BOSS","E","$","R","BOSS"],"items_purchased_type":["Relic","Relic","Relic","Relic","Potion","Relic","Card","Potion","Potion"],"build_version":"2020-12-22","purchased_purges":4,"victory":true,"max_hp_per_floor":[90,90,90,90,90,90,90,90,90,90,90,100,100,100,100,100,100,100,100,100,100,100,100,100,100,100,100,100,100,100,100,100,100,100,100,100,100,100,100,100,107,107,107,107,107,107,107,107,107,107,107,107,107,107,107],"card_choices":[{"not_picked":["champ:Circumvent","champ:BerserkersShout"],"picked":"champ:TornadoPunch","floor":4.0},{"not_picked":["champ:BladeFlurry","champ:BerserkersShout"],"picked":"champ:Backstep","floor":5.0},{"not_picked":["champ:ViciousMockery","champ:BringItOn"],"picked":"champ:RisingSlash","floor":8.0},{"not_picked":["champ:Backstep","champ:BerserkerStyle"],"picked":"champ:Duel","floor":9.0},{"not_picked":["champ:Backstep","champ:FightOn"],"picked":"champ:VampiricStrike","floor":10.0},{"not_picked":["champ:EnragedBash","champ:BringItOn"],"picked":"champ:StanceDance","floor":11.0},{"not_picked":["champ:FocusedDefense","champ:DeathBlow"],"picked":"champ:GladiatorStyle","floor":14.0},{"not_picked":["champ:GutPunch","champ:BerserkersShout","champ:FocusedDefense"],"picked":"SKIP","floor":15.0},{"not_picked":["champ:HoldFirm","champ:VampiricStrike"],"picked":"champ:MurderStrike","floor":16.0},{"not_picked":["champ:BerserkersShout","champ:Haymaker","champ:EndlessRage"],"picked":"SKIP","floor":19.0},{"not_picked":["champ:FightOn","champ:BladeFlurry+1","champ:DefensiveShout"],"picked":"SKIP","floor":22.0},{"not_picked":["champ:PerfectedStrike+1","champ:Duel","champ:TornadoPunch"],"picked":"SKIP","floor":25.0},{"not_picked":["champ:TornadoPunch","champ:SkillfulDodge","champ:BerserkersShout","champ:GladiatorStyle"],"picked":"SKIP","floor":31.0},{"not_picked":["champ:Shatter","champ:RecklessLeap","champ:BerserkersShout"],"picked":"champ:CalledShot+1","floor":32.0},{"not_picked":["champ:FanOfKnives","champ:TornadoPunch","champ:FaceSlap","champ:PreciseThrust+1"],"picked":"SKIP","floor":36},{"not_picked":["champ:FanOfKnives","champ:Backstep+1","champ:FaceSlap+1","champ:FalseCounter+1"],"picked":"SKIP","floor":38},{"not_picked":["champ:AdrenalArmor","champ:BerserkersShout+1","champ:GutPunch+1"],"picked":"champ:DefensiveStyle+1","floor":39},{"not_picked":["champ:CalledShot+1","champ:EnragedBash+1","champ:Lariat","champ:BerserkersShout+1"],"picked":"SKIP","floor":40},{"not_picked":["champ:BerserkerStyle","champ:EnGarde","champ:ViciousMockery+1"],"picked":"champ:CrookedStrike+1","floor":43},{"not_picked":["champ:ViciousMockery+1","champ:Riposte","champ:TornadoPunch"],"picked":"champ:BringItOn+1","floor":44},{"not_picked":["champ:TornadoPunch+1","champ:BringItOn","champ:GladiatorsShout","champ:FocusedDefense+1"],"picked":"SKIP","floor":45},{"not_picked":["champ:Lariat","champ:BringItOn","champ:Backstep+1"],"picked":"champ:ArenaPreparation+1","floor":46},{"not_picked":["champ:Shatter+1","champ:BringItOn+1","champ:FocusedBerserking"],"picked":"champ:FalseCounter+1","floor":48},{"not_picked":["champ:RapidStrikes+1","champ:TornadoPunch+1","champ:CalledShot","champ:GutPunch"],"picked":"SKIP","floor":49},{"not_picked":["champ:Improvising","champ:IgnorePain","champ:CheapShot"],"picked":"champ:Devastate","floor":50},{"not_picked":["champ:GladiatorsShout","champ:FocusedBerserking","champ:FightOn","champ:StanceDance+1"],"picked":"SKIP","floor":52}],"player_experience":318625,"relics_obtained":[{"floor":5.0,"key":"Counterbalance"},{"floor":7.0,"key":"infinitespire:Joker Card"},{"floor":8.0,"key":"vexMod:ConsolationPrize"},{"floor":10.0,"key":"Quantum Egg"},{"floor":23.0,"key":"Whetstone"},{"floor":24.0,"key":"infinitespire:PuzzleCube"},{"floor":30.0,"key":"Question Card"},{"floor":41,"key":"StuffTheSpire:CocoNut"},{"floor":43,"key":"MawBank"},{"floor":52,"key":"Guard_Bracelet"}],"event_choices":[{"damage_healed":0,"gold_gain":0,"player_choice":"Upgraded","damage_taken":0,"max_hp_gain":0,"max_hp_loss":0,"event_name":"Upgrade Shrine","floor":37,"gold_loss":0,"cards_upgraded":["champ:Backstep"]}],"is_beta":false,"boss_relics":[{"not_picked":["Fusion Hammer","halation:PinkAlligatorPlush"],"picked":"conspire:SpecialSausage"},{"not_picked":["halation:MonkeysPaw","hubris:ScarierMask","Kintsugi"]}],"items_purged_floors":[20,31,44,53],"is_endless":false,"potions_floor_spawned":[5,10,11,15,16,22,25,33,39,43,45,49,52],"ascension_level":0}}