{"host":"k4et7hlhlqy8fuoz","time":1609337701,"event":{"mods":["2.2 Compatiblity","AchievementEnabler","BaseMod","Colored Map","DeckTracker","Highlight Path","Minty Spire (QoL Compilation)","Random Character Button","Rare Cards Sparkle"],"gold_per_floor":[113,113,1,176,176,176,191,210,210,235,235,251,251,275,275,275,275],"floor_reached":16,"playtime":929,"items_purged":["Injury"],"score":92,"play_id":"1e2d2fa1-39e5-4307-b14d-7e7ec370f2c7","local_time":"20201230151501","is_ascension_mode":false,"campfire_choices":[{"data":"Slice","floor":6,"key":"SMITH"},{"data":"Backstab","floor":13,"key":"SMITH"},{"floor":15,"key":"REST"}],"circlet_count":0,"master_deck":["Strike_G","Strike_G","Strike_G","Strike_G","Strike_G","Defend_G","Defend_G","Defend_G","Defend_G","Defend_G","Survivor","Neutralize","Slice+1","Terror+1","Doubt","Blade Dance","Dagger Spray","Backstab+1","Bullet Time","Flying Knee"],"relics":["Ring of the Snake","Golden Idol","Meat on the Bone","InkBottle"],"acts_visited":["Exordium"],"potions_floor_usage":[16],"damage_taken":[{"damage":7,"enemies":"Small Slimes","floor":1,"turns":6},{"damage":6,"enemies":"2 Louse","floor":7,"turns":3},{"damage":0,"enemies":"Jaw Worm","floor":8,"turns":2},{"damage":4,"enemies":"Blue Slaver","floor":10,"turns":2},{"damage":0,"enemies":"3 Louse","floor":12,"turns":2},{"damage":0,"enemies":"Large Slime","floor":14,"turns":5},{"damage":72,"enemies":"Slime Boss","floor":16,"turns":9}],"seed_played":"2297571124161933411","potions_obtained":[{"floor":1,"key":"Energy Potion"},{"floor":10,"key":"Regen Potion"},{"floor":14,"key":"DuplicationPotion"}],"is_trial":false,"path_per_floor":["M","?","$","?","?","R","M","M","T","M","?","M","R","M","R","B"],"character_chosen":"THE_SILENT","items_purchased":["Terror"],"campfire_rested":1,"item_purchase_floors":[3],"current_hp_per_floor":[70,70,70,70,58,58,52,52,52,48,48,48,48,48,71,0,0],"gold":275,"neow_bonus":"TEN_PERCENT_HP_BONUS","is_daily":false,"chose_seed":false,"campfire_upgraded":2,"win_rate":0.0,"timestamp":1609337701,"path_taken":["M","?","$","?","?","R","?","M","T","M","?","M","R","M","R","BOSS"],"items_purchased_type":["Card"],"build_version":"2020-12-22","purchased_purges":1,"victory":false,"max_hp_per_floor":[77,77,77,77,77,77,77,77,77,77,77,77,77,77,77,77,77],"card_choices":[{"not_picked":["Distraction","Quick Slash"],"picked":"Slice","floor":1},{"not_picked":["Deflect","Quick Slash"],"picked":"Blade Dance","floor":7},{"not_picked":["PiercingWail","Underhanded Strike"],"picked":"Dagger Spray","floor":8},{"not_picked":["Bane","Acrobatics"],"picked":"Backstab","floor":10},{"not_picked":["Deflect","Distraction"],"picked":"Bullet Time","floor":12},{"not_picked":["Reflex","Backflip"],"picked":"Flying Knee","floor":14}],"player_experience":32814,"relics_obtained":[{"floor":9,"key":"InkBottle"}],"event_choices":[{"damage_healed":0,"gold_gain":0,"player_choice":"Take Wound","damage_taken":0,"relics_obtained":["Golden Idol"],"max_hp_gain":0,"max_hp_loss":0,"event_name":"Golden Idol","floor":2,"gold_loss":0,"cards_obtained":["Injury"]},{"damage_healed":0,"gold_gain":175,"player_choice":"AGREE","damage_taken":0,"max_hp_gain":0,"max_hp_loss":0,"event_name":"Liars Game","floor":4,"gold_loss":0,"cards_obtained":["Doubt"]},{"damage_healed":0,"gold_gain":0,"player_choice":"Success","damage_taken":12,"relics_obtained":["Meat on the Bone"],"max_hp_gain":0,"max_hp_loss":0,"event_name":"Scrap Ooze","floor":5,"gold_loss":0},{"damage_healed":0,"gold_gain":0,"player_choice":"Grow","damage_taken":0,"max_hp_gain":0,"max_hp_loss":0,"event_name":"Living Wall","floor":11,"gold_loss":0,"cards_upgraded":["Terror"]}],"is_beta":false,"boss_relics":[],"items_purged_floors":[3],"is_endless":false,"potions_floor_spawned":[1,10,14],"killed_by":"Slime Boss","ascension_level":0}}