{"host":"sc0o2qwpf9j16a4i","time":1609353581,"event":{"mods":["AchievementEnabler","BaseMod","BetterRewards","Block Reminder","Colored Map","Colored Powertips","Custom Start","Highlight Path","Minty Spire (QoL Compilation)","Relic Stats"],"gold_per_floor":[119,130,110,73,73,73,100,113,113,132,132,148,148,182,182,261,261,280,299,299,318,518,518,544,109,135,162,162,162],"floor_reached":28,"playtime":919,"items_purged":["Clash"],"score":496,"play_id":"aaf55f23-1ee4-46ff-ba36-a8c17c5cd2ca","local_time":"20201230203941","is_ascension_mode":true,"campfire_choices":[{"data":"Armaments","floor":6.0,"key":"SMITH"},{"floor":13.0,"key":"REST"},{"data":"Inflame","floor":15.0,"key":"SMITH"},{"floor":23.0,"key":"REST"}],"circlet_count":0,"master_deck":["AscendersBane","Bash","Clothesline","Armaments+1","Inflame+1","Shrug It Off","Sentinel+1","Immolate","Searing Blow","Dark Embrace","Dark Embrace","Juggernaut","Feel No Pain","True Grit+1","Uppercut","Sentinel+1","Whirlwind","Shockwave+1"],"relics":["Velvet Choker","Eternal Feather","Bottled Flame","Toxic Egg 2","Bottled Tornado","Pandora\u0027s Box","Shuriken","Turnip","CeramicFish"],"acts_visited":["Exordium","TheCity"],"potions_floor_usage":[24],"damage_taken":[{"damage":9.0,"enemies":"Small Slimes","floor":1.0,"turns":5.0},{"damage":0.0,"enemies":"Cultist","floor":2.0,"turns":3.0},{"damage":14.0,"enemies":"Lagavulin","floor":7.0,"turns":7.0},{"damage":2.0,"enemies":"2 Louse","floor":8.0,"turns":3.0},{"damage":7.0,"enemies":"Gremlin Gang","floor":10.0,"turns":4.0},{"damage":20.0,"enemies":"Large Slime","floor":12.0,"turns":5.0},{"damage":20.0,"enemies":"3 Sentries","floor":14.0,"turns":13.0},{"damage":19.0,"enemies":"The Guardian","floor":16.0,"turns":12.0},{"damage":6.0,"enemies":"Spheric Guardian","floor":18.0,"turns":5.0},{"damage":16.0,"enemies":"Shell Parasite","floor":19.0,"turns":4.0},{"damage":14.0,"enemies":"Snecko","floor":21.0,"turns":5.0},{"damage":46,"enemies":"Slavers","floor":24,"turns":6},{"damage":14,"enemies":"Cultist and Chosen","floor":27,"turns":5},{"damage":4,"enemies":"3 Cultists","floor":28,"turns":2}],"seed_played":"1554769446755608650","potions_obtained":[{"floor":2.0,"key":"Dexterity Potion"},{"floor":3.0,"key":"SkillPotion"},{"floor":12.0,"key":"Regen Potion"},{"floor":16.0,"key":"SkillPotion"}],"is_trial":false,"path_per_floor":["M","M","?","$","T","R","E","M","T","M","?","M","R","E","R","B",null,"M","M","?","M","?","R","E","$","T","M","M"],"character_chosen":"IRONCLAD","items_purchased":["Inflame","Turnip","Whirlwind"],"campfire_rested":2,"item_purchase_floors":[4,25,25],"current_hp_per_floor":[59,59,59,59,59,65,51,49,49,42,42,22,53,48,57,38,66,60,44,44,30,30,61,15,15,15,1,0,0],"gold":162,"neow_bonus":"BOSS_RELIC","is_daily":false,"chose_seed":false,"campfire_upgraded":2,"win_rate":0.0,"timestamp":1609353581,"path_taken":["M","M","?","$","?","R","E","M","T","?","?","M","R","E","R","BOSS","M","?","?","M","?","R","E","$","T","M","M"],"items_purchased_type":["Card","Relic","Card"],"build_version":"2020-12-22","purchased_purges":1,"victory":false,"max_hp_per_floor":[75,75,75,75,75,75,75,75,75,75,75,75,75,75,75,75,75,75,75,75,75,75,75,75,75,75,75,75,75],"relic_stats":{"counters":[14,79],"Shuriken":[0],"CeramicFish":9,"Eternal Feather":33,"Pandora\u0027s Box":["Searing Blow","Dark Embrace","Dark Embrace","Juggernaut","Clash","Feel No Pain","True Grit","Uppercut"],"Turnip":[0],"obtain_stats":[{"Bottled Flame":7,"Shuriken":24,"CeramicFish":26,"Velvet Choker":0,"Eternal Feather":5,"Pandora\u0027s Box":17,"Turnip":25,"Toxic Egg 2":9,"Bottled Tornado":14,"Burning Blood":0},{"Bottled Flame":3,"Shuriken":12,"CeramicFish":12,"Velvet Choker":0,"Eternal Feather":2,"Pandora\u0027s Box":8,"Turnip":12,"Toxic Egg 2":4,"Bottled Tornado":7,"Burning Blood":0},{"Bottled Flame":15,"Shuriken":72,"CeramicFish":72,"Velvet Choker":0,"Eternal Feather":8,"Pandora\u0027s Box":52,"Turnip":72,"Toxic Egg 2":18,"Bottled Tornado":40,"Burning Blood":0}]},"card_choices":[{"not_picked":["Anger","Clash"],"picked":"Clothesline","floor":1.0},{"not_picked":["Rage","Anger"],"picked":"Armaments","floor":2.0},{"not_picked":["Berserk","Bloodletting"],"picked":"Shrug It Off","floor":7.0},{"not_picked":["Ghostly Armor","Fire Breathing","True Grit"],"picked":"SKIP","floor":8.0},{"not_picked":["Reckless Charge","Infernal Blade+1","Headbutt"],"picked":"SKIP","floor":10.0},{"not_picked":["Clash","Body Slam"],"picked":"Sentinel+1","floor":12.0},{"not_picked":["Armaments+1","Anger","Body Slam"],"picked":"SKIP","floor":14.0},{"not_picked":["Feed","Impervious+1"],"picked":"Immolate","floor":16.0},{"not_picked":["Clash+1","Perfected Strike+1"],"picked":"Sentinel+1","floor":18.0},{"not_picked":["Clothesline","Wild Strike","Sword Boomerang"],"picked":"SKIP","floor":19.0},{"not_picked":["Heavy Blade","Cleave","Clothesline"],"picked":"SKIP","floor":21.0},{"not_picked":["Iron Wave","Sword Boomerang","Twin Strike"],"picked":"SKIP","floor":24},{"not_picked":["Havoc+1","Rage+1"],"picked":"Shockwave+1","floor":27}],"player_experience":452756,"relics_obtained":[{"floor":5.0,"key":"Eternal Feather"},{"floor":7.0,"key":"Bottled Flame"},{"floor":9.0,"key":"Toxic Egg 2"},{"floor":14.0,"key":"Bottled Tornado"},{"floor":24,"key":"Shuriken"},{"floor":26,"key":"CeramicFish"}],"event_choices":[{"damage_healed":0.0,"max_hp_gain":0.0,"max_hp_loss":0.0,"gold_gain":0.0,"event_name":"The Woman in Blue","player_choice":"Bought 1 Potion","floor":3.0,"gold_loss":0.0,"damage_taken":0.0},{"cards_removed":["Strike_R"],"damage_healed":0.0,"max_hp_gain":0.0,"max_hp_loss":0.0,"gold_gain":0.0,"event_name":"Purifier","player_choice":"Purged","floor":11.0,"gold_loss":0.0,"damage_taken":0.0},{"damage_healed":0.0,"max_hp_gain":0.0,"max_hp_loss":0.0,"gold_gain":0.0,"event_name":"Vampires","player_choice":"Ignored","floor":20.0,"gold_loss":0.0,"damage_taken":0.0},{"damage_healed":0.0,"max_hp_gain":0.0,"max_hp_loss":0.0,"gold_gain":250.0,"event_name":"The Joust","player_choice":"Bet on Owner","floor":22.0,"gold_loss":50.0,"damage_taken":0.0}],"is_beta":false,"boss_relics":[{"not_picked":["Black Star","Astrolabe"],"picked":"Pandora\u0027s Box"}],"items_purged_floors":[25],"is_endless":false,"potions_floor_spawned":[2,7,12,16,18,21],"killed_by":"3 Cultists","ascension_level":20}}