{"host":"8nqgve6y8ahjd8xo","time":1609332914,"event":{"mods":["ATMod(阿瑾Mod)","AchievementEnabler","BaseMod","Better Vampires","Better-Laid Plans","Colored Map","Colored Powertips","Minty Spire (QoL Compilation)","MostiFishMod","Quick Restart","Red Circlet Mod","Replay The Spire","RumiaBox-露米娅的神秘盒子","Ryuuou龙王","Shop Mod","StSLib","TestMod","Uncapped","Waifu the Spire","[IsaacMod]以撒尖塔","[功能]功能增强和修复MOD","vexMod","【功能Mod】Neow奖励","【功能Mod】混沌之环修复补丁","【遗物Mod】死灵法师NEW","【遗物Mod】简单游戏","【遗物卡牌】REMEMod","没有小屋子和绿帽子啦","篝火指南"],"gold_per_floor":[119,119,66,77,96,127,127,159,240,190,224,224,224,236,236,308,308,326,326,339,339,359,359,389,389,416,461,498,536,303,320,320,488,488],"floor_reached":33,"playtime":1100,"items_purged":["MostiFishMod:VineMother","Atom Bomb","ReplayTheSpireMod:Shiv Toss","Endless Agony"],"score":1192,"play_id":"75c707e1-3b04-4d26-a10a-cf8917db436f","local_time":"20201230205514","is_ascension_mode":true,"campfire_choices":[{"data":"Tactician","floor":7.0,"key":"SMITH"},{"data":"Acrobatics","floor":13.0,"key":"SMITH"},{"data":"REME_CopyPotion","floor":15.0,"key":"SMITH"},{"data":"MostiFishMod:PerfectParry","floor":23,"key":"SMITH"},{"data":"Well Laid Plans","floor":25,"key":"SMITH"},{"data":"MostiFishMod:FrostNova","floor":32,"key":"SMITH"}],"circlet_count":0,"master_deck":["AscendersBane","Survivor","Neutralize+1","AT_KingSlayer+1","Well Laid Plans+1","Hidden Blade","Tactician+1","MostiFishMod:PerfectParry+1","MostiFishMod:Confrontation","REME_CopyPotion+1","MostiFishMod:FrostNova+1","Acrobatics+1","AT_ArcaneSupremacy","After Image+1"],"relics":["EasyRelic","HushsDoor","testmod-TestBox","DaveBox","AT_ATBox","REME_ComplimentaryCards","AnarchistCookbook","testmod-CasingShield","FeatherPendant","WristBlade","SynthV:TestCard","SteamSale","Golden Egg","Whetstone","REME_PuzzleBoxRelic","RhineFirstAidKit","GuppysCollar","GuppysHead","Centennial Puzzle","SalivaCoin","MawBank","AT_SilverBalance","Replay:Mystery Machine","DeadEye","PrismaticShard","AT_TheCollector"],"acts_visited":["Exordium","TheCity"],"potions_floor_usage":[18,18,33,33,33],"damage_taken":[{"damage":0.0,"enemies":"Small Slimes","floor":1.0,"turns":2.0},{"damage":0.0,"enemies":"Cultist","floor":4.0,"turns":2.0},{"damage":0.0,"enemies":"2 Louse","floor":5.0,"turns":2.0},{"damage":0.0,"enemies":"Lagavulin","floor":6.0,"turns":1.0},{"damage":0.0,"enemies":"Gremlin Nob","floor":8.0,"turns":3.0},{"damage":0.0,"enemies":"3 Sentries","floor":11.0,"turns":2.0},{"damage":0.0,"enemies":"2 Fungi Beasts","floor":14.0,"turns":1.0},{"damage":1.0,"enemies":"Fading Forest","floor":16.0,"turns":3.0},{"damage":1,"enemies":"2 Thieves","floor":18,"turns":3},{"damage":0,"enemies":"3 Byrds","floor":20,"turns":2},{"damage":0,"enemies":"Snake Plant","floor":22,"turns":1},{"damage":0,"enemies":"Book of Stabbing","floor":24,"turns":1},{"damage":0,"enemies":"Slavers","floor":27,"turns":1},{"damage":0,"enemies":"Book of Stabbing","floor":29,"turns":1},{"damage":0,"enemies":"Centurion and Healer","floor":31,"turns":1},{"damage":140,"enemies":"Pondfish","floor":33,"turns":16}],"seed_played":"8321445804259145293","potions_obtained":[{"floor":5.0,"key":"FearPotion"},{"floor":5.0,"key":"Languid Potion"},{"floor":8.0,"key":"EntropicBrew"},{"floor":22,"key":"FairyPotion"}],"is_trial":false,"path_per_floor":["M","?","$","M","M","E","R","E","T","$","E","?","R","M","R","B",null,"M","?","M","?","M","R","E","R","T","E","T","E","$","M","R","B"],"character_chosen":"THE_SILENT","items_purchased":["GuppysCollar","GuppysHead","PrismaticShard","AT_TheCollector"],"campfire_rested":0,"item_purchase_floors":[17,17,30,30],"current_hp_per_floor":[59,59,59,59,59,59,59,59,59,59,59,33,33,33,33,32,37,36,36,36,21,21,21,21,21,21,21,21,38,38,19,19,0,0],"gold":488,"neow_bonus":"BOSS_RELIC","is_daily":false,"chose_seed":false,"campfire_upgraded":6,"win_rate":0.0,"timestamp":1609332914,"path_taken":["M","?","?","M","M","E","R","E","T","$","E","?","R","M","R","BOSS","BOSS","M","?","M","?","M","R","E","R","T","E","?","E","$","M","R","BOSS"],"items_purchased_type":["Relic","Relic","Relic","Relic"],"build_version":"2020-12-22","purchased_purges":4,"victory":false,"max_hp_per_floor":[66,66,66,66,66,66,66,66,66,66,66,66,66,66,66,66,38,38,38,38,38,38,38,38,38,38,38,38,38,38,38,38,38,38],"card_choices":[{"not_picked":[],"picked":"ChaosCard","floor":0.0},{"not_picked":["Outmaneuver","Slice","Dagger Spray"],"picked":"SKIP","floor":1.0},{"not_picked":["Footwork","Dodge and Roll","Slice","Sucker Punch"],"picked":"Acrobatics","floor":4.0},{"not_picked":["AT_ThistleTea","Flying Knee","Deadly Poison","MostiFishMod:PerfectParry","Tactician"],"picked":"SKIP","floor":5.0},{"not_picked":["Masterful Stab","Choke","Dodge and Roll","Cloak And Dagger","Slice"],"picked":"SKIP","floor":6.0},{"not_picked":["Blade Dance","Malaise","MostiFishMod:Confrontation","ReplayTheSpireMod:The Works","Choke"],"picked":"SKIP","floor":8.0},{"not_picked":["Dagger Spray","Sneak Up","Poisoned Stab","Dodge and Roll","Catalyst"],"picked":"SKIP","floor":11.0},{"not_picked":["MostiFishMod:PerfectParry","Slice","Poisoned Stab","Skewer"],"picked":"Bomb","floor":14.0},{"not_picked":["Venomology","Phantasmal Killer","MostiFishMod:ShivMaster","REME_SpectralBlade"],"picked":"MostiFishMod:FullyArmed","floor":16},{"not_picked":["Underhanded Strike","Dagger Throw","Quick Slash","AT_WindFlip","Prepared"],"picked":"SKIP","floor":18},{"not_picked":["Slice","PiercingWail","Poisoned Stab+1","Flechettes"],"picked":"AT_ArcaneSupremacy","floor":20},{"not_picked":["Flying Knee","ReplayTheSpireMod:Exploit Weakness","REME_ShadowStrike","ReplayTheSpireMod:Scrap Shanks","MostiFishMod:PerfectParry+1"],"picked":"SKIP","floor":22},{"not_picked":["Heel Hook+1","All Out Attack","AT_FocusSwordFire","Corpse Explosion"],"picked":"After Image","floor":24},{"not_picked":["Poisoned Stab","ReplayTheSpireMod:Speed Training","Cloak And Dagger","Backstab","AT_WindRun"],"picked":"SKIP","floor":27},{"not_picked":["Prepared+1","Terror","Dagger Throw+1","Replay:Bag of Tricks","Deadly Poison"],"picked":"SKIP","floor":29},{"not_picked":["Dark Shackles","EmptyBody+1","Endless Agony","REME_MagicPocketWatch","Iron Wave"],"picked":"SKIP","floor":31}],"player_experience":1334260,"relics_obtained":[{"floor":1.0,"key":"SynthV:TestCard"},{"floor":6.0,"key":"SteamSale"},{"floor":8.0,"key":"Golden Egg"},{"floor":11.0,"key":"Whetstone"},{"floor":24,"key":"SalivaCoin"},{"floor":26,"key":"MawBank"},{"floor":27,"key":"AT_SilverBalance"},{"floor":28,"key":"Replay:Mystery Machine"},{"floor":29,"key":"DeadEye"}],"event_choices":[{"damage_healed":0.0,"max_hp_gain":0.0,"max_hp_loss":0.0,"gold_gain":0.0,"event_name":"给自己的盒子","player_choice":"Swap Relic","floor":2.0,"relics_lost":["Pandora\u0027s Box"],"gold_loss":0.0,"damage_taken":0.0,"relics_obtained":["Pandora\u0027s Box"]},{"damage_healed":0.0,"max_hp_gain":0.0,"max_hp_loss":0.0,"gold_gain":0.0,"event_name":"Scrap Ooze","player_choice":"Success","floor":12.0,"gold_loss":0.0,"damage_taken":26.0,"relics_obtained":["REME_PuzzleBoxRelic"]},{"damage_healed":0,"gold_gain":0,"player_choice":"Ignored","damage_taken":0,"max_hp_gain":0,"max_hp_loss":0,"event_name":"Vampires","floor":19,"gold_loss":0}],"is_beta":false,"boss_relics":[{"not_picked":["Runic Pyramid","testmod-DreamHouse"],"picked":"RhineFirstAidKit"},{"not_picked":[]}],"items_purged_floors":[3,10,17,30],"is_endless":false,"potions_floor_spawned":[4,5,5,6,6,8,8,11,14,16,18,18,20,22,22,24,24,29,29,31,31],"killed_by":"Pondfish","ascension_level":20}}