{"host":"j29osl8nelwi4hyu","time":1609317293,"event":{"mods":["BaseMod","Colored Powertips","Hubris","Infinite Spire","Minty Spire (QoL Compilation)","Replay The Spire","StSLib"],"gold_per_floor":[109,384,402,41,41,41,51,69,69,69,69,84,84,94,94,198,198,198],"floor_reached":17,"playtime":686,"items_purged":["Regret"],"score":266,"play_id":"337fe62b-1f1d-443e-8afc-5055080505e1","local_time":"20201230003453","is_ascension_mode":true,"campfire_choices":[{"data":"Creative AI","floor":6,"key":"SMITH"},{"data":"Storm","floor":13,"key":"SMITH"}],"circlet_count":0,"master_deck":["Strike_B","Strike_B","Strike_B","Defend_B","Defend_B","Defend_B","Defend_B","Zap","Dualcast","Creative AI+1","FTL","Storm+1","Leap","Streamline","Stack+1","BootSequence","Electrodynamics"],"relics":["Cracked Core","Runic Capacitor","Replay:Bottled Flurry"],"acts_visited":["Exordium","TheCity"],"potions_floor_usage":[12,12],"damage_taken":[{"damage":4,"enemies":"Small Slimes","floor":1,"turns":4},{"damage":3,"enemies":"Cultist","floor":3,"turns":3},{"damage":8,"enemies":"2 Louse","floor":7,"turns":3},{"damage":8,"enemies":"Blue Slaver","floor":8,"turns":4},{"damage":1,"enemies":"Lots of Slimes","floor":12,"turns":4},{"damage":14,"enemies":"2 Fungi Beasts","floor":14,"turns":4},{"damage":3,"enemies":"Fading Forest","floor":16,"turns":11}],"seed_played":"1917582125377779693","potions_obtained":[{"floor":1,"key":"DistilledChaos"},{"floor":7,"key":"Swift Potion"},{"floor":14,"key":"SpeedPotion"},{"floor":16,"key":"Fire Potion"}],"is_trial":false,"path_per_floor":["M","?","M","$","$","R","M","M","T","$","?","M","R","M","R","B",null],"character_chosen":"DEFECT","items_purchased":["Runic Capacitor","Storm","Leap"],"campfire_rested":0,"item_purchase_floors":[4,4,4],"current_hp_per_floor":[64,64,61,61,61,61,53,45,45,45,45,44,44,30,52,63,72,72],"gold":198,"neow_bonus":"ONE_RANDOM_RARE_CARD","is_daily":false,"chose_seed":false,"campfire_upgraded":2,"win_rate":0.0,"timestamp":1609317293,"path_taken":["M","?","M","?","$","R","M","M","T","$","?","?","R","M","R","BOSS"],"items_purchased_type":["Relic","Card","Card"],"build_version":"2020-12-22","purchased_purges":1,"victory":false,"max_hp_per_floor":[75,75,75,75,75,75,75,75,75,75,75,75,75,75,75,75,75,75],"card_choices":[{"not_picked":["Stack","ReplayTheSpireMod:System Scan","Aggregate"],"picked":"SKIP","floor":1},{"not_picked":["Rebound","Hologram"],"picked":"FTL","floor":3},{"not_picked":["Compile Driver","Panic Button","Double Energy"],"picked":"SKIP","floor":7},{"not_picked":["Go for the Eyes","ReplayGash"],"picked":"Streamline","floor":8},{"not_picked":["Double Energy","Panic Button"],"picked":"Stack","floor":12},{"not_picked":["Hologram","Melter"],"picked":"BootSequence","floor":14},{"not_picked":["Thunder Strike","Creative AI"],"picked":"Electrodynamics","floor":16}],"player_experience":298175,"relics_obtained":[{"floor":9,"key":"Replay:Bottled Flurry"}],"event_choices":[{"damage_healed":0,"gold_gain":275,"player_choice":"Desecrate","damage_taken":0,"max_hp_gain":0,"max_hp_loss":0,"event_name":"Golden Shrine","floor":2,"gold_loss":0,"cards_obtained":["Regret"]},{"cards_removed":["Strike_B"],"damage_healed":0,"gold_gain":0,"player_choice":"Purged","damage_taken":0,"max_hp_gain":0,"max_hp_loss":0,"event_name":"Purifier","floor":11,"gold_loss":0}],"is_beta":false,"boss_relics":[{"not_picked":[]}],"items_purged_floors":[4],"is_endless":false,"potions_floor_spawned":[1,7,14,16],"ascension_level":7}}