{"host":"mttmnrdvbvzz8cuy","time":1609312770,"event":{"mods":["BaseMod","Bestiary","Colored Map","Colored Powertips","Minty Spire (QoL Compilation)","StSLib"],"gold_per_floor":[118,130,1,1,14,41,41,41,68,93,110,110,110,129,129,129,129],"floor_reached":16,"playtime":901,"items_purged":["Strike_B"],"score":121,"play_id":"aa7aacc7-7625-4c21-aa7f-f51ff88b4e02","local_time":"20201230181930","is_ascension_mode":true,"campfire_choices":[{"floor":8,"key":"REST"},{"floor":12,"key":"REST"},{"floor":15,"key":"REST"}],"circlet_count":0,"master_deck":["Strike_B+1","Strike_B","Defend_B","Defend_B","Defend_B","Zap","Dualcast","Cold Snap+1","Reprogram","Gash","Hologram","BootSequence","Conserve Battery","Undo","Scrape","Fusion"],"relics":["Cracked Core","Anchor","Ancient Tea Set","Vajra"],"acts_visited":["Exordium"],"potions_floor_usage":[],"damage_taken":[{"damage":4,"enemies":"Cultist","floor":1,"turns":3},{"damage":5,"enemies":"Jaw Worm","floor":2,"turns":3},{"damage":14,"enemies":"Small Slimes","floor":5,"turns":3},{"damage":33,"enemies":"Gremlin Nob","floor":6,"turns":5},{"damage":28,"enemies":"3 Sentries","floor":10,"turns":10},{"damage":0,"enemies":"Looter","floor":11,"turns":3},{"damage":7,"enemies":"3 Louse","floor":14,"turns":5},{"damage":32,"enemies":"Slime Boss","floor":16,"turns":7}],"seed_played":"1781952439761133811","potions_obtained":[{"floor":11,"key":"GamblersBrew"},{"floor":14,"key":"Dexterity Potion"}],"is_trial":false,"path_per_floor":["M","M","$","?","M","E","?","R","T","E","M","R","?","M","R","B"],"character_chosen":"DEFECT","items_purchased":["Hologram"],"campfire_rested":3,"item_purchase_floors":[3],"current_hp_per_floor":[71,66,66,66,52,19,12,34,34,6,6,28,13,6,28,0,0],"gold":129,"neow_bonus":"THREE_CARDS","is_daily":false,"chose_seed":false,"campfire_upgraded":0,"win_rate":0.0,"timestamp":1609312770,"path_taken":["M","M","$","?","?","E","?","R","T","E","M","R","?","M","R","BOSS"],"items_purchased_type":["Card"],"build_version":"2020-12-22","purchased_purges":1,"victory":false,"max_hp_per_floor":[75,75,75,75,75,75,75,75,75,75,75,75,75,75,75,75,75],"card_choices":[{"not_picked":["Rip and Tear","Steam"],"picked":"Cold Snap","floor":0},{"not_picked":["Cold Snap","Streamline"],"picked":"Reprogram","floor":1},{"not_picked":["Doom and Gloom","Sweeping Beam"],"picked":"Gash","floor":2},{"not_picked":["Streamline","Melter"],"picked":"BootSequence","floor":5},{"not_picked":["Turbo","Leap"],"picked":"Conserve Battery","floor":6},{"not_picked":["Static Discharge","Conserve Battery"],"picked":"Undo","floor":10},{"not_picked":["Heatsinks","BootSequence"],"picked":"Scrape","floor":11},{"not_picked":["Coolheaded","Defragment"],"picked":"Fusion","floor":14}],"player_experience":118391,"relics_obtained":[{"floor":6,"key":"Anchor"},{"floor":9,"key":"Ancient Tea Set"},{"floor":10,"key":"Vajra"}],"event_choices":[{"cards_removed":["Defend_B"],"damage_healed":0,"gold_gain":0,"player_choice":"Purged","damage_taken":0,"max_hp_gain":0,"max_hp_loss":0,"event_name":"Purifier","floor":4,"gold_loss":0},{"cards_removed":["Strike_B"],"damage_healed":0,"gold_gain":0,"player_choice":"Card Removal","damage_taken":7,"max_hp_gain":0,"max_hp_loss":0,"event_name":"Golden Wing","floor":7,"gold_loss":0},{"damage_healed":0,"gold_gain":0,"player_choice":"Entered Light","damage_taken":15,"max_hp_gain":0,"max_hp_loss":0,"event_name":"Shining Light","floor":13,"gold_loss":0,"cards_upgraded":["Strike_B","Cold Snap"]}],"is_beta":false,"boss_relics":[],"items_purged_floors":[3],"is_endless":false,"potions_floor_spawned":[11,14],"killed_by":"Slime Boss","ascension_level":2}}