{"host":"am0cr9xwekqmrere","time":1609357583,"event":{"mods":["AchievementEnabler","Act Like it!","BaseMod","Better Altar","Better Match","Better Note","Better Sensory Stone","Better Skull","Better Third Choice","BetterRewards","Conspire","Hubris","Infinite Spire","Minty Spire (QoL Compilation)","Rare Cards Sparkle","Spicy Shops","StSLib","The Marked","Unceasing Turn Reminder"],"gold_per_floor":[110,110,12,26,46,46,60,94,94,119,59,75,75,101,101,205,214,234,18,18,38,47,69,69,69,69],"floor_reached":25,"playtime":865,"items_purged":[],"score":305,"play_id":"73b2a3fe-da8e-47d5-94b9-4d0a334a73b4","local_time":"20201230134623","is_ascension_mode":false,"campfire_choices":[{"data":"theMarked:SoldierOfQuellstein","floor":6.0,"key":"SMITH"},{"floor":15.0,"key":"REST"}],"circlet_count":0,"master_deck":["theMarked:Strike","theMarked:Strike","theMarked:Strike","theMarked:Strike","theMarked:Defend","theMarked:Defend","theMarked:Defend","theMarked:Defend","theMarked:SoldierOfQuellstein+1","theMarked:EmpowerWeapon","theMarked:SwordAndMagic","theMarked:HeightenedSenses","theMarked:Opportunist","theMarked:ChainLightning","theMarked:AttractMetal","theMarked:TwofoldDefense","theMarked:HeritageOfTheMarked","theMarked:Indomitable","theMarked:TakeOffHeels","CurseOfTheBell","theMarked:BanishingStrike","conspire:Banana","theMarked:BanishingStrike","theMarked:Abjuration","theMarked:ParalyzingBlade"],"relics":["theMarked:ArtifactOfAir","Pantograph","CeramicFish","Anchor","Oddly Smooth Stone","Calling Bell","Pen Nib","infinitespire:Eraser","theMarked:SecretDocuments","hubris:Icosahedron"],"acts_visited":["Exordium","TheCity"],"potions_floor_usage":[],"damage_taken":[{"damage":2.0,"enemies":"2 Louse","floor":1.0,"turns":2.0},{"damage":1.0,"enemies":"Cultist","floor":4.0,"turns":3.0},{"damage":1.0,"enemies":"Jaw Worm","floor":5.0,"turns":3.0},{"damage":1.0,"enemies":"Exordium Thugs","floor":7.0,"turns":3.0},{"damage":21.0,"enemies":"3 Sentries","floor":8.0,"turns":6.0},{"damage":0.0,"enemies":"Looter","floor":10.0,"turns":3.0},{"damage":4.0,"enemies":"Blue Slaver","floor":12.0,"turns":4.0},{"damage":7.0,"enemies":"Exordium Thugs","floor":14.0,"turns":4.0},{"damage":42.0,"enemies":"Hexaghost","floor":16.0,"turns":12.0},{"damage":13.0,"enemies":"3 Byrds","floor":18.0,"turns":7.0},{"damage":14.0,"enemies":"2 Thieves","floor":21.0,"turns":5.0},{"damage":4.0,"enemies":"Cultist and Chosen","floor":23.0,"turns":5.0},{"damage":49,"enemies":"Book of Stabbing","floor":25,"turns":5}],"seed_played":"-6359463978183061687","potions_obtained":[{"floor":8.0,"key":"Regen Potion"},{"floor":10.0,"key":"FearPotion"},{"floor":12.0,"key":"SteroidPotion"},{"floor":18.0,"key":"Explosive Potion"},{"floor":21.0,"key":"DuplicationPotion"}],"is_trial":false,"path_per_floor":["M","?","$","M","M","R","M","E","T","M","$","M","?","M","R","B",null,"M","$","?","M","?","M","?","E"],"character_chosen":"THE_DEFAULT","items_purchased":["Pantograph","theMarked:EmpowerWeapon","theMarked:SwordAndMagic","theMarked:Opportunist","theMarked:HeritageOfTheMarked","conspire:Banana"],"campfire_rested":1,"item_purchase_floors":[0,0,0,3,11,19],"current_hp_per_floor":[57,57,57,56,55,55,54,33,33,33,33,41,8,1,22,5,70,57,57,61,48,48,45,45,0,0],"gold":69,"neow_bonus":"","is_daily":false,"chose_seed":false,"campfire_upgraded":1,"win_rate":0.0,"timestamp":1609357583,"path_taken":["M","?","$","M","?","R","M","E","T","M","$","M","?","M","R","BOSS","M","$","?","M","?","M","?","E"],"items_purchased_type":["Relic","Card","Card","Card","Card","Card"],"build_version":"2020-12-22","purchased_purges":0,"victory":false,"max_hp_per_floor":[70,70,70,70,70,70,70,70,70,70,70,70,70,70,70,70,70,70,70,70,71,71,72,72,73,73],"card_choices":[{"not_picked":["theMarked:Improvise","theMarked:Static"],"picked":"theMarked:HeightenedSenses","floor":1.0},{"not_picked":["theMarked:ShockingTouch","theMarked:EmpowerWeapon"],"picked":"theMarked:ChainLightning","floor":4.0},{"not_picked":["theMarked:RepellingDischarge","theMarked:Improvise","theMarked:DeterminationOfTheMarked"],"picked":"SKIP","floor":5.0},{"not_picked":["theMarked:Overthink","theMarked:Improvise","theMarked:RepellingDischarge"],"picked":"SKIP","floor":7.0},{"not_picked":["theMarked:ShockingTouch","theMarked:ContemptForTheProud"],"picked":"theMarked:AttractMetal","floor":8.0},{"not_picked":["theMarked:RepellingDischarge","theMarked:UnarmedFury"],"picked":"theMarked:TwofoldDefense","floor":10.0},{"not_picked":["theMarked:Improvise","theMarked:RepellingDischarge","theMarked:TunnelVision"],"picked":"SKIP","floor":12.0},{"not_picked":["theMarked:Reabsorb","theMarked:Static"],"picked":"theMarked:Indomitable","floor":14.0},{"not_picked":["theMarked:FavorableWinds","theMarked:Levitate"],"picked":"theMarked:TakeOffHeels","floor":16.0},{"not_picked":["theMarked:WastefulAttack","theMarked:MaelstromOfLightning"],"picked":"theMarked:BanishingStrike","floor":18.0},{"not_picked":["theMarked:ResourceFulStrike+1","theMarked:Static"],"picked":"theMarked:BanishingStrike","floor":21.0},{"not_picked":["theMarked:SuspiciousRaven","theMarked:WastefulAttack+1"],"picked":"theMarked:ParalyzingBlade","floor":23.0}],"player_experience":2544517,"relics_obtained":[{"floor":8.0,"key":"CeramicFish"},{"floor":17.0,"key":"Pen Nib"},{"floor":17.0,"key":"infinitespire:Eraser"},{"floor":17.0,"key":"theMarked:SecretDocuments"}],"event_choices":[{"cards_removed":["theMarked:Strike"],"damage_healed":0.0,"max_hp_gain":0.0,"max_hp_loss":0.0,"gold_gain":0.0,"event_name":"Bonfire Elementals","player_choice":"Offered Basic","floor":2.0,"gold_loss":0.0,"damage_taken":0.0},{"damage_healed":0.0,"max_hp_gain":0.0,"max_hp_loss":0.0,"gold_gain":0.0,"event_name":"betterSkull:BetterSkull","player_choice":"RE RE ","floor":13.0,"gold_loss":0.0,"damage_taken":37.0,"cards_upgraded":[],"relics_obtained":["Anchor","Oddly Smooth Stone"]},{"damage_healed":4.0,"max_hp_gain":0.0,"max_hp_loss":0.0,"gold_gain":0.0,"event_name":"betterSkull:BetterSkull","player_choice":"LEAVE ","floor":20.0,"gold_loss":0.0,"damage_taken":0.0,"cards_upgraded":[],"relics_obtained":[]},{"cards_removed":["conspire:Banana"],"damage_healed":0.0,"max_hp_gain":0.0,"max_hp_loss":0.0,"gold_gain":0.0,"event_name":"betterNote:BetterNote","player_choice":"Take \u0026 Give","floor":22.0,"gold_loss":0.0,"damage_taken":0.0,"cards_obtained":["theMarked:Abjuration"]}],"is_beta":false,"boss_relics":[{"not_picked":["Runic Pyramid","hubris:GrandSneckoEye"],"picked":"Calling Bell"}],"items_purged_floors":[],"is_endless":false,"potions_floor_spawned":[8,10,12,18,21],"killed_by":"Book of Stabbing","ascension_level":0}}