{"host":"hzhtv7n0nkrnil9f","time":1609336942,"event":{"mods":["AchievementEnabler","BaseMod","Colored Map","Minty Spire (QoL Compilation)","Permanent Neow","Quick Restart"],"gold_per_floor":[115,115,132,132,144,176,54,54,54,54,65,81,81,51,51,51,51],"floor_reached":16,"playtime":1279,"items_purged":["Strike_B"],"score":105,"play_id":"51aa7956-25f3-46a0-9e2c-6a81d75790d8","local_time":"20201230150222","is_ascension_mode":true,"campfire_choices":[{"data":"Scrape","floor":8,"key":"SMITH"},{"data":"Turbo","floor":15,"key":"SMITH"}],"circlet_count":0,"master_deck":["Defend_B","Defend_B","Defend_B","Zap","Dualcast","Scrape+1","BootSequence","Capacitor","Gash","Turbo+1","Steam Power","Steam","Steam Power"],"relics":["Empty Cage","Pear","Ice Cream","Frozen Egg 2"],"acts_visited":["Exordium"],"potions_floor_usage":[16,16],"damage_taken":[{"damage":7,"enemies":"Jaw Worm","floor":1,"turns":5},{"damage":1,"enemies":"Cultist","floor":3,"turns":3},{"damage":0,"enemies":"Small Slimes","floor":5,"turns":2},{"damage":41,"enemies":"Lagavulin","floor":6,"turns":9},{"damage":1,"enemies":"2 Fungi Beasts","floor":11,"turns":3},{"damage":0,"enemies":"Red Slaver","floor":12,"turns":2},{"damage":1,"enemies":"Looter","floor":14,"turns":4},{"damage":65,"enemies":"Slime Boss","floor":16,"turns":10}],"seed_played":"-4059934115232215972","potions_obtained":[{"floor":12,"key":"FairyPotion"},{"floor":13,"key":"PowerPotion"},{"floor":13,"key":"PowerPotion"}],"is_trial":false,"path_per_floor":["M","?","M","T","M","E","$","R","T","?","M","M","?","M","R","B"],"character_chosen":"DEFECT","items_purchased":["Turbo"],"campfire_rested":0,"item_purchase_floors":[7],"current_hp_per_floor":[68,68,67,77,77,36,36,36,36,36,35,35,35,34,34,0,0],"gold":51,"neow_bonus":"BOSS_RELIC","is_daily":false,"chose_seed":false,"campfire_upgraded":2,"win_rate":0.0,"timestamp":1609336942,"path_taken":["M","?","?","?","M","E","$","R","T","?","M","M","?","M","R","BOSS"],"items_purchased_type":["Card"],"build_version":"2020-12-22","purchased_purges":1,"victory":false,"max_hp_per_floor":[75,75,75,85,85,85,85,85,85,85,85,85,85,85,85,85,85],"card_choices":[{"not_picked":["Stack","Compile Driver","Sweeping Beam"],"picked":"SKIP","floor":1},{"not_picked":["Cold Snap","Darkness"],"picked":"BootSequence","floor":3},{"not_picked":["Aggregate","Hello World"],"picked":"Capacitor","floor":5},{"not_picked":["Redo","Turbo"],"picked":"Gash","floor":6},{"not_picked":["Coolheaded","Reprogram"],"picked":"Steam Power","floor":11},{"not_picked":["Sunder","Aggregate"],"picked":"Steam","floor":12},{"not_picked":["Self Repair+1","Reprogram"],"picked":"Steam Power","floor":14}],"player_experience":213116,"relics_obtained":[{"floor":4,"key":"Pear"},{"floor":6,"key":"Ice Cream"},{"floor":9,"key":"Frozen Egg 2"}],"event_choices":[{"damage_healed":0,"gold_gain":0,"cards_transformed":["Defend_B"],"player_choice":"Transformed","damage_taken":0,"max_hp_gain":0,"max_hp_loss":0,"event_name":"Transmorgrifier","floor":2,"gold_loss":0,"cards_obtained":["Scrape"]},{"cards_removed":["Strike_B"],"damage_healed":0,"gold_gain":0,"player_choice":"Forget","damage_taken":0,"max_hp_gain":0,"max_hp_loss":0,"event_name":"Living Wall","floor":10,"gold_loss":0},{"damage_healed":0,"gold_gain":0,"player_choice":"Got Potions","damage_taken":0,"max_hp_gain":0,"max_hp_loss":0,"event_name":"Lab","floor":13,"gold_loss":0}],"is_beta":false,"boss_relics":[],"items_purged_floors":[7],"is_endless":false,"potions_floor_spawned":[12],"killed_by":"Slime Boss","ascension_level":1}}