{"host":"wg33yb1rgt3nbe17","time":1609311704,"event":{"mods":["AchievementEnabler","BaseMod","Colored Map","Downfall","Minty Spire (QoL Compilation)","Permanent Neow","Relic Stats","StSLib"],"gold_per_floor":[99,99,116,128,128,128,128,4,4,21,21,21,37,89,102,197,197,197,197,46,46,46,46,46,46,46,46,46,46,46,46,46,46,46,46,46,46,46,46,46,46,21,21,21,21,21,21,21,21,21,21,21,21,21,21,21,21],"floor_reached":55,"playtime":4478,"items_purged":["champ:Strike"],"score":739,"play_id":"198bffef-10f7-4cf4-bf6d-9ee3f861774c","local_time":"20201230020144","is_ascension_mode":false,"campfire_choices":[{"data":"champ:Execute","floor":1.0,"key":"SMITH"},{"data":"champ:StanceDance","floor":6.0,"key":"SMITH"},{"data":"champ:RecklessLeap","floor":9.0,"key":"SMITH"},{"floor":11.0,"key":"RECALL"},{"data":"champ:DancingMaster","floor":18.0,"key":"SMITH"},{"data":"champ:CheapShot","floor":23.0,"key":"SMITH"},{"data":"champ:RisingSlash","floor":26.0,"key":"SMITH"},{"data":"champ:FocusedDefense","floor":28.0,"key":"SMITH"},{"data":"champ:HoldFirm","floor":35.0,"key":"SMITH"},{"data":"expansioncontent:YouAreMine","floor":40,"key":"SMITH"},{"data":"champ:DancingMaster","floor":43,"key":"SMITH"},{"floor":48,"key":"REST"},{"data":"champ:StrikeOfGenius","floor":54,"key":"SMITH"}],"circlet_count":0,"master_deck":["champ:Strike","champ:Strike","champ:Defend","champ:Defend","champ:Defend","champ:Defend","champ:Execute+1","champ:Taunt+1","champ:FlashCut+1","champ:StanceDance+1","champ:RecklessLeap+1","champ:ArenaPreparation","champ:ArenaPreparation","champ:RisingSlash+1","champ:DancingMaster+1","champ:StanceDance","champ:GladiatorsShout+1","expansioncontent:DefensiveStance","champ:BerserkersShout","champ:CheapShot+1","champ:RisingSlash+1","champ:RisingSlash+1","champ:FocusedDefense+1","champ:BringItOn","champ:CalledShot+1","champ:HoldFirm+1","champ:BerserkerStyle+1","champ:DancingMaster+1","expansioncontent:YouAreMine+1","champ:CrookedStrike+1","champ:IronFortress+1","champ:GladiatorStyle","champ:ShieldWall+1","champ:DefensiveStyle","champ:StrikeOfGenius+1"],"relics":["champ:ChampionCrown","Gremlin Horn","Meat on the Bone","Dream Catcher","downfall:Hecktoplasm","downfall:HeartBlessingRed","downfall:HeartBlessingBlue","StrikeDummy","downfall:KnowingSkull","Black Star","Question Card","Mango","Shuriken","Whetstone","downfall:HeartBlessingGreen","Mercury Hourglass","Orichalcum"],"acts_visited":["Exordium","TheCity","TheBeyond","TheEnding"],"potions_floor_usage":[44,44,46,46,47,49,52,52,55,55],"damage_taken":[{"damage":8.0,"enemies":"2 Louse","floor":3.0,"turns":3.0},{"damage":0.0,"enemies":"Small Slimes","floor":4.0,"turns":3.0},{"damage":16.0,"enemies":"downfall:FleeingMerchant","floor":8.0,"turns":4.0},{"damage":16.0,"enemies":"Jaw Worm","floor":10.0,"turns":2.0},{"damage":40.0,"enemies":"Blue Slaver","floor":13.0,"turns":2.0},{"damage":32.0,"enemies":"3 Louse","floor":15.0,"turns":3.0},{"damage":65.0,"enemies":"downfall:Silent","floor":16.0,"turns":8.0},{"damage":55.0,"enemies":"Chosen","floor":19.0,"turns":4.0},{"damage":55.0,"enemies":"downfall:FleeingMerchant","floor":20.0,"turns":4.0},{"damage":75.0,"enemies":"3 Cultists","floor":21.0,"turns":6.0},{"damage":60.0,"enemies":"Cultist and Chosen","floor":22.0,"turns":4.0},{"damage":71.0,"enemies":"Centurion and Healer","floor":25.0,"turns":4.0},{"damage":35.0,"enemies":"Snake Plant","floor":27.0,"turns":3.0},{"damage":48.0,"enemies":"Chosen and Byrds","floor":30.0,"turns":3.0},{"damage":23.0,"enemies":"Cultist and Chosen","floor":32.0,"turns":4.0},{"damage":72.0,"enemies":"downfall:Watcher","floor":33.0,"turns":5.0},{"damage":29.0,"enemies":"3 Darklings","floor":36.0,"turns":3.0},{"damage":59.0,"enemies":"downfall:FleeingMerchant","floor":37.0,"turns":4.0},{"damage":72,"enemies":"3 Shapes","floor":38,"turns":4},{"damage":100,"enemies":"Mind Bloom Boss Battle","floor":44,"turns":8},{"damage":54,"enemies":"Sphere and 2 Shapes","floor":45,"turns":6},{"damage":71,"enemies":"4 Shapes","floor":46,"turns":3},{"damage":60,"enemies":"Giant Head","floor":47,"turns":8},{"damage":0,"enemies":"Jaw Worm Horde","floor":49,"turns":1},{"damage":101,"enemies":"downfall:Ironclad","floor":50,"turns":10},{"damage":107,"enemies":"downfall:CharBossMerchant","floor":52,"turns":7},{"damage":85,"enemies":"downfall:NeowBoss","floor":55,"turns":5}],"seed_played":"8021725633215395634","potions_obtained":[{"floor":3.0,"key":"Fire Potion"},{"floor":13.0,"key":"SneckoOil"},{"floor":15.0,"key":"SteroidPotion"},{"floor":16.0,"key":"Dexterity Potion"},{"floor":27.0,"key":"GamblersBrew"},{"floor":29.0,"key":"CultistPotion"},{"floor":30.0,"key":"FairyPotion"},{"floor":32.0,"key":"Energy Potion"},{"floor":36.0,"key":"AttackPotion"},{"floor":44,"key":"BlessingOfTheForge"}],"is_trial":false,"path_per_floor":["R","?","M","M","?","R","T","$","R","M","R","T","M","T","M","B",null,"R","M","$","M","M","R","T","M","R","M","R","?","M","?","M","B",null,"R","M","$","M","?","R","T","$","R","?","M","M","E","R","M","B",null,"E","$","R","B"],"character_chosen":"THE_CHAMP","items_purchased":["champ:ArenaPreparation","expansioncontent:DefensiveStance","champ:BerserkersShout","champ:CrookedStrike"],"campfire_rested":1,"item_purchase_floors":[8,20,20,42],"current_hp_per_floor":[90,90,87,87,75,75,75,75,75,75,75,75,83,83,81,61,90,100,100,100,100,100,100,100,91,91,91,91,91,100,91,90,77,100,100,87,98,84,84,84,84,84,84,89,92,62,69,103,103,91,114,79,79,79,0,0,0],"gold":21,"neow_bonus":"UPGRADE_CARD","is_daily":false,"chose_seed":false,"campfire_upgraded":11,"win_rate":0.0,"timestamp":1609311704,"path_taken":["R","?","M","M","?","R","T","?","R","M","R","?","M","?","M","BOSS","R","M","$","M","M","R","T","M","R","M","R","?","M","?","M","BOSS","R","M","$","M","?","R","T","?","R","?","M","M","E","R","M","BOSS","E","$","R","BOSS"],"items_purchased_type":["Card","Card","Card","Card"],"build_version":"2020-12-22","purchased_purges":1,"victory":false,"max_hp_per_floor":[90,90,90,90,90,90,90,90,90,90,90,90,90,90,90,90,90,100,100,100,100,100,100,100,100,100,100,100,100,100,100,100,100,100,100,100,100,100,100,100,100,100,100,114,114,114,114,114,114,114,114,114,114,114,114,114,114],"relic_stats":{"Dream Catcher":1,"Gremlin Horn":[17,17],"counters":[27,121],"Shuriken":[6],"Black Star":2,"Whetstone":["champ:FlashCut","champ:CrookedStrike"],"Orichalcum":[0],"Question Card":6,"obtain_stats":[{"Gremlin Horn":5,"downfall:HeartBlessingRed":18,"champ:ChampionCrown":0,"Mango":44,"downfall:HeartBlessingGreen":48,"Whetstone":47,"Orichalcum":52,"Question Card":41,"Mercury Hourglass":52,"Dream Catcher":14,"downfall:HeartBlessingBlue":18,"Shuriken":47,"downfall:KnowingSkull":31,"downfall:Hecktoplasm":17,"Black Star":34,"StrikeDummy":24,"Meat on the Bone":7},{"Gremlin Horn":2,"downfall:HeartBlessingRed":7,"champ:ChampionCrown":0,"Mango":20,"downfall:HeartBlessingGreen":23,"Whetstone":23,"Orichalcum":26,"Question Card":19,"Mercury Hourglass":26,"Dream Catcher":5,"downfall:HeartBlessingBlue":7,"Shuriken":23,"downfall:KnowingSkull":14,"downfall:Hecktoplasm":7,"Black Star":16,"StrikeDummy":11,"Meat on the Bone":2},{"Gremlin Horn":6,"downfall:HeartBlessingRed":25,"champ:ChampionCrown":0,"Mango":81,"downfall:HeartBlessingGreen":98,"Whetstone":98,"Orichalcum":116,"Question Card":73,"Mercury Hourglass":116,"Dream Catcher":14,"downfall:HeartBlessingBlue":25,"Shuriken":98,"downfall:KnowingSkull":53,"downfall:Hecktoplasm":25,"Black Star":62,"StrikeDummy":43,"Meat on the Bone":6}],"Meat on the Bone":168,"Mercury Hourglass":[12]},"card_choices":[{"not_picked":["champ:Circumvent","champ:GutPunch"],"picked":"champ:FlashCut","floor":3.0},{"not_picked":["champ:Haymaker","champ:PerfectedStrike"],"picked":"champ:StanceDance","floor":4.0},{"not_picked":["champ:DeathBlow","champ:VampiricStrike"],"picked":"champ:RecklessLeap","floor":8.0},{"not_picked":["champ:BladeFlurry","champ:FanOfKnives"],"picked":"champ:ArenaPreparation","floor":10.0},{"not_picked":["champ:GutPunch","champ:Backstep","champ:FlashCut"],"picked":"SKIP","floor":13.0},{"not_picked":["champ:BladeFlurry","champ:FalseCounter"],"picked":"champ:RisingSlash","floor":15.0},{"not_picked":["champ:IgnorePain","champ:Improvising"],"picked":"champ:DancingMaster","floor":16.0},{"not_picked":["champ:FaceSlap","champ:GladiatorStyle"],"picked":"champ:StanceDance","floor":19.0},{"not_picked":["champ:Backstep","champ:CrookedStrike"],"picked":"champ:GladiatorsShout+1","floor":20.0},{"not_picked":["champ:BerserkersShout","champ:DefensiveShout"],"picked":"champ:CheapShot","floor":21.0},{"not_picked":["champ:CrookedStrike+1","champ:ViciousMockery"],"picked":"champ:RisingSlash+1","floor":22.0},{"not_picked":["champ:FanOfKnives","champ:DefensiveShout"],"picked":"champ:RisingSlash+1","floor":25.0},{"not_picked":["champ:BerserkersShout+1","champ:DefensiveShout"],"picked":"champ:FocusedDefense","floor":27.0},{"not_picked":["champ:EndlessRage","champ:PerfectedStrike+1"],"picked":"champ:BringItOn","floor":30.0},{"not_picked":["champ:SkillfulDodge","champ:CheapShot"],"picked":"champ:CalledShot+1","floor":32.0},{"not_picked":["champ:IgnorePain","champ:ShieldSlam"],"picked":"champ:HoldFirm","floor":33.0},{"not_picked":["champ:FlashCut+1","champ:CrookedStrike"],"picked":"champ:BerserkerStyle+1","floor":36.0},{"not_picked":["champ:BringItOn+1","champ:FlashCut+1"],"picked":"champ:DancingMaster","floor":38},{"not_picked":["champ:SkillfulDodge","champ:Haymaker","champ:EndlessRage"],"picked":"champ:IronFortress+1","floor":45},{"not_picked":["champ:TornadoPunch","champ:Circumvent","champ:PerfectedStrike+1"],"picked":"champ:GladiatorStyle","floor":46},{"not_picked":["champ:BladeFlurry+1","champ:FanOfKnives+1","champ:DefensiveShout"],"picked":"champ:ShieldWall+1","floor":47},{"not_picked":["champ:GutPunch+1","champ:Backstep","champ:BerserkersShout"],"picked":"champ:DefensiveStyle","floor":48},{"not_picked":["champ:DeathBlow","champ:StanceDance+1","champ:GutPunch+1"],"picked":"champ:StrikeOfGenius","floor":52}],"player_experience":618552,"relics_obtained":[{"floor":7.0,"key":"Meat on the Bone"},{"floor":14.0,"key":"Dream Catcher"},{"floor":24.0,"key":"StrikeDummy"},{"floor":41,"key":"Question Card"},{"floor":44,"key":"Mango"},{"floor":47,"key":"Shuriken"},{"floor":47,"key":"Whetstone"},{"floor":52,"key":"Mercury Hourglass"},{"floor":52,"key":"Orichalcum"}],"event_choices":[{"damage_healed":0.0,"max_hp_gain":0.0,"max_hp_loss":0.0,"gold_gain":0.0,"event_name":"Scrap Ooze","player_choice":"Success","floor":5.0,"gold_loss":0.0,"damage_taken":12.0,"relics_obtained":["Gremlin Horn"]}],"is_beta":false,"boss_relics":[{"not_picked":["Philosopher\u0027s Stone","Runic Pyramid"],"picked":"downfall:Hecktoplasm"},{"not_picked":["Pandora\u0027s Box","Runic Dome"],"picked":"Black Star"}],"items_purged_floors":[8],"is_endless":false,"potions_floor_spawned":[3,13,15,16,21,27,30,32,36,44],"killed_by":"downfall:NeowBoss","ascension_level":0}}