{"host":"ktoxvvst1mwxww91","time":1609347952,"event":{"mods":["BaseMod","Hermit","Minty Spire (QoL Compilation)","StSLib","The Hierophant","The Mystic","The Necromancer"],"gold_per_floor":[119,136,136,150,150,150,162,162,162,178,178,178,190,37,37,37,37],"floor_reached":16,"playtime":444,"items_purged":["Strike_G"],"score":147,"play_id":"07689de7-56f8-4efe-90cd-17a448655176","local_time":"20201230180552","is_ascension_mode":true,"campfire_choices":[{"data":"Poisoned Stab","floor":6,"key":"SMITH"},{"data":"Catalyst","floor":8,"key":"SMITH"},{"data":"Neutralize","floor":12,"key":"SMITH"},{"data":"Caltrops","floor":15,"key":"SMITH"}],"circlet_count":0,"master_deck":["AscendersBane","Strike_G","Strike_G","Strike_G","Defend_G","Defend_G","Defend_G","Defend_G","Defend_G","Survivor","Neutralize+1","Flying Knee","Poisoned Stab+1","Catalyst+1","PiercingWail","Backflip","Parasite","Backflip","Caltrops+1"],"relics":["Ring of the Snake","Sundial","Ornamental Fan"],"acts_visited":["Exordium"],"potions_floor_usage":[13,13],"damage_taken":[{"damage":0,"enemies":"Small Slimes","floor":1,"turns":4},{"damage":2,"enemies":"2 Louse","floor":2,"turns":4},{"damage":0,"enemies":"Jaw Worm","floor":4,"turns":7},{"damage":0,"enemies":"Large Slime","floor":7,"turns":5},{"damage":0,"enemies":"Red Slaver","floor":10,"turns":4},{"damage":0,"enemies":"Lots of Slimes","floor":13,"turns":5},{"damage":67,"enemies":"Slime Boss","floor":16,"turns":12}],"seed_played":"-940543951796264422","potions_obtained":[{"floor":2,"key":"DuplicationPotion"},{"floor":4,"key":"DuplicationPotion"},{"floor":7,"key":"Poison Potion"}],"is_trial":false,"path_per_floor":["M","M","?","M","?","R","M","R","T","M","?","R","M","$","R","B"],"character_chosen":"THE_SILENT","items_purchased":["Caltrops"],"campfire_rested":0,"item_purchase_floors":[14],"current_hp_per_floor":[63,61,49,49,49,49,49,49,49,49,66,66,66,66,66,0,0],"gold":37,"neow_bonus":"THREE_CARDS","is_daily":false,"chose_seed":false,"campfire_upgraded":4,"win_rate":0.0,"timestamp":1609347952,"path_taken":["M","M","?","M","?","R","M","R","T","M","?","R","?","$","R","BOSS"],"items_purchased_type":["Card"],"build_version":"2020-12-22","purchased_purges":1,"victory":false,"max_hp_per_floor":[70,70,70,70,70,70,70,70,70,70,70,70,70,70,70,70,70],"card_choices":[{"not_picked":["Tactician","Expertise"],"picked":"Flying Knee","floor":0},{"not_picked":["Acrobatics","Skewer"],"picked":"Poisoned Stab","floor":1},{"not_picked":["Well Laid Plans","Escape Plan"],"picked":"Catalyst","floor":2},{"not_picked":["Terror","Dagger Spray"],"picked":"PiercingWail","floor":4},{"not_picked":["Underhanded Strike","Outmaneuver","Quick Slash"],"picked":"SKIP","floor":7},{"not_picked":["Flechettes","Setup"],"picked":"Backflip","floor":10},{"not_picked":["Dagger Spray","Masterful Stab"],"picked":"Backflip","floor":13}],"player_experience":946143,"relics_obtained":[{"floor":9,"key":"Ornamental Fan"}],"event_choices":[{"damage_healed":0,"gold_gain":0,"player_choice":"Success","damage_taken":12,"relics_obtained":["Sundial"],"max_hp_gain":0,"max_hp_loss":0,"event_name":"Scrap Ooze","floor":3,"gold_loss":0},{"cards_removed":["Strike_G"],"damage_healed":0,"gold_gain":0,"player_choice":"Forget","damage_taken":0,"max_hp_gain":0,"max_hp_loss":0,"event_name":"Living Wall","floor":5,"gold_loss":0},{"damage_healed":17,"gold_gain":0,"player_choice":"Healed and dodged fight","damage_taken":0,"max_hp_gain":0,"max_hp_loss":0,"event_name":"Mushrooms","floor":11,"gold_loss":0,"cards_obtained":["Parasite"]}],"is_beta":false,"boss_relics":[],"items_purged_floors":[14],"is_endless":false,"potions_floor_spawned":[2,4,7,10],"killed_by":"Slime Boss","ascension_level":12}}