{"host":"foq4mrde4mssg7vt","time":1609354019,"event":{"mods":["AchievementEnabler","BaseMod","Colored Map","Colored Powertips","Highlight Path","Minty Spire (QoL Compilation)","Relic Stats","everything is the same but u backflip on backflip"],"gold_per_floor":[114,129,129,18,32,32,61,61,61,93,93,126,142,155,155,233,233,245,263,28,40,40,66,95,95,95,95,124,136,148,163,163,241,241,257,270,270,270,49,76,125,125,125],"floor_reached":42,"playtime":2115,"items_purged":["Strike_P","Writhe"],"score":1167,"play_id":"a9d5a3c4-6604-4095-9303-da40b755d56d","local_time":"20201231024659","is_ascension_mode":true,"campfire_choices":[{"data":"TalkToTheHand","floor":6.0,"key":"SMITH"},{"data":"WheelKick","floor":8.0,"key":"SMITH"},{"data":"WaveOfTheHand","floor":11.0,"key":"SMITH"},{"data":"Wallop","floor":15.0,"key":"SMITH"},{"floor":25.0,"key":"REST"},{"data":"Blasphemy","floor":27.0,"key":"SMITH"},{"floor":32.0,"key":"REST"}],"circlet_count":0,"master_deck":["AscendersBane","Strike_P","Defend_P","Defend_P","Defend_P","Eruption","Vigilance","Consecrate","BowlingBash","FlurryOfBlows","WheelKick+1","TalkToTheHand+1","WaveOfTheHand+1","Protect","Wallop+1","Blasphemy+1","BattleHymn+1","Perseverance+1","EmptyBody+1","Vengeance","Decay","Wireheading","FlurryOfBlows","DeusExMachina","Establishment","TalkToTheHand","Shame"],"relics":["Cursed Key","WingedGreaves","Strawberry","Letter Opener","Astrolabe","Frozen Eye","White Beast Statue","Kunai","Blood Vial","Runic Pyramid","InkBottle"],"acts_visited":["Exordium","TheCity","TheBeyond"],"potions_floor_usage":[40],"damage_taken":[{"damage":1.0,"enemies":"2 Louse","floor":1.0,"turns":3.0},{"damage":0.0,"enemies":"Small Slimes","floor":2.0,"turns":4.0},{"damage":0.0,"enemies":"Jaw Worm","floor":5.0,"turns":1.0},{"damage":0.0,"enemies":"3 Sentries","floor":7.0,"turns":5.0},{"damage":3.0,"enemies":"Lagavulin","floor":10.0,"turns":8.0},{"damage":0.0,"enemies":"Gremlin Nob","floor":12.0,"turns":2.0},{"damage":3.0,"enemies":"3 Louse","floor":13.0,"turns":3.0},{"damage":0.0,"enemies":"Blue Slaver","floor":14.0,"turns":4.0},{"damage":0.0,"enemies":"Slime Boss","floor":16.0,"turns":4.0},{"damage":12.0,"enemies":"Shell Parasite","floor":18.0,"turns":5.0},{"damage":0.0,"enemies":"2 Thieves","floor":19.0,"turns":1.0},{"damage":13.0,"enemies":"Shelled Parasite and Fungi","floor":21.0,"turns":5.0},{"damage":0.0,"enemies":"Gremlin Leader","floor":23.0,"turns":4.0},{"damage":29.0,"enemies":"Slavers","floor":24.0,"turns":4.0},{"damage":39.0,"enemies":"Gremlin Leader","floor":28.0,"turns":5.0},{"damage":0.0,"enemies":"Chosen and Byrds","floor":29.0,"turns":3.0},{"damage":0.0,"enemies":"Snake Plant","floor":30.0,"turns":4.0},{"damage":6.0,"enemies":"Centurion and Healer","floor":31.0,"turns":4.0},{"damage":11.0,"enemies":"Collector","floor":33.0,"turns":9.0},{"damage":29.0,"enemies":"3 Shapes","floor":35.0,"turns":11.0},{"damage":29.0,"enemies":"3 Darklings","floor":36.0,"turns":3.0},{"damage":20,"enemies":"Nemesis","floor":40,"turns":9},{"damage":42,"enemies":"Transient","floor":42,"turns":1}],"seed_played":"6967299689332139536","potions_obtained":[{"floor":7.0,"key":"Block Potion"},{"floor":10.0,"key":"DuplicationPotion"},{"floor":18.0,"key":"CultistPotion"},{"floor":21.0,"key":"EssenceOfSteel"},{"floor":24.0,"key":"BlessingOfTheForge"},{"floor":28.0,"key":"SkillPotion"},{"floor":29.0,"key":"PowerPotion"},{"floor":30.0,"key":"StancePotion"},{"floor":31.0,"key":"BottledMiracle"},{"floor":33.0,"key":"SpeedPotion"},{"floor":35.0,"key":"Weak Potion"},{"floor":36.0,"key":"Swift Potion"},{"floor":40,"key":"BlessingOfTheForge"}],"is_trial":false,"path_per_floor":["M","M","?","$","M","R","E","R","T","E","R","E","M","M","R","B",null,"M","M","$","M","?","E","E","R","T","R","E","M","M","M","R","B",null,"M","M","?","?","$","E","T","M"],"character_chosen":"WATCHER","items_purchased":["FlurryOfBlows","WheelKick","Frozen Eye","TalkToTheHand","StancePotion"],"campfire_rested":2,"item_purchase_floors":[4,4,20,39,39],"current_hp_per_floor":[60,60,60,60,60,60,60,60,60,64,64,64,61,61,61,61,72,60,60,60,47,47,47,18,40,40,40,1,3,5,1,23,14,60,33,6,21,21,21,3,3,0,0],"gold":125,"neow_bonus":"BOSS_RELIC","is_daily":false,"chose_seed":false,"campfire_upgraded":5,"win_rate":0.0,"timestamp":1609354019,"path_taken":["M","M","?","$","M","R","E","R","T","E","R","E","M","M","R","BOSS","M","M","$","M","?","E","E","R","T","R","E","M","M","M","R","BOSS","M","M","?","?","$","E","?","M"],"items_purchased_type":["Card","Card","Relic","Card","Potion"],"build_version":"2020-12-22","purchased_purges":2,"victory":false,"max_hp_per_floor":[68,68,68,68,68,68,68,68,68,75,75,75,75,75,75,75,75,75,75,75,75,75,75,75,75,75,75,75,75,75,75,75,75,75,75,75,75,75,75,75,75,75,75],"relic_stats":{"Blood Vial":16,"counters":[23,102],"Astrolabe":["BattleHymn","Perseverance","EmptyBody"],"Letter Opener":[54],"Kunai":[25],"Cursed Key":1,"obtain_stats":[{"Blood Vial":28,"Frozen Eye":20,"Strawberry":10,"Astrolabe":17,"WingedGreaves":7,"Letter Opener":12,"Kunai":24,"PureWater":0,"Cursed Key":0,"White Beast Statue":23,"InkBottle":40,"Runic Pyramid":34},{"Blood Vial":15,"Frozen Eye":11,"Strawberry":5,"Astrolabe":9,"WingedGreaves":4,"Letter Opener":6,"Kunai":14,"PureWater":0,"Cursed Key":0,"White Beast Statue":13,"InkBottle":22,"Runic Pyramid":19},{"Blood Vial":58,"Frozen Eye":40,"Strawberry":21,"Astrolabe":34,"WingedGreaves":13,"Letter Opener":23,"Kunai":53,"PureWater":0,"Cursed Key":0,"White Beast Statue":49,"InkBottle":101,"Runic Pyramid":78}],"InkBottle":[0]},"card_choices":[{"not_picked":["ClearTheMind","JustLucky"],"picked":"Consecrate","floor":1.0},{"not_picked":["ThirdEye","Prostrate"],"picked":"BowlingBash","floor":2.0},{"not_picked":["BowlingBash","Consecrate"],"picked":"TalkToTheHand","floor":5.0},{"not_picked":["CutThroughFate","FollowUp","ReachHeaven"],"picked":"SKIP","floor":7.0},{"not_picked":["Evaluate","Scrawl"],"picked":"WaveOfTheHand","floor":10.0},{"not_picked":["Ragnarok","CutThroughFate","SashWhip"],"picked":"SKIP","floor":12.0},{"not_picked":["BowlingBash","WaveOfTheHand"],"picked":"Protect","floor":13.0},{"not_picked":["BowlingBash","Prostrate"],"picked":"Wallop","floor":14.0},{"not_picked":["DeusExMachina","Brilliance"],"picked":"Blasphemy","floor":16.0},{"not_picked":["Study","ClearTheMind+1","CutThroughFate"],"picked":"SKIP","floor":18.0},{"not_picked":["Halt","SandsOfTime"],"picked":"Vengeance","floor":19.0},{"not_picked":["Weave","JustLucky","Protect"],"picked":"SKIP","floor":21.0},{"not_picked":["Prostrate","FollowUp"],"picked":"Wireheading","floor":23.0},{"not_picked":["EmptyBody","SashWhip"],"picked":"FlurryOfBlows","floor":24.0},{"not_picked":["Collect","Conclude","SignatureMove"],"picked":"SKIP","floor":28.0},{"not_picked":["ClearTheMind+1","FlurryOfBlows","Protect+1"],"picked":"SKIP","floor":29.0},{"not_picked":["FlurryOfBlows","WindmillStrike"],"picked":"DeusExMachina","floor":30.0},{"not_picked":["CutThroughFate","Worship","Weave"],"picked":"SKIP","floor":31.0},{"not_picked":["ConjureBlade","Ragnarok"],"picked":"Establishment","floor":33.0},{"not_picked":["FollowUp","FlyingSleeves+1","WindmillStrike"],"picked":"SKIP","floor":35.0},{"not_picked":["Conclude+1","BowlingBash","EmptyFist"],"picked":"SKIP","floor":36.0},{"not_picked":["ConjureBlade","Indignation","JustLucky"],"picked":"SKIP","floor":40}],"player_experience":327852,"relics_obtained":[{"floor":7.0,"key":"WingedGreaves"},{"floor":10.0,"key":"Strawberry"},{"floor":12.0,"key":"Letter Opener"},{"floor":23.0,"key":"White Beast Statue"},{"floor":24.0,"key":"Kunai"},{"floor":28.0,"key":"Blood Vial"},{"floor":40,"key":"InkBottle"}],"event_choices":[{"damage_healed":0.0,"max_hp_gain":0.0,"max_hp_loss":0.0,"gold_gain":0.0,"event_name":"Liars Game","player_choice":"Ignored","floor":3.0,"gold_loss":0.0,"damage_taken":0.0},{"damage_healed":0.0,"max_hp_gain":0.0,"max_hp_loss":0.0,"gold_gain":0.0,"event_name":"Forgotten Altar","player_choice":"Smashed Altar","floor":22.0,"gold_loss":0.0,"damage_taken":0.0,"cards_obtained":["Decay"]},{"damage_healed":15.0,"max_hp_gain":0.0,"max_hp_loss":0.0,"gold_gain":0.0,"event_name":"Winding Halls","player_choice":"Writhe","floor":37.0,"gold_loss":0.0,"damage_taken":0.0,"cards_obtained":["Writhe"]},{"damage_healed":0.0,"max_hp_gain":0.0,"max_hp_loss":0.0,"gold_gain":0.0,"event_name":"Mysterious Sphere","player_choice":"Ignored","floor":38.0,"gold_loss":0.0,"damage_taken":0.0}],"is_beta":false,"boss_relics":[{"not_picked":["Velvet Choker","Sozu"],"picked":"Astrolabe"},{"not_picked":["VioletLotus","Fusion Hammer"],"picked":"Runic Pyramid"}],"items_purged_floors":[20,39],"is_endless":false,"potions_floor_spawned":[7,10,14,16,18,21,24,28,29,30,31,33,35,36,40],"killed_by":"Transient","ascension_level":17}}