{"host":"x6tlfgqpy55vgxdn","time":1609339448,"event":{"mods":["AchievementEnabler","BaseMod","DeckTracker","Minty Spire (QoL Compilation)","Permanent Neow","StSLib","SuperFastMode"],"gold_per_floor":[116,136,211,211,223,223,254,254,254,254,254,283,283,55,55,55,55],"floor_reached":16,"playtime":333,"items_purged":["Pain"],"score":170,"play_id":"3f161775-b95b-49b4-85b9-98401220ae22","local_time":"20201230234408","is_ascension_mode":true,"campfire_choices":[{"data":"Darkness","floor":6.0,"key":"SMITH"},{"data":"Go for the Eyes","floor":11,"key":"SMITH"},{"data":"Dualcast","floor":13,"key":"SMITH"},{"data":"Self Repair","floor":15,"key":"SMITH"}],"circlet_count":0,"master_deck":["AscendersBane","Strike_B","Strike_B","Strike_B","Strike_B+1","Defend_B+1","Defend_B","Defend_B","Defend_B","Zap","Dualcast+1","Darkness+1","Go for the Eyes+1","Self Repair+1","Compile Driver","Undo"],"relics":["Cracked Core","Bag of Marbles","WarpedTongs","Bottled Lightning","Symbiotic Virus","Unceasing Top","OrangePellets"],"acts_visited":["Exordium"],"potions_floor_usage":[7,7],"damage_taken":[{"damage":12.0,"enemies":"Jaw Worm","floor":1.0,"turns":2.0},{"damage":0.0,"enemies":"Cultist","floor":2.0,"turns":3.0},{"damage":8.0,"enemies":"2 Louse","floor":5.0,"turns":2.0},{"damage":39,"enemies":"Gremlin Nob","floor":7,"turns":5},{"damage":15,"enemies":"3 Sentries","floor":12,"turns":7},{"damage":24,"enemies":"Hexaghost","floor":16,"turns":7}],"seed_played":"3131650158941523981","potions_obtained":[{"floor":2.0,"key":"Regen Potion"},{"floor":5.0,"key":"FearPotion"},{"floor":12,"key":"Energy Potion"}],"is_trial":false,"path_per_floor":["M","M","?","?","M","R","E","?","T","?","R","E","R","$","R","B"],"character_chosen":"DEFECT","items_purchased":["OrangePellets"],"campfire_rested":0,"item_purchase_floors":[14],"current_hp_per_floor":[56,56,45,45,37,37,19,4,4,29,29,21,21,21,21,0,0],"gold":55,"neow_bonus":"RANDOM_COMMON_RELIC","is_daily":false,"chose_seed":false,"campfire_upgraded":4,"win_rate":0.0,"timestamp":1609339448,"path_taken":["M","M","?","?","?","R","E","?","T","?","R","E","R","$","R","BOSS"],"items_purchased_type":["Relic"],"build_version":"2020-12-22","purchased_purges":1,"victory":false,"max_hp_per_floor":[75,75,75,75,75,75,75,75,75,75,75,75,75,75,75,75,75],"card_choices":[{"not_picked":["Compile Driver","Conserve Battery"],"picked":"Darkness","floor":1.0},{"not_picked":["Stack","Rebound"],"picked":"Go for the Eyes","floor":2.0},{"not_picked":["Force Field","Rebound"],"picked":"Self Repair","floor":5.0},{"not_picked":["Coolheaded","Beam Cell"],"picked":"Compile Driver","floor":7},{"not_picked":["Streamline","Barrage"],"picked":"Undo","floor":12}],"player_experience":220132,"relics_obtained":[{"floor":7,"key":"Bottled Lightning"},{"floor":9,"key":"Symbiotic Virus"},{"floor":12,"key":"Unceasing Top"}],"event_choices":[{"damage_healed":0.0,"max_hp_gain":0.0,"max_hp_loss":0.0,"gold_gain":75.0,"event_name":"World of Goop","player_choice":"Gather Gold","floor":3.0,"gold_loss":0.0,"damage_taken":11.0},{"damage_healed":0.0,"max_hp_gain":0.0,"max_hp_loss":0.0,"gold_gain":0.0,"event_name":"Accursed Blacksmith","player_choice":"Rummage","floor":4.0,"gold_loss":0.0,"damage_taken":0.0,"relics_obtained":["WarpedTongs"],"cards_obtained":["Pain"]},{"damage_healed":0,"gold_gain":0,"player_choice":"Entered Light","damage_taken":15,"max_hp_gain":0,"max_hp_loss":0,"event_name":"Shining Light","floor":8,"gold_loss":0,"cards_upgraded":["Defend_B","Strike_B"]},{"damage_healed":25,"gold_gain":0,"player_choice":"Banana","damage_taken":0,"max_hp_gain":0,"max_hp_loss":0,"event_name":"Big Fish","floor":10,"gold_loss":0}],"is_beta":false,"boss_relics":[],"items_purged_floors":[14],"is_endless":false,"potions_floor_spawned":[2,5,12],"killed_by":"Hexaghost","ascension_level":12}}