{"host":"2b0fqapnd02ydmuo","time":1609329091,"event":{"mods":["AchievementEnabler","Aspiration","BaseMod","Better Altar","Better Match","Better Note","Better Sensory Stone","Better Skull","Better Third Choice","BetterRewards","CCEM","Clawfect","Colored Map","Conspire","GifTheSpireLib","Googly Eyes","Halation","Highlight Path","Hubris","Infinite Spire","Jedi Mod","Jorbs\u0027s Wanderer Trilogy","Marisa????????","Mimic Mod","Minty Spire (QoL Compilation)","Permanent Neow","Replay The Spire","Shade Mod","Shop Mod","Spicy Shops","StSLib","Stuff the Spire","The Blackbeard","The Bug Knight","The Elementalist","The Jungle","Unceasing Turn Reminder","everything is the same but u backflip on backflip","slay the spire mod where everything is the same but ironclad has a cowboy hat"],"gold_per_floor":[113,46,62,62,62,96,96,122,156,156,190,207,15,49,49,167,167,199,34,34,90,189,189,291,291,345,345,461,461,552,622,622,813,813,915,715,838,933,933,1011,117,260,260,260,260,260,352,497,497,596],"floor_reached":51,"playtime":1889,"items_purged":["Shame"],"score":1069,"play_id":"844ff8ba-e353-49ee-a5f2-c31794ad4510","local_time":"20201230125131","is_ascension_mode":true,"campfire_choices":[{"floor":10,"key":"REST"},{"floor":15,"key":"REST"},{"floor":23,"key":"REST"},{"floor":25,"key":"REST"},{"floor":27,"key":"DIG"},{"floor":32,"key":"REST"},{"data":"blackbeard:PowerHungry","floor":45,"key":"SMITH"},{"floor":49,"key":"DIG"}],"circlet_count":0,"master_deck":["blackbeard:BlackbeardStrike","blackbeard:BlackbeardStrike","blackbeard:BlackbeardStrike","blackbeard:BlackbeardStrike","blackbeard:IntimidatingStrike","blackbeard:BlackbeardDefend","blackbeard:BlackbeardDefend","blackbeard:BlackbeardDefend","blackbeard:BlackbeardDefend","blackbeard:SmithingHammer","blackbeard:GoldenStrike","blackbeard:GoldenDefense","Neutralize","blackbeard:GoldenDefense","Replay:Fractal Strike","blackbeard:Spear","blackbeard:Dagger","blackbeard:PowderKeg","blackbeard:BuriedTreasure","Apotheosis+1","blackbeard:PowerHungry+1","blackbeard:PowderKeg+1","blackbeard:Bandana","blackbeard:Bandana","blackbeard:RemoveScurvy","blackbeard:GoldenDefense","blackbeard:Sword+1","blackbeard:Halberd","blackbeard:Sword","conspire:SpireCoStock","conspire:SpireCoStock","conspire:SpireCoStock","conspire:SpireCoStock","blackbeard:GoldenDefense","blackbeard:Bandana","blackbeard:GoldenStrike+1","blackbeard:GoldenGuillotine"],"relics":["NeowsBlessing","m_SerpentRing","Toy Ornithopter","HollowMod:PaleOreRelic","hubris:ToyBattleship","hubris:VirtuousBlindfold","Shovel","jedi:arcanewood","aspiration:TomeofQuesting","Letter Opener","Dead Branch","hubris:BlackHole","aspiration:AnachronicSnailShell","conspire:TopHat","MerchantsRug","Chameleon Ring","Happy Flower","Lee\u0027s Waffle","infinitespire:PuzzleCube","jedi:firstaidkit","Strawberry","halation:SwordOfLegend"],"acts_visited":["Exordium","TheCity","TheBeyond"],"potions_floor_usage":[16,22,22,28],"damage_taken":[{"damage":0,"enemies":"Cultist","floor":1,"turns":1},{"damage":0,"enemies":"2 Louse","floor":3,"turns":1},{"damage":0,"enemies":"HollowMod:MossKnight","floor":6,"turns":1},{"damage":17,"enemies":"Replay:BlueRogue","floor":8,"turns":8},{"damage":2,"enemies":"Small Slimes","floor":9,"turns":7},{"damage":19,"enemies":"HollowMod:MossKnight","floor":11,"turns":5},{"damage":5,"enemies":"Small Slimes","floor":12,"turns":3},{"damage":12,"enemies":"conspire:2 RoseBushes","floor":14,"turns":3},{"damage":3,"enemies":"The Guardian","floor":16,"turns":10},{"damage":13,"enemies":"Spheric Guardian","floor":18,"turns":4},{"damage":24,"enemies":"conspire:FuzzyDice","floor":22,"turns":6},{"damage":28,"enemies":"Shelled Parasite and Fungi","floor":24,"turns":5},{"damage":4,"enemies":"conspire:Head Lice","floor":28,"turns":4},{"damage":13,"enemies":"Chosen and Byrds","floor":30,"turns":6},{"damage":15,"enemies":"Snake Plant","floor":31,"turns":4},{"damage":71,"enemies":"Collector","floor":33,"turns":10},{"damage":0,"enemies":"3 Darklings","floor":35,"turns":1},{"damage":0,"enemies":"conspire:MimicChest","floor":37,"turns":1},{"damage":11,"enemies":"3 Shapes","floor":38,"turns":1},{"damage":0,"enemies":"Giant Head","floor":40,"turns":1},{"damage":0,"enemies":"Transient","floor":42,"turns":1},{"damage":0,"enemies":"4 Shapes","floor":47,"turns":1},{"damage":0,"enemies":"Maw","floor":48,"turns":1},{"damage":0,"enemies":"hubris:GrandSnecko","floor":50,"turns":1}],"seed_played":"-6083609129410593578","potions_obtained":[{"floor":3,"key":"Strength Potion"},{"floor":11,"key":"EssenceOfSteel"},{"floor":12,"key":"BlessingOfTheForge"},{"floor":14,"key":"blackbeard:RumPotion"},{"floor":18,"key":"Strength Potion"},{"floor":21,"key":"Energy Potion"},{"floor":21,"key":"Death Potion"},{"floor":22,"key":"jedi:tentaclejuice"},{"floor":24,"key":"blackbeard:RumPotion"},{"floor":33,"key":"jedi:wingpotion"},{"floor":42,"key":"Elixir"}],"is_trial":false,"path_per_floor":["M","$","M","?","$","E","?","E","MIM","R","E","M","$","M","R","B",null,"M","$","?","?","M","R","M","R","T","R","E","?","M","M","R","B",null,"M","?","?","M","?","E","$","M","T","T","R","?","M","M","R","B",null],"character_chosen":"BLACKBEARD_CLASS","items_purchased":["blackbeard:GoldenStrike","Apotheosis","blackbeard:Bandana","MerchantsRug","blackbeard:GoldenDefense","Chameleon Ring","Happy Flower","Lee\u0027s Waffle","blackbeard:Bandana","infinitespire:PuzzleCube"],"campfire_rested":5,"item_purchase_floors":[2,13,19,41,41,41,41,41,41,41],"current_hp_per_floor":[75,75,75,75,75,75,57,40,38,60,41,36,36,24,46,48,75,62,62,62,44,38,60,37,59,59,59,65,65,57,50,72,6,75,75,75,75,64,64,64,82,82,82,89,89,69,69,69,69,74],"gold":596,"neow_bonus":"THREE_ENEMY_KILL","is_daily":false,"chose_seed":false,"campfire_upgraded":1,"win_rate":0.0,"timestamp":1609329091,"path_taken":["M","?","M","?","?","E","?","E","MIM","R","E","?","$","M","R","BOSS","M","$","?","?","M","R","M","R","T","R","E","?","M","M","R","BOSS","M","?","?","?","?","E","$","M","T","?","R","?","M","M","R","BOSS"],"items_purchased_type":["Card","Card","Card","Relic","Card","Relic","Relic","Relic","Card","Relic"],"build_version":"2020-12-22","purchased_purges":1,"victory":true,"max_hp_per_floor":[75,75,75,75,75,75,75,75,75,75,75,75,75,75,75,75,75,75,75,75,75,75,75,75,75,75,75,75,75,75,75,75,75,75,75,75,75,75,75,75,82,82,82,89,89,89,89,89,89,89],"card_choices":[{"not_picked":["blackbeard:Sharpening","blackbeard:WiseDefense"],"picked":"blackbeard:SmithingHammer","floor":1},{"not_picked":["blackbeard:CloakAndCannonball","blackbeard:FieryDefense"],"picked":"blackbeard:GoldenDefense","floor":3},{"not_picked":["blackbeard:BlindAttacks","blackbeard:ArmorUp"],"picked":"blackbeard:GoldenDefense","floor":6},{"not_picked":["infinitespire:FinalStrike","ReplayTheSpireMod:Black Plague"],"picked":"Replay:Fractal Strike","floor":7},{"not_picked":["Cloak And Dagger","blackbeard:BeatUp"],"picked":"blackbeard:Spear","floor":8},{"not_picked":["blackbeard:PowerHungry","blackbeard:CannonballSupply"],"picked":"blackbeard:Dagger","floor":9},{"not_picked":["blackbeard:FieryDefense","blackbeard:InfiniteBarrage"],"picked":"blackbeard:PowderKeg","floor":11},{"not_picked":["blackbeard:GoldenStrike","blackbeard:FishingNets"],"picked":"blackbeard:BuriedTreasure","floor":12},{"not_picked":["blackbeard:Sharpening","blackbeard:WiseDefense","blackbeard:Fencing"],"picked":"SKIP","floor":14},{"not_picked":["blackbeard:UndeadForm","Adrenaline"],"picked":"blackbeard:PowerHungry","floor":16},{"not_picked":["blackbeard:PirateHook+1","blackbeard:CaptainsCabin"],"picked":"blackbeard:PowderKeg+1","floor":18},{"not_picked":["blackbeard:Shrapnel","blackbeard:SmithingHammer"],"picked":"blackbeard:RemoveScurvy","floor":21},{"not_picked":["blackbeard:RemoveScurvy","blackbeard:Toast+1"],"picked":"blackbeard:GoldenDefense","floor":22},{"not_picked":["blackbeard:Fencing","blackbeard:CaptainsCabin+1"],"picked":"blackbeard:Sword+1","floor":24},{"not_picked":["blackbeard:JollyRoger","blackbeard:Shrapnel"],"picked":"blackbeard:Halberd","floor":28},{"not_picked":["blackbeard:FieryDefense+1","blackbeard:Shrapnel","blackbeard:CannonBarrage+1"],"picked":"SKIP","floor":30},{"not_picked":["blackbeard:TerrorOfTheSeas","blackbeard:DangerousBlow"],"picked":"blackbeard:Sword","floor":31},{"not_picked":["blackbeard:Toast","blackbeard:DoubleCannonball","blackbeard:SwordDance"],"picked":"SKIP","floor":35},{"not_picked":["blackbeard:FieryDefense","blackbeard:DeadlyArsenal","blackbeard:BlindAttacks"],"picked":"SKIP","floor":38},{"not_picked":["blackbeard:Fencing","blackbeard:TacticalRetreat+1","blackbeard:UndeadForm"],"picked":"SKIP","floor":40},{"not_picked":["blackbeard:Shrapnel","blackbeard:FishingNets"],"picked":"blackbeard:GoldenStrike+1","floor":42},{"not_picked":["blackbeard:TacticalRetreat","blackbeard:CaptainsCabin","blackbeard:PirateEarring+1"],"picked":"SKIP","floor":47},{"not_picked":["blackbeard:TacticalRetreat","blackbeard:CaptainsCabin","blackbeard:PirateEarring+1"],"picked":"SKIP","floor":47},{"not_picked":["blackbeard:Fencing+1","blackbeard:SwordDance"],"picked":"blackbeard:GoldenGuillotine","floor":48}],"player_experience":86904,"relics_obtained":[{"floor":6,"key":"Toy Ornithopter"},{"floor":9,"key":"HollowMod:PaleOreRelic"},{"floor":11,"key":"hubris:ToyBattleship"},{"floor":21,"key":"jedi:arcanewood"},{"floor":26,"key":"aspiration:TomeofQuesting"},{"floor":27,"key":"Letter Opener"},{"floor":28,"key":"Dead Branch"},{"floor":37,"key":"aspiration:AnachronicSnailShell"},{"floor":40,"key":"conspire:TopHat"},{"floor":43,"key":"jedi:firstaidkit"},{"floor":44,"key":"Strawberry"},{"floor":49,"key":"halation:SwordOfLegend"}],"event_choices":[{"damage_healed":0,"gold_gain":0,"player_choice":"Stole Relic","damage_taken":0,"relics_obtained":["Shovel"],"max_hp_gain":0,"max_hp_loss":0,"event_name":"Addict","floor":20,"gold_loss":0,"cards_obtained":["Shame"]},{"damage_healed":0,"gold_gain":0,"player_choice":"Invest 4","damage_taken":0,"max_hp_gain":0,"max_hp_loss":0,"event_name":"conspire:Investor","floor":36,"gold_loss":0},{"damage_healed":0,"gold_gain":3,"player_choice":"1","damage_taken":0,"max_hp_gain":0,"max_hp_loss":0,"event_name":"betterStone:BetterStone","floor":39,"gold_loss":0}],"is_beta":false,"boss_relics":[{"not_picked":["conspire:SeveredTorchhead","halation:Yufonium"],"picked":"hubris:VirtuousBlindfold"},{"not_picked":["halation:Risk","aspiration:RunicSpoon"],"picked":"hubris:BlackHole"}],"items_purged_floors":[41],"is_endless":false,"potions_floor_spawned":[3,11,12,14,18,22,24,33,37,42,47],"ascension_level":2}}