{"host":"jzjaw782v8gfe8gb","time":1609351534,"event":{"mods":["BaseMod","Better Match","Better Note","Better Third Choice","Minty Spire (QoL Compilation)","StSLib","The Marked"],"gold_per_floor":[115,133,133,151,167,167,178,206,206,222,147,180,180,195,195,290,290,301,311,271,289,304,316,316,72,97,116,116,150,200,213,213,314,314,331,94,145,163,163,195,195,219,219,232,232,282,310,328,328,328,328,328,0,34,34,34],"floor_reached":55,"playtime":34774,"items_purged":["theMarked:Strike","theMarked:Strike","theMarked:Defend"],"score":711,"play_id":"04db2776-0787-4951-afc3-e0e9e28e8dc0","local_time":"20201230100534","is_ascension_mode":false,"campfire_choices":[{"data":"theMarked:WardOff","floor":6.0,"key":"SMITH"},{"data":"theMarked:BindingBlade","floor":13.0,"key":"SMITH"},{"data":"theMarked:HeightenedSenses","floor":15.0,"key":"SMITH"},{"data":"theMarked:EternalStudent","floor":24.0,"key":"SMITH"},{"data":"theMarked:Indomitable","floor":28.0,"key":"SMITH"},{"floor":32.0,"key":"RECALL"},{"floor":41.0,"key":"REST"},{"data":"theMarked:Strike","floor":45.0,"key":"PURGE"},{"data":"theMarked:Strike","floor":49.0,"key":"PURGE"},{"data":"theMarked:TwofoldDefense","floor":52,"key":"SMITH"}],"circlet_count":0,"master_deck":["theMarked:Strike+1","theMarked:Defend","theMarked:Defend","theMarked:Defend","theMarked:SoldierOfQuellstein+1","theMarked:SwordAndMagic","theMarked:HeightenedSenses+1","theMarked:WardOff+1","theMarked:TwofoldDefense+1","theMarked:TakeOffHeels","theMarked:BindingBlade+1","theMarked:ParalyzingBlade","theMarked:EternalStudent+1","theMarked:Opportunist+1","theMarked:Indomitable+1","theMarked:FavorableWinds","theMarked:SummonStrength","theMarked:TwofoldDefense+1","theMarked:WardOff+1","theMarked:SoldierForm"],"relics":["theMarked:BronzeBlade","Matryoshka","Eternal Feather","Pocketwatch","Prayer Wheel","ClockworkSouvenir","Omamori","The Courier","Busted Crown","Lee\u0027s Waffle","PreservedInsect","Peace Pipe","Pantograph","Ancient Tea Set","CaptainsWheel","theMarked:NailFile","Strawberry","Boot"],"acts_visited":["Exordium","TheCity","TheBeyond","TheEnding"],"potions_floor_usage":[],"damage_taken":[{"damage":5.0,"enemies":"Small Slimes","floor":1.0,"turns":4.0},{"damage":0.0,"enemies":"Cultist","floor":2.0,"turns":3.0},{"damage":0.0,"enemies":"2 Louse","floor":4.0,"turns":2.0},{"damage":7.0,"enemies":"Blue Slaver","floor":5.0,"turns":3.0},{"damage":0.0,"enemies":"3 Louse","floor":7.0,"turns":3.0},{"damage":16.0,"enemies":"Gremlin Nob","floor":8.0,"turns":4.0},{"damage":0.0,"enemies":"Looter","floor":10.0,"turns":3.0},{"damage":4.0,"enemies":"Lagavulin","floor":12.0,"turns":5.0},{"damage":2.0,"enemies":"Blue Slaver","floor":14.0,"turns":3.0},{"damage":2.0,"enemies":"The Guardian","floor":16.0,"turns":10.0},{"damage":5.0,"enemies":"Spheric Guardian","floor":18.0,"turns":3.0},{"damage":8.0,"enemies":"Shell Parasite","floor":19.0,"turns":5.0},{"damage":0.0,"enemies":"Snecko","floor":21.0,"turns":4.0},{"damage":5.0,"enemies":"3 Cultists","floor":22.0,"turns":6.0},{"damage":9.0,"enemies":"Snake Plant","floor":23.0,"turns":4.0},{"damage":0.0,"enemies":"Snecko","floor":27.0,"turns":4.0},{"damage":17.0,"enemies":"Slavers","floor":29.0,"turns":5.0},{"damage":4.0,"enemies":"Centurion and Healer","floor":31.0,"turns":5.0},{"damage":20.0,"enemies":"Collector","floor":33.0,"turns":9.0},{"damage":7.0,"enemies":"3 Darklings","floor":35.0,"turns":8.0},{"damage":43.0,"enemies":"2 Orb Walkers","floor":37.0,"turns":6.0},{"damage":8.0,"enemies":"3 Shapes","floor":38.0,"turns":4.0},{"damage":66.0,"enemies":"Reptomancer","floor":40.0,"turns":7.0},{"damage":13.0,"enemies":"3 Darklings","floor":44.0,"turns":3.0},{"damage":6.0,"enemies":"Mind Bloom Boss Battle","floor":46.0,"turns":7.0},{"damage":13.0,"enemies":"Nemesis","floor":47.0,"turns":5.0},{"damage":3.0,"enemies":"Jaw Worm Horde","floor":48.0,"turns":4.0},{"damage":30,"enemies":"Donu and Deca","floor":50,"turns":11},{"damage":20,"enemies":"Shield and Spear","floor":54,"turns":5},{"damage":81,"enemies":"The Heart","floor":55,"turns":8}],"seed_played":"1102939755167351958","potions_obtained":[{"floor":1.0,"key":"LiquidMemories"},{"floor":8.0,"key":"DuplicationPotion"},{"floor":10.0,"key":"Dexterity Potion"},{"floor":23.0,"key":"BlessingOfTheForge"},{"floor":31.0,"key":"Ancient Potion"},{"floor":38.0,"key":"Ancient Potion"},{"floor":44.0,"key":"LiquidBronze"}],"is_trial":false,"path_per_floor":["M","M","?","M","M","R","M","E","T","M","$","E","R","M","R","B",null,"M","M","?","M","M","M","R","$","T","M","R","E","?","M","R","B",null,"M","$","?","M","?","E","R","T","T","M","R","?","E","M","R","B",null,"R","$","E","B"],"character_chosen":"THE_DEFAULT","items_purchased":["ClockworkSouvenir","Lee\u0027s Waffle","PreservedInsect","theMarked:SoldierForm","Strawberry"],"campfire_rested":1,"item_purchase_floors":[25,36,36,53,53],"current_hp_per_floor":[65,65,65,65,58,58,58,42,42,42,42,38,47,45,54,52,70,65,57,57,57,52,43,52,52,52,52,61,44,44,40,49,29,70,63,77,34,26,67,1,33,33,33,20,32,51,38,35,47,44,67,67,74,54,0,0],"gold":34,"neow_bonus":"THREE_CARDS","is_daily":false,"chose_seed":false,"campfire_upgraded":6,"win_rate":0.0,"timestamp":1609351534,"path_taken":["M","M","?","M","M","R","M","E","T","M","$","E","R","M","R","BOSS","M","M","?","M","M","M","R","$","T","M","R","E","?","M","R","BOSS","M","$","?","M","?","E","R","?","T","M","R","?","E","M","R","BOSS","R","$","E","BOSS"],"items_purchased_type":["Relic","Relic","Relic","Card","Relic"],"build_version":"2020-12-22","purchased_purges":3,"victory":false,"max_hp_per_floor":[70,70,70,70,70,70,70,70,70,70,70,70,70,70,70,70,70,70,70,70,70,70,70,70,70,70,70,70,70,70,70,70,70,70,70,77,77,77,67,67,67,67,67,67,67,67,67,67,67,67,67,67,74,74,74,74],"card_choices":[{"not_picked":["theMarked:Electrocute","theMarked:ElectricStrings"],"picked":"theMarked:SwordAndMagic","floor":0.0},{"not_picked":["theMarked:Overthink","theMarked:SwordAndMagic","theMarked:Improvise"],"picked":"SKIP","floor":1.0},{"not_picked":["theMarked:ElectricStrings","theMarked:Aftermath"],"picked":"theMarked:HeightenedSenses","floor":2.0},{"not_picked":["theMarked:Electrify","theMarked:TwofoldDefense"],"picked":"theMarked:WardOff","floor":4.0},{"not_picked":["theMarked:SwordAndMagic","theMarked:Frustration"],"picked":"theMarked:TwofoldDefense","floor":5.0},{"not_picked":["theMarked:DeterminationOfTheMarked","theMarked:WardOff"],"picked":"theMarked:TakeOffHeels","floor":7.0},{"not_picked":["theMarked:EmpowerWeapon","theMarked:StartUp"],"picked":"theMarked:BindingBlade","floor":8.0},{"not_picked":["theMarked:Parkour","theMarked:Aftermath","theMarked:Electrocute"],"picked":"SKIP","floor":10.0},{"not_picked":["theMarked:Electrify","theMarked:ElectricStrings"],"picked":"theMarked:ParalyzingBlade","floor":12.0},{"not_picked":["theMarked:Overthink","theMarked:Frustration","theMarked:WastefulAttack"],"picked":"SKIP","floor":14.0},{"not_picked":["theMarked:Electrocute","theMarked:EmpowerWeapon","theMarked:Aftermath"],"picked":"SKIP","floor":14.0},{"not_picked":["theMarked:SoldierForm","theMarked:Challenge"],"picked":"theMarked:EternalStudent","floor":16.0},{"not_picked":["theMarked:ElectricStrings","theMarked:Static"],"picked":"theMarked:Opportunist","floor":18.0},{"not_picked":["theMarked:ChainLightning","theMarked:Improvise","theMarked:RepellingDischarge+1"],"picked":"SKIP","floor":18.0},{"not_picked":["theMarked:Frustration","theMarked:Seal","theMarked:BanishingWave"],"picked":"SKIP","floor":19.0},{"not_picked":["theMarked:TakeCover","theMarked:ElectricStrings","theMarked:SwordAndMagic"],"picked":"SKIP","floor":19.0},{"not_picked":["theMarked:EnhancedHearing","theMarked:StartUp"],"picked":"theMarked:Indomitable","floor":21.0},{"not_picked":["theMarked:HeightenedSenses","theMarked:Polarize","theMarked:WastefulAttack"],"picked":"SKIP","floor":21.0},{"not_picked":["theMarked:SwordAndMagic","theMarked:EnhancedHearing","theMarked:WardOff"],"picked":"SKIP","floor":22.0},{"not_picked":["theMarked:Frustration","theMarked:ShockingTouch+1","theMarked:WardOff"],"picked":"SKIP","floor":22.0},{"not_picked":["theMarked:WardOff+1","theMarked:EnhancedHearing","theMarked:ResourceFulStrike+1"],"picked":"SKIP","floor":23.0},{"not_picked":["theMarked:TakeOffHeels","theMarked:WardOff","theMarked:EmpowerWeapon"],"picked":"SKIP","floor":23.0},{"not_picked":["theMarked:Electrify","theMarked:Static","theMarked:BanishingStrike"],"picked":"SKIP","floor":27.0},{"not_picked":["theMarked:BanishingWave","theMarked:RepellingDischarge","theMarked:EmpowerWeapon+1"],"picked":"SKIP","floor":27.0},{"not_picked":["theMarked:Overcharge","theMarked:Panic"],"picked":"theMarked:FavorableWinds","floor":29.0},{"not_picked":["theMarked:HeritageOfTheMarked","theMarked:Frustration","theMarked:ElectricStrings"],"picked":"SKIP","floor":31.0},{"not_picked":["theMarked:RepellingDischarge","theMarked:Static+1","theMarked:ReduceFriction"],"picked":"SKIP","floor":31.0},{"not_picked":["theMarked:UnarmedFury","theMarked:TakeOffHeels"],"picked":"theMarked:SummonStrength","floor":33.0},{"not_picked":["theMarked:Frustration"],"picked":"SKIP","floor":35.0},{"not_picked":["theMarked:SwordAndMagic"],"picked":"SKIP","floor":35.0},{"not_picked":[],"picked":"theMarked:TwofoldDefense+1","floor":37.0},{"not_picked":["theMarked:MaelstromOfLightning+1"],"picked":"SKIP","floor":38.0},{"not_picked":["theMarked:Electrify+1"],"picked":"SKIP","floor":38.0},{"not_picked":["theMarked:SwordAndMagic"],"picked":"SKIP","floor":40.0},{"not_picked":[],"picked":"theMarked:WardOff+1","floor":44.0},{"not_picked":["theMarked:Generate+1"],"picked":"SKIP","floor":44.0},{"not_picked":["theMarked:Reabsorb"],"picked":"SKIP","floor":47.0},{"not_picked":["theMarked:Opportunist+1"],"picked":"SKIP","floor":48.0},{"not_picked":["theMarked:LightningStrikesTwice+1"],"picked":"SKIP","floor":48.0},{"not_picked":["theMarked:Indomitable+1"],"picked":"SKIP","floor":54}],"player_experience":1913504,"relics_obtained":[{"floor":8.0,"key":"Matryoshka"},{"floor":9.0,"key":"Eternal Feather"},{"floor":9.0,"key":"Pocketwatch"},{"floor":12.0,"key":"Prayer Wheel"},{"floor":26.0,"key":"Omamori"},{"floor":29.0,"key":"The Courier"},{"floor":37.0,"key":"Peace Pipe"},{"floor":40.0,"key":"Pantograph"},{"floor":42.0,"key":"Ancient Tea Set"},{"floor":46.0,"key":"CaptainsWheel"},{"floor":47.0,"key":"theMarked:NailFile"},{"floor":54,"key":"Boot"}],"event_choices":[{"damage_healed":0.0,"max_hp_gain":0.0,"max_hp_loss":0.0,"gold_gain":0.0,"event_name":"Upgrade Shrine","player_choice":"Upgraded","floor":3.0,"gold_loss":0.0,"damage_taken":0.0,"cards_upgraded":["theMarked:SoldierOfQuellstein"]},{"damage_healed":0.0,"max_hp_gain":0.0,"max_hp_loss":0.0,"gold_gain":0.0,"event_name":"Designer","player_choice":"Upgraded Two","floor":20.0,"gold_loss":40.0,"damage_taken":0.0,"cards_upgraded":["theMarked:Opportunist","theMarked:Strike"]},{"damage_healed":0.0,"max_hp_gain":0.0,"max_hp_loss":0.0,"gold_gain":100.0,"event_name":"The Joust","player_choice":"Bet on Murderer","floor":30.0,"gold_loss":50.0,"damage_taken":0.0},{"damage_healed":0.0,"max_hp_gain":0.0,"max_hp_loss":0.0,"gold_gain":0.0,"event_name":"Mysterious Sphere","player_choice":"Fight","floor":37.0,"gold_loss":0.0,"damage_taken":0.0},{"damage_healed":67.0,"max_hp_gain":0.0,"max_hp_loss":10.0,"gold_gain":0.0,"event_name":"The Moai Head","player_choice":"Heal","floor":39.0,"gold_loss":0.0,"damage_taken":0.0},{"damage_healed":0.0,"max_hp_gain":0.0,"max_hp_loss":0.0,"gold_gain":0.0,"event_name":"MindBloom","player_choice":"Fight","floor":46.0,"gold_loss":0.0,"damage_taken":0.0}],"is_beta":false,"boss_relics":[{"not_picked":["Snecko Eye","Astrolabe"],"picked":"theMarked:BronzeBlade"},{"not_picked":["Runic Pyramid","SlaversCollar"],"picked":"Busted Crown"}],"items_purged_floors":[11,25,53],"is_endless":false,"potions_floor_spawned":[1,8,10,18,21,22,23,27,31,38,44],"killed_by":"The Heart","ascension_level":0}}