{"host":"c5ukdwo3xwa4ucd0","time":1609360445,"event":{"mods":["AchievementEnabler","BaseMod","Colored Powertips","Minty Spire (QoL Compilation)","Quick Restart"],"gold_per_floor":[114,129,144,159,174,174,189,204,504,534,345,360,360,360],"floor_reached":13,"playtime":507,"items_purged":[],"score":91,"play_id":"a9288359-29b1-4c4b-adf4-993c1cff6151","local_time":"20201230213405","daily_mods":["Cursed Run","Diverse","DeadlyEvents"],"is_ascension_mode":false,"campfire_choices":[{"data":"Genetic Algorithm","floor":6,"key":"SMITH"}],"circlet_count":0,"master_deck":["Strike_B","Strike_B","Strike_B","Strike_B","Defend_B","Defend_B","Defend_B","Defend_B","Zap","Dualcast","Doom and Gloom","Outmaneuver","Redo","Genetic Algorithm+1","Barrage","Consecrate","Doubt","Slice","Defragment","Armaments","FTL"],"relics":["Cursed Key","Darkstone Periapt","Du-Vu Doll","Old Coin","Meat on the Bone"],"acts_visited":["Exordium"],"potions_floor_usage":[12,13],"damage_taken":[{"damage":1,"enemies":"Cultist","floor":1,"turns":4},{"damage":2,"enemies":"Small Slimes","floor":2,"turns":3},{"damage":0,"enemies":"Jaw Worm","floor":3,"turns":3},{"damage":18,"enemies":"Exordium Thugs","floor":4,"turns":6},{"damage":0,"enemies":"2 Fungi Beasts","floor":5,"turns":2},{"damage":5,"enemies":"Looter","floor":7,"turns":3},{"damage":9,"enemies":"Blue Slaver","floor":8,"turns":5},{"damage":36,"enemies":"3 Sentries","floor":10,"turns":6},{"damage":6,"enemies":"3 Louse","floor":12,"turns":3},{"damage":30,"enemies":"Gremlin Nob","floor":13,"turns":3}],"seed_played":"9091901603564859836","potions_obtained":[{"floor":4,"key":"EssenceOfSteel"},{"floor":7,"key":"Dexterity Potion"},{"floor":8,"key":"FearPotion"},{"floor":10,"key":"LiquidMemories"}],"is_trial":false,"path_per_floor":["M","M","M","M","M","R","M","M","T","E","$","M","E"],"character_chosen":"DEFECT","items_purchased":["Defragment","Armaments","FTL"],"campfire_rested":0,"item_purchase_floors":[11,11,11],"current_hp_per_floor":[74,72,72,54,54,54,49,40,46,10,10,16,0,0],"gold":360,"neow_bonus":"","is_daily":true,"chose_seed":false,"campfire_upgraded":1,"win_rate":0.0,"timestamp":1609360445,"path_taken":["M","M","?","?","?","R","M","M","T","E","?","M","?"],"items_purchased_type":["Card","Card","Card"],"build_version":"2020-12-22","purchased_purges":0,"victory":false,"max_hp_per_floor":[75,75,75,75,75,75,75,75,81,81,81,81,81,81],"card_choices":[{"not_picked":["Compile Driver","PiercingWail","Poisoned Stab"],"picked":"SKIP","floor":1},{"not_picked":["EmptyFist","Havoc"],"picked":"Doom and Gloom","floor":2},{"not_picked":["Fire Breathing","Melter"],"picked":"Outmaneuver","floor":3},{"not_picked":["PathToVictory","FlyingSleeves"],"picked":"Redo","floor":4},{"not_picked":["CrushJoints","Second Wind"],"picked":"Genetic Algorithm","floor":5},{"not_picked":["Poisoned Stab","Headbutt"],"picked":"Barrage","floor":7},{"not_picked":["Flame Barrier","Warcry"],"picked":"Consecrate","floor":8},{"not_picked":["Outmaneuver","Quick Slash"],"picked":"Slice","floor":10},{"not_picked":["EmptyMind","Heavy Blade","Vengeance"],"picked":"SKIP","floor":12}],"player_experience":305349,"relics_obtained":[{"floor":9,"key":"Old Coin"},{"floor":10,"key":"Meat on the Bone"}],"event_choices":[],"is_beta":false,"boss_relics":[],"items_purged_floors":[],"is_endless":false,"potions_floor_spawned":[4,7,8,10],"killed_by":"Gremlin Nob","ascension_level":0}}