{"host":"z59j9eghykmqrz8g","time":1609366270,"event":{"mods":["Aspiration","BaseMod","Conspire","Infinite Spire","Minty Spire (QoL Compilation)","Replay The Spire","StSLib","vexMod"],"gold_per_floor":[112,187,205,218,236,236,252,283,283,283,283,34,34,49,76,76,76,176,176,191,201,211,228,242,277,355,366,416,416,420,438,438,4,4,108,108,120,120,139,189,201,228,256,296,308,320,0,12,38,68,80,92],"floor_reached":53,"playtime":4244,"items_purged":[],"score":1155,"play_id":"e631988e-047f-4f2a-a8ff-2d9b891ae18c","local_time":"20201231091110","daily_mods":["SealedDeck","Vintage","Heirloom","Time Dilation"],"is_ascension_mode":false,"campfire_choices":[{"data":"infinitespire:OneForAll","floor":6,"key":"SMITH"},{"data":"Intimidate","floor":17,"key":"SMITH"},{"data":"Anger","floor":32,"key":"SMITH"},{"data":"Clash","floor":34,"key":"SMITH"},{"data":"Demon Form","floor":46,"key":"SMITH"},{"data":"Iron Wave","floor":48,"key":"SMITH"},{"floor":51,"key":"DIG"}],"circlet_count":0,"master_deck":["Twin Strike","Shrug It Off","Spot Weakness+1","Armaments+1","infinitespire:OneForAll+1","Clash+1","Thunderclap+1","Thunderclap+1","Intimidate+1","Anger+1","Shrug It Off","Berserk+1","Flex+1","Swift Strike","Flex+1","Demon Form+1","Iron Wave+1"],"relics":["Burning Blood","vexMod:CardConverter","Snack Pack","ReplayTheSpireMod:Lightbulb","King of Hearts","Eternal Feather","Paper Frog","Replay:Rubber Ducky","War Paint","Pocketwatch","Tiny Chest","Replay:Accelerometer","vexMod:DeviousBotling","aspiration:DSix","Garlic","Turnip","Strawberry","Replay:Ringing Soul","conspire:Dentures","infinitespire:WardingShard","Kunai","Happy Flower","Divine Protection","Smiling Mask","Gremlin Food","Unceasing Top","vexMod:PaidLearning","Philosopher\u0027s Stone","vexMod:Dragonfruit","vexMod:ScavengeHelm","infinitespire:Beetle Shell","Charon\u0027s Ashes","conspire:DecoderRing","MawBank","infinitespire:Eraser","Anchor","Replay:Bottled Eggs","Red Mask","Pantograph","Replay:Bottled Snecko","Ornamental Fan"],"acts_visited":["Exordium","TheCity","TheBeyond"],"potions_floor_usage":[35,35,35,52,52,52],"damage_taken":[{"damage":5,"enemies":"2 Louse","floor":1,"turns":2},{"damage":10,"enemies":"Small Slimes","floor":3,"turns":2},{"damage":0,"enemies":"Jaw Worm","floor":4,"turns":1},{"damage":0,"enemies":"Lots of Slimes","floor":5,"turns":2},{"damage":8,"enemies":"Red Slaver","floor":7,"turns":2},{"damage":0,"enemies":"Lagavulin","floor":8,"turns":3},{"damage":0,"enemies":"Looter","floor":14,"turns":1},{"damage":1,"enemies":"3 Sentries","floor":15,"turns":3},{"damage":0,"enemies":"Fading Forest","floor":18,"turns":10},{"damage":0,"enemies":"Spheric Guardian","floor":20,"turns":2},{"damage":8,"enemies":"Shell Parasite","floor":21,"turns":2},{"damage":0,"enemies":"Shelled Parasite and Fungi","floor":22,"turns":3},{"damage":0,"enemies":"Snake Plant","floor":23,"turns":1},{"damage":9,"enemies":"conspire:HollyBat","floor":24,"turns":4},{"damage":0,"enemies":"Replay:Snechameleon","floor":25,"turns":2},{"damage":14,"enemies":"Shelled Parasite and Fungi","floor":27,"turns":2},{"damage":0,"enemies":"Centurion and Healer","floor":30,"turns":2},{"damage":0,"enemies":"Snake Plant","floor":31,"turns":2},{"damage":0,"enemies":"Champ","floor":35,"turns":4},{"damage":0,"enemies":"Orb Walker","floor":37,"turns":2},{"damage":0,"enemies":"3 Darklings","floor":39,"turns":2},{"damage":0,"enemies":"Mind Bloom Boss Battle","floor":40,"turns":2},{"damage":0,"enemies":"Sphere and 2 Shapes","floor":41,"turns":1},{"damage":0,"enemies":"R_Hoarder","floor":42,"turns":1},{"damage":0,"enemies":"Jaw Worm Horde","floor":43,"turns":2},{"damage":0,"enemies":"Giant Head","floor":44,"turns":3},{"damage":0,"enemies":"Maw","floor":49,"turns":3},{"damage":0,"enemies":"Spire Growth","floor":50,"turns":2},{"damage":0,"enemies":"Donu and Deca","floor":52,"turns":2}],"seed_played":"-6161515525494203320","potions_obtained":[{"floor":1,"key":"SteroidPotion"},{"floor":4,"key":"Strength Potion"},{"floor":8,"key":"LifebloodPotion"},{"floor":18,"key":"PowerPotion"},{"floor":35,"key":"Energy Potion"},{"floor":39,"key":"Energy Potion"},{"floor":40,"key":"Death Potion"},{"floor":42,"key":"PowerPotion"},{"floor":43,"key":"Toxic Potion"}],"is_trial":true,"path_per_floor":["M","?","M","M","M","R","M","E","PTL","PTL","T","$","?","M","E","T","R","B",null,"M","M","M","M","M","E","T","M","T","T","M","M","R","$","R","B",null,"M","T","M","?","M","E","M","E","T","R","?","R","M","M","R","B",null],"character_chosen":"IRONCLAD","items_purchased":["Berserk+1","Flex","Swift Strike","Unceasing Top","vexMod:PaidLearning"],"campfire_rested":0,"item_purchase_floors":[12,12,12,33,33],"current_hp_per_floor":[100,100,96,100,100,100,98,102,102,102,102,108,86,94,105,105,110,110,110,110,108,110,117,116,117,117,109,109,109,117,117,117,117,117,122,122,127,127,127,132,132,132,132,132,132,132,132,132,132,132,132,132],"gold":104,"neow_bonus":"","is_daily":false,"chose_seed":false,"campfire_upgraded":6,"win_rate":0.0,"timestamp":1609366270,"path_taken":["M","?","M","M","M","R","M","E","PTL","PTL","T","$","?","M","E","?","R","BOSS","M","M","?","M","M","E","?","M","T","?","M","M","R","$","R","BOSS","M","?","M","?","M","E","M","E","T","R","?","R","M","M","R","BOSS"],"items_purchased_type":["Card","Card","Card","Relic","Relic"],"build_version":"2020-12-22","purchased_purges":0,"victory":true,"max_hp_per_floor":[100,100,100,100,100,100,100,102,102,102,102,108,108,108,110,110,110,110,110,110,110,110,117,117,117,117,117,117,117,117,117,117,117,117,122,122,127,127,127,132,132,132,132,132,132,132,132,132,132,132,132,132],"card_choices":[{"not_picked":["Disarm","Armaments"],"picked":"Shrug It Off","floor":8},{"not_picked":["Heavy Blade","Havoc"],"picked":"Flex","floor":15},{"not_picked":["Body Slam","conspire:ExplosiveBarrier","Rampage"],"picked":"SKIP","floor":25},{"not_picked":["Barricade","Impervious"],"picked":"Demon Form","floor":35},{"not_picked":["Spot Weakness","Reckless Charge"],"picked":"Iron Wave","floor":40},{"not_picked":["Twin Strike","Eclipse","ReplayTheSpireMod:Strike From Hell+1"],"picked":"SKIP","floor":42},{"not_picked":["Intimidate","Heavy Blade","Defy Death+1"],"picked":"SKIP","floor":44}],"player_experience":1492630,"relics_obtained":[{"floor":1,"key":"Snack Pack"},{"floor":3,"key":"ReplayTheSpireMod:Lightbulb"},{"floor":4,"key":"King of Hearts"},{"floor":5,"key":"Eternal Feather"},{"floor":7,"key":"Paper Frog"},{"floor":8,"key":"Replay:Rubber Ducky"},{"floor":11,"key":"War Paint"},{"floor":14,"key":"Pocketwatch"},{"floor":15,"key":"Tiny Chest"},{"floor":16,"key":"Replay:Accelerometer"},{"floor":20,"key":"aspiration:DSix"},{"floor":21,"key":"Garlic"},{"floor":22,"key":"Turnip"},{"floor":23,"key":"Strawberry"},{"floor":24,"key":"Replay:Ringing Soul"},{"floor":25,"key":"conspire:Dentures"},{"floor":26,"key":"infinitespire:WardingShard"},{"floor":27,"key":"Kunai"},{"floor":28,"key":"Happy Flower"},{"floor":29,"key":"Divine Protection"},{"floor":30,"key":"Smiling Mask"},{"floor":31,"key":"Gremlin Food"},{"floor":37,"key":"vexMod:Dragonfruit"},{"floor":38,"key":"vexMod:ScavengeHelm"},{"floor":39,"key":"infinitespire:Beetle Shell"},{"floor":40,"key":"Charon\u0027s Ashes"},{"floor":41,"key":"conspire:DecoderRing"},{"floor":42,"key":"MawBank"},{"floor":43,"key":"infinitespire:Eraser"},{"floor":44,"key":"Anchor"},{"floor":45,"key":"Replay:Bottled Eggs"},{"floor":49,"key":"Pantograph"},{"floor":50,"key":"Replay:Bottled Snecko"},{"floor":51,"key":"Ornamental Fan"}],"event_choices":[{"damage_healed":0,"gold_gain":75,"player_choice":"Gained Gold","damage_taken":0,"max_hp_gain":0,"max_hp_loss":0,"event_name":"Golden Wing","floor":2,"gold_loss":0},{"damage_healed":0,"gold_gain":0,"player_choice":"Entered Light","damage_taken":22,"max_hp_gain":0,"max_hp_loss":0,"event_name":"Shining Light","floor":13,"gold_loss":0,"cards_upgraded":["Thunderclap","Thunderclap"]},{"damage_healed":0,"gold_gain":0,"player_choice":"Fight","damage_taken":0,"max_hp_gain":0,"max_hp_loss":0,"event_name":"MindBloom","floor":40,"gold_loss":0},{"damage_healed":0,"gold_gain":0,"player_choice":"Paid","damage_taken":0,"relics_obtained":["Red Mask"],"max_hp_gain":0,"max_hp_loss":0,"event_name":"Tomb of Lord Red Mask","floor":47,"gold_loss":332}],"is_beta":false,"boss_relics":[{"not_picked":["aspiration:PoetsPen_weak","conspire:RoyalGoblet"],"picked":"vexMod:DeviousBotling"},{"not_picked":["ChewingGum","Busted Crown"],"picked":"Philosopher\u0027s Stone"}],"items_purged_floors":[],"is_endless":false,"potions_floor_spawned":[1,4,8,18,21,24,27,31,35,39,40,42,43,44],"ascension_level":0}}