{"host":"dntw6kil9p09eemm","time":1609356031,"event":{"mods":["Alarm Clock","BaseMod","Downfall","Minty Spire (QoL Compilation)","Permanent Neow","Replay The Spire","Shop Mod","StSLib"],"gold_per_floor":[118,133,148,148,161,186,361,373,397,77,77,120,183,198,198,297,297,310,240,240,257,257,257,272,306,353,366,380,380,380,380],"floor_reached":29,"playtime":1657,"items_purged":["Doubt"],"score":247,"play_id":"2d41bd11-499b-4331-81a5-aa173373667c","local_time":"20201231042031","is_ascension_mode":false,"campfire_choices":[{"data":"hexamod:FastForward","floor":11.0,"key":"SMITH"},{"data":"hexamod:EmpoweredFlame","floor":23.0,"key":"SMITH"}],"circlet_count":0,"master_deck":["hexamod:Strike","hexamod:Strike","hexamod:Strike","hexamod:Defend","hexamod:Defend","hexamod:Sear","hexamod:Float+1","hexamod:BacktrackSmack","hexamod:Firestarter+1","hexamod:BurningTouch","hexamod:FastForward+1","hexamod:SpectralSpark","hexamod:GhostOfSpireFuture","hexamod:RadiantFlame","hexamod:BurningTouch","hexamod:TimeWarp+1","hexamod:EmpoweredFlame+1","hexamod:ThermalTransfer+1","hexamod:EmpoweredFlame","hexamod:TurnItUp","hexamod:StepThrough+1","hexamod:GhostflameBarrier","hexamod:GhostflameInferno"],"relics":["hexamod:SpiritBrand","Bag of Marbles","Replay:Wax Seal","Molten Egg 2","hexamod:BolsterEngine","MerchantsRug","Regal Pillow","Blood Vial","Orichalcum"],"acts_visited":["Exordium","TheCity"],"potions_floor_usage":[25],"damage_taken":[{"damage":0.0,"enemies":"Jaw Worm","floor":1.0,"turns":3.0},{"damage":0.0,"enemies":"2 Louse","floor":2.0,"turns":2.0},{"damage":0.0,"enemies":"Small Slimes","floor":3.0,"turns":4.0},{"damage":0.0,"enemies":"Exordium Thugs","floor":5.0,"turns":3.0},{"damage":19.0,"enemies":"Lagavulin","floor":6.0,"turns":6.0},{"damage":8.0,"enemies":"Exordium Wildlife","floor":8.0,"turns":3.0},{"damage":16.0,"enemies":"3 Sentries","floor":13.0,"turns":7.0},{"damage":0.0,"enemies":"3 Louse","floor":14.0,"turns":4.0},{"damage":27.0,"enemies":"Hexaghost","floor":16.0,"turns":9.0},{"damage":9.0,"enemies":"Spheric Guardian","floor":18.0,"turns":5.0},{"damage":4.0,"enemies":"2 Thieves","floor":21.0,"turns":3.0},{"damage":2,"enemies":"Shelled Parasite and Fungi","floor":24,"turns":4},{"damage":37,"enemies":"Slavers","floor":25,"turns":6},{"damage":9,"enemies":"Centurion and Healer","floor":27,"turns":5},{"damage":12,"enemies":"3 Cultists","floor":28,"turns":5},{"damage":9,"enemies":"Snake Plant","floor":29,"turns":1}],"seed_played":"9095594826158593904","potions_obtained":[{"floor":2.0,"key":"hexamod:InfernoChargePotion"},{"floor":12.0,"key":"sneckomod:MuddlingPotion"},{"floor":13.0,"key":"PowerPotion"},{"floor":16.0,"key":"Explosive Potion"},{"floor":24,"key":"Fire Potion"}],"is_trial":false,"path_per_floor":["M","M","M","?","M","E","?","M","T","$","R","?","?","M","R","B",null,"M","$","?","M","?","R","M","E","T","M","M","M"],"character_chosen":"THE_SPIRIT","items_purchased":["Molten Egg 2","hexamod:GhostOfSpireFuture","MerchantsRug","hexamod:EmpoweredFlame"],"campfire_rested":0,"item_purchase_floors":[10,10,19,19],"current_hp_per_floor":[70,70,70,70,70,51,51,43,43,43,43,26,10,10,31,9,70,61,61,61,57,57,57,55,18,18,11,1,0,0,0],"gold":380,"neow_bonus":"TRANSFORM_CARD","is_daily":false,"chose_seed":false,"campfire_upgraded":2,"win_rate":0.0,"timestamp":1609356031,"path_taken":["M","M","M","?","M","E","?","M","T","$","R","?","?","?","R","BOSS","M","$","?","M","?","R","M","E","T","M","M","M"],"items_purchased_type":["Relic","Card","Relic","Card"],"build_version":"2020-12-22","purchased_purges":1,"victory":false,"max_hp_per_floor":[70,70,70,70,70,70,70,70,70,70,70,70,70,70,70,70,70,70,70,70,70,70,70,70,70,70,70,70,70,70,70],"card_choices":[{"not_picked":["hexamod:GhostShield","hexamod:HauntingEcho"],"picked":"hexamod:Firestarter","floor":1.0},{"not_picked":["hexamod:SpectersWail","hexamod:InspiringFlames"],"picked":"hexamod:BurningTouch","floor":2.0},{"not_picked":["hexamod:SpectersWail","hexamod:HeatShield","hexamod:InspiringFlames"],"picked":"SKIP","floor":3.0},{"not_picked":["hexamod:SwordOfDarkness","hexamod:GhostflameInferno"],"picked":"hexamod:FastForward","floor":5.0},{"not_picked":["hexamod:ThermalTransfer","hexamod:Rewind"],"picked":"hexamod:SpectralSpark","floor":6.0},{"not_picked":["hexamod:GhostLash","hexamod:EtherealExpedition","hexamod:ShieldOfDarkness"],"picked":"SKIP","floor":8.0},{"not_picked":["hexamod:Firestarter+1","hexamod:NightmareStrike+1"],"picked":"hexamod:RadiantFlame","floor":12.0},{"not_picked":["hexamod:GhostLash+1","hexamod:InspiringFlames"],"picked":"hexamod:BurningTouch","floor":13.0},{"not_picked":["hexamod:Hexaguard","hexamod:NightmareStrike+1","hexamod:BacktrackSmack+1"],"picked":"SKIP","floor":14.0},{"not_picked":["hexamod:ApocalypseNow","hexamod:Toasty+1"],"picked":"hexamod:TimeWarp+1","floor":16.0},{"not_picked":["hexamod:AdvancingGuard","hexamod:BurningTouch","hexamod:InspiringFlames"],"picked":"SKIP","floor":18.0},{"not_picked":["hexamod:RainOfEmbers+1","hexamod:Firestarter+1"],"picked":"hexamod:ThermalTransfer+1","floor":21.0},{"not_picked":["hexamod:Firestarter+1","hexamod:GhostOfSpirePresent"],"picked":"hexamod:StepThrough+1","floor":24},{"not_picked":["hexamod:PhantomCloak","hexamod:RainOfEmbers+1"],"picked":"hexamod:GhostflameBarrier","floor":25},{"not_picked":["hexamod:SpectersWail+1","hexamod:BurningTouch","hexamod:GhostOfSpirePresent"],"picked":"SKIP","floor":27},{"not_picked":["hexamod:RainOfEmbers+1","hexamod:GhostLash+1"],"picked":"hexamod:GhostflameInferno","floor":28}],"player_experience":443202,"relics_obtained":[{"floor":6.0,"key":"Bag of Marbles"},{"floor":9.0,"key":"Replay:Wax Seal"},{"floor":12.0,"key":"Toy Ornithopter"},{"floor":25,"key":"Blood Vial"},{"floor":26,"key":"Orichalcum"}],"event_choices":[{"damage_healed":0.0,"max_hp_gain":0.0,"max_hp_loss":0.0,"gold_gain":175.0,"event_name":"Liars Game","player_choice":"AGREE","floor":7.0,"gold_loss":0.0,"damage_taken":0.0,"cards_obtained":["Doubt"]},{"damage_healed":0.0,"max_hp_gain":0.0,"max_hp_loss":0.0,"gold_gain":30.0,"event_name":"Dead Adventurer","player_choice":"Searched \u00273\u0027 times","floor":13.0,"gold_loss":0.0,"damage_taken":0.0,"relics_obtained":["hexamod:BolsterEngine"]},{"damage_healed":0.0,"max_hp_gain":0.0,"max_hp_loss":0.0,"gold_gain":0.0,"cards_transformed":["hexamod:Strike","hexamod:Defend"],"event_name":"Drug Dealer","player_choice":"Became Test Subject","floor":22.0,"gold_loss":0.0,"damage_taken":0.0,"cards_obtained":["hexamod:EmpoweredFlame","hexamod:TurnItUp"]}],"is_beta":false,"boss_relics":[{"not_picked":["Runic Pyramid","Tiny House"],"picked":"Replay:Bronze Core"}],"items_purged_floors":[19],"is_endless":false,"potions_floor_spawned":[2,13,14,16,18,24],"killed_by":"Snake Plant","ascension_level":0}}