{"host":"6pgtslebjnyv5xmi","time":1609300087,"event":{"mods":["AchievementEnabler","BaseMod","Colored Map","Minty Spire (QoL Compilation)","Rare Cards Sparkle","StSLib","SuperFastMode","everything is the same but u backflip on backflip"],"gold_per_floor":[117,131,131,81,106,106,106,106,106,24,45,81,97,22,22,141,141,156,0,270,284,302,302,326,146,146,146,146,21,33,52,52,156,156,173,191,43,43,93,125,125,141,168,179,179,198,198,217,217,217],"floor_reached":51,"playtime":1812,"items_purged":["Strike_R","Strike_R","Strike_R"],"score":1189,"play_id":"ef84e702-ede9-4919-9b86-1379d0b9ef91","local_time":"20201230124807","is_ascension_mode":true,"campfire_choices":[{"data":"Evolve","floor":6,"key":"SMITH"},{"floor":8,"key":"REST"},{"data":"Fire Breathing","floor":15,"key":"SMITH"},{"floor":23,"key":"REST"},{"floor":28,"key":"REST"},{"data":"Fiend Fire","floor":32,"key":"SMITH"},{"data":"Second Wind","floor":41,"key":"SMITH"},{"data":"Second Wind","floor":45,"key":"SMITH"},{"data":"Immolate","floor":47,"key":"SMITH"},{"floor":49,"key":"REST"}],"circlet_count":0,"master_deck":["AscendersBane","Defend_R","Defend_R","Bash","Battle Trance","Evolve+1","Feel No Pain","Wild Strike","Fire Breathing+1","Wild Strike","Fiend Fire+1","CurseOfTheBell","Feel No Pain","Second Wind+1","Reckless Charge","Power Through+1","Immolate+1","Iron Wave+1","Feel No Pain+1","Feel No Pain+1","Second Wind+1"],"relics":["Burning Blood","NeowsBlessing","Bloody Idol","Centennial Puzzle","Odd Mushroom","Calling Bell","Art of War","Mercury Hourglass","Charon\u0027s Ashes","Blood Vial","InkBottle","Astrolabe","Bag of Marbles","Ice Cream","Toy Ornithopter","PreservedInsect"],"acts_visited":["Exordium","TheCity","TheBeyond"],"potions_floor_usage":[12,24,33,33,40,50,50],"damage_taken":[{"damage":0,"enemies":"2 Louse","floor":1,"turns":1},{"damage":0,"enemies":"Small Slimes","floor":2,"turns":1},{"damage":0,"enemies":"Cultist","floor":5,"turns":1},{"damage":23,"enemies":"Red Slaver","floor":11,"turns":4},{"damage":16,"enemies":"The Mushroom Lair","floor":12,"turns":4},{"damage":6,"enemies":"Blue Slaver","floor":13,"turns":5},{"damage":0,"enemies":"Slime Boss","floor":16,"turns":5},{"damage":1,"enemies":"Spheric Guardian","floor":18,"turns":3},{"damage":25,"enemies":"Shell Parasite","floor":21,"turns":4},{"damage":15,"enemies":"Centurion and Healer","floor":22,"turns":4},{"damage":45,"enemies":"Snake Plant","floor":24,"turns":3},{"damage":11,"enemies":"Sentry and Sphere","floor":30,"turns":4},{"damage":7,"enemies":"3 Cultists","floor":31,"turns":4},{"damage":0,"enemies":"Champ","floor":33,"turns":7},{"damage":30,"enemies":"3 Darklings","floor":35,"turns":4},{"damage":0,"enemies":"3 Shapes","floor":36,"turns":4},{"damage":30,"enemies":"Mind Bloom Boss Battle","floor":39,"turns":6},{"damage":8,"enemies":"Giant Head","floor":40,"turns":7},{"damage":40,"enemies":"Spire Growth","floor":42,"turns":4},{"damage":8,"enemies":"Sphere and 2 Shapes","floor":44,"turns":3},{"damage":4,"enemies":"Jaw Worm Horde","floor":46,"turns":3},{"damage":14,"enemies":"Maw","floor":48,"turns":6},{"damage":38,"enemies":"Donu and Deca","floor":50,"turns":6}],"seed_played":"-497237905003719907","potions_obtained":[{"floor":5,"key":"BlessingOfTheForge"},{"floor":12,"key":"DistilledChaos"},{"floor":13,"key":"Strength Potion"},{"floor":22,"key":"CultistPotion"},{"floor":31,"key":"LiquidMemories"},{"floor":35,"key":"CultistPotion"},{"floor":39,"key":"LiquidBronze"},{"floor":48,"key":"Ancient Potion"}],"is_trial":false,"path_per_floor":["M","M","?","?","M","R","$","R","T","$","M","?","M","$","R","B",null,"M","$","?","M","M","R","M","$","T","?","R","$","M","M","R","B",null,"M","M","$","?","?","E","R","M","T","M","R","M","R","M","R","B",null],"character_chosen":"IRONCLAD","items_purchased":["Feel No Pain","Blood Vial","Reckless Charge","Bag of Marbles"],"campfire_rested":4,"item_purchase_floors":[10,19,25,37],"current_hp_per_floor":[78,80,60,60,66,66,66,80,80,80,63,53,53,53,53,59,75,80,80,53,36,29,53,16,16,16,16,40,40,42,48,48,61,75,58,71,71,71,54,59,59,32,37,42,42,51,51,50,72,44],"gold":217,"neow_bonus":"THREE_ENEMY_KILL","is_daily":false,"chose_seed":false,"campfire_upgraded":6,"win_rate":0.0,"timestamp":1609300087,"path_taken":["M","M","?","?","M","R","$","R","T","$","M","?","M","$","R","BOSS","M","$","?","M","M","R","?","?","T","?","R","?","?","M","R","BOSS","M","?","$","?","?","E","R","M","T","M","R","M","R","M","R","BOSS"],"items_purchased_type":["Card","Relic","Card","Relic"],"build_version":"2020-12-22","purchased_purges":3,"victory":true,"max_hp_per_floor":[80,80,80,80,80,80,80,80,80,80,80,80,80,80,80,80,80,80,80,80,80,80,80,80,80,80,80,80,80,80,80,80,80,80,80,80,80,76,76,76,76,76,76,76,76,76,76,76,76,76],"card_choices":[{"not_picked":["Shrug It Off","Iron Wave"],"picked":"Battle Trance","floor":1},{"not_picked":["Armaments","Combust"],"picked":"Evolve","floor":2},{"not_picked":["Perfected Strike","Flame Barrier","Anger"],"picked":"SKIP","floor":5},{"not_picked":["Ghostly Armor","Iron Wave"],"picked":"Wild Strike","floor":11},{"not_picked":["Wild Strike","Armaments"],"picked":"Fire Breathing","floor":12},{"not_picked":["Searing Blow","True Grit"],"picked":"Wild Strike","floor":13},{"not_picked":["Reaper","Juggernaut"],"picked":"Fiend Fire","floor":16},{"not_picked":["Intimidate","Thunderclap"],"picked":"Feel No Pain","floor":18},{"not_picked":["Entrench","Clash+1","Searing Blow"],"picked":"SKIP","floor":21},{"not_picked":["Entrench+1","Metallicize+1","Warcry+1"],"picked":"SKIP","floor":22},{"not_picked":["Twin Strike","Seeing Red"],"picked":"Second Wind","floor":24},{"not_picked":["Dark Embrace","Armaments+1"],"picked":"Power Through+1","floor":30},{"not_picked":["Dual Wield","Pommel Strike+1","Sever Soul"],"picked":"SKIP","floor":31},{"not_picked":["Fiend Fire","Barricade"],"picked":"Immolate","floor":33},{"not_picked":["Clash","Iron Wave+1","Armaments"],"picked":"SKIP","floor":35},{"not_picked":["Thunderclap+1","Anger"],"picked":"Second Wind","floor":36},{"not_picked":["True Grit","Warcry+1","Whirlwind+1"],"picked":"SKIP","floor":40},{"not_picked":["Inflame","Carnage+1","Pommel Strike"],"picked":"SKIP","floor":42},{"not_picked":["Sword Boomerang+1","Pommel Strike+1","Cleave+1"],"picked":"SKIP","floor":44},{"not_picked":["Infernal Blade","Burning Pact+1","Anger"],"picked":"SKIP","floor":46},{"not_picked":["Armaments","Burning Pact","Twin Strike"],"picked":"SKIP","floor":48}],"player_experience":599950,"relics_obtained":[{"floor":9,"key":"Centennial Puzzle"},{"floor":12,"key":"Odd Mushroom"},{"floor":17,"key":"Art of War"},{"floor":17,"key":"Mercury Hourglass"},{"floor":17,"key":"Charon\u0027s Ashes"},{"floor":26,"key":"InkBottle"},{"floor":39,"key":"Ice Cream"},{"floor":40,"key":"Toy Ornithopter"},{"floor":43,"key":"PreservedInsect"}],"event_choices":[{"damage_healed":0,"gold_gain":0,"player_choice":"Take Damage","damage_taken":20,"relics_obtained":["Golden Idol"],"max_hp_gain":0,"max_hp_loss":0,"event_name":"Golden Idol","floor":3,"gold_loss":0},{"cards_removed":["Strike_R"],"damage_healed":0,"gold_gain":0,"player_choice":"Card Removal","damage_taken":0,"max_hp_gain":0,"max_hp_loss":0,"event_name":"The Cleric","floor":4,"gold_loss":50},{"damage_healed":0,"gold_gain":0,"player_choice":"Fought Mushrooms","damage_taken":0,"max_hp_gain":0,"max_hp_loss":0,"event_name":"Mushrooms","floor":12,"gold_loss":0},{"damage_healed":0,"gold_gain":270,"player_choice":"GOLD GOLD GOLD ","damage_taken":27,"max_hp_gain":0,"max_hp_loss":0,"event_name":"Knowing Skull","floor":20,"potions_obtained":[],"gold_loss":0,"cards_obtained":[]},{"damage_healed":0,"gold_gain":0,"player_choice":"Gave Idol","damage_taken":0,"relics_obtained":["Bloody Idol"],"max_hp_gain":0,"max_hp_loss":0,"event_name":"Forgotten Altar","floor":27,"relics_lost":["Golden Idol"],"gold_loss":0},{"damage_healed":0,"gold_gain":0,"player_choice":"Max HP","damage_taken":0,"max_hp_gain":0,"max_hp_loss":4,"event_name":"Winding Halls","floor":38,"gold_loss":0},{"damage_healed":0,"gold_gain":0,"player_choice":"Fight","damage_taken":0,"max_hp_gain":0,"max_hp_loss":0,"event_name":"MindBloom","floor":39,"gold_loss":0}],"is_beta":false,"boss_relics":[{"not_picked":["Philosopher\u0027s Stone","Snecko Eye"],"picked":"Calling Bell"},{"not_picked":["Sozu","Runic Cube"],"picked":"Astrolabe"}],"items_purged_floors":[14,25,29],"is_endless":false,"potions_floor_spawned":[5,12,13,18,22,31,35,39,48],"ascension_level":11}}