{"host":"61ejhfsushs0xmcl","time":1609319060,"event":{"mods":["BaseMod","Colored Map","Downfall","Minty Spire (QoL Compilation)","StSLib","Waifu the Spire"],"gold_per_floor":[0,15,30,30,46,46,46,56,86,11,24,24,38,63,82,178,178,103,113,128,140,50,76,100,127,137,156,189,189,202,230,246,349,349,349,365,381,431,482,482,506,506,506,531,550,472,397,425,438,438,438,463,100,100,100],"floor_reached":56,"playtime":3161,"items_purged":["Guardian:VentSteam+1","Guardian:MultiBeam+1","Guardian:Recover+1"],"score":1683,"play_id":"96fc8e04-dd42-493a-a85d-61dc4c8bc932","local_time":"20201230170420","is_ascension_mode":true,"campfire_choices":[{"floor":1.0,"key":"RECALL"},{"data":"Guardian:SentryBeam","floor":6.0,"key":"SMITH"},{"data":"Guardian:CurlUp","floor":10.0,"key":"SMITH"},{"data":"Guardian:RevengeProtocol","floor":18,"key":"SMITH"},{"data":"Guardian:EvasiveProtocol","floor":35,"key":"SMITH"},{"data":"Guardian:TimeCapacitor","floor":40,"key":"SMITH"},{"data":"Guardian:StasisEngine","floor":47,"key":"SMITH"},{"data":"Guardian:TimeCapacitor","floor":54,"key":"SMITH"}],"circlet_count":0,"master_deck":["Guardian:CurlUp+1","Guardian:TwinSlam","Guardian:SentryBeam+1","Guardian:GemFire+1","Guardian:PolyBeam+1","Guardian:RevengeProtocol+1","Guardian:StasisEngine+1","Guardian:Preprogram+1","Guardian:TemporalStrike+1","Guardian:PrismaticBeam+1","Guardian:SphericShield+1","Guardian:WalkerClaw+1","Guardian:BronzeArmor+1","Guardian:BronzeArmor+1","Guardian:EvasiveProtocol+1","Guardian:BronzeArmor+1","Guardian:SentryBeam+1","Guardian:Orbwalk+1","Guardian:FloatingOrbs+1","Guardian:Emergency+1","Guardian:TimeSifter","Guardian:TimeCapacitor+1","Guardian:DecasProtection+1","Guardian:SpikerProtocol+1","Guardian:Gem_Purple","Guardian:Gem_Purple","Guardian:Gem_Orange","Guardian:TimeCapacitor+1","Guardian:Orbwalk+1","Guardian:FuturePlans"],"relics":["Guardian:ModeShifter","Unceasing Top","Molten Egg 2","Bronze Scales","downfall:HeartBlessingRed","Toxic Egg 2","Pandora\u0027s Box","downfall:HeartBlessingGreen","Orichalcum","PreservedInsect","Red Mask","War Paint","Strawberry","Coffee Dripper","Incense Burner","Gambling Chip","Potion Belt","Thread and Needle","downfall:HeartBlessingBlue","Omamori","Ornamental Fan","Shuriken"],"acts_visited":["Exordium","TheCity","TheBeyond","TheEnding"],"potions_floor_usage":[23,27,30,44],"damage_taken":[{"damage":2.0,"enemies":"Jaw Worm","floor":2.0,"turns":4.0},{"damage":5.0,"enemies":"Small Slimes","floor":3.0,"turns":3.0},{"damage":0.0,"enemies":"Cultist","floor":5.0,"turns":3.0},{"damage":10.0,"enemies":"Exordium Wildlife","floor":8.0,"turns":4.0},{"damage":12.0,"enemies":"Lagavulin","floor":9.0,"turns":7.0},{"damage":0.0,"enemies":"2 Fungi Beasts","floor":11.0,"turns":1.0},{"damage":2.0,"enemies":"Blue Slaver","floor":13.0,"turns":2.0},{"damage":12.0,"enemies":"3 Sentries","floor":14.0,"turns":3.0},{"damage":10.0,"enemies":"2 Fungi Beasts","floor":15.0,"turns":2.0},{"damage":0.0,"enemies":"downfall:Defect","floor":16.0,"turns":3.0},{"damage":0,"enemies":"3 Byrds","floor":19,"turns":2},{"damage":0,"enemies":"Shell Parasite","floor":20,"turns":3},{"damage":0,"enemies":"Snake Plant","floor":21,"turns":2},{"damage":0,"enemies":"downfall:FleeingMerchant","floor":22,"turns":4},{"damage":14,"enemies":"Slavers","floor":23,"turns":3},{"damage":0,"enemies":"Masked Bandits","floor":25,"turns":2},{"damage":0,"enemies":"Snecko","floor":26,"turns":2},{"damage":8,"enemies":"Shelled Parasite and Fungi","floor":27,"turns":2},{"damage":0,"enemies":"Gremlin Leader","floor":28,"turns":3},{"damage":22,"enemies":"Snake Plant","floor":30,"turns":4},{"damage":0,"enemies":"Book of Stabbing","floor":31,"turns":2},{"damage":9,"enemies":"Snecko","floor":32,"turns":5},{"damage":14,"enemies":"downfall:Watcher","floor":33,"turns":4},{"damage":10,"enemies":"3 Shapes","floor":36,"turns":2},{"damage":15,"enemies":"3 Darklings","floor":37,"turns":3},{"damage":0,"enemies":"Mind Bloom Boss Battle","floor":38,"turns":4},{"damage":8,"enemies":"2 Orb Walkers","floor":39,"turns":2},{"damage":0,"enemies":"Reptomancer","floor":44,"turns":2},{"damage":7,"enemies":"Jaw Worm Horde","floor":45,"turns":2},{"damage":0,"enemies":"downfall:FleeingMerchant","floor":46,"turns":1},{"damage":0,"enemies":"Giant Head","floor":48,"turns":2},{"damage":0,"enemies":"Transient","floor":49,"turns":5},{"damage":0,"enemies":"downfall:Ironclad","floor":50,"turns":3},{"damage":0,"enemies":"downfall:CharBossMerchant","floor":52,"turns":4},{"damage":36,"enemies":"downfall:NeowBoss","floor":55,"turns":13}],"seed_played":"3069994694232637149","potions_obtained":[{"floor":2.0,"key":"PowerPotion"},{"floor":3.0,"key":"Guardian:BlockOnCardUsePotion"},{"floor":8.0,"key":"FairyPotion"},{"floor":16.0,"key":"Fire Potion"},{"floor":19,"key":"Weak Potion"},{"floor":26,"key":"Fire Potion"},{"floor":27,"key":"ColorlessPotion"},{"floor":32,"key":"Fire Potion"},{"floor":37,"key":"AttackPotion"},{"floor":44,"key":"champ:CounterPotion"}],"is_trial":false,"path_per_floor":["R","M","M","?","M","R","T","M","E","R","M","?","M","E","M","B",null,"R","M","M","M","$","E","T","?","M","M","E","?","M","E","M","B",null,"R","M","M","?","?","R","T","?","?","E","M","$","R","E","M","B",null,"E","$","R","B",null],"character_chosen":"GUARDIAN","items_purchased":["Guardian:Gem_Orange","Guardian:TimeCapacitor","Weak Potion","Swift Potion","Shuriken"],"campfire_rested":0,"item_purchase_floors":[46,46,46,46,53],"current_hp_per_floor":[80,78,73,73,73,73,73,63,51,51,51,51,49,37,27,27,80,80,80,80,80,80,66,66,66,66,58,58,58,36,43,34,20,87,87,77,62,62,54,54,54,54,54,54,47,47,57,57,57,57,97,97,97,97,61],"gold":100,"neow_bonus":"ONE_RARE_RELIC","is_daily":false,"chose_seed":false,"campfire_upgraded":7,"win_rate":0.0,"timestamp":1609319060,"path_taken":["R","M","M","?","M","R","T","M","E","R","M","?","?","E","M","BOSS","R","M","M","M","$","E","T","?","M","M","E","?","M","E","M","BOSS","R","M","M","?","?","R","T","?","?","E","M","$","R","E","M","BOSS","E","$","R","BOSS"],"items_purchased_type":["Card","Card","Potion","Potion","Relic"],"build_version":"2020-12-22","purchased_purges":3,"victory":true,"max_hp_per_floor":[80,80,80,80,80,80,80,80,80,80,80,80,80,80,80,80,80,80,80,80,80,80,80,80,80,80,80,80,80,80,87,87,87,87,87,87,87,87,87,87,87,87,87,87,87,87,97,97,97,97,97,97,97,97,97],"card_choices":[{"not_picked":["Guardian:Suspension","Guardian:Planning"],"picked":"Guardian:SentryBeam","floor":2.0},{"not_picked":["Guardian:Gem_Red","Guardian:WalkerClaw"],"picked":"Guardian:Gem_Fragmented","floor":3.0},{"not_picked":["Guardian:Planning","Guardian:Recover"],"picked":"Guardian:Gem_Yellow","floor":5.0},{"not_picked":["Guardian:Emergency","Guardian:ShieldCharger"],"picked":"Guardian:MultiBeam+1","floor":8.0},{"not_picked":["Guardian:PiercingHide","Guardian:TemporalStrike+1"],"picked":"Guardian:GemFire+1","floor":9.0},{"not_picked":["Guardian:WalkerClaw+1","Guardian:RollAttack+1"],"picked":"Guardian:PolyBeam+1","floor":11.0},{"not_picked":["Guardian:Gem_Lightblue","Guardian:Reroute+1"],"picked":"Guardian:Gem_Crimson","floor":13.0},{"not_picked":["Guardian:VentSteam+1","Guardian:WalkerClaw+1"],"picked":"Guardian:Gem_Crimson","floor":14.0},{"not_picked":["Guardian:CrystalBeam+1","Guardian:Clone+1"],"picked":"Guardian:RevengeProtocol","floor":15.0},{"not_picked":["Guardian:BaubleBeam+1","Guardian:ConstructionForm"],"picked":"Guardian:StasisEngine","floor":16.0},{"not_picked":["Guardian:ShieldCharger+1","Guardian:Gem_Red"],"picked":"Guardian:BronzeArmor+1","floor":19},{"not_picked":["Guardian:VentSteam+1","Guardian:WalkerClaw+1"],"picked":"Guardian:BronzeArmor+1","floor":20},{"not_picked":["Guardian:Recover+1","Guardian:TimeCapacitor"],"picked":"Guardian:EvasiveProtocol","floor":21},{"not_picked":["Guardian:PrimingBeam+1","Guardian:Reroute+1"],"picked":"Guardian:BronzeArmor+1","floor":22},{"not_picked":["Guardian:SentryBeam+1","Guardian:PrismaticBarrier+1"],"picked":"Guardian:Gem_Yellow","floor":23},{"not_picked":["Guardian:PiercingHide+1","Guardian:Incinerate+1"],"picked":"Guardian:SentryBeam+1","floor":25},{"not_picked":["Guardian:ShieldCharger+1","Guardian:ShieldSpikes+1","Guardian:PiercingHide+1"],"picked":"SKIP","floor":26},{"not_picked":["Guardian:Gem_Cyan","Guardian:TemporalStrike+1"],"picked":"Guardian:Orbwalk+1","floor":27},{"not_picked":["Guardian:Recover+1","Guardian:StasisField+1","Guardian:PiercingHide+1"],"picked":"SKIP","floor":28},{"not_picked":["Guardian:Gem_Red","Guardian:Gem_White"],"picked":"Guardian:FloatingOrbs+1","floor":30},{"not_picked":["Guardian:TemporalShield+1","Guardian:Incinerate+1"],"picked":"Guardian:Emergency+1","floor":31},{"not_picked":["Guardian:ShieldCharger+1","Guardian:EvasiveProtocol","Guardian:RollAttack+1"],"picked":"SKIP","floor":32},{"not_picked":["Guardian:StasisStrike+1","Guardian:BaubleBeam+1"],"picked":"Guardian:TimeSifter","floor":33},{"not_picked":["Guardian:RollAttack+1","Guardian:FloatingOrbs"],"picked":"Guardian:Gem_Crimson","floor":36},{"not_picked":["Guardian:DonusPower+1","Guardian:SentryBeam+1"],"picked":"Guardian:TimeCapacitor","floor":37},{"not_picked":["Guardian:PiercingHide+1","Guardian:Gem_Lightblue"],"picked":"Guardian:DecasProtection+1","floor":38},{"not_picked":["Guardian:CrystalBeam+1","Guardian:BronzeArmor+1"],"picked":"Guardian:SpikerProtocol+1","floor":39},{"not_picked":["Guardian:Incinerate+1","Guardian:CrystalBeam+1"],"picked":"Guardian:Gem_Purple","floor":44},{"not_picked":["Guardian:Gem_Red","Guardian:TimeBomb+1","Guardian:Recover+1"],"picked":"SKIP","floor":45},{"not_picked":["Guardian:VentSteam+1","Guardian:TemporalShield+1","Guardian:Harden+1"],"picked":"SKIP","floor":46},{"not_picked":["Guardian:ChargeUp+1","Guardian:ArmoredProtocol"],"picked":"Guardian:Orbwalk+1","floor":48},{"not_picked":["Guardian:MultiBeam+1","Guardian:Gem_Green","Guardian:EvasiveProtocol+1"],"picked":"SKIP","floor":49},{"not_picked":["Guardian:Reroute+1","Guardian:TimeBomb+1"],"picked":"Guardian:FuturePlans","floor":52}],"player_experience":768636,"relics_obtained":[{"floor":7.0,"key":"Molten Egg 2"},{"floor":9.0,"key":"Bronze Scales"},{"floor":14.0,"key":"Toxic Egg 2"},{"floor":23,"key":"Orichalcum"},{"floor":24,"key":"PreservedInsect"},{"floor":25,"key":"Red Mask"},{"floor":28,"key":"War Paint"},{"floor":31,"key":"Strawberry"},{"floor":38,"key":"Incense Burner"},{"floor":39,"key":"Gambling Chip"},{"floor":43,"key":"Potion Belt"},{"floor":44,"key":"Thread and Needle"},{"floor":48,"key":"Omamori"},{"floor":52,"key":"Ornamental Fan"}],"event_choices":[{"damage_healed":0,"gold_gain":0,"player_choice":"Fought Bandits","damage_taken":0,"max_hp_gain":0,"max_hp_loss":0,"event_name":"Masked Bandits","floor":25,"gold_loss":0},{"damage_healed":0,"gold_gain":0,"player_choice":"Read","damage_taken":0,"max_hp_gain":0,"max_hp_loss":0,"event_name":"The Library","floor":29,"gold_loss":0,"cards_obtained":["Guardian:Gem_Yellow"]},{"damage_healed":0,"gold_gain":0,"player_choice":"Fight","damage_taken":0,"max_hp_gain":0,"max_hp_loss":0,"event_name":"Mysterious Sphere","floor":39,"gold_loss":0}],"is_beta":false,"boss_relics":[{"not_picked":["Snecko Eye","Philosopher\u0027s Stone"],"picked":"Pandora\u0027s Box"},{"not_picked":["Velvet Choker","Runic Pyramid"],"picked":"Coffee Dripper"}],"items_purged_floors":[22,46,53],"is_endless":false,"potions_floor_spawned":[2,3,8,16,19,26,27,28,32,37,38,39,44,49],"ascension_level":3}}