{"host":"qma899h3cz2w97yd","time":1609300351,"event":{"mods":["AchievementEnabler","Act Like it!","BaseMod","Bestiary","Block Reminder","Colored Powertips","Custom Start","Downfall","Faster Ascension Climbing","Gremlin Skip","Highlight Path","Jorbs\u0027s Wanderer Trilogy","Minty Spire (QoL Compilation)","Pale of the Ancients","Permanent Neow","Relic Stats","StSLib","The Dragon Tamer","The Wild Card"],"gold_per_floor":[99,114,129,39,39,58,58,84,259,269,27,27,27,56,66,169,169,94,79,79,79,92,92,116,147,247,275,160,192,192,210,220,317,317,317,334,346,13,63,79,79,107,121,121,121,121],"floor_reached":44,"playtime":3603,"items_purged":["Slimebound:Strike_Slimebound","Slimebound:Strike_Slimebound","Shame"],"score":544,"play_id":"ebaa06e7-20f4-4c3c-81b9-7ab0b5c690cf","local_time":"20201229225230","is_ascension_mode":false,"campfire_choices":[{"data":"Slimebound:Split","floor":1.0,"key":"SMITH"},{"data":"Slimebound:Gluttony","floor":12.0,"key":"SMITH"},{"data":"Slimebound:AcidTongue","floor":18.0,"key":"SMITH"},{"floor":30,"key":"REST"},{"floor":35,"key":"RECALL"}],"circlet_count":0,"master_deck":["Slimebound:Defend_Slimebound","Slimebound:Defend_Slimebound+1","Slimebound:Defend_Slimebound","Slimebound:Defend_Slimebound","Slimebound:Split+1","Slimebound:CorrosiveSpit","Slimebound:WasteNot","Slimebound:HauntingLick","Slimebound:SamplingLick+1","Slimebound:SplitAcid+1","Slimebound:SlimeTap","Slimebound:Equalize","Slimebound:LeechingTouch","Slimebound:LeechingTouch","Slimebound:Gluttony+1","Slimebound:SamplingLick","Slimebound:AcidTongue+1","Slimebound:LeechLife","Slimebound:SamplingLick","Slimebound:GoopSpray","Slimebound:MassFeed","Slimebound:AcidTongue","Slimebound:GrowthPunch","Slimebound:ForwardTackle","J.A.X.","Slimebound:SpikyOuterGoop","Slimebound:Schlurp+1","Slimebound:LeechEnergy","Slimebound:DouseInSlime","Slimebound:GrowthPunch+1","Slimebound:SlimeTap+1","sneckomod:Bewildered","Slimebound:FormOfPuddle+1"],"relics":["Slimebound:AbsorbEndCombat","WingedGreaves","Odd Mushroom","The Courier","Black Star","downfall:HeartBlessingGreen","Darkstone Periapt","Regal Pillow","Oddly Smooth Stone","Centennial Puzzle","MutagenicStrength","Pen Nib","Dream Catcher","Bag of Preparation","Boot","Cursed Key","Peace Pipe","Toxic Egg 2","Du-Vu Doll"],"acts_visited":["Exordium","TheCity","TheBeyond"],"potions_floor_usage":[33],"damage_taken":[{"damage":14.0,"enemies":"2 Louse","floor":2.0,"turns":4.0},{"damage":14.0,"enemies":"Jaw Worm","floor":3.0,"turns":3.0},{"damage":20.0,"enemies":"downfall:FleeingMerchant","floor":4.0,"turns":4.0},{"damage":14.0,"enemies":"Small Slimes","floor":6.0,"turns":3.0},{"damage":24.0,"enemies":"The Mushroom Lair","floor":8.0,"turns":4.0},{"damage":18.0,"enemies":"Blue Slaver","floor":10.0,"turns":2.0},{"damage":23.0,"enemies":"downfall:FleeingMerchant","floor":11.0,"turns":4.0},{"damage":9.0,"enemies":"Gremlin Nob","floor":14.0,"turns":3.0},{"damage":13.0,"enemies":"Exordium Wildlife","floor":15.0,"turns":6.0},{"damage":31.0,"enemies":"downfall:Watcher","floor":16.0,"turns":10.0},{"damage":20.0,"enemies":"downfall:FleeingMerchant","floor":19.0,"turns":4.0},{"damage":40.0,"enemies":"downfall:FleeingMerchant","floor":21.0,"turns":7.0},{"damage":27.0,"enemies":"3 Byrds","floor":22.0,"turns":4.0},{"damage":40.0,"enemies":"Gremlin Leader","floor":25.0,"turns":9.0},{"damage":31.0,"enemies":"downfall:Augmenter","floor":26.0,"turns":5.0},{"damage":56.0,"enemies":"Slavers","floor":27.0,"turns":8.0},{"damage":25.0,"enemies":"downfall:FleeingMerchant","floor":28.0,"turns":4.0},{"damage":36,"enemies":"Book of Stabbing","floor":29,"turns":8},{"damage":24,"enemies":"Spheric Guardian","floor":31,"turns":4},{"damage":10,"enemies":"Snecko","floor":32,"turns":5},{"damage":90,"enemies":"downfall:Silent","floor":33,"turns":9},{"damage":2,"enemies":"Orb Walker","floor":36,"turns":4},{"damage":43,"enemies":"3 Darklings","floor":37,"turns":5},{"damage":29,"enemies":"Mind Bloom Boss Battle","floor":39,"turns":7},{"damage":40,"enemies":"Sphere and 2 Shapes","floor":40,"turns":7},{"damage":104,"enemies":"Giant Head","floor":42,"turns":10},{"damage":31,"enemies":"Jaw Worm Horde","floor":43,"turns":5},{"damage":41,"enemies":"2 Orb Walkers","floor":44,"turns":3}],"seed_played":"-2888523618024249521","potions_obtained":[{"floor":2.0,"key":"SkillPotion"},{"floor":6.0,"key":"CultistPotion"},{"floor":8.0,"key":"DuplicationPotion"},{"floor":14.0,"key":"hexamod:EctoCoolerPotion"},{"floor":16.0,"key":"GamblersBrew"},{"floor":25.0,"key":"Regen Potion"},{"floor":29,"key":"Slimebound:ThreeZeroPotion"},{"floor":31,"key":"sneckomod:MuddlingPotion"},{"floor":33,"key":"PowerPotion"},{"floor":36,"key":"sneckomod:MuddlingPotion"}],"is_trial":false,"path_per_floor":["R","M","M","$","?","M","T","?","?","M","$","R","?","E","M","B",null,"R","$","?","?","M","?","T","E","?","E","$","E","R","M","M","B",null,"R","M","M","?","?","M","T","E","M","?"],"character_chosen":"SLIMEBOUND","items_purchased":["Slimebound:Gluttony","Slimebound:SamplingLick"],"campfire_rested":1,"item_purchase_floors":[11,11],"current_hp_per_floor":[60,56,54,50,50,52,52,44,44,40,39,39,39,40,45,58,60,60,60,66,62,57,57,57,55,47,21,16,37,74,61,66,50,78,78,78,60,91,84,61,67,41,33,0,0,0],"gold":121,"neow_bonus":"ONE_RANDOM_RARE_CARD","is_daily":false,"chose_seed":false,"campfire_upgraded":3,"win_rate":0.0,"timestamp":1609300350,"path_taken":["R","M","M","$","?","M","T","?","?","M","?","R","?","E","M","BOSS","R","$","?","?","?","?","T","E","?","E","$","E","R","?","M","BOSS","R","M","M","?","?","M","T","E","M","?"],"items_purchased_type":["Card","Card"],"build_version":"2020-12-22","purchased_purges":3,"victory":false,"max_hp_per_floor":[60,60,60,60,60,60,60,60,60,60,60,60,60,60,60,60,60,60,60,66,66,66,66,66,69,72,72,72,75,75,75,78,78,78,78,78,81,91,97,100,106,109,112,112,112,112],"relic_stats":{"Darkstone Periapt":12,"Peace Pipe":0,"Regal Pillow":15,"Centennial Puzzle":[42],"Dream Catcher":1,"counters":[28,148],"Pen Nib":[7],"Black Star":4,"Bag of Preparation":[20],"Boot":[1],"Cursed Key":1,"obtain_stats":[{"Darkstone Periapt":20,"Regal Pillow":24,"Oddly Smooth Stone":25,"downfall:HeartBlessingGreen":18,"The Courier":14,"Pen Nib":27,"Bag of Preparation":29,"Odd Mushroom":8,"Boot":29,"Cursed Key":34,"Peace Pipe":39,"Du-Vu Doll":42,"Centennial Puzzle":25,"Dream Catcher":27,"MutagenicStrength":26,"WingedGreaves":7,"Slimebound:AbsorbEndCombat":0,"Black Star":17,"Toxic Egg 2":42},{"Darkstone Periapt":11,"Regal Pillow":13,"Oddly Smooth Stone":14,"downfall:HeartBlessingGreen":10,"The Courier":8,"Pen Nib":16,"Bag of Preparation":18,"Odd Mushroom":5,"Boot":18,"Cursed Key":21,"Peace Pipe":24,"Du-Vu Doll":26,"Centennial Puzzle":14,"Dream Catcher":16,"MutagenicStrength":15,"WingedGreaves":4,"Slimebound:AbsorbEndCombat":0,"Black Star":10,"Toxic Egg 2":26},{"Darkstone Periapt":45,"Regal Pillow":56,"Oddly Smooth Stone":65,"downfall:HeartBlessingGreen":41,"The Courier":25,"Pen Nib":77,"Bag of Preparation":89,"Odd Mushroom":17,"Boot":89,"Cursed Key":107,"Peace Pipe":123,"Du-Vu Doll":140,"Centennial Puzzle":65,"Dream Catcher":77,"MutagenicStrength":70,"WingedGreaves":13,"Slimebound:AbsorbEndCombat":0,"Black Star":41,"Toxic Egg 2":140}]},"card_choices":[{"not_picked":["Slimebound:Schlurp","Slimebound:RollThrough"],"picked":"Slimebound:HauntingLick","floor":2.0},{"not_picked":["Slimebound:GoopSpray","Slimebound:ViciousTackle"],"picked":"Slimebound:SamplingLick","floor":3.0},{"not_picked":["Slimebound:GoopTackle","Slimebound:GrowthPunch"],"picked":"Slimebound:SplitAcid","floor":4.0},{"not_picked":["Slimebound:TongueLash","Slimebound:Schlurp"],"picked":"Slimebound:SlimeTap","floor":6.0},{"not_picked":["Slimebound:FinishingTackle","Slimebound:TongueLash"],"picked":"Slimebound:Equalize","floor":8.0},{"not_picked":["Slimebound:GoopSpray","Slimebound:FinishingTackle"],"picked":"Slimebound:LeechingTouch","floor":10.0},{"not_picked":["Slimebound:Teamwork","Slimebound:SplitBruiser"],"picked":"Slimebound:LeechingTouch","floor":11.0},{"not_picked":["Slimebound:RollThrough","Slimebound:MassRepurpose"],"picked":"Slimebound:FormOfPuddle","floor":14.0},{"not_picked":["Slimebound:LeechingTouch","Slimebound:RollThrough"],"picked":"Slimebound:AcidTongue","floor":15.0},{"not_picked":["Slimebound:OneTwoCombo","Slimebound:PrepareCrush"],"picked":"Slimebound:LeechLife","floor":16.0},{"not_picked":["Slimebound:SplitAcid","Slimebound:BestDefense"],"picked":"Slimebound:SamplingLick","floor":19.0},{"not_picked":["Slimebound:SamplingLick","Slimebound:SplitLeeching"],"picked":"Slimebound:GoopSpray","floor":22.0},{"not_picked":["Slimebound:ViciousTackle","Slimebound:Prepare"],"picked":"Slimebound:AcidTongue","floor":25.0},{"not_picked":[],"picked":"J.A.X.","floor":26.0},{"not_picked":["Slimebound:FinishingTackle","Slimebound:RainOfGoop+1"],"picked":"Slimebound:SpikyOuterGoop","floor":26.0},{"not_picked":["Slimebound:SplitAcid+1","Slimebound:LevelUp","Slimebound:SlimeSpikes"],"picked":"SKIP","floor":27.0},{"not_picked":["Slimebound:SlimeSpikes","Slimebound:SplitLeeching","Slimebound:RollThrough"],"picked":"SKIP","floor":28.0},{"not_picked":["Slimebound:FlameTackle","Slimebound:DisruptingSlam+1","Slimebound:LeechingTouch"],"picked":"SKIP","floor":29},{"not_picked":["Slimebound:SamplingLick","Slimebound:SlimeSpikes"],"picked":"Slimebound:Schlurp+1","floor":30},{"not_picked":["Slimebound:MinionMaster","Slimebound:Schlurp","Slimebound:SplitLeeching"],"picked":"SKIP","floor":31},{"not_picked":["Slimebound:GoopSpray","Slimebound:RollThrough"],"picked":"Slimebound:LeechEnergy","floor":32},{"not_picked":["Slimebound:MinionMaster","Slimebound:DuplicatedForm"],"picked":"Slimebound:DouseInSlime","floor":33},{"not_picked":["Slimebound:SplitBruiser+1","Slimebound:LeechingTouch+1"],"picked":"Slimebound:GrowthPunch+1","floor":36},{"not_picked":["Slimebound:LeadByExample","Slimebound:PressTheAttack","Slimebound:RollThrough+1"],"picked":"SKIP","floor":37},{"not_picked":["Slimebound:SplitMire","Slimebound:Schlurp"],"picked":"Slimebound:SlimeTap+1","floor":40},{"not_picked":["Slimebound:PrepareCrush+1","Slimebound:Overexert","Slimebound:LeechEnergy"],"picked":"SKIP","floor":42},{"not_picked":["Slimebound:SplitBruiser+1","Slimebound:SlimeBarrage+1"],"picked":"Slimebound:FormOfPuddle+1","floor":43}],"player_experience":1123754,"relics_obtained":[{"floor":7.0,"key":"WingedGreaves"},{"floor":8.0,"key":"Odd Mushroom"},{"floor":14.0,"key":"The Courier"},{"floor":24.0,"key":"Regal Pillow"},{"floor":25.0,"key":"Oddly Smooth Stone"},{"floor":25.0,"key":"Centennial Puzzle"},{"floor":26.0,"key":"MutagenicStrength"},{"floor":27.0,"key":"Pen Nib"},{"floor":27.0,"key":"Dream Catcher"},{"floor":29,"key":"Bag of Preparation"},{"floor":29,"key":"Boot"},{"floor":39,"key":"Peace Pipe"},{"floor":42,"key":"Toxic Egg 2"},{"floor":42,"key":"Du-Vu Doll"}],"event_choices":[{"damage_healed":0.0,"max_hp_gain":0.0,"max_hp_loss":0.0,"gold_gain":0.0,"event_name":"Mushrooms","player_choice":"Fought Mushrooms","floor":8.0,"gold_loss":0.0,"damage_taken":0.0},{"cards_removed":["Slimebound:Strike_Slimebound"],"damage_healed":0.0,"max_hp_gain":0.0,"max_hp_loss":0.0,"gold_gain":0.0,"event_name":"The Cleric","player_choice":"Card Removal","floor":13.0,"gold_loss":0.0,"damage_taken":0.0},{"damage_healed":0.0,"max_hp_gain":0.0,"max_hp_loss":0.0,"gold_gain":0.0,"event_name":"Addict","player_choice":"Stole Relic","floor":20.0,"gold_loss":0.0,"damage_taken":0.0,"relics_obtained":["Darkstone Periapt"],"cards_obtained":["Shame"]},{"damage_healed":0.0,"max_hp_gain":0.0,"max_hp_loss":0.0,"gold_gain":0.0,"event_name":"The Library","player_choice":"Read","floor":23.0,"gold_loss":0.0,"damage_taken":0.0,"cards_obtained":["Slimebound:MassFeed"]},{"damage_healed":0,"gold_gain":0,"player_choice":"Fight","damage_taken":0,"max_hp_gain":0,"max_hp_loss":0,"event_name":"Mysterious Sphere","floor":44,"gold_loss":0}],"is_beta":false,"boss_relics":[{"not_picked":["Slimebound:AbsorbEndCombatUpgraded","Snecko Eye"],"picked":"Black Star"},{"not_picked":["Astrolabe","Velvet Choker"],"picked":"Cursed Key"}],"items_purged_floors":[4,11,28],"is_endless":false,"potions_floor_spawned":[2,6,8,14,16,21,25,29,31,33,36,39,43],"killed_by":"2 Orb Walkers","ascension_level":0}}