{"host":"pyvkqaq4yb2dtxwu","time":1609300805,"event":{"mods":["AchievementEnabler","BaseMod","Colored Map","Colored Powertips","DeckTracker","Minty Spire (QoL Compilation)","Relic Sorter"],"gold_per_floor":[115,134,152,152,171,171,186,186,186,202,212,212,246,264,264,359,359,343,353,253,253,264,264,264],"floor_reached":23,"playtime":1984,"items_purged":["Strike_R"],"score":197,"play_id":"a7bde3d0-7d9c-415f-8161-ca107dd208fb","local_time":"20201229200005","is_ascension_mode":false,"campfire_choices":[{"data":"Barricade","floor":6,"key":"SMITH"},{"data":"Seeing Red","floor":8,"key":"SMITH"},{"floor":12,"key":"REST"},{"data":"Shrug It Off","floor":15,"key":"SMITH"}],"circlet_count":0,"master_deck":["Strike_R","Strike_R","Strike_R","Strike_R","Defend_R","Defend_R","Defend_R","Defend_R","Bash","Barricade+1","Seeing Red+1","Battle Trance","Warcry","Body Slam","Battle Trance","Body Slam","Shrug It Off+1","Juggernaut","Armaments","Corruption","Reckless Charge","Flame Barrier+1","Shrug It Off","Body Slam+1"],"relics":["Burning Blood","Orichalcum","Juzu Bracelet","Sozu"],"acts_visited":["Exordium","TheCity"],"potions_floor_usage":[13,18,23],"damage_taken":[{"damage":15,"enemies":"Jaw Worm","floor":1,"turns":5},{"damage":14,"enemies":"2 Louse","floor":2,"turns":5},{"damage":17,"enemies":"Small Slimes","floor":3,"turns":5},{"damage":12,"enemies":"Looter","floor":5,"turns":4},{"damage":6,"enemies":"Red Slaver","floor":7,"turns":4},{"damage":13,"enemies":"Blue Slaver","floor":10,"turns":5},{"damage":3,"enemies":"2 Fungi Beasts","floor":11,"turns":6},{"damage":17,"enemies":"3 Sentries","floor":13,"turns":10},{"damage":10,"enemies":"3 Louse","floor":14,"turns":4},{"damage":8,"enemies":"The Guardian","floor":16,"turns":11},{"damage":4,"enemies":"2 Thieves","floor":18,"turns":4},{"damage":8,"enemies":"Spheric Guardian","floor":19,"turns":4},{"damage":28,"enemies":"Snecko","floor":22,"turns":7},{"damage":41,"enemies":"Slavers","floor":23,"turns":3}],"seed_played":"-7256573169941881202","potions_obtained":[{"floor":2,"key":"Energy Potion"},{"floor":7,"key":"Strength Potion"},{"floor":10,"key":"Fire Potion"},{"floor":14,"key":"Block Potion"}],"is_trial":false,"path_per_floor":["M","M","M","?","M","R","M","R","T","M","M","R","E","M","R","B",null,"M","M","$","?","M","E"],"character_chosen":"IRONCLAD","items_purchased":["Shrug It Off"],"campfire_rested":1,"item_purchase_floors":[20],"current_hp_per_floor":[71,63,52,52,46,46,46,46,46,39,42,66,55,51,51,49,80,80,78,78,63,41,0,0],"gold":264,"neow_bonus":"ONE_RANDOM_RARE_CARD","is_daily":false,"chose_seed":false,"campfire_upgraded":3,"win_rate":0.0,"timestamp":1609300805,"path_taken":["M","M","M","?","M","R","M","R","T","M","M","R","E","M","R","BOSS","M","M","$","?","M","E"],"items_purchased_type":["Card"],"build_version":"2020-12-22","purchased_purges":1,"victory":false,"max_hp_per_floor":[80,80,80,80,80,80,80,80,80,80,80,80,80,80,80,80,80,80,80,80,85,85,85,85],"card_choices":[{"not_picked":["Twin Strike","Shockwave"],"picked":"Seeing Red","floor":1},{"not_picked":["Warcry","Reckless Charge"],"picked":"Battle Trance","floor":2},{"not_picked":["Pommel Strike","Intimidate"],"picked":"Warcry","floor":3},{"not_picked":["Spot Weakness","Anger"],"picked":"Body Slam","floor":5},{"not_picked":["Pommel Strike","Thunderclap"],"picked":"Battle Trance","floor":7},{"not_picked":["Twin Strike","Second Wind"],"picked":"Body Slam","floor":10},{"not_picked":["Clash","Cleave"],"picked":"Shrug It Off","floor":11},{"not_picked":["Infernal Blade","Wild Strike"],"picked":"Juggernaut","floor":13},{"not_picked":["Pommel Strike","Clash"],"picked":"Armaments","floor":14},{"not_picked":["Demon Form","Limit Break"],"picked":"Corruption","floor":16},{"not_picked":["Dropkick","Heavy Blade"],"picked":"Reckless Charge","floor":18},{"not_picked":["Armaments","Clothesline"],"picked":"Flame Barrier+1","floor":19},{"not_picked":["Warcry","Twin Strike"],"picked":"Body Slam+1","floor":22}],"player_experience":65202,"relics_obtained":[{"floor":9,"key":"Orichalcum"},{"floor":13,"key":"Juzu Bracelet"}],"event_choices":[{"damage_healed":0,"gold_gain":0,"player_choice":"Ignored","damage_taken":0,"max_hp_gain":0,"max_hp_loss":0,"event_name":"Golden Wing","floor":4,"gold_loss":0},{"damage_healed":0,"gold_gain":0,"player_choice":"Shed Blood","damage_taken":20,"max_hp_gain":5,"max_hp_loss":0,"event_name":"Forgotten Altar","floor":21,"gold_loss":0}],"is_beta":false,"boss_relics":[{"not_picked":["Coffee Dripper","Black Blood"],"picked":"Sozu"}],"items_purged_floors":[20],"is_endless":false,"potions_floor_spawned":[2,7,10,14,16,18],"killed_by":"Slavers","ascension_level":0}}