{"host":"52zmxm0oht7x0uft","time":1609362065,"event":{"mods":["AchievementEnabler","BaseMod","Minty Spire (QoL Compilation)","Quick Restart"],"gold_per_floor":[109,109,125,125,50,83,83,98,150,162,112,144,144,156,156,260,260,280,280,280,290,121,121,151,8,8,36,63,63,73,91,91,91,91],"floor_reached":33,"playtime":1573,"items_purged":["Strike_R","Strike_R"],"score":352,"play_id":"4f0adfb5-d046-45df-b487-6d65e761b2fe","local_time":"20201230220105","is_ascension_mode":true,"campfire_choices":[{"data":"Body Slam","floor":7,"key":"SMITH"},{"data":"Armaments","floor":13,"key":"SMITH"},{"floor":15,"key":"REST"},{"data":"RitualDagger","floor":23,"key":"SMITH"},{"floor":29,"key":"REST"},{"floor":32,"key":"REST"}],"circlet_count":0,"master_deck":["Strike_R+1","Defend_R","Defend_R","Defend_R","Defend_R+1","Bash+1","Body Slam+1","Clash","Armaments+1","Clash","Searing Blow","Feed","Flex","Juggernaut","Rampage","RitualDagger+1","Metallicize","Double Tap","Clash"],"relics":["Black Blood","Omamori","Regal Pillow","Akabeko","Dream Catcher","Pantograph","Medical Kit","Lizard Tail","Peace Pipe","Red Mask"],"acts_visited":["Exordium","TheCity"],"potions_floor_usage":[16,24,24,27,28],"damage_taken":[{"damage":8,"enemies":"Small Slimes","floor":1,"turns":4},{"damage":7,"enemies":"Jaw Worm","floor":3,"turns":4},{"damage":46,"enemies":"Lagavulin","floor":6,"turns":8},{"damage":0,"enemies":"2 Louse","floor":8,"turns":3},{"damage":4,"enemies":"2 Fungi Beasts","floor":10,"turns":2},{"damage":7,"enemies":"Gremlin Nob","floor":12,"turns":3},{"damage":0,"enemies":"Looter","floor":14,"turns":3},{"damage":54,"enemies":"Slime Boss","floor":16,"turns":14},{"damage":1,"enemies":"Spheric Guardian","floor":18,"turns":3},{"damage":30,"enemies":"3 Byrds","floor":21,"turns":6},{"damage":36,"enemies":"Slavers","floor":24,"turns":7},{"damage":58,"enemies":"Gremlin Leader","floor":27,"turns":8},{"damage":25,"enemies":"Masked Bandits","floor":28,"turns":5},{"damage":26,"enemies":"Cultist and Chosen","floor":30,"turns":7},{"damage":52,"enemies":"Shelled Parasite and Fungi","floor":31,"turns":5},{"damage":104,"enemies":"Collector","floor":33,"turns":7}],"seed_played":"-4739278407235598492","potions_obtained":[{"floor":1,"key":"ElixirPotion"},{"floor":3,"key":"BlessingOfTheForge"},{"floor":8,"key":"DistilledChaos"},{"floor":21,"key":"Explosive Potion"},{"floor":24,"key":"PowerPotion"},{"floor":27,"key":"SkillPotion"}],"is_trial":false,"path_per_floor":["M","?","M","?","$","E","R","M","T","M","?","E","R","M","R","B",null,"M","?","?","M","$","R","E","$","T","E","?","R","M","M","R","B"],"character_chosen":"IRONCLAD","items_purchased":["Metallicize","Medical Kit"],"campfire_rested":3,"item_purchase_floors":[22,25],"current_hp_per_floor":[78,62,61,58,58,18,18,24,24,26,26,25,25,34,73,25,83,86,86,80,66,66,66,42,42,42,42,29,71,57,17,59,0,0],"gold":91,"neow_bonus":"UPGRADE_CARD","is_daily":false,"chose_seed":false,"campfire_upgraded":3,"win_rate":0.0,"timestamp":1609362065,"path_taken":["M","?","M","?","$","E","R","M","T","M","?","E","R","M","R","BOSS","M","?","?","M","$","R","E","$","T","E","?","R","M","M","R","BOSS"],"items_purchased_type":["Card","Relic"],"build_version":"2020-12-22","purchased_purges":2,"victory":false,"max_hp_per_floor":[80,80,80,80,80,80,80,80,80,80,80,80,80,83,83,83,83,86,86,86,90,90,90,90,90,90,90,90,90,90,90,90,90,90],"card_choices":[{"not_picked":["Evolve","Sword Boomerang"],"picked":"Body Slam","floor":1},{"not_picked":["Flex","Wild Strike"],"picked":"Clash","floor":3},{"not_picked":["Blood for Blood","Combust"],"picked":"Armaments","floor":6},{"not_picked":["Headbutt","Armaments"],"picked":"Clash","floor":8},{"not_picked":["Fire Breathing","Heavy Blade"],"picked":"Searing Blow","floor":10},{"not_picked":["Impervious","Carnage"],"picked":"Feed","floor":12},{"not_picked":["Pummel","Heavy Blade","True Grit"],"picked":"SKIP","floor":14},{"not_picked":["Shrug It Off","Thunderclap"],"picked":"Flex","floor":15},{"not_picked":["Brutality","Demon Form"],"picked":"Juggernaut","floor":16},{"not_picked":["Heavy Blade","Twin Strike"],"picked":"Rampage","floor":18},{"not_picked":["Second Wind","Burning Pact+1","Cleave"],"picked":"SKIP","floor":21},{"not_picked":["Searing Blow","Intimidate"],"picked":"Double Tap","floor":24},{"not_picked":["Perfected Strike","Battle Trance+1"],"picked":"Clash","floor":27},{"not_picked":["Battle Trance+1","Uppercut","Pommel Strike+1"],"picked":"SKIP","floor":30},{"not_picked":["Dual Wield+1","Shrug It Off","Limit Break"],"picked":"SKIP","floor":31}],"player_experience":334237,"relics_obtained":[{"floor":6,"key":"Regal Pillow"},{"floor":9,"key":"Akabeko"},{"floor":12,"key":"Dream Catcher"},{"floor":24,"key":"Pantograph"},{"floor":26,"key":"Lizard Tail"},{"floor":27,"key":"Peace Pipe"},{"floor":28,"key":"Red Mask"}],"event_choices":[{"damage_healed":0,"gold_gain":0,"player_choice":"Entered Light","damage_taken":16,"max_hp_gain":0,"max_hp_loss":0,"event_name":"Shining Light","floor":2,"gold_loss":0,"cards_upgraded":["Strike_R","Defend_R"]},{"damage_healed":0,"gold_gain":0,"player_choice":"Success","damage_taken":3,"relics_obtained":["Omamori"],"max_hp_gain":0,"max_hp_loss":0,"event_name":"Scrap Ooze","floor":4,"gold_loss":0},{"cards_removed":["Strike_R"],"damage_healed":0,"gold_gain":0,"player_choice":"Card Removal","damage_taken":0,"max_hp_gain":0,"max_hp_loss":0,"event_name":"The Cleric","floor":11,"gold_loss":50},{"cards_removed":["Strike_R"],"damage_healed":0,"gold_gain":0,"player_choice":"Elegance","damage_taken":0,"max_hp_gain":0,"max_hp_loss":0,"event_name":"Back to Basics","floor":19,"gold_loss":0},{"damage_healed":0,"gold_gain":0,"player_choice":"Joined the Cult","damage_taken":6,"max_hp_gain":0,"max_hp_loss":0,"event_name":"Nest","floor":20,"gold_loss":0,"cards_obtained":["RitualDagger"]},{"damage_healed":0,"gold_gain":0,"player_choice":"Fought Bandits","damage_taken":0,"max_hp_gain":0,"max_hp_loss":0,"event_name":"Masked Bandits","floor":28,"gold_loss":0}],"is_beta":false,"boss_relics":[{"not_picked":["SlaversCollar","Sozu"],"picked":"Black Blood"}],"items_purged_floors":[5,22],"is_endless":false,"potions_floor_spawned":[1,3,8,21,24,27],"killed_by":"Collector","ascension_level":4}}