{"host":"sgwqwgbtco1nn2mb","time":1609337460,"event":{"mods":["ATMod(°¢èªMod)","BaseMod","Marisa£¨ìFÓê¡¡Ä§ÀíÉ³£©","Minty Spire (QoL Compilation)","MostiFishMod","Quick Restart","Replay The Spire","RumiaBox-Â¶Ã×æ«µÄÉñÃØºÐ×Ó","StSLib","The Servant 0.9.4","¡¾¹¦ÄÜMod¡¿»ìãçÖ®»·ÐÞ¸´²¹¶¡","¡¾ÒÅÎï¿¨ÅÆ¡¿REMEMod"],"gold_per_floor":[111,123,48,148,159,185,185,210,235,267,280,280,294,312,312,413,413,423,442,357,369,118,149,149,178,178,210,229,255,31,62,62,165,165,180,192,42,56,72,72,105,105,132,161,161,175,195,20,20,20,20,20,20,48,48],"floor_reached":56,"playtime":2045,"items_purged":["Defend_S","Strike_S","Defend_S","Defend_S","Defend_S"],"score":2102,"play_id":"efeef60d-12b3-4f36-b559-9b8f683e7df1","local_time":"20201230221100","is_ascension_mode":true,"campfire_choices":[{"data":"AT_ChampionKick","floor":7,"key":"SMITH"},{"data":"Replace","floor":12,"key":"SMITH"},{"data":"Ricochet","floor":15,"key":"SMITH"},{"data":"Dilation","floor":24,"key":"SMITH"},{"floor":32,"key":"RECALL"},{"data":"Exchange","floor":40,"key":"SMITH"},{"floor":49,"key":"DIG"},{"data":"Revamp","floor":52,"key":"SMITH"}],"circlet_count":0,"master_deck":["Strike_S","Strike_S","KidneyShot","Exchange+1","AT_ChampionKick+1","ReturningBlade","StarChef","Replace+1","Contraction","Revamp+1","KidneyShot","TimeTheft","ShatteredReality","Ricochet+1","Sunlight","Manipulate","Dilation+1","Rearm","Reset","Potential+1","Collapse+1","PendulumOfEternity+1","Potential+1","KillingDoll"],"relics":["SplendidAttire","DaveBox","AT_ATBox","REME_ComplimentaryCards","PatriotShield","AT_RedTearstoneRing","Art of War","Bag of Marbles","Transparent","MealTicket","Replay:Rubber Ducky","Pen Nib","REME_PuzzleBoxRelic","Question Card","AT_RabadonDeathcap","Blue Doll","SentryEyes","AT_ArchangelStaff","ReplayTheSpireMod:Lightbulb","Turnip","Incense Burner","GodSword4"],"acts_visited":["Exordium","TheCity","TheBeyond","TheEnding"],"potions_floor_usage":[55],"damage_taken":[{"damage":0,"enemies":"Small Slimes","floor":1,"turns":3},{"damage":0,"enemies":"Cultist","floor":2,"turns":3},{"damage":0,"enemies":"Jaw Worm","floor":5,"turns":2},{"damage":0,"enemies":"Lagavulin","floor":6,"turns":4},{"damage":0,"enemies":"3 Sentries","floor":8,"turns":2},{"damage":0,"enemies":"Replay:BlueRogue","floor":10,"turns":4},{"damage":0,"enemies":"Blue Slaver","floor":11,"turns":3},{"damage":0,"enemies":"Gremlin Gang","floor":13,"turns":3},{"damage":0,"enemies":"Exordium Thugs","floor":14,"turns":1},{"damage":0,"enemies":"Slime Boss","floor":16,"turns":4},{"damage":6,"enemies":"Spheric Guardian","floor":18,"turns":1},{"damage":12,"enemies":"3 Byrds","floor":19,"turns":2},{"damage":6,"enemies":"Centurion and Healer","floor":21,"turns":1},{"damage":7,"enemies":"Replay:Snechameleon","floor":23,"turns":2},{"damage":6,"enemies":"REME_1_Revenger","floor":25,"turns":1},{"damage":8,"enemies":"Gremlin Leader","floor":27,"turns":2},{"damage":6,"enemies":"Shelled Parasite and Fungi","floor":28,"turns":1},{"damage":6,"enemies":"Slavers","floor":29,"turns":1},{"damage":6,"enemies":"Book of Stabbing","floor":31,"turns":3},{"damage":8,"enemies":"Champ","floor":33,"turns":3},{"damage":6,"enemies":"Orb Walker","floor":35,"turns":1},{"damage":6,"enemies":"3 Shapes","floor":36,"turns":2},{"damage":6,"enemies":"Jaw Worm Horde","floor":38,"turns":1},{"damage":6,"enemies":"Sphere and 2 Shapes","floor":39,"turns":1},{"damage":9,"enemies":"Reptomancer","floor":41,"turns":2},{"damage":7,"enemies":"R_Hoarder","floor":44,"turns":2},{"damage":10,"enemies":"4 Shapes","floor":46,"turns":1},{"damage":7,"enemies":"Jaw Worm Horde","floor":47,"turns":1},{"damage":21,"enemies":"Awakened One","floor":50,"turns":5},{"damage":9,"enemies":"Shield and Spear","floor":54,"turns":2},{"damage":15,"enemies":"The Heart","floor":55,"turns":3}],"seed_played":"-4702113206442201820","potions_obtained":[{"floor":2,"key":"Explosive Potion"},{"floor":5,"key":"Languid Potion"},{"floor":11,"key":"Strength Potion"},{"floor":14,"key":"DuplicationPotion"},{"floor":19,"key":"SkillPotion"}],"is_trial":false,"path_per_floor":["M","M","$","?","M","E","R","E","T","E","M","R","M","M","R","B",null,"M","M","?","M","$","E","R","E","T","E","M","E","$","E","R","B",null,"M","M","$","M","M","R","E","?","T","E","?","M","M","$","R","B",null,"R","$","E","B",null],"character_chosen":"THE_SERVANT","items_purchased":["Replay:Rubber Ducky","PendulumOfEternity+1"],"campfire_rested":0,"item_purchase_floors":[22,30],"current_hp_per_floor":[65,65,65,65,65,65,65,65,65,65,65,65,65,65,65,65,65,65,65,65,65,65,65,65,65,65,65,65,65,65,65,65,65,65,65,65,65,65,65,65,65,65,65,65,75,75,75,75,75,75,75,75,75,75,75],"gold":48,"neow_bonus":"REMOVE_CARD","is_daily":false,"chose_seed":false,"campfire_upgraded":6,"win_rate":0.0,"timestamp":1609337460,"path_taken":["M","M","$","?","?","E","R","E","T","E","M","R","M","M","R","BOSS","M","M","?","M","$","E","R","E","T","E","M","E","$","E","R","BOSS","M","M","$","M","M","R","E","?","T","E","?","M","?","$","R","BOSS","R","$","E","BOSS"],"items_purchased_type":["Relic","Card"],"build_version":"2020-12-22","purchased_purges":5,"victory":true,"max_hp_per_floor":[65,65,65,65,65,65,65,65,65,65,65,65,65,65,65,65,65,65,65,65,65,65,65,65,65,65,65,65,65,65,65,65,65,65,65,65,65,65,65,65,65,65,65,65,75,75,75,75,75,75,75,75,75,75,75],"card_choices":[{"not_picked":["Unruled","Desolation"],"picked":"ReturningBlade","floor":1},{"not_picked":["DoubleEdge","BottledTime"],"picked":"StarChef","floor":2},{"not_picked":["Defy","FastForward"],"picked":"Replace","floor":5},{"not_picked":["Barrier","Rewind"],"picked":"Contraction","floor":6},{"not_picked":["DoubleEdge","Ricochet"],"picked":"Revamp","floor":8},{"not_picked":["ShiftingGears","Replace"],"picked":"Hightail","floor":10},{"not_picked":["LightFlow","Deadline"],"picked":"TimeTheft","floor":11},{"not_picked":["Rearm","Revamp"],"picked":"ShatteredReality","floor":13},{"not_picked":["TimeWarp","BottledTime"],"picked":"Ricochet","floor":14},{"not_picked":["ForgedInTime","MurderousAura"],"picked":"Sunlight","floor":16},{"not_picked":["Ricochet","FastForward","TimeWarp"],"picked":"SKIP","floor":18},{"not_picked":["Ricochet","FanOfKnives"],"picked":"Manipulate","floor":19},{"not_picked":["Unruled","Replace","Defy+1"],"picked":"SKIP","floor":21},{"not_picked":["Barrier+1","GearUp"],"picked":"Dilation","floor":23},{"not_picked":["Rewind","Foresight"],"picked":"Rearm","floor":25},{"not_picked":["Dilation","FastForward","Snipe"],"picked":"Reset","floor":27},{"not_picked":["Manipulate","Spin","Replace"],"picked":"Potential+1","floor":28},{"not_picked":["Read+1","Sabotage","DoubleEdge"],"picked":"Collapse+1","floor":29},{"not_picked":["Deadline+1","StarChef","Read","Sabotage"],"picked":"SKIP","floor":31},{"not_picked":["FloweringNight","TheWorld","Dilation"],"picked":"SilverMatrix","floor":33},{"not_picked":["Unruled+1","MoonPhase","Rearm+1"],"picked":"Potential+1","floor":35},{"not_picked":["Defy","Revamp+1","Snipe","TimeWarp+1"],"picked":"SKIP","floor":36},{"not_picked":["Read+1","Unruled+1","Starlight","BottledTime"],"picked":"SKIP","floor":38},{"not_picked":["Comet+1","Alleviate","Desolation","Rearm"],"picked":"SKIP","floor":39},{"not_picked":["Potential","Desolation","Alleviate+1"],"picked":"KillingDoll","floor":41},{"not_picked":["FastForward","DoubleEdge","Spin+1","RealityMarble"],"picked":"SKIP","floor":44},{"not_picked":["Manipulate","Rearm+1","FastForward+1","FanOfKnives"],"picked":"SKIP","floor":46},{"not_picked":["Potential+1","Luminosity","Alleviate+1","Solidify"],"picked":"SKIP","floor":47},{"not_picked":["FastForward","Revamp","Misdirection+1","TimeWarp+1"],"picked":"SKIP","floor":54}],"player_experience":468531,"relics_obtained":[{"floor":6,"key":"AT_RedTearstoneRing"},{"floor":8,"key":"Art of War"},{"floor":10,"key":"Bag of Marbles"},{"floor":23,"key":"Pen Nib"},{"floor":25,"key":"REME_PuzzleBoxRelic"},{"floor":26,"key":"Question Card"},{"floor":27,"key":"AT_RabadonDeathcap"},{"floor":29,"key":"Blue Doll"},{"floor":31,"key":"SentryEyes"},{"floor":41,"key":"AT_ArchangelStaff"},{"floor":43,"key":"ReplayTheSpireMod:Lightbulb"},{"floor":44,"key":"Turnip"},{"floor":49,"key":"Incense Burner"},{"floor":54,"key":"GodSword4"}],"event_choices":[{"damage_healed":0,"gold_gain":100,"player_choice":"Pray","damage_taken":0,"max_hp_gain":0,"max_hp_loss":0,"event_name":"Golden Shrine","floor":4,"gold_loss":0},{"damage_healed":0,"gold_gain":0,"player_choice":"Obtained Relic","damage_taken":0,"relics_obtained":["MealTicket"],"max_hp_gain":0,"max_hp_loss":0,"event_name":"Addict","floor":20,"gold_loss":85},{"cards_removed":["Hightail"],"damage_healed":0,"gold_gain":0,"player_choice":"Removed Skill","damage_taken":0,"max_hp_gain":0,"max_hp_loss":0,"event_name":"Falling","floor":42,"gold_loss":0},{"cards_removed":["SilverMatrix"],"damage_healed":0,"gold_gain":0,"player_choice":"Offered Rare","damage_taken":0,"max_hp_gain":10,"max_hp_loss":0,"event_name":"Bonfire Elementals","floor":45,"gold_loss":0}],"is_beta":false,"boss_relics":[{"not_picked":["ChiXiaoBlade","SlaversCollar"],"picked":"Transparent"},{"not_picked":["Black Star","StoneMask"],"picked":"SplendidAttire"}],"items_purged_floors":[3,22,30,37,48],"is_endless":false,"potions_floor_spawned":[2,5,11,13,14,16,19,23,27,29,33,41,44,46],"ascension_level":4}}