{"host":"g7trc0x2teqyd8ye","time":1609287967,"event":{"mods":["BaseMod","Key Reminder","Minty Spire (QoL Compilation)","Relic Stats"],"gold_per_floor":[116,27,27,27,27,61,61,93,117,117,117],"floor_reached":10,"playtime":185,"items_purged":[],"score":232,"play_id":"a38230f4-7204-4fca-9b38-536f4d1d1fb3","local_time":"20201230012607","is_ascension_mode":true,"campfire_choices":[{"data":"Bash","floor":7,"key":"SMITH"}],"circlet_count":0,"master_deck":["AscendersBane","Strike_R","Strike_R","Strike_R","Strike_R","Defend_R","Defend_R","Defend_R+1","Defend_R+1","Bash+1","Pommel Strike","Feel No Pain","Flame Barrier","Sword Boomerang"],"relics":["Burning Blood","NeowsBlessing","Centennial Puzzle","Pantograph","Pen Nib"],"acts_visited":["Exordium"],"potions_floor_usage":[10],"damage_taken":[{"damage":0,"enemies":"Small Slimes","floor":1,"turns":1},{"damage":0,"enemies":"3 Sentries","floor":6,"turns":2},{"damage":0,"enemies":"Gremlin Nob","floor":8,"turns":1},{"damage":66,"enemies":"Lagavulin","floor":10,"turns":9}],"seed_played":"-4399567802725101684","potions_obtained":[{"floor":1,"key":"EssenceOfSteel"},{"floor":8,"key":"Ancient Potion"}],"is_trial":false,"path_per_floor":["M","$","?","?","$","E","R","E","T","E"],"character_chosen":"IRONCLAD","items_purchased":["Feel No Pain"],"campfire_rested":0,"item_purchase_floors":[2],"current_hp_per_floor":[74,74,51,44,44,50,50,56,56,0,0],"gold":117,"neow_bonus":"THREE_ENEMY_KILL","is_daily":false,"chose_seed":false,"campfire_upgraded":1,"win_rate":0.0,"timestamp":1609287967,"path_taken":["M","$","?","?","$","E","R","E","T","E"],"items_purchased_type":["Card"],"build_version":"2020-12-22","purchased_purges":0,"victory":false,"max_hp_per_floor":[75,75,75,75,75,75,75,75,75,75,75],"relic_stats":{"Centennial Puzzle":[3],"counters":[4,13],"Pantograph":0,"Pen Nib":[1],"obtain_stats":[{"Centennial Puzzle":6,"NeowsBlessing":0,"Pantograph":8,"Pen Nib":9,"Burning Blood":0},{"Centennial Puzzle":2,"NeowsBlessing":0,"Pantograph":3,"Pen Nib":3,"Burning Blood":0},{"Centennial Puzzle":3,"NeowsBlessing":0,"Pantograph":4,"Pen Nib":4,"Burning Blood":0}],"Burning Blood":18},"card_choices":[{"not_picked":["Sentinel","Anger"],"picked":"Pommel Strike","floor":1},{"not_picked":["Dual Wield","Power Through"],"picked":"Flame Barrier","floor":6},{"not_picked":["Clash","Flex"],"picked":"Sword Boomerang","floor":8}],"player_experience":815645,"relics_obtained":[{"floor":6,"key":"Centennial Puzzle"},{"floor":8,"key":"Pantograph"},{"floor":9,"key":"Pen Nib"}],"event_choices":[{"damage_healed":0,"gold_gain":0,"player_choice":"Entered Light","damage_taken":23,"max_hp_gain":0,"max_hp_loss":0,"event_name":"Shining Light","floor":3,"gold_loss":0,"cards_upgraded":["Defend_R","Defend_R"]},{"cards_removed":["Strike_R"],"damage_healed":0,"gold_gain":0,"player_choice":"Card Removal","damage_taken":7,"max_hp_gain":0,"max_hp_loss":0,"event_name":"Golden Wing","floor":4,"gold_loss":0}],"is_beta":false,"boss_relics":[],"items_purged_floors":[],"is_endless":false,"potions_floor_spawned":[1,8],"killed_by":"Lagavulin","ascension_level":18}}