{"host":"aibqmozag2xz7y1n","time":1609361801,"event":{"mods":["AchievementEnabler","BaseMod","Colored Map","Marisa????????","Minty Spire (QoL Compilation)","StSLib","The Servant 0.9.4"],"gold_per_floor":[112,131,131,146,166,166,178,178,178,178,178,43,58,91,91,194,194,210,310,322,338,338,338],"floor_reached":22,"playtime":1601,"items_purged":[],"score":188,"play_id":"04a16824-6485-433d-83b6-7e40ca5adc45","local_time":"20201230215641","is_ascension_mode":false,"campfire_choices":[{"data":"FlurryOfBlows","floor":6,"key":"SMITH"},{"data":"Eruption","floor":8,"key":"SMITH"},{"floor":15,"key":"REST"}],"circlet_count":0,"master_deck":["Strike_P","Strike_P","Strike_P","Strike_P","Defend_P","Defend_P","Defend_P","Defend_P","Eruption+1","Vigilance+1","SashWhip","PathToVictory","DeceiveReality","FlurryOfBlows+1","Swivel+1","Establishment","Conclude","LikeWater","Brilliance","Adaptation+1","ThirdEye+1","Crescendo"],"relics":["PureWater","Gremlin Horn","Letter Opener","Blue Candle","VioletLotus"],"acts_visited":["Exordium","TheCity"],"potions_floor_usage":[7,16,16,21,21],"damage_taken":[{"damage":1,"enemies":"2 Louse","floor":1,"turns":3},{"damage":0,"enemies":"Jaw Worm","floor":2,"turns":4},{"damage":0,"enemies":"Small Slimes","floor":4,"turns":3},{"damage":3,"enemies":"Gremlin Gang","floor":5,"turns":9},{"damage":0,"enemies":"Red Slaver","floor":7,"turns":4},{"damage":0,"enemies":"3 Louse","floor":13,"turns":2},{"damage":10,"enemies":"3 Sentries","floor":14,"turns":6},{"damage":6,"enemies":"Slime Boss","floor":16,"turns":10},{"damage":14,"enemies":"3 Byrds","floor":18,"turns":5},{"damage":9,"enemies":"Spheric Guardian","floor":20,"turns":6},{"damage":24,"enemies":"Snake Plant","floor":21,"turns":7},{"damage":50,"enemies":"Shelled Parasite and Fungi","floor":22,"turns":2}],"seed_played":"4018503385988969123","potions_obtained":[{"floor":4,"key":"Block Potion"},{"floor":13,"key":"EssenceOfSteel"},{"floor":14,"key":"GamblersBrew"},{"floor":16,"key":"SneckoOil"},{"floor":20,"key":"Energy Potion"}],"is_trial":false,"path_per_floor":["M","M","?","M","M","R","M","R","T","?","?","$","M","E","R","B",null,"M","?","M","M","M"],"character_chosen":"WATCHER","items_purchased":["Establishment"],"campfire_rested":1,"item_purchase_floors":[12],"current_hp_per_floor":[78,78,78,78,75,75,75,75,75,72,56,56,56,46,69,63,79,65,65,56,32,0,0],"gold":338,"neow_bonus":"TEN_PERCENT_HP_BONUS","is_daily":false,"chose_seed":false,"campfire_upgraded":2,"win_rate":0.0,"timestamp":1609361801,"path_taken":["M","M","?","M","M","R","M","R","T","?","?","$","M","E","R","BOSS","M","?","M","?","M"],"items_purchased_type":["Card"],"build_version":"2020-12-22","purchased_purges":0,"victory":false,"max_hp_per_floor":[79,79,79,79,79,79,79,79,79,79,79,79,79,79,79,79,79,79,79,79,79,79,79],"card_choices":[{"not_picked":["Indignation","Halt"],"picked":"SashWhip","floor":1},{"not_picked":["FlyingSleeves","CutThroughFate"],"picked":"PathToVictory","floor":2},{"not_picked":["BowlingBash","SandsOfTime"],"picked":"DeceiveReality","floor":4},{"not_picked":["ThirdEye","Protect"],"picked":"FlurryOfBlows","floor":5},{"not_picked":["DeceiveReality","Conclude"],"picked":"Swivel","floor":7},{"not_picked":["SashWhip","Vault"],"picked":"Conclude","floor":13},{"not_picked":["WreathOfFlame","Vengeance"],"picked":"LikeWater","floor":14},{"not_picked":["Establishment","Omniscience"],"picked":"Brilliance","floor":16},{"not_picked":["EmptyBody","Nirvana"],"picked":"Adaptation+1","floor":18},{"not_picked":["EmptyFist","BowlingBash"],"picked":"ThirdEye+1","floor":20},{"not_picked":["DeusExMachina","Halt"],"picked":"Crescendo","floor":21}],"player_experience":191730,"relics_obtained":[{"floor":9,"key":"Gremlin Horn"},{"floor":14,"key":"Blue Candle"}],"event_choices":[{"damage_healed":0,"gold_gain":0,"player_choice":"Leave","damage_taken":0,"max_hp_gain":0,"max_hp_loss":0,"event_name":"The Cleric","floor":3,"gold_loss":0},{"damage_healed":0,"gold_gain":0,"player_choice":"Success","damage_taken":3,"relics_obtained":["Letter Opener"],"max_hp_gain":0,"max_hp_loss":0,"event_name":"Scrap Ooze","floor":10,"gold_loss":0},{"damage_healed":0,"gold_gain":0,"player_choice":"Entered Light","damage_taken":16,"max_hp_gain":0,"max_hp_loss":0,"event_name":"Shining Light","floor":11,"gold_loss":0,"cards_upgraded":["Swivel","Vigilance"]},{"damage_healed":0,"gold_gain":100,"player_choice":"Pray","damage_taken":0,"max_hp_gain":0,"max_hp_loss":0,"event_name":"Golden Shrine","floor":19,"gold_loss":0}],"is_beta":false,"boss_relics":[{"not_picked":["Busted Crown","Snecko Eye"],"picked":"VioletLotus"}],"items_purged_floors":[],"is_endless":false,"potions_floor_spawned":[4,13,14,16,20],"killed_by":"Shelled Parasite and Fungi","ascension_level":0}}