{"host":"qwp6882a7gaon7u5","time":1609342477,"event":{"mods":["ATMod(°¢èªMod)","BaseMod","BetterRewards","Minty Spire (QoL Compilation)","Red Circlet Mod","Replay The Spire","RumiaBox-Â¶Ã×æ«µÄÉñÃØºÐ×Ó","Spicy Shops","StSLib","¡¾¹¦ÄÜMod¡¿»ìãçÖ®»·ÐÞ¸´²¹¶¡","¡¾ÒÅÎï¿¨ÅÆ¡¿REMEMod"],"gold_per_floor":[114,127,127,97,109,135,147,187,199,211,236,275,300,344,356,465,477,499,528,815,837,849,849],"floor_reached":22,"playtime":978,"items_purged":[],"score":462,"play_id":"a35a3f31-03f1-41e0-90bf-cf1111882472","local_time":"20201230233437","is_ascension_mode":true,"campfire_choices":[{"data":"Uppercut","floor":7,"key":"SMITH"},{"data":"AT_Dispersion","floor":10,"key":"SMITH"},{"data":"Heavy Blade","floor":15,"key":"SMITH"}],"circlet_count":0,"master_deck":["Strike_R","Strike_R","Strike_R","Defend_R+1","Defend_R+1","Defend_R","Defend_R","AT_Dispersion+1","Uppercut+1","Replay:Undeath\u0027s Touch","Survivor","Neutralize","Heavy Blade+1","Inflame","REME_ACTH","Seeing Red","Limit Break","Clothesline","Fire Breathing","Havoc"],"relics":["Burning Blood","REME_ComplimentaryCards","AT_ATBox","AT_EbonyIvory","Chemical X","Durian","Toolbox","Strawberry","Replay:Baseball","Shuriken","Brimstone","King of Hearts","MawBank","Mirror","War Paint","AT_BellDemon","Oddly Smooth Stone","REME_IWantAll","Ice Cream","Potion Belt","Empty Cage","Omamori","Ancient Tea Set","Mercury Hourglass"],"acts_visited":["Exordium","TheCity"],"potions_floor_usage":[14,19,19,22],"damage_taken":[{"damage":0,"enemies":"Cultist","floor":1,"turns":2},{"damage":3,"enemies":"Small Slimes","floor":2,"turns":2},{"damage":4,"enemies":"Jaw Worm","floor":5,"turns":2},{"damage":0,"enemies":"Gremlin Nob","floor":6,"turns":2},{"damage":14,"enemies":"Lagavulin","floor":8,"turns":3},{"damage":5,"enemies":"Lots of Slimes","floor":11,"turns":3},{"damage":7,"enemies":"3 Sentries","floor":12,"turns":5},{"damage":3,"enemies":"Looter","floor":13,"turns":2},{"damage":0,"enemies":"Gremlin Nob","floor":14,"turns":2},{"damage":0,"enemies":"Slime Boss","floor":16,"turns":3},{"damage":38,"enemies":"2 Thieves","floor":18,"turns":2},{"damage":33,"enemies":"3 Byrds","floor":19,"turns":3},{"damage":22,"enemies":"Centurion and Healer","floor":21,"turns":3},{"damage":23,"enemies":"Chosen and Byrds","floor":22,"turns":1}],"seed_played":"1122874881209998163","potions_obtained":[{"floor":1,"key":"Dexterity Potion"},{"floor":4,"key":"Toxic Potion"},{"floor":4,"key":"Adrenaline Potion"},{"floor":16,"key":"GamblersBrew"},{"floor":18,"key":"SkillPotion"},{"floor":21,"key":"Milkshake"}],"is_trial":false,"path_per_floor":["M","M","?","?","M","E","R","E","T","R","M","E","M","E","R","B",null,"M","M","?","M","M"],"character_chosen":"IRONCLAD","items_purchased":["AT_EbonyIvory","Chemical X","Durian","Toolbox","Strawberry","Replay:Baseball","Shuriken","Brimstone","King of Hearts"],"campfire_rested":0,"item_purchase_floors":[0,0,0,0,0,0,0,0,0],"current_hp_per_floor":[50,53,53,53,55,61,61,53,53,53,54,53,56,62,62,68,92,60,36,36,20,0,0],"gold":849,"neow_bonus":"","is_daily":false,"chose_seed":false,"campfire_upgraded":3,"win_rate":0.0,"timestamp":1609342477,"path_taken":["M","?","?","?","?","E","R","E","T","R","M","E","M","E","R","BOSS","M","M","?","?","M"],"items_purchased_type":["Relic","Relic","Relic","Relic","Relic","Relic","Relic","Relic","Relic"],"build_version":"2020-12-22","purchased_purges":0,"victory":false,"max_hp_per_floor":[92,92,92,92,92,92,92,92,92,92,92,92,92,92,92,92,92,92,95,95,95,95,95],"card_choices":[{"not_picked":["Armaments","Run Through","AT_BodySlamDance"],"picked":"SKIP","floor":1},{"not_picked":["Clash","Shrug It Off"],"picked":"Replay:Undeath\u0027s Touch","floor":2},{"not_picked":["Flex","Perfected Strike"],"picked":"Heavy Blade","floor":5},{"not_picked":["Body Slam","AT_IchimonjiDouble","Run Through"],"picked":"SKIP","floor":6},{"not_picked":["Shockwave","Warcry"],"picked":"Inflame","floor":8},{"not_picked":["Twin Strike","Havoc","REME_FearOfPain"],"picked":"SKIP","floor":11},{"not_picked":["AT_IchimonjiDouble","Clothesline"],"picked":"REME_ACTH","floor":12},{"not_picked":["Carnage","Shrug It Off","Rupture"],"picked":"SKIP","floor":13},{"not_picked":["Berserk","Hemokinesis"],"picked":"Seeing Red","floor":14},{"not_picked":["Brutality","Impervious"],"picked":"Limit Break","floor":16},{"not_picked":["Clothesline","Fire Breathing","Havoc"],"picked":"SKIP","floor":18},{"not_picked":["Abandon","Exhume","Sentinel"],"picked":"Singing Bowl","floor":19},{"not_picked":["Sever Soul","Heavy Blade+1","ReplayReversal+1"],"picked":"SKIP","floor":19},{"not_picked":["Shockwave","Blood for Blood+1","Iron Wave+1"],"picked":"SKIP","floor":21}],"player_experience":157257,"relics_obtained":[{"floor":6,"key":"MawBank"},{"floor":8,"key":"Mirror"},{"floor":9,"key":"War Paint"},{"floor":12,"key":"AT_BellDemon"},{"floor":13,"key":"Oddly Smooth Stone"},{"floor":14,"key":"REME_IWantAll"},{"floor":14,"key":"Ice Cream"},{"floor":16,"key":"Potion Belt"},{"floor":18,"key":"Omamori"},{"floor":19,"key":"Ancient Tea Set"},{"floor":21,"key":"Mercury Hourglass"}],"event_choices":[{"damage_healed":0,"gold_gain":0,"player_choice":"Bought 2 Potions","damage_taken":0,"max_hp_gain":0,"max_hp_loss":0,"event_name":"The Woman in Blue","floor":4,"gold_loss":0},{"damage_healed":0,"gold_gain":275,"player_choice":"Desecrate","damage_taken":0,"max_hp_gain":0,"max_hp_loss":0,"event_name":"Golden Shrine","floor":20,"gold_loss":0,"cards_obtained":["Regret"]}],"is_beta":false,"boss_relics":[{"not_picked":["Runic Pyramid","Replay:Ancient Bell"],"picked":"Empty Cage"}],"items_purged_floors":[],"is_endless":false,"potions_floor_spawned":[1,11,12,13,16,18,21],"killed_by":"Chosen and Byrds","ascension_level":1}}