{"host":"0rxdudjy6rylha1k","time":1609297814,"event":{"mods":["Aspiration","BaseMod","Colored Map","Colored Powertips","Downfall","Highlight Path","Hubris","Minty Spire (QoL Compilation)","StSLib"],"gold_per_floor":[99,114,129,145,145,70,97,97,110,142,142,142,142,157,175,270,270,270,285,285,46,66,66,112,129,54,70,97,97,124,138,150,246,246,246,262,273,288,288,288,361,28,41,41,60,92,92,125,50,50],"floor_reached":51,"playtime":12521,"items_purged":[],"score":991,"play_id":"5868e6fc-4d97-47e9-b934-4d841cb4aa02","local_time":"20201229201014","is_ascension_mode":true,"campfire_choices":[{"floor":1,"key":"RECALL"},{"data":"champ:Taunt","floor":6,"key":"SMITH"},{"data":"champ:Execute","floor":8,"key":"SMITH"},{"floor":11,"key":"REST"},{"data":"champ:FanOfKnives","floor":13,"key":"SMITH"},{"data":"champ:MurderStrike","floor":18,"key":"SMITH"},{"data":"Inflame","floor":23,"key":"SMITH"},{"data":"Disarm","floor":26,"key":"SMITH"},{"data":"Searing Blow","floor":29,"key":"SMITH"},{"data":"champ:MurderStrike","floor":35,"key":"SMITH"},{"data":"Searing Blow+1","floor":44,"key":"SMITH"},{"data":"Disarm","floor":47,"key":"SMITH"},{"data":"champ:Improvising","floor":49,"key":"SMITH"}],"circlet_count":0,"master_deck":["champ:Strike","champ:Strike","champ:Strike","champ:Strike","champ:Defend+1","champ:Defend","champ:Defend","champ:Defend","champ:Execute+1","champ:Taunt+1","champ:FocusedGladiator","champ:FanOfKnives+1","champ:Balance","champ:FlashCut","champ:MurderStrike+1","Flex+1","Shrug It Off","Inflame+1","Disarm+1","Searing Blow+2","Sword Boomerang","Disarm+1","champ:MurderStrike+1","Disarm+1","champ:RisingSlash+1","champ:SwordSigil","champ:Improvising+1"],"relics":["champ:ChampionCrown","sneckomod:BlankCard","downfall:HeartBlessingRed","aspiration:ChemicalBlood","Guardian:PocketSentry","aspiration:IroncladSkillbook","hubris:EmptyBottle","downfall:HeartBlessingBlue","Bird Faced Urn","War Paint","hubris:Icosahedron","Bottled Tornado","hubris:ToyBattleship","aspiration:HummingbirdHeart","downfall:HeartBlessingGreen"],"acts_visited":["Exordium","TheCity","TheBeyond"],"potions_floor_usage":[16,16,16,16,19,21,25,25,28,28,28,28,28,28,30,30,30,30,33,33,33,33,37,37,45,45,46,46,46,48,48,50,50,50,50],"damage_taken":[{"damage":12,"enemies":"Jaw Worm","floor":2,"turns":5},{"damage":5,"enemies":"Small Slimes","floor":3,"turns":2},{"damage":18,"enemies":"Cultist","floor":4,"turns":4},{"damage":8,"enemies":"3 Louse","floor":9,"turns":3},{"damage":23,"enemies":"3 Sentries","floor":10,"turns":6},{"damage":0,"enemies":"2 Fungi Beasts","floor":14,"turns":2},{"damage":5,"enemies":"Blue Slaver","floor":15,"turns":2},{"damage":75,"enemies":"downfall:Defect","floor":16,"turns":7},{"damage":7,"enemies":"Chosen","floor":19,"turns":3},{"damage":12,"enemies":"downfall:FleeingMerchant","floor":21,"turns":4},{"damage":0,"enemies":"Spheric Guardian","floor":22,"turns":3},{"damage":6,"enemies":"Cultist and Chosen","floor":25,"turns":4},{"damage":6,"enemies":"3 Cultists","floor":27,"turns":3},{"damage":40,"enemies":"Book of Stabbing","floor":28,"turns":3},{"damage":5,"enemies":"Slavers","floor":30,"turns":3},{"damage":13,"enemies":"Centurion and Healer","floor":31,"turns":5},{"damage":4,"enemies":"Chosen and Byrds","floor":32,"turns":5},{"damage":16,"enemies":"downfall:Watcher","floor":33,"turns":8},{"damage":11,"enemies":"3 Shapes","floor":36,"turns":4},{"damage":11,"enemies":"3 Darklings","floor":37,"turns":4},{"damage":30,"enemies":"Maw","floor":38,"turns":7},{"damage":6,"enemies":"Sphere and 2 Shapes","floor":43,"turns":3},{"damage":9,"enemies":"3 Darklings","floor":45,"turns":3},{"damage":9,"enemies":"Reptomancer","floor":46,"turns":4},{"damage":29,"enemies":"Giant Head","floor":48,"turns":7},{"damage":43,"enemies":"downfall:Silent","floor":50,"turns":9}],"seed_played":"-7725447641238573055","potions_obtained":[{"floor":4,"key":"Fire Potion"},{"floor":10,"key":"SteroidPotion"},{"floor":15,"key":"Fruit Juice"},{"floor":16,"key":"SpeedPotion"},{"floor":19,"key":"FearPotion"},{"floor":25,"key":"Slimebound:ThreeZeroPotion"},{"floor":27,"key":"champ:OpenerPotion"},{"floor":28,"key":"Guardian:BlockOnCardUsePotion"},{"floor":28,"key":"BlessingOfTheForge"},{"floor":32,"key":"Ancient Potion"},{"floor":45,"key":"SkillPotion"},{"floor":46,"key":"champ:TechniquePotion"},{"floor":48,"key":"SpeedPotion"}],"is_trial":false,"path_per_floor":["R","M","M","M","?","R","T","R","M","E","R","?","R","M","M","B",null,"R","M","?","$","M","R","T","M","R","M","E","R","E","M","M","B",null,"R","M","M","M","?","?","T","?","M","R","M","E","R","E","R","B",null],"character_chosen":"THE_CHAMP","items_purchased":["hubris:EmptyBottle","Inflame"],"campfire_rested":1,"item_purchase_floors":[21,21],"current_hp_per_floor":[81,79,79,71,76,76,76,76,73,58,86,86,86,86,86,24,81,81,83,83,83,87,87,87,91,101,105,100,100,105,106,110,101,108,108,103,105,91,91,91,91,124,124,124,119,121,121,106,106,85],"gold":50,"neow_bonus":"RANDOM_COMMON_RELIC","is_daily":false,"chose_seed":false,"campfire_upgraded":11,"win_rate":0.0,"timestamp":1609297814,"path_taken":["R","M","M","M","?","R","T","R","M","E","R","?","R","?","M","BOSS","R","M","?","$","M","R","T","M","R","M","E","R","E","M","M","BOSS","R","M","M","M","?","?","T","?","M","R","M","E","R","E","R","BOSS"],"items_purchased_type":["Relic","Card"],"build_version":"2020-12-22","purchased_purges":0,"victory":true,"max_hp_per_floor":[90,90,90,90,95,95,95,95,95,95,95,95,95,95,95,100,100,100,100,100,100,100,100,100,100,110,110,110,110,110,110,110,110,110,110,110,110,110,110,110,110,124,124,124,124,124,124,124,124,124],"card_choices":[{"not_picked":["champ:DeathBlow","champ:RecklessLeap","champ:PerfectedStrike"],"picked":"SKIP","floor":2},{"not_picked":["champ:EnragedBash","champ:SkillfulDodge"],"picked":"champ:FocusedGladiator","floor":3},{"not_picked":["champ:TornadoPunch","champ:RapidStrikes","champ:GutPunch"],"picked":"SKIP","floor":4},{"not_picked":["champ:BerserkersShout","champ:ArenaPreparation"],"picked":"champ:FanOfKnives","floor":9},{"not_picked":["champ:DefensiveStyle","champ:BringItOn"],"picked":"champ:Balance","floor":10},{"not_picked":["champ:BladeFlurry","champ:AdrenalArmor"],"picked":"champ:FlashCut","floor":14},{"not_picked":["champ:FlashCut","champ:RapidStrikes"],"picked":"champ:MurderStrike","floor":15},{"not_picked":["Sword Boomerang","champ:FlashCut","champ:BringItOn"],"picked":"Flex","floor":19},{"not_picked":["champ:EnchantShield","Second Wind","Offering"],"picked":"Shrug It Off","floor":21},{"not_picked":["champ:TornadoPunch","Body Slam+1","Thunderclap+1"],"picked":"Inflame+1","floor":22},{"not_picked":["champ:BladeFlurry","hubris:SharpeningStone+1","champ:Haymaker"],"picked":"Disarm","floor":25},{"not_picked":["champ:HeartStrike","champ:FocusedBerserking","champ:Circumvent"],"picked":"Searing Blow","floor":27},{"not_picked":["Twin Strike","champ:FocusedGladiator","Seeing Red"],"picked":"Sword Boomerang","floor":28},{"not_picked":["Headbutt","Burning Pact","champ:ShieldSigil"],"picked":"Disarm+1","floor":30},{"not_picked":["champ:ShieldSigil+1","Clothesline","champ:Circumvent","Body Slam"],"picked":"SKIP","floor":31},{"not_picked":["Double Tap","champ:PerfectedStrike","Sword Boomerang","champ:GutPunch"],"picked":"SKIP","floor":32},{"not_picked":["champ:Devastate","champ:CrownThrow","Brutality"],"picked":"champ:MurderStrike","floor":33},{"not_picked":["champ:BladeFlurry","Carnage","Flex+1"],"picked":"Disarm","floor":36},{"not_picked":["Clash","champ:FlashCut+1","champ:HeartStrike"],"picked":"champ:RisingSlash+1","floor":37},{"not_picked":["champ:EnGarde","Pommel Strike+1","Clothesline"],"picked":"champ:SwordSigil","floor":38},{"not_picked":["True Grit","champ:CrookedStrike","champ:EnragedBash+1","hubris:ReadiedAction"],"picked":"SKIP","floor":43},{"not_picked":["Searing Blow+1","champ:HeavySlash","Flex+1","Pommel Strike"],"picked":"SKIP","floor":45},{"not_picked":["Warcry","champ:CrookedStrike","champ:Haymaker+1","champ:EnGarde"],"picked":"SKIP","floor":46},{"not_picked":["champ:Balance","champ:FlashCut+1","champ:SkillfulDodge"],"picked":"champ:Improvising","floor":48}],"player_experience":2409928,"relics_obtained":[{"floor":7,"key":"aspiration:ChemicalBlood"},{"floor":10,"key":"Guardian:PocketSentry"},{"floor":28,"key":"Bird Faced Urn"},{"floor":30,"key":"War Paint"},{"floor":41,"key":"Bottled Tornado"},{"floor":46,"key":"hubris:ToyBattleship"},{"floor":48,"key":"aspiration:HummingbirdHeart"}],"event_choices":[{"damage_healed":0,"gold_gain":0,"player_choice":"Donut","damage_taken":0,"max_hp_gain":5,"max_hp_loss":0,"event_name":"Big Fish","floor":5,"gold_loss":0},{"cards_removed":["Inflame"],"damage_healed":0,"gold_gain":0,"player_choice":"Removed Power","damage_taken":0,"max_hp_gain":0,"max_hp_loss":0,"event_name":"Falling","floor":40,"gold_loss":0}],"is_beta":false,"boss_relics":[{"not_picked":["Fusion Hammer","Pandora\u0027s Box"],"picked":"aspiration:IroncladSkillbook"},{"not_picked":["hubris:BlackHole","Velvet Choker","Runic Dome"]}],"items_purged_floors":[],"is_endless":false,"potions_floor_spawned":[4,10,14,15,19,25,27,28,32,45,46,48],"ascension_level":6}}