{"host":"vddkjx04kiwje1tk","time":1609320346,"event":{"mods":["AchievementEnabler","BaseMod","Colored Map","Minty Spire (QoL Compilation)","Quick Restart","SuperFastMode"],"gold_per_floor":[119,132,207,207,92,136,136,180,180,180,61,81,81,119,119,119,119],"floor_reached":16,"playtime":316,"items_purged":["Defend_B"],"score":169,"play_id":"80e5208c-89c1-45e1-9bcf-f4881d9877cf","local_time":"20201230182546","is_ascension_mode":true,"campfire_choices":[{"data":"White Noise","floor":7,"key":"SMITH"},{"floor":13,"key":"REST"},{"data":"Blizzard","floor":15,"key":"SMITH"}],"circlet_count":0,"master_deck":["Strike_B","Strike_B","Strike_B","Strike_B","Defend_B","Defend_B","Defend_B","Zap","Dualcast","Self Repair","Glacier","White Noise+1","Blizzard+1","Coolheaded","Coolheaded","Cold Snap"],"relics":["Cracked Core","NeowsBlessing","Golden Idol","Peace Pipe","Lantern","Ice Cream","Bronze Scales"],"acts_visited":["Exordium"],"potions_floor_usage":[14],"damage_taken":[{"damage":0,"enemies":"2 Louse","floor":1,"turns":1},{"damage":0,"enemies":"Small Slimes","floor":2,"turns":1},{"damage":0,"enemies":"Lagavulin","floor":6,"turns":1},{"damage":41,"enemies":"Gremlin Nob","floor":8,"turns":6},{"damage":5,"enemies":"Jaw Worm","floor":12,"turns":6},{"damage":15,"enemies":"3 Sentries","floor":14,"turns":9},{"damage":45,"enemies":"Slime Boss","floor":16,"turns":7}],"seed_played":"-5699245562190628150","potions_obtained":[{"floor":1,"key":"Ancient Potion"},{"floor":12,"key":"AttackPotion"}],"is_trial":false,"path_per_floor":["M","M","?","?","$","E","R","E","T","?","$","M","R","E","R","B"],"character_chosen":"DEFECT","items_purchased":["Glacier","Blizzard","Coolheaded"],"campfire_rested":1,"item_purchase_floors":[5,11,11],"current_hp_per_floor":[75,75,64,46,46,46,46,12,12,12,12,14,36,28,28,0,0],"gold":119,"neow_bonus":"THREE_ENEMY_KILL","is_daily":false,"chose_seed":false,"campfire_upgraded":2,"win_rate":0.0,"timestamp":1609320346,"path_taken":["M","M","?","?","?","E","R","E","T","?","$","M","R","E","R","BOSS"],"items_purchased_type":["Card","Card","Card"],"build_version":"2020-12-22","purchased_purges":1,"victory":false,"max_hp_per_floor":[75,75,75,75,75,75,75,75,75,75,75,75,75,75,75,75,75],"card_choices":[{"not_picked":["Doom and Gloom","Streamline","Gash"],"picked":"SKIP","floor":1},{"not_picked":["Stack","Rebound"],"picked":"Self Repair","floor":2},{"not_picked":["Beam Cell","Go for the Eyes"],"picked":"White Noise","floor":6},{"not_picked":["Scrape","Go for the Eyes","Aggregate"],"picked":"SKIP","floor":8},{"not_picked":["BootSequence","Barrage"],"picked":"Coolheaded","floor":12},{"not_picked":["Go for the Eyes","Ball Lightning"],"picked":"Cold Snap","floor":14}],"player_experience":230496,"relics_obtained":[{"floor":6,"key":"Peace Pipe"},{"floor":8,"key":"Lantern"},{"floor":9,"key":"Ice Cream"},{"floor":14,"key":"Bronze Scales"}],"event_choices":[{"damage_healed":0,"gold_gain":75,"player_choice":"Gather Gold","damage_taken":11,"max_hp_gain":0,"max_hp_loss":0,"event_name":"World of Goop","floor":3,"gold_loss":0},{"damage_healed":0,"gold_gain":0,"player_choice":"Take Damage","damage_taken":18,"relics_obtained":["Golden Idol"],"max_hp_gain":0,"max_hp_loss":0,"event_name":"Golden Idol","floor":4,"gold_loss":0},{"damage_healed":0,"gold_gain":0,"player_choice":"Ignored","damage_taken":0,"max_hp_gain":0,"max_hp_loss":0,"event_name":"Shining Light","floor":10,"gold_loss":0}],"is_beta":false,"boss_relics":[],"items_purged_floors":[5],"is_endless":false,"potions_floor_spawned":[1,12],"killed_by":"Slime Boss","ascension_level":4}}