{"host":"dhyczjm99amxd3qx","time":1609311145,"event":{"mods":["BaseMod","Colored Map","Googly Eyes","Highlight Path","Minty Spire (QoL Compilation)","Quick Restart","StSLib"],"gold_per_floor":[119,119,119,137,137,137,178,192,192,68,243,266,301,325,325,453,453,467,483,92,110,110,110,110],"floor_reached":23,"playtime":1181,"items_purged":["Regret","Defend_R"],"score":241,"play_id":"6d4cd45e-fc88-4377-afa6-e98838842c94","local_time":"20201230015225","is_ascension_mode":true,"campfire_choices":[{"data":"Iron Wave","floor":6,"key":"SMITH"},{"data":"Blood for Blood","floor":15,"key":"SMITH"}],"circlet_count":0,"master_deck":["Strike_R+1","Strike_R+1","Strike_R","Strike_R","Defend_R","Defend_R","Defend_R","Bash","Iron Wave+1","Blood for Blood+1","Battle Trance","Iron Wave","Dropkick","Thunderclap","Immolate","Bloodletting"],"relics":["Burning Blood","Pantograph","Golden Idol","Paper Frog","Gremlin Horn","CaptainsWheel","Empty Cage","FossilizedHelix","MutagenicStrength"],"acts_visited":["Exordium","TheCity"],"potions_floor_usage":[4,13,16,23],"damage_taken":[{"damage":4,"enemies":"Jaw Worm","floor":1,"turns":4},{"damage":9,"enemies":"Small Slimes","floor":4,"turns":3},{"damage":31,"enemies":"Gremlin Nob","floor":7,"turns":5},{"damage":0,"enemies":"2 Louse","floor":8,"turns":3},{"damage":6,"enemies":"Blue Slaver","floor":12,"turns":4},{"damage":37,"enemies":"Lagavulin","floor":13,"turns":8},{"damage":4,"enemies":"Red Slaver","floor":14,"turns":4},{"damage":25,"enemies":"Slime Boss","floor":16,"turns":7},{"damage":17,"enemies":"2 Thieves","floor":18,"turns":3},{"damage":15,"enemies":"Shell Parasite","floor":19,"turns":3},{"damage":54,"enemies":"Centurion and Healer","floor":21,"turns":7},{"damage":20,"enemies":"Gremlin Leader","floor":23,"turns":2}],"seed_played":"8097174132720163156","potions_obtained":[{"floor":1,"key":"Strength Potion"},{"floor":12,"key":"BloodPotion"},{"floor":14,"key":"LiquidMemories"},{"floor":18,"key":"LiquidBronze"},{"floor":21,"key":"Ancient Potion"}],"is_trial":false,"path_per_floor":["M","?","?","M","?","R","E","M","T","$","?","M","E","M","R","B",null,"M","M","$","M","?","E"],"character_chosen":"IRONCLAD","items_purchased":["Iron Wave","FossilizedHelix"],"campfire_rested":0,"item_purchase_floors":[10,20],"current_hp_per_floor":[88,70,70,67,67,67,42,48,48,48,48,48,33,35,35,41,81,70,61,61,13,13,0,0],"gold":110,"neow_bonus":"TEN_PERCENT_HP_BONUS","is_daily":false,"chose_seed":false,"campfire_upgraded":2,"win_rate":0.0,"timestamp":1609311145,"path_taken":["M","?","?","M","?","R","E","M","T","$","?","M","E","M","R","BOSS","M","M","$","M","?","E"],"items_purchased_type":["Card","Relic"],"build_version":"2020-12-22","purchased_purges":2,"victory":false,"max_hp_per_floor":[88,88,88,88,81,81,81,81,81,81,81,81,81,81,81,81,81,81,81,81,81,81,81,81],"card_choices":[{"not_picked":["Heavy Blade","Clothesline","Wild Strike"],"picked":"SKIP","floor":1},{"not_picked":["Dark Embrace","Pommel Strike"],"picked":"Iron Wave","floor":4},{"not_picked":["Cleave","True Grit"],"picked":"Blood for Blood","floor":7},{"not_picked":["Twin Strike","Cleave"],"picked":"Battle Trance","floor":8},{"not_picked":["Anger","True Grit"],"picked":"Dropkick","floor":12},{"not_picked":["Whirlwind","Twin Strike","Evolve"],"picked":"SKIP","floor":13},{"not_picked":["Flex","Reckless Charge"],"picked":"Thunderclap","floor":14},{"not_picked":["Fiend Fire","Limit Break"],"picked":"Immolate","floor":16},{"not_picked":["Rupture","Heavy Blade"],"picked":"Bloodletting","floor":18},{"not_picked":["Cleave","Pommel Strike","Headbutt"],"picked":"SKIP","floor":19},{"not_picked":["Evolve","Perfected Strike","Armaments"],"picked":"SKIP","floor":21}],"player_experience":206276,"relics_obtained":[{"floor":7,"key":"Paper Frog"},{"floor":9,"key":"Gremlin Horn"},{"floor":13,"key":"CaptainsWheel"}],"event_choices":[{"damage_healed":0,"gold_gain":0,"player_choice":"Entered Light","damage_taken":18,"max_hp_gain":0,"max_hp_loss":0,"event_name":"Shining Light","floor":2,"gold_loss":0,"cards_upgraded":["Strike_R","Strike_R"]},{"damage_healed":0,"gold_gain":0,"player_choice":"Box","damage_taken":0,"relics_obtained":["Pantograph"],"max_hp_gain":0,"max_hp_loss":0,"event_name":"Big Fish","floor":3,"gold_loss":0,"cards_obtained":["Regret"]},{"damage_healed":0,"gold_gain":0,"player_choice":"Lose Max HP","damage_taken":0,"relics_obtained":["Golden Idol"],"max_hp_gain":0,"max_hp_loss":7,"event_name":"Golden Idol","floor":5,"gold_loss":0},{"damage_healed":0,"gold_gain":175,"player_choice":"AGREE","damage_taken":0,"max_hp_gain":0,"max_hp_loss":0,"event_name":"Liars Game","floor":11,"gold_loss":0,"cards_obtained":["Doubt"]},{"damage_healed":0,"gold_gain":0,"player_choice":"Inject Mutagens","damage_taken":0,"relics_obtained":["MutagenicStrength"],"max_hp_gain":0,"max_hp_loss":0,"event_name":"Drug Dealer","floor":22,"gold_loss":0}],"is_beta":false,"boss_relics":[{"not_picked":["Runic Dome","Calling Bell"],"picked":"Empty Cage"}],"items_purged_floors":[10,20],"is_endless":false,"potions_floor_spawned":[1,12,14,18,21],"killed_by":"Gremlin Leader","ascension_level":4}}