{"host":"x4x6fw95e6eqd4n0","time":1609308925,"event":{"mods":["AchievementEnabler","BaseMod","Colored Map","Colored Powertips","DeckTracker","Minty Spire (QoL Compilation)","Shop Mod"],"gold_per_floor":[113,130,80,94,112,112,132,132,158,175,175,175,195,229,229,355,355,405,453,73,88,88,88,132,155,226,246,246,261,261,186,186,309,309,333,11,30,30,46,46,46,46],"floor_reached":41,"playtime":2341,"items_purged":["Strike_P","Pray"],"score":444,"play_id":"b1eb91d6-a6a3-419a-8f98-dfab3ce9ecfc","local_time":"20201230081525","is_ascension_mode":false,"campfire_choices":[{"data":"Vengeance","floor":6,"key":"SMITH"},{"data":"Study","floor":8,"key":"SMITH"},{"data":"Tantrum","floor":11,"key":"SMITH"},{"data":"DevaForm","floor":15,"key":"SMITH"},{"data":"Wish","floor":23,"key":"SMITH"},{"data":"Fasting2","floor":28,"key":"SMITH"},{"floor":30,"key":"REST"},{"data":"Mayhem","floor":32,"key":"SMITH"},{"data":"Brutality","floor":40,"key":"SMITH"}],"circlet_count":0,"master_deck":["Defend_P","Eruption+1","Vigilance","Tantrum+1","CutThroughFate","Vengeance+1","Study+1","ThirdEye","Fasting2+1","DevaForm+1","Wish+1","BattleHymn+1","SignatureMove","Streamline","Rebound+1","Discovery","Flechettes","Mayhem+1","Crescendo+1","Thinking Ahead","Halt+1","Consecrate+1","SashWhip+1","Power Through+1","Mayhem+1","Thunderclap","Brutality+1"],"relics":["PureWater","Anchor","Golden Idol","Blood Vial","Philosopher\u0027s Stone","Bag of Marbles","PrismaticShard","Dream Catcher","The Courier","Astrolabe","DollysMirror","Oddly Smooth Stone"],"acts_visited":["Exordium","TheCity","TheBeyond"],"potions_floor_usage":[14,16,16,27,29,33,37,38,41],"damage_taken":[{"damage":0,"enemies":"Jaw Worm","floor":1,"turns":3},{"damage":0,"enemies":"2 Louse","floor":2,"turns":2},{"damage":0,"enemies":"Small Slimes","floor":4,"turns":2},{"damage":15,"enemies":"3 Louse","floor":5,"turns":4},{"damage":0,"enemies":"Exordium Wildlife","floor":7,"turns":3},{"damage":1,"enemies":"2 Fungi Beasts","floor":10,"turns":3},{"damage":0,"enemies":"Red Slaver","floor":13,"turns":2},{"damage":0,"enemies":"Gremlin Nob","floor":14,"turns":2},{"damage":16,"enemies":"The Guardian","floor":16,"turns":6},{"damage":9,"enemies":"2 Thieves","floor":18,"turns":4},{"damage":13,"enemies":"3 Byrds","floor":19,"turns":5},{"damage":16,"enemies":"Centurion and Healer","floor":21,"turns":3},{"damage":16,"enemies":"Book of Stabbing","floor":24,"turns":4},{"damage":0,"enemies":"Snake Plant","floor":25,"turns":2},{"damage":1,"enemies":"Shelled Parasite and Fungi","floor":27,"turns":3},{"damage":16,"enemies":"3 Cultists","floor":29,"turns":4},{"damage":14,"enemies":"Collector","floor":33,"turns":6},{"damage":6,"enemies":"Orb Walker","floor":35,"turns":3},{"damage":15,"enemies":"3 Shapes","floor":37,"turns":3},{"damage":0,"enemies":"Sphere and 2 Shapes","floor":38,"turns":1},{"damage":7,"enemies":"Spire Growth","floor":39,"turns":3},{"damage":80,"enemies":"Reptomancer","floor":41,"turns":6}],"seed_played":"3322795458559549845","potions_obtained":[{"floor":1,"key":"Ambrosia"},{"floor":2,"key":"Weak Potion"},{"floor":7,"key":"SpeedPotion"},{"floor":14,"key":"EssenceOfSteel"},{"floor":16,"key":"Fire Potion"},{"floor":18,"key":"SmokeBomb"},{"floor":27,"key":"Block Potion"},{"floor":35,"key":"LiquidMemories"},{"floor":39,"key":"Dexterity Potion"}],"is_trial":false,"path_per_floor":["M","M","?","M","M","R","M","R","T","M","R","?","M","E","R","B",null,"M","M","$","M","?","R","E","M","T","M","R","M","R","?","R","B",null,"M","$","M","M","M","R","E"],"character_chosen":"WATCHER","items_purchased":["Bag of Marbles","PrismaticShard","DollysMirror","Oddly Smooth Stone"],"campfire_rested":1,"item_purchase_floors":[20,20,36,36],"current_hp_per_floor":[72,72,72,72,57,57,57,57,57,56,56,38,38,38,38,24,72,63,52,52,38,38,38,24,26,26,27,27,13,34,34,34,22,72,66,66,53,55,50,50,0,0],"gold":46,"neow_bonus":"UPGRADE_CARD","is_daily":false,"chose_seed":false,"campfire_upgraded":8,"win_rate":0.0,"timestamp":1609308925,"path_taken":["M","M","?","M","M","R","M","R","T","M","R","?","M","E","R","BOSS","M","M","$","M","?","R","E","M","T","M","R","M","R","?","R","BOSS","M","$","M","M","M","R","E"],"items_purchased_type":["Relic","Relic","Relic","Relic"],"build_version":"2020-12-13","purchased_purges":2,"victory":false,"max_hp_per_floor":[72,72,72,72,72,72,72,72,72,72,72,72,72,72,72,72,72,72,72,72,72,72,72,72,72,72,72,72,72,72,72,72,72,72,72,72,72,72,72,72,72,72],"card_choices":[{"not_picked":["FlyingSleeves","SashWhip"],"picked":"Pray","floor":1},{"not_picked":["Crescendo","Weave"],"picked":"Tantrum","floor":2},{"not_picked":["ClearTheMind","CrushJoints"],"picked":"CutThroughFate","floor":4},{"not_picked":["Sanctity","ThirdEye"],"picked":"Vengeance","floor":5},{"not_picked":["FlyingSleeves","WaveOfTheHand"],"picked":"Study","floor":7},{"not_picked":["JustLucky","Halt"],"picked":"ThirdEye","floor":10},{"not_picked":["FlyingSleeves","Consecrate"],"picked":"Fasting2","floor":13},{"not_picked":["FlyingSleeves","CutThroughFate"],"picked":"DevaForm","floor":14},{"not_picked":["MasterReality","SpiritShield"],"picked":"Wish","floor":16},{"not_picked":["Crescendo","Protect"],"picked":"BattleHymn+1","floor":18},{"not_picked":["CutThroughFate","EmptyFist"],"picked":"SignatureMove","floor":19},{"not_picked":["Cleave","Dagger Spray"],"picked":"Streamline","floor":21},{"not_picked":["Static Discharge","SashWhip"],"picked":"Rebound+1","floor":24},{"not_picked":["Study","Capacitor"],"picked":"Discovery","floor":25},{"not_picked":["Sucker Punch","Mind Blast"],"picked":"Flechettes","floor":27},{"not_picked":["Armaments","Shockwave"],"picked":"Mayhem","floor":29},{"not_picked":["Whirlwind","Intimidate"],"picked":"Crescendo+1","floor":30},{"not_picked":["Sadistic Nature","The Bomb"],"picked":"Thinking Ahead","floor":33},{"not_picked":["Leap+1","Pommel Strike"],"picked":"Power Through+1","floor":35},{"not_picked":["Consecrate","Cleave"],"picked":"Thunderclap","floor":37},{"not_picked":["Jack Of All Trades+1","Clash"],"picked":"Brutality","floor":39}],"player_experience":92421,"relics_obtained":[{"floor":9,"key":"Anchor"},{"floor":14,"key":"Blood Vial"},{"floor":24,"key":"Dream Catcher"},{"floor":26,"key":"The Courier"}],"event_choices":[{"cards_removed":["Strike_P"],"damage_healed":0,"gold_gain":0,"player_choice":"Card Removal","damage_taken":0,"max_hp_gain":0,"max_hp_loss":0,"event_name":"The Cleric","floor":3,"gold_loss":50},{"damage_healed":0,"gold_gain":0,"player_choice":"Take Damage","damage_taken":18,"relics_obtained":["Golden Idol"],"max_hp_gain":0,"max_hp_loss":0,"event_name":"Golden Idol","floor":12,"gold_loss":0},{"cards_removed":["Strike_P"],"damage_healed":0,"gold_gain":0,"player_choice":"Elegance","damage_taken":0,"max_hp_gain":0,"max_hp_loss":0,"event_name":"Back to Basics","floor":22,"gold_loss":0},{"cards_removed":["Strike_P"],"damage_healed":0,"gold_gain":0,"player_choice":"Gave Gold","damage_taken":0,"max_hp_gain":0,"max_hp_loss":0,"event_name":"Beggar","floor":31,"gold_loss":75}],"is_beta":false,"boss_relics":[{"not_picked":["Ectoplasm","Velvet Choker"],"picked":"Philosopher\u0027s Stone"},{"not_picked":["Tiny House","Pandora\u0027s Box"],"picked":"Astrolabe"}],"items_purged_floors":[20,36],"is_endless":false,"potions_floor_spawned":[1,2,7,14,16,18,27,35,38,39],"killed_by":"Reptomancer","ascension_level":0}}