{"host":"l60rmjjsfi0fipmi","time":1609288253,"event":{"mods":["BaseMod","Colored Map","DeckTracker","Highlight Path","Minty Spire (QoL Compilation)"],"gold_per_floor":[117,117,82,101,113,113,138,63,63,63,79,90,102,183,183,195,195,213,226,226,241,260,260,278,278,278],"floor_reached":25,"playtime":2953,"items_purged":["Strike_R"],"score":219,"play_id":"98a02c11-1033-4ec0-80fe-9541300b79bc","local_time":"20201229193053","is_ascension_mode":true,"campfire_choices":[{"data":"Anger","floor":6.0,"key":"SMITH"},{"data":"Havoc","floor":10.0,"key":"SMITH"},{"floor":15,"key":"REST"},{"floor":23,"key":"REST"}],"circlet_count":0,"master_deck":["Strike_R","Strike_R","Defend_R","Defend_R+1","Defend_R","Defend_R","Bash","Sentinel+1","Shrug It Off","Heavy Blade","Uppercut","Anger+1","Havoc+1","Dual Wield","Demon Form","Headbutt","Battle Trance","Pommel Strike+1"],"relics":["Burning Blood","Pear","Lantern","StoneCalendar","Oddly Smooth Stone","SacredBark"],"acts_visited":["Exordium","TheCity"],"potions_floor_usage":[21,22,25],"damage_taken":[{"damage":35.0,"enemies":"Cultist","floor":1.0,"turns":9.0},{"damage":0.0,"enemies":"Small Slimes","floor":4.0,"turns":3.0},{"damage":0.0,"enemies":"Jaw Worm","floor":5.0,"turns":3.0},{"damage":19.0,"enemies":"Lagavulin","floor":7.0,"turns":8.0},{"damage":4.0,"enemies":"Blue Slaver","floor":11.0,"turns":3.0},{"damage":12.0,"enemies":"Exordium Wildlife","floor":12.0,"turns":4.0},{"damage":0.0,"enemies":"Red Slaver","floor":13.0,"turns":2.0},{"damage":22.0,"enemies":"Lagavulin Event","floor":14.0,"turns":7.0},{"damage":23,"enemies":"Slime Boss","floor":16,"turns":7},{"damage":10,"enemies":"2 Thieves","floor":18,"turns":5},{"damage":14,"enemies":"Shell Parasite","floor":19,"turns":5},{"damage":57,"enemies":"3 Cultists","floor":21,"turns":7},{"damage":1,"enemies":"Centurion and Healer","floor":22,"turns":7},{"damage":14,"enemies":"Sentry and Sphere","floor":24,"turns":5},{"damage":54,"enemies":"Book of Stabbing","floor":25,"turns":6}],"seed_played":"-7044307309429335428","potions_obtained":[{"floor":1.0,"key":"DistilledChaos"},{"floor":5.0,"key":"DistilledChaos"},{"floor":7.0,"key":"Strength Potion"},{"floor":19,"key":"Explosive Potion"},{"floor":20,"key":"ColorlessPotion"},{"floor":20,"key":"HeartOfIron"},{"floor":21,"key":"DistilledChaos"},{"floor":22,"key":"FearPotion"},{"floor":24,"key":"SkillPotion"}],"is_trial":false,"path_per_floor":["M","?","?","M","M","R","E","$","T","R","M","M","M","?","R","B",null,"M","M","?","M","M","R","M","E"],"character_chosen":"IRONCLAD","items_purchased":[],"campfire_rested":2,"item_purchase_floors":[],"current_hp_per_floor":[27,11,31,37,43,43,40,40,40,40,42,36,42,26,53,36,90,86,78,78,27,32,59,51,0,0],"gold":278,"neow_bonus":"TRANSFORM_TWO_CARDS","is_daily":false,"chose_seed":false,"campfire_upgraded":2,"win_rate":0.0,"timestamp":1609288253,"path_taken":["M","?","?","M","M","R","E","$","T","R","M","M","M","?","R","BOSS","M","M","?","?","M","R","M","E"],"items_purchased_type":[],"build_version":"2020-12-22","purchased_purges":1,"victory":false,"max_hp_per_floor":[80,80,80,80,80,80,90,90,90,90,90,90,90,90,90,90,90,90,90,90,90,90,90,90,90,90],"card_choices":[{"not_picked":["Power Through","Dropkick"],"picked":"Heavy Blade","floor":1.0},{"not_picked":["Flex","Blood for Blood"],"picked":"Uppercut","floor":4.0},{"not_picked":["Rampage","Shockwave"],"picked":"Anger","floor":5.0},{"not_picked":["Wild Strike","Reaper"],"picked":"Havoc","floor":7.0},{"not_picked":["Thunderclap","Pommel Strike","Clash"],"picked":"SKIP","floor":11.0},{"not_picked":["Rampage","Sword Boomerang"],"picked":"Dual Wield","floor":12.0},{"not_picked":["Body Slam","Sever Soul","Anger"],"picked":"SKIP","floor":13.0},{"not_picked":["Feed","Barricade"],"picked":"Demon Form","floor":16},{"not_picked":["Flame Barrier+1","Feel No Pain","True Grit"],"picked":"SKIP","floor":18},{"not_picked":["Cleave","Sentinel+1"],"picked":"Headbutt","floor":19},{"not_picked":["Anger","Pommel Strike"],"picked":"Battle Trance","floor":21},{"not_picked":["Battle Trance+1","Uppercut","Perfected Strike"],"picked":"SKIP","floor":22},{"not_picked":["Combust+1","Power Through+1"],"picked":"Pommel Strike+1","floor":24}],"player_experience":92432,"relics_obtained":[{"floor":7.0,"key":"Pear"},{"floor":9.0,"key":"Lantern"},{"floor":14,"key":"Oddly Smooth Stone"}],"event_choices":[{"damage_healed":0.0,"max_hp_gain":0.0,"max_hp_loss":0.0,"gold_gain":0.0,"event_name":"Shining Light","player_choice":"Entered Light","floor":2.0,"gold_loss":0.0,"damage_taken":16.0,"cards_upgraded":["Defend_R","Sentinel"]},{"damage_healed":20.0,"max_hp_gain":0.0,"max_hp_loss":0.0,"gold_gain":0.0,"event_name":"The Cleric","player_choice":"Healed","floor":3.0,"gold_loss":35.0,"damage_taken":0.0},{"damage_healed":0.0,"max_hp_gain":0.0,"max_hp_loss":0.0,"gold_gain":0.0,"event_name":"Dead Adventurer","player_choice":"Searched \u00272\u0027 times","floor":14.0,"gold_loss":0.0,"damage_taken":0.0,"relics_obtained":["StoneCalendar"]},{"damage_healed":0,"gold_gain":0,"player_choice":"Got Potions","damage_taken":0,"max_hp_gain":0,"max_hp_loss":0,"event_name":"Lab","floor":20,"gold_loss":0}],"is_beta":false,"boss_relics":[{"not_picked":["Ectoplasm","Philosopher\u0027s Stone"],"picked":"SacredBark"}],"items_purged_floors":[8],"is_endless":false,"potions_floor_spawned":[1,5,7,19,21,22,24],"killed_by":"Book of Stabbing","ascension_level":1}}