{"host":"79pwvnyrdes6uj7k","time":1609291575,"event":{"mods":["2.2 Compatiblity","Astrologer","BaseMod","Beaked The Cultist","Colored Powertips","Downfall","Exacting","Friendly Minions","HexUI Lib","Highlight Path","Hubris","Infinite Spire","JesterMod","Mad Scientist","Mimic Mod","Minty Spire (QoL Compilation)","Random Character Button","Replay The Spire","Reworked Bosses","Shop Mod","Somnambulant","StSLib","The Cursed","The Disciple","The Factory","The Judge","The Jungle","The Marked","The Poker Player","The Runesmith","TheHeartMod"],"gold_per_floor":[99,114,134,150,250,175,224,257,309,335,18,37,55,88,104,104,104,104],"floor_reached":16,"playtime":1184,"items_purged":[],"score":114,"play_id":"5a177b18-5c31-4975-9644-4cf9f4be3f88","local_time":"20201229192615","is_ascension_mode":false,"campfire_choices":[{"floor":1,"key":"RECALL"},{"data":"hexamod:Float","floor":6,"key":"SMITH"}],"circlet_count":0,"master_deck":["hexamod:Strike","hexamod:Strike","hexamod:Strike","hexamod:Strike+1","hexamod:Defend","hexamod:Defend","hexamod:Defend","hexamod:Defend","hexamod:Sear","hexamod:Float+1","hexamod:GhostflameBarrier+1","hexamod:SpectersWail+1","hexamod:Incineration","hexamod:ChargedBarrage","ReplayTheSpireMod:Splinters","hexamod:ExtraCrispy","hexamod:ExtraCrispy","hexamod:RainOfEmbers","hexamod:SearingWound+1","hexamod:FirstSeal","hexamod:DynamicBlow","hexamod:StepThrough","hexamod:GhostflameInferno"],"relics":["infinitespire:Satchel","MadScienceMod:SignalFlag","Red Mask","Guide Book","Whetstone","infinitespire:Chaos","Tiny Chest"],"acts_visited":["Exordium"],"potions_floor_usage":[14,16,16],"damage_taken":[{"damage":0,"enemies":"Cultist","floor":2,"turns":3},{"damage":0,"enemies":"2 Louse","floor":3,"turns":3},{"damage":5,"enemies":"Jaw Worm","floor":4,"turns":3},{"damage":2,"enemies":"Lagavulin","floor":8,"turns":3},{"damage":3,"enemies":"2 Fungi Beasts","floor":10,"turns":2},{"damage":10,"enemies":"downfall:FleeingMerchant","floor":11,"turns":4},{"damage":17,"enemies":"Blue Slaver","floor":12,"turns":3},{"damage":0,"enemies":"Large Slime","floor":13,"turns":4},{"damage":23,"enemies":"3 Sentries","floor":14,"turns":5},{"damage":16,"enemies":"3 Louse","floor":15,"turns":3},{"damage":22,"enemies":"downfall:Silent","floor":16,"turns":3}],"seed_played":"-650385317117474222","potions_obtained":[{"floor":2,"key":"SteroidPotion"},{"floor":3,"key":"PowerPotion"},{"floor":9,"key":"LifebloodPotion"},{"floor":14,"key":"PowerPotion"}],"is_trial":false,"path_per_floor":["R","M","M","M","?","R","T","E","?","M","$","M","M","E","M","B"],"character_chosen":"THE_SPIRIT","items_purchased":["hexamod:SearingWound","infinitespire:Chaos"],"campfire_rested":0,"item_purchase_floors":[11,11],"current_hp_per_floor":[77,77,77,72,72,72,72,70,70,67,57,40,47,31,22,0,0,0],"gold":104,"neow_bonus":"TEN_PERCENT_HP_BONUS","is_daily":false,"chose_seed":false,"campfire_upgraded":1,"win_rate":0.0,"timestamp":1609291575,"path_taken":["R","M","M","M","?","R","T","E","?","?","?","M","M","E","M","BOSS"],"items_purchased_type":["Card","Relic"],"build_version":"2020-12-22","purchased_purges":0,"victory":false,"max_hp_per_floor":[77,77,77,77,77,77,77,77,77,77,77,77,77,77,77,77,77,77],"card_choices":[{"not_picked":["hexamod:AdvancingGuard","hexamod:HeatShield"],"picked":"hexamod:GhostflameBarrier","floor":2},{"not_picked":["hexamod:AdvancingGuard","hexamod:Hexaguard"],"picked":"hexamod:SpectersWail","floor":3},{"not_picked":["hexamod:SwordOfDarkness","hexamod:HeatMetal"],"picked":"hexamod:Incineration","floor":4},{"not_picked":["hexamod:FastForward","hexamod:NightmareGuise"],"picked":"hexamod:ChargedBarrage","floor":8},{"not_picked":["hexamod:ChargedBarrage","hexamod:PowerFromBeyond"],"picked":"hexamod:ExtraCrispy","floor":9},{"not_picked":["hexamod:StepThrough","hexamod:NightmareStrike"],"picked":"hexamod:ExtraCrispy","floor":10},{"not_picked":["hexamod:Again","hexamod:FastForward"],"picked":"hexamod:RainOfEmbers","floor":11},{"not_picked":["hexamod:NightmareStrike","hexamod:ShieldOfDarkness"],"picked":"hexamod:FirstSeal","floor":12},{"not_picked":["hexamod:InspiringFlames","hexamod:NightmareGuise"],"picked":"hexamod:DynamicBlow","floor":13},{"not_picked":["hexamod:Firestarter","hexamod:NightmareGuise"],"picked":"hexamod:StepThrough","floor":14},{"not_picked":["hexamod:HauntingEcho","hexamod:CatchUp"],"picked":"hexamod:GhostflameInferno","floor":15}],"player_experience":346424,"relics_obtained":[{"floor":7,"key":"PreservedInsect"},{"floor":8,"key":"infinitespire:Joker Card"},{"floor":9,"key":"InkBottle"},{"floor":14,"key":"Tiny Chest"}],"event_choices":[],"is_beta":false,"boss_relics":[],"items_purged_floors":[],"is_endless":false,"potions_floor_spawned":[2,3,14],"killed_by":"downfall:Silent","ascension_level":0}}