{"host":"79pwvnyrdes6uj7k","time":1609293320,"event":{"mods":["2.2 Compatiblity","Astrologer","BaseMod","Beaked The Cultist","Colored Powertips","Downfall","Exacting","Friendly Minions","HexUI Lib","Highlight Path","Hubris","Infinite Spire","JesterMod","Mad Scientist","Mimic Mod","Minty Spire (QoL Compilation)","Random Character Button","Replay The Spire","Reworked Bosses","Shop Mod","Somnambulant","StSLib","The Cursed","The Disciple","The Factory","The Judge","The Jungle","The Marked","The Poker Player","The Runesmith","TheHeartMod"],"gold_per_floor":[99,99,99,99,200,235,235,249,260,286,211,211,222,222,240,340,340,340,358,370,470,470,470,519,551,476,503,529,529,529,529],"floor_reached":29,"playtime":1506,"items_purged":[],"score":284,"play_id":"b649daa5-28a3-486d-ad58-9a15ab8b0058","local_time":"20201229195520","is_ascension_mode":false,"campfire_choices":[{"floor":1,"key":"RECALL"},{"data":"champ:Taunt","floor":11,"key":"SMITH"},{"data":"champ:HeavySlash","floor":18,"key":"SMITH"},{"data":"champ:BerserkerStyle","floor":26,"key":"SMITH"}],"circlet_count":0,"master_deck":["champ:Strike","champ:Strike","champ:Strike","champ:Strike","champ:Defend","champ:Defend","champ:Defend","champ:Defend","champ:Execute","champ:Taunt+1","Pain","champ:PerfectedStrike","champ:PerfectedStrike","ReplayTheSpireMod:Splinters","champ:ShieldWall","champ:PerfectedStrike","champ:HoldFirm","champ:BerserkerStyle+1","champ:ShieldSigil","champ:RageSigil","champ:EndlessRage","champ:RisingSlash","champ:HeavySlash+1","champ:SwordSigil","champ:BerserkersShout","champ:AdrenalArmor","RitualDagger","champ:BerserkersShout","champ:Devastate"],"relics":["champ:ChampionCrown","downfall:HeartsMalice","WarpedTongs","Vajra","Lizard Tail","hubris:TenFootPole","downfall:HeartBlessingRed","beaked:MawFillet","hubris:Towel","Simple Rune","downfall:HeartBlessingBlue","hubris:SlimyHat","White Beast Statue"],"acts_visited":["Exordium","TheCity"],"potions_floor_usage":[16,16,16,25,25],"damage_taken":[{"damage":0,"enemies":"Cultist","floor":3,"turns":1},{"damage":0,"enemies":"2 Louse","floor":4,"turns":1},{"damage":0,"enemies":"Lagavulin","floor":6,"turns":1},{"damage":6,"enemies":"Small Slimes","floor":8,"turns":2},{"damage":16,"enemies":"Red Slaver","floor":9,"turns":4},{"damage":1,"enemies":"2 Fungi Beasts","floor":10,"turns":3},{"damage":4,"enemies":"3 Louse","floor":13,"turns":3},{"damage":10,"enemies":"Red Slaver","floor":15,"turns":2},{"damage":75,"enemies":"downfall:Silent","floor":16,"turns":7},{"damage":14,"enemies":"Chosen","floor":19,"turns":4},{"damage":48,"enemies":"3 Byrds","floor":20,"turns":6},{"damage":31,"enemies":"Slavers","floor":25,"turns":7},{"damage":47,"enemies":"Replay:Snechameleon","floor":28,"turns":5},{"damage":29,"enemies":"Centurion and Healer","floor":29,"turns":2}],"seed_played":"-4528262484338756048","potions_obtained":[{"floor":8,"key":"Languid Potion"},{"floor":9,"key":"Guardian:BlockOnCardUsePotion"},{"floor":12,"key":"LiquidBronze"},{"floor":12,"key":"CultistPotion"},{"floor":16,"key":"LiquidMemories"},{"floor":19,"key":"Milkshake"},{"floor":20,"key":"Block Potion"}],"is_trial":false,"path_per_floor":["R","?","M","M","?","E","T","M","M","M","R","?","M","?","M","B",null,"R","M","M","?","?","?","T","E","R","T","E","M"],"character_chosen":"THE_CHAMP","items_purchased":[],"campfire_rested":0,"item_purchase_floors":[],"current_hp_per_floor":[90,90,90,90,90,90,90,84,70,69,69,69,68,66,56,5,90,90,76,28,28,25,25,25,50,60,60,29,0,0,0],"gold":529,"neow_bonus":"THREE_ENEMY_KILL","is_daily":false,"chose_seed":false,"campfire_upgraded":3,"win_rate":0.0,"timestamp":1609293320,"path_taken":["R","?","M","?","?","E","T","M","M","M","R","?","?","?","M","BOSS","R","M","M","?","?","?","T","E","R","?","E","M"],"items_purchased_type":[],"build_version":"2020-12-22","purchased_purges":0,"victory":false,"max_hp_per_floor":[90,90,90,90,90,90,90,90,90,90,90,90,90,90,90,90,90,90,90,90,90,90,90,90,90,100,100,100,100,100,100],"card_choices":[{"not_picked":["champ:BladeFlurry","champ:EnGarde"],"picked":"champ:PerfectedStrike","floor":3},{"not_picked":["champ:ViciousMockery","champ:AdrenalArmor"],"picked":"champ:PerfectedStrike","floor":4},{"not_picked":["champ:ShieldSigil","champ:FaceSlap"],"picked":"champ:ShieldWall","floor":5},{"not_picked":["champ:EndlessRage","champ:RisingSlash"],"picked":"champ:PerfectedStrike","floor":5},{"not_picked":["champ:GladiatorsShout","champ:Duel"],"picked":"champ:HoldFirm","floor":6},{"not_picked":["champ:FanOfKnives","champ:RisingSlash"],"picked":"champ:BerserkerStyle","floor":8},{"not_picked":["champ:DefensiveShout","champ:SkillfulDodge"],"picked":"champ:ShieldSigil","floor":9},{"not_picked":["champ:GladiatorsShout","champ:Haymaker"],"picked":"champ:RageSigil","floor":10},{"not_picked":["champ:Circumvent","champ:GladiatorsShout"],"picked":"champ:EndlessRage","floor":13},{"not_picked":["champ:DefensiveShout","champ:ViciousMockery"],"picked":"champ:RisingSlash","floor":15},{"not_picked":["champ:DancingMaster","champ:ShieldThrow"],"picked":"champ:HeavySlash","floor":16},{"not_picked":["champ:Circumvent","champ:ViciousMockery"],"picked":"champ:SwordSigil","floor":19},{"not_picked":["champ:FocusedGladiator","champ:Haymaker"],"picked":"champ:BerserkersShout","floor":20},{"not_picked":["champ:TornadoPunch","champ:EnGarde"],"picked":"champ:AdrenalArmor","floor":20},{"not_picked":["champ:ShieldWall","champ:ShieldSigil"],"picked":"champ:BerserkersShout","floor":25},{"not_picked":["champ:FanOfKnives","champ:Haymaker"],"picked":"champ:Devastate","floor":28}],"player_experience":347782,"relics_obtained":[{"floor":5,"key":"Vajra"},{"floor":6,"key":"Lizard Tail"},{"floor":7,"key":"hubris:TenFootPole"},{"floor":25,"key":"Simple Rune"},{"floor":27,"key":"hubris:SlimyHat"},{"floor":28,"key":"White Beast Statue"}],"event_choices":[{"damage_healed":0,"gold_gain":0,"player_choice":"Rummage","damage_taken":0,"relics_obtained":["WarpedTongs"],"max_hp_gain":0,"max_hp_loss":0,"event_name":"Accursed Blacksmith","floor":2,"gold_loss":0,"cards_obtained":["Pain"]},{"damage_healed":0,"gold_gain":0,"player_choice":"Got Potions","damage_taken":0,"max_hp_gain":0,"max_hp_loss":0,"event_name":"Lab","floor":12,"gold_loss":0}],"is_beta":false,"boss_relics":[{"not_picked":["Busted Crown","SacredBark"],"picked":"beaked:MawFillet"}],"items_purged_floors":[],"is_endless":false,"potions_floor_spawned":[8,9,13,16,19,20],"killed_by":"Centurion and Healer","ascension_level":0}}