{"host":"2lvuisjyit3p3u01","time":1609353233,"event":{"mods":["Act Like it!","BaseMod","Bestiary","Better Synergies","CapriCore","Colored Map","Colored Powertips","Gensokyo","GifTheSpireLib","Marisa????????","Minty Spire (QoL Compilation)","Quick Restart","Remilia??????","Replay The Spire","StSLib","The Servant 0.9.4"],"gold_per_floor":[119,4,29,29,46,46,56,56,56,56,74,74,99,113,113,215,215,227,247,21,21,41,41,76,96,96,110,110,110,110,142,142,142,142],"floor_reached":33,"playtime":2162,"items_purged":[],"score":320,"play_id":"d5b56e07-942c-4310-ba72-64c0d6795c3f","local_time":"20201230203353","is_ascension_mode":false,"campfire_choices":[{"data":"EternalNight","floor":8.0,"key":"SMITH"},{"data":"DiffusionOfMisfortune","floor":10.0,"key":"SMITH"},{"data":"VampirishNight","floor":12,"key":"SMITH"},{"data":"MastersStateliness","floor":15,"key":"SMITH"},{"floor":23,"key":"REST"},{"floor":29,"key":"REST"},{"data":"Gensokyo:Kunekune","floor":32,"key":"SMITH"}],"circlet_count":0,"master_deck":["Strike_RM","Strike_RM","Strike_RM","Strike_RM","Defend_RM","Defend_RM","Defend_RM","Defend_RM","RedMoon","ScarletShoot","BloodyCatastrophe","EternalNight+1","StarOfDavid+1","VampirishNight+1","BombardNight","VampireFantasy","DiffusionOfMisfortune+1","BloodyTrap","MastersStateliness+1","LeisurelyOfLord","DiffusionOfMisfortune+1","Gensokyo:Kunekune+1","AfternoonTea+1","NightDance"],"relics":["ScarletHat","The Courier","Letter Opener","Replay:Baseball","Turnip","ScarletEmblem","Sling","TypeBBloodRedTea","Bottled Flame","Replay:Mystery Machine","BranchBurnRelic"],"acts_visited":["Gensokyo:Gensokyo","Gensokyo:Gensokyoer"],"potions_floor_usage":[14,27,27,31],"damage_taken":[{"damage":0.0,"enemies":"Gensokyo:3_Fairies","floor":1.0,"turns":4.0},{"damage":8.0,"enemies":"Gensokyo:Mamizou","floor":3.0,"turns":16.0},{"damage":4.0,"enemies":"Gensokyo:Python","floor":5.0,"turns":3.0},{"damage":4.0,"enemies":"Gensokyo:2_Kodama","floor":7.0,"turns":1.0},{"damage":0,"enemies":"Gensokyo:Kitsune","floor":11,"turns":1},{"damage":12,"enemies":"Gensokyo:Mamizou","floor":13,"turns":7},{"damage":4,"enemies":"Gensokyo:5_Fairies","floor":14,"turns":3},{"damage":40,"enemies":"Gensokyo:Reimu","floor":16,"turns":11},{"damage":18,"enemies":"Gensokyo:Chomper","floor":18,"turns":3},{"damage":0,"enemies":"Gensokyo:2_Gloops","floor":19,"turns":3},{"damage":13,"enemies":"Gensokyo:Slime_Group","floor":22,"turns":4},{"damage":0,"enemies":"Gensokyo:Tenshi","floor":24,"turns":2},{"damage":0,"enemies":"Gensokyo:Chomper_and_Gloop","floor":25,"turns":4},{"damage":29,"enemies":"Gensokyo:Mirror_and_Dog","floor":27,"turns":4},{"damage":18,"enemies":"Gensokyo:Koishi","floor":31,"turns":3},{"damage":126,"enemies":"Gensokyo:Eternal_Rivals","floor":33,"turns":10}],"seed_played":"-5203857106204633803","potions_obtained":[{"floor":1.0,"key":"Flashbang"},{"floor":3.0,"key":"DistilledChaos"},{"floor":13,"key":"SpeedPotion"},{"floor":22,"key":"Toxic Potion"},{"floor":25,"key":"FearPotion"},{"floor":27,"key":"Toxic Potion"}],"is_trial":false,"path_per_floor":["M","COS","?","$","M","?","M","R","T","R","M","R","E","M","R_BF","B",null,"M","M","COS","?","M","R","E","M","T","M","?","R","?","E","R","B"],"character_chosen":"REMILIA","items_purchased":[],"campfire_rested":2,"item_purchase_floors":[],"current_hp_per_floor":[75,75,74,74,73,73,69,69,69,69,71,71,67,65,65,45,75,63,70,70,68,57,68,68,68,68,41,41,61,61,58,58,0,0],"gold":142,"neow_bonus":"ONE_RANDOM_RARE_CARD","is_daily":false,"chose_seed":false,"campfire_upgraded":5,"win_rate":0.0,"timestamp":1609353233,"path_taken":["M","COS","?","$","M","?","M","R","T","R","M","R","E","M","R_BF","BOSS","M","M","COS","?","M","R","E","?","T","M","?","R","?","E","R","BOSS"],"items_purchased_type":[],"build_version":"2020-12-22","purchased_purges":0,"victory":false,"max_hp_per_floor":[75,75,75,75,75,75,75,75,75,75,75,75,75,75,75,75,75,75,75,75,68,68,68,68,68,68,68,68,68,68,68,68,68,68],"card_choices":[{"not_picked":["ScarletGensokyo","RedRainbow"],"picked":"EternalNight","floor":1.0},{"not_picked":["RedMagic+1","EndlessAdversity+1"],"picked":"StarOfDavid+1","floor":3.0},{"not_picked":["ReincarnationDial","Ultimatum"],"picked":"VampirishNight","floor":3.0},{"not_picked":["MastersStateliness","UnstableMagic"],"picked":"BombardNight","floor":5.0},{"not_picked":["StarOfDavid","ScarletImprint"],"picked":"VampireFantasy","floor":6.0},{"not_picked":["EndlessAdversity","Stigmanizer"],"picked":"DiffusionOfMisfortune","floor":6.0},{"not_picked":["BloodyMagicSquare","ReincarnationDial","TwelveNightmare"],"picked":"SKIP","floor":7.0},{"not_picked":["CharismaGuard","VampireKiss"],"picked":"BloodyTrap","floor":11},{"not_picked":["UltimateOffering","TricksterDevil"],"picked":"MastersStateliness","floor":13},{"not_picked":["Stigmanizer","StarOfDavid"],"picked":"LeisurelyOfLord","floor":14},{"not_picked":["BlasphemousPunishment","MastersStateliness","BloodyMagicSquare"],"picked":"SKIP","floor":18},{"not_picked":["EternalNight+1","BombardNight"],"picked":"DiffusionOfMisfortune+1","floor":19},{"not_picked":["Gensokyo:MonkeysPaw","Gensokyo:MenInBlack"],"picked":"Gensokyo:Kunekune","floor":21},{"not_picked":["BatForm","BombardNight","EndlessAdversity+1"],"picked":"SKIP","floor":22},{"not_picked":["ScarletImprint","EmergencyRegeneration"],"picked":"AfternoonTea+1","floor":24},{"not_picked":["Septette","EquivalentExchange"],"picked":"NightDance","floor":25},{"not_picked":["BloodyTrap","DiffusionOfMisfortune","VampireKiss"],"picked":"SKIP","floor":27},{"not_picked":["ScarletDevil","BloodRain","EternalNight"],"picked":"SKIP","floor":31}],"player_experience":209764,"relics_obtained":[{"floor":3.0,"key":"The Courier"},{"floor":9.0,"key":"Letter Opener"},{"floor":13,"key":"Replay:Baseball"},{"floor":24,"key":"TypeBBloodRedTea"},{"floor":26,"key":"Bottled Flame"},{"floor":31,"key":"Replay:Mystery Machine"}],"event_choices":[],"is_beta":false,"boss_relics":[{"not_picked":["Replay:Bronze Core","Replay:Wanted Poster"],"picked":"ScarletEmblem"}],"items_purged_floors":[],"is_endless":false,"potions_floor_spawned":[1,3,13,22,25,27],"killed_by":"Gensokyo:Eternal_Rivals","ascension_level":0}}