{"host":"ssbj2e5691x5ub3h","time":1609332200,"event":{"mods":["BaseMod","Duelist Mod","Minty Spire (QoL Compilation)","StSLib"],"gold_per_floor":[145,160,171,246,256,291,307,307,307,307,338,338,351,363,363,435,435,451,462,462,482,501,551,566,566,566,593,611,401,426,426,426,501,551,564,21,36,47,47,47],"floor_reached":39,"playtime":2487,"items_purged":["theDuelist:Sparks"],"score":809,"play_id":"71c74f2a-a0dc-4c0d-adaf-33c8ec692924","local_time":"20201230104320","is_ascension_mode":true,"campfire_choices":[{"floor":8,"key":"REST"},{"data":"theDuelist:TyrantWing","floor":10,"key":"SMITH"},{"data":"theDuelist:CyberDragonCore","floor":12,"key":"SMITH"},{"floor":15,"key":"REST"},{"floor":25,"key":"REST"},{"floor":32,"key":"REST"}],"circlet_count":0,"master_deck":["AscendersBane","theDuelist:BabyDragon","theDuelist:CastleWalls","theDuelist:CastleWalls","theDuelist:CaveDragon","theDuelist:CaveDragon","theDuelist:LesserDragon","theDuelist:LesserDragon","theDuelist:Sparks","theDuelist:YamataDragon+1","theDuelist:CyberDragonVier","theDuelist:TwinHeadedFire","theDuelist:CyberDragonCore+1","theDuelist:TyrantWing+1","theDuelist:TwinBarrelDragon","theDuelist:MaskedDragon","theDuelist:DarkHorus","theDuelist:BusterBladerDDS","theDuelist:ArmageddonDragonEmp","theDuelist:GravityLash","theDuelist:BabyDragon","theDuelist:EyeTimaeus","theDuelist:GaiaDragonChamp","theDuelist:CurseDragon","theDuelist:SnowDragon","theDuelist:ChimeratechOverdragon+1","theDuelist:MirageDragon+1","theDuelist:CyberDragonCore"],"relics":["theDuelist:MillenniumPuzzle","theDuelist:CardPoolRelic","theDuelist:CardPoolBasicRelic","theDuelist:BoosterPackPoolRelic","theDuelist:CardPoolAddRelic","theDuelist:CardPoolMinusRelic","theDuelist:CardPoolSaveRelic","theDuelist:CardPoolOptionsRelic","Art of War","theDuelist:TributeEggRelic","Paper Frog","theDuelist:GamblerChip","Strawberry","theDuelist:YugiMirror","Happy Flower","Tiny House","Molten Egg 2","theDuelist:CardRewardRelicH"],"acts_visited":["Exordium","TheCity","TheBeyond"],"potions_floor_usage":[6,16,33,33,35,39],"damage_taken":[{"damage":0,"enemies":"Cultist","floor":1,"turns":2},{"damage":1,"enemies":"Jaw Worm","floor":2,"turns":2},{"damage":4,"enemies":"Small Slimes","floor":3,"turns":2},{"damage":0,"enemies":"Exordium Thugs","floor":5,"turns":3},{"damage":21,"enemies":"3 Sentries","floor":6,"turns":8},{"damage":4,"enemies":"Exordium Wildlife","floor":7,"turns":3},{"damage":11,"enemies":"Gremlin Nob","floor":11,"turns":3},{"damage":0,"enemies":"Looter","floor":13,"turns":2},{"damage":2,"enemies":"3 Louse","floor":14,"turns":2},{"damage":25,"enemies":"The Guardian","floor":16,"turns":5},{"damage":0,"enemies":"3 Byrds","floor":18,"turns":4},{"damage":1,"enemies":"Chosen","floor":19,"turns":2},{"damage":8,"enemies":"Snake Plant","floor":21,"turns":2},{"damage":22,"enemies":"Shelled Parasite and Fungi","floor":22,"turns":3},{"damage":0,"enemies":"Snecko","floor":24,"turns":3},{"damage":0,"enemies":"theDuelist:KaibaA2","floor":27,"turns":4},{"damage":32,"enemies":"Snake Plant","floor":28,"turns":4},{"damage":26,"enemies":"Gremlin Leader","floor":30,"turns":6},{"damage":11,"enemies":"Collector","floor":33,"turns":4},{"damage":0,"enemies":"Orb Walker","floor":35,"turns":1},{"damage":36,"enemies":"3 Darklings","floor":37,"turns":4},{"damage":29,"enemies":"Jaw Worm Horde","floor":38,"turns":3},{"damage":16,"enemies":"Writhing Mass","floor":39,"turns":1}],"seed_played":"-4252448504325515190","potions_obtained":[{"floor":2,"key":"theDuelist:ReducerPotion"},{"floor":3,"key":"SkillPotion"},{"floor":6,"key":"theDuelist:BabyPotion"},{"floor":13,"key":"AttackPotion"},{"floor":18,"key":"theDuelist:VoidBottle"},{"floor":30,"key":"theDuelist:WaterBottle"},{"floor":34,"key":"DistilledChaos"},{"floor":35,"key":"theDuelist:VoidBottle"},{"floor":37,"key":"SkillPotion"}],"is_trial":false,"path_per_floor":["M","M","M","?","M","E","M","R","T","R","E","R","M","M","R","B",null,"M","M","?","M","M","?","M","R","T","E","M","$","E","?","R","B",null,"M","$","M","M","M"],"character_chosen":"THE_DUELIST","items_purchased":["theDuelist:GaiaDragonChamp","theDuelist:SnowDragon","Molten Egg 2","theDuelist:CardRewardRelicH"],"campfire_rested":4,"item_purchase_floors":[29,36,36,36],"current_hp_per_floor":[70,69,65,54,54,33,29,52,52,52,41,41,41,39,62,37,67,67,66,66,58,36,36,36,59,66,66,34,34,8,8,33,22,74,74,74,38,9,0,0],"gold":47,"neow_bonus":"TEN_PERCENT_HP_BONUS","is_daily":false,"chose_seed":false,"campfire_upgraded":2,"win_rate":0.0,"timestamp":1609332200,"path_taken":["M","M","?","?","M","E","M","R","T","R","E","R","M","M","R","BOSS","M","M","?","M","M","?","M","R","T","E","M","$","E","?","R","BOSS","M","$","M","M","M"],"items_purchased_type":["Card","Card","Relic","Relic"],"build_version":"2020-12-22","purchased_purges":1,"victory":false,"max_hp_per_floor":[77,77,77,77,77,77,77,77,77,77,77,77,77,77,77,77,77,77,77,77,77,77,77,77,77,84,84,84,84,84,84,84,84,89,89,89,89,89,89,89],"card_choices":[{"not_picked":["theDuelist:Hydrogeddon","theDuelist:SphereChaos","theDuelist:BlackPtera","theDuelist:HymnOfLight"],"picked":"theDuelist:CyberDragonVier","floor":1},{"not_picked":["theDuelist:ViceDragon","theDuelist:Hydrogeddon","theDuelist:BlackPtera","theDuelist:MadSwordBeast"],"picked":"theDuelist:TwinHeadedFire","floor":2},{"not_picked":["theDuelist:CyberDinosaur","theDuelist:BusterDrake","theDuelist:DefenseZone","theDuelist:SafeZone"],"picked":"theDuelist:CyberDragonCore","floor":3},{"not_picked":["theDuelist:Vandalgyon","theDuelist:AutorokketDragon","theDuelist:ArtifactSanctum"],"picked":"theDuelist:TyrantWing","floor":5},{"not_picked":["theDuelist:BlackBrutdrago","theDuelist:SauropodBrachion","theDuelist:BusterDrake","theDuelist:Kabazauls"],"picked":"theDuelist:TwinBarrelDragon","floor":6},{"not_picked":["theDuelist:SpiralSpearStrike","theDuelist:Earthquake","theDuelist:AxeDespair","theDuelist:SuperStridentBlaze","theDuelist:FangCritias"],"picked":"SKIP","floor":7},{"not_picked":["theDuelist:StarlightRoad","theDuelist:Duoterion","theDuelist:Earthquake","theDuelist:FrostflameDragon"],"picked":"theDuelist:MaskedDragon","floor":11},{"not_picked":["theDuelist:ViceDragon","theDuelist:TwinBarrelDragon","theDuelist:BlackPtera","theDuelist:CyberTwinDragon"],"picked":"theDuelist:DarkHorus","floor":13},{"not_picked":["theDuelist:WhiteNightDragon","theDuelist:AncientDragon","theDuelist:BlackTyranno","theDuelist:RedEyes"],"picked":"theDuelist:BusterBladerDDS","floor":14},{"not_picked":["theDuelist:OceanDragonLord","theDuelist:DoomkaiserDragon","theDuelist:DefensiveTactics","theDuelist:BusterBladerDDS"],"picked":"theDuelist:ArmageddonDragonEmp","floor":16},{"not_picked":["theDuelist:CyberTwinDragon","theDuelist:BeserkDragon"],"picked":"theDuelist:GravityLash","floor":18},{"not_picked":["theDuelist:CyberValley","theDuelist:BusterDrake+1","theDuelist:HazyFlameHydra+1","theDuelist:Anthrosaurus","theDuelist:AtomicScrapDragon"],"picked":"SKIP","floor":19},{"not_picked":["theDuelist:DarkHorus","theDuelist:CurseDragon","theDuelist:BlackPtera","theDuelist:CyberTwinDragon"],"picked":"theDuelist:TwinHeadedFire","floor":21},{"not_picked":["theDuelist:CurseDragon","theDuelist:DarkHorus","theDuelist:Earthquake","theDuelist:Hydrogeddon"],"picked":"theDuelist:BabyDragon","floor":22},{"not_picked":["theDuelist:YamataDragon","theDuelist:Anthrosaurus","theDuelist:CyberValley","theDuelist:DarkHorus"],"picked":"theDuelist:EyeTimaeus","floor":24},{"not_picked":["theDuelist:SuperancientDinobeast","theDuelist:CyberDinosaur","theDuelist:BlackTyranno","theDuelist:BlackStego"],"picked":"theDuelist:Freezadon","floor":27},{"not_picked":["theDuelist:GiantRex","theDuelist:BlackStego","theDuelist:BarrelDragon","theDuelist:TrihornedDragon","theDuelist:BlackTyranno"],"picked":"SKIP","floor":28},{"not_picked":["theDuelist:DarkHorus","theDuelist:SafeZone","theDuelist:BusterDrake","theDuelist:Earthquake","theDuelist:CyberDinosaur"],"picked":"SKIP","floor":30},{"not_picked":["theDuelist:OceanDragonLord","theDuelist:FiveHeaded","theDuelist:DefensiveTactics","theDuelist:BerserkScales"],"picked":"theDuelist:WaterDragon","floor":33},{"not_picked":["theDuelist:BlackStego","theDuelist:MadFlameKaiju","theDuelist:BlackTyranno+1","theDuelist:AtomicScrapDragon"],"picked":"theDuelist:TwinHeadedFire","floor":34},{"not_picked":["theDuelist:CyberDinosaur","theDuelist:BusterBlader","theDuelist:BlackPtera","theDuelist:MadSwordBeast+1"],"picked":"theDuelist:CurseDragon","floor":35},{"not_picked":["theDuelist:Beatraptor+1","theDuelist:RedRisingDragon","theDuelist:BlackPtera+1","theDuelist:MoltenDestruction"],"picked":"theDuelist:MirageDragon+1","floor":37},{"not_picked":["theDuelist:DarkHorus+1","theDuelist:CyberDragonSieger","theDuelist:BusterBladerDDS+1","theDuelist:BlizzardDragon+1"],"picked":"theDuelist:CyberDragonCore","floor":38}],"player_experience":277377,"relics_obtained":[{"floor":6,"key":"Art of War"},{"floor":9,"key":"theDuelist:TributeEggRelic"},{"floor":11,"key":"Paper Frog"},{"floor":26,"key":"Strawberry"},{"floor":27,"key":"theDuelist:YugiMirror"},{"floor":30,"key":"Happy Flower"}],"event_choices":[{"damage_healed":0,"gold_gain":75,"player_choice":"Gather Gold","damage_taken":11,"max_hp_gain":0,"max_hp_loss":0,"event_name":"World of Goop","floor":4,"gold_loss":0},{"damage_healed":0,"gold_gain":0,"player_choice":"Read","damage_taken":0,"max_hp_gain":0,"max_hp_loss":0,"event_name":"The Library","floor":20,"gold_loss":0,"cards_obtained":["theDuelist:CoralDragon"]},{"damage_healed":0,"gold_gain":50,"player_choice":"Stole From Cult","damage_taken":0,"max_hp_gain":0,"max_hp_loss":0,"event_name":"Nest","floor":23,"gold_loss":0},{"damage_healed":0,"gold_gain":0,"player_choice":"Leave","duelist":true,"damage_taken":0,"max_hp_gain":0,"max_hp_loss":0,"event_name":"Card Trader","floor":31,"gold_loss":0}],"is_beta":false,"boss_relics":[{"not_picked":["Philosopher\u0027s Stone","SlaversCollar"],"picked":"theDuelist:GamblerChip"},{"not_picked":["Coffee Dripper","Runic Pyramid"],"picked":"Tiny House"}],"items_purged_floors":[29],"is_endless":false,"potions_floor_spawned":[2,3,6,7,13,18,21,27,30,35,37],"killed_by":"Writhing Mass","ascension_level":15}}