{"host":"baymyijz6sxaqj5s","time":1609334548,"event":{"mods":["AchievementEnabler","BaseMod","Colored Map","Colored Powertips","DeckTracker","Highlight Path","KOR Keyword Fix","Keyboard Shortcuts","Minty Spire (QoL Compilation)","Quick Restart","StSLib","SuperFastMode"],"gold_per_floor":[111,127,127,127,147,147,158,158,185,205,224,244,244,19,19,122,122,134,134,151,151,162,191,191,191,272,292,292,292],"floor_reached":28,"playtime":853,"items_purged":[],"score":255,"play_id":"7b7a62b6-9f70-416b-a809-3f8c7a86dab2","local_time":"20201230222228","is_ascension_mode":true,"campfire_choices":[{"data":"Thunderclap","floor":6,"key":"SMITH"},{"data":"Barricade","floor":8,"key":"SMITH"},{"floor":15,"key":"REST"}],"circlet_count":0,"master_deck":["Strike_R","Strike_R","Defend_R+1","Defend_R+1","Defend_R","Defend_R","Bash","Thunderclap+1","Shrug It Off+1","Barricade+1","Sword Boomerang","Twin Strike","Inflame","Whirlwind","Feed","Battle Trance+1","Inflame+1","Second Wind+1","Flame Barrier+1","Shrug It Off+1"],"relics":["Burning Blood","Anchor","PreservedInsect","Astrolabe","Omamori","Letter Opener"],"acts_visited":["Exordium","TheCity"],"potions_floor_usage":[16,22,22],"damage_taken":[{"damage":0,"enemies":"Small Slimes","floor":1,"turns":3},{"damage":8,"enemies":"Jaw Worm","floor":2,"turns":5},{"damage":6,"enemies":"2 Louse","floor":5,"turns":4},{"damage":5,"enemies":"Gremlin Gang","floor":7,"turns":4},{"damage":0,"enemies":"2 Fungi Beasts","floor":10,"turns":5},{"damage":9,"enemies":"3 Louse","floor":11,"turns":4},{"damage":7,"enemies":"Red Slaver","floor":12,"turns":6},{"damage":54,"enemies":"The Guardian","floor":16,"turns":11},{"damage":2,"enemies":"Chosen","floor":18,"turns":6},{"damage":6,"enemies":"Shell Parasite","floor":20,"turns":8},{"damage":12,"enemies":"3 Cultists","floor":22,"turns":3},{"damage":38,"enemies":"Gremlin Leader","floor":23,"turns":7},{"damage":52,"enemies":"Sentry and Sphere","floor":27,"turns":12},{"damage":35,"enemies":"Cultist and Chosen","floor":28,"turns":8}],"seed_played":"-4411896431556010277","potions_obtained":[{"floor":1,"key":"AttackPotion"},{"floor":5,"key":"SkillPotion"},{"floor":10,"key":"SkillPotion"},{"floor":11,"key":"Fire Potion"},{"floor":20,"key":"Strength Potion"},{"floor":21,"key":"DistilledChaos"},{"floor":21,"key":"Energy Potion"},{"floor":22,"key":"Strength Potion"},{"floor":23,"key":"Weak Potion"}],"is_trial":false,"path_per_floor":["M","M","?","$","M","R","M","R","T","M","M","M","?","$","R","B",null,"M","?","M","?","M","E","?","?","T","M","M"],"character_chosen":"IRONCLAD","items_purchased":["PreservedInsect","Whirlwind"],"campfire_rested":1,"item_purchase_floors":[14,14],"current_hp_per_floor":[88,86,86,86,86,86,87,87,87,88,85,84,66,66,88,40,88,88,88,88,88,82,50,79,79,79,33,0,0],"gold":292,"neow_bonus":"TEN_PERCENT_HP_BONUS","is_daily":false,"chose_seed":false,"campfire_upgraded":2,"win_rate":0.0,"timestamp":1609334548,"path_taken":["M","M","?","$","M","R","M","R","T","M","M","M","?","?","R","BOSS","M","?","M","?","?","E","?","?","T","M","M"],"items_purchased_type":["Relic","Card"],"build_version":"2020-12-22","purchased_purges":0,"victory":false,"max_hp_per_floor":[88,88,88,88,88,88,88,88,88,88,88,88,88,88,88,88,88,88,88,88,88,88,88,88,88,88,88,88,88],"card_choices":[{"not_picked":["Warcry","Burning Pact"],"picked":"Thunderclap","floor":1},{"not_picked":["Power Through","Flex"],"picked":"Shrug It Off","floor":2},{"not_picked":["Uppercut","Pommel Strike","Perfected Strike"],"picked":"SKIP","floor":5},{"not_picked":["Clash","Headbutt"],"picked":"Barricade","floor":7},{"not_picked":["Bloodletting","Blood for Blood"],"picked":"Sword Boomerang","floor":10},{"not_picked":["Headbutt","Second Wind"],"picked":"Twin Strike","floor":11},{"not_picked":["Havoc","Warcry"],"picked":"Inflame","floor":12},{"not_picked":["Barricade","Corruption"],"picked":"Feed","floor":16},{"not_picked":["Burning Pact","Clothesline","True Grit+1"],"picked":"SKIP","floor":18},{"not_picked":["Iron Wave","Burning Pact+1","Perfected Strike"],"picked":"SKIP","floor":20},{"not_picked":["Thunderclap","Dropkick"],"picked":"Flame Barrier+1","floor":22},{"not_picked":["Barricade","Thunderclap","Wild Strike"],"picked":"SKIP","floor":23},{"not_picked":["Warcry","Metallicize+1","Pommel Strike+1"],"picked":"SKIP","floor":27}],"player_experience":279890,"relics_obtained":[{"floor":9,"key":"Anchor"},{"floor":23,"key":"Omamori"},{"floor":26,"key":"Letter Opener"}],"event_choices":[{"damage_healed":0,"gold_gain":0,"player_choice":"Grow","damage_taken":0,"max_hp_gain":0,"max_hp_loss":0,"event_name":"Living Wall","floor":3,"gold_loss":0,"cards_upgraded":["Shrug It Off"]},{"damage_healed":0,"gold_gain":0,"player_choice":"Entered Light","damage_taken":18,"max_hp_gain":0,"max_hp_loss":0,"event_name":"Shining Light","floor":13,"gold_loss":0,"cards_upgraded":["Defend_R","Defend_R"]},{"damage_healed":0,"gold_gain":0,"player_choice":"Ignored","damage_taken":0,"max_hp_gain":0,"max_hp_loss":0,"event_name":"Vampires","floor":19,"gold_loss":0},{"damage_healed":0,"gold_gain":0,"player_choice":"Got Potions","damage_taken":0,"max_hp_gain":0,"max_hp_loss":0,"event_name":"Lab","floor":21,"gold_loss":0},{"damage_healed":29,"gold_gain":0,"player_choice":"Heal","damage_taken":0,"max_hp_gain":0,"max_hp_loss":0,"event_name":"The Library","floor":24,"gold_loss":0},{"damage_healed":0,"gold_gain":0,"player_choice":"Copied","damage_taken":0,"max_hp_gain":0,"max_hp_loss":0,"event_name":"Duplicator","floor":25,"gold_loss":0,"cards_obtained":["Shrug It Off"]}],"is_beta":false,"boss_relics":[{"not_picked":["Black Star","Ectoplasm"],"picked":"Astrolabe"}],"items_purged_floors":[],"is_endless":false,"potions_floor_spawned":[1,5,10,11,20,22,23],"killed_by":"Cultist and Chosen","ascension_level":2}}