{"host":"0z6l31g9ps0v9zzp","time":1609296384,"event":{"mods":["Act Like it!","BaseMod","CapriCore","Gensokyo","Koishi","Minty Spire (QoL Compilation)","StSLib"],"gold_per_floor":[113,113,28,28,43,43,43,73,73,98,111,111,136,136,136,212,212,227,227,74,89,14,44,72,248,273,273,301,320,354,354,354,429,429,441,293,293,293,293,327,361,394,394,394,37,64,64,80,80,55,55],"floor_reached":52,"playtime":2834,"items_purged":["Koishi:BasicStrike","Koishi:RacingHeart+1","Koishi:BasicDefend"],"score":2723,"play_id":"516cd9c9-dd19-40a2-9acb-0404444f5ae4","local_time":"20201230104624","daily_mods":["Heirloom","Flight"],"is_ascension_mode":true,"campfire_choices":[{"data":"Koishi:HauntingSlash","floor":6.0,"key":"SMITH"},{"data":"Koishi:HeartAttack","floor":12.0,"key":"SMITH"},{"floor":15.0,"key":"REST"},{"data":"Koishi:ReleaseOfTheId","floor":32,"key":"SMITH"},{"data":"Koishi:FadingMemory","floor":44,"key":"SMITH"},{"data":"Koishi:SubterraneanRose","floor":49,"key":"SMITH"}],"circlet_count":0,"master_deck":["AscendersBane","Koishi:Provoke","Koishi:HauntingSlash+1","Pain","Clumsy","Koishi:MassHysteria","Koishi:SubterraneanRose+1","Gensokyo:FourOfAKind","Gensokyo:FourOfAKind","Gensokyo:FourOfAKind","Gensokyo:FourOfAKind","Koishi:ReleaseOfTheId+1","Koishi:FadingMemory+1","Koishi:Bloodlust+1","Koishi:PerfectMindControl+1","Koishi:RorschachInDanmaku","Koishi:Prune+1","Koishi:RorschachInDanmaku","Koishi:MassHysteria"],"relics":["Koishi:ImaginaryFriend","Pocketwatch","Gensokyo:LunaticRedEyes","Gensokyo:NagashiBinaDoll","Torii","Koishi:BloodstainedWhiteRose","Vajra","Lizard Tail","Blue Candle","Snecko Eye","TungstenRod","The Courier","Koishi:AHoleWhereASisterShouldBe","Mercury Hourglass","Tiny Chest","FossilizedHelix","Dead Branch","MealTicket","Astrolabe","Anchor","Molten Egg 2","Toy Ornithopter","Koishi:EchoesOfADeadGirl","Koishi:ImperfectMetamorphosis","Strawberry","Gambling Chip"],"acts_visited":["Gensokyo:Gensokyo","Gensokyo:Gensokyoer","Gensokyo:Gensokyoest"],"potions_floor_usage":[30],"damage_taken":[{"damage":1.0,"enemies":"Gensokyo:Python","floor":1.0,"turns":4.0},{"damage":4.0,"enemies":"Gensokyo:Gryphon","floor":5.0,"turns":5.0},{"damage":36.0,"enemies":"Gensokyo:Cirno","floor":8.0,"turns":9.0},{"damage":10.0,"enemies":"Gensokyo:Aya","floor":10.0,"turns":4.0},{"damage":2.0,"enemies":"Gensokyo:3_Fairies","floor":11.0,"turns":3.0},{"damage":37.0,"enemies":"Gensokyo:Cirno","floor":13.0,"turns":8.0},{"damage":28.0,"enemies":"Gensokyo:Yukari","floor":16.0,"turns":5.0},{"damage":2.0,"enemies":"Gensokyo:2_Gloops","floor":18.0,"turns":3.0},{"damage":10.0,"enemies":"Gensokyo:AngelMirror","floor":21.0,"turns":3.0},{"damage":0.0,"enemies":"Gensokyo:Koishi","floor":23.0,"turns":4.0},{"damage":10.0,"enemies":"Gensokyo:Tenshi","floor":24.0,"turns":5.0},{"damage":31.0,"enemies":"Gensokyo:Reisen","floor":25.0,"turns":5.0},{"damage":0.0,"enemies":"Gensokyo:Tenshi","floor":28.0,"turns":4.0},{"damage":13,"enemies":"Gensokyo:Slime_Group","floor":29,"turns":4},{"damage":0,"enemies":"Gensokyo:Reisen","floor":30,"turns":5},{"damage":0,"enemies":"Gensokyo:Eternal_Rivals","floor":33,"turns":5},{"damage":0,"enemies":"Gensokyo:3_Boulders","floor":35,"turns":3},{"damage":0,"enemies":"Gensokyo:Marisa","floor":40,"turns":5},{"damage":0,"enemies":"Gensokyo:Doremy","floor":41,"turns":3},{"damage":14,"enemies":"Gensokyo:Kasen","floor":42,"turns":8},{"damage":0,"enemies":"Gensokyo:Doremy","floor":48,"turns":5},{"damage":0,"enemies":"Gensokyo:Shinki","floor":50,"turns":12},{"damage":0,"enemies":"Gensokyo:Scarlet_Devils","floor":51,"turns":7}],"seed_played":"2808582988453896295","potions_obtained":[{"floor":5.0,"key":"SneckoOil"},{"floor":11.0,"key":"FearPotion"},{"floor":16.0,"key":"DistilledChaos"},{"floor":23.0,"key":"DuplicationPotion"},{"floor":29,"key":"SkillPotion"},{"floor":33,"key":"Block Potion"},{"floor":42,"key":"Weak Potion"}],"is_trial":true,"path_per_floor":["M","?","COS","?","M","R","?","E","T","E","M","R","E","?","R","B",null,"M","?","COS","M","$","E","E","E","T","?","E","M","E","?","R","B",null,"M","$","T","?","?","E","E","E","T","R","$","T","COS","E","R","B","B",null],"character_chosen":"KOISHI","items_purchased":["Koishi:RorschachInDanmaku","Koishi:ImperfectMetamorphosis"],"campfire_rested":1,"item_purchase_floors":[36,45],"current_hp_per_floor":[53,53,53,53,52,52,52,22,22,19,20,20,26,19,36,13,46,49,49,49,39,39,44,37,13,13,13,18,8,11,11,11,18,30,33,34,34,34,34,34,34,25,25,25,34,41,41,41,41,41,41],"gold":55,"neow_bonus":"","is_daily":false,"chose_seed":false,"campfire_upgraded":5,"win_rate":0.0,"timestamp":1609296384,"path_taken":["M","?","COS","?","?","R","?","E","T","E","?","R","E","?","R","BOSS","M","?","COS","?","?","E","E","E","T","?","E","M","E","?","R","BOSS","M","?","?","?","?","E","E","E","T","R","?","?","COS","E","R","BOSS","BOSS"],"items_purchased_type":["Card","Relic"],"build_version":"2020-12-22","purchased_purges":3,"victory":true,"max_hp_per_floor":[57,57,57,57,57,57,57,57,57,57,57,57,57,57,57,57,57,57,52,52,52,52,52,52,52,52,34,34,34,34,34,34,34,34,34,34,34,34,34,34,34,34,34,34,34,41,41,41,41,41,41],"card_choices":[{"not_picked":["Koishi:FleetingPhantom","Koishi:SubterraneanRose","Koishi:DreadfulBlow"],"picked":"SKIP","floor":1.0},{"not_picked":["Koishi:Vanish","Koishi:DreadfulBlow","Koishi:FormlessExistence"],"picked":"SKIP","floor":5.0},{"not_picked":["Koishi:Vanish","Koishi:DreadfulBlow","Koishi:FormlessExistence"],"picked":"SKIP","floor":5.0},{"not_picked":["Koishi:EmbryosDream","Koishi:Untouchable"],"picked":"Koishi:HeartAttack","floor":8.0},{"not_picked":["Koishi:BramblyRoseGarden","Koishi:Jaunt","Koishi:TremblingHands"],"picked":"SKIP","floor":10.0},{"not_picked":["Koishi:FleetingPhantom","Koishi:Jaunt","Koishi:DreadfulBlow"],"picked":"SKIP","floor":11.0},{"not_picked":["Koishi:JumpScare","Koishi:YoukaiPolygraph"],"picked":"Koishi:MassHysteria","floor":13.0},{"not_picked":["Koishi:EmbryosDream","Koishi:YoukaiPolygraph"],"picked":"Koishi:SubterraneanRose","floor":18.0},{"not_picked":["Koishi:FleetingPhantom+1","Koishi:VengefulSpirit","Koishi:Bloodlust"],"picked":"SKIP","floor":21.0},{"not_picked":["Koishi:UnseenTerror","Koishi:FidgetySnatcher","Koishi:GeneticsOfTheUnconscious"],"picked":"SKIP","floor":23.0},{"not_picked":["Koishi:Whimsy","Koishi:HeartfeltFancy","Koishi:SilentAndRestless"],"picked":"SKIP","floor":24.0},{"not_picked":["Koishi:StingingMind+1","Koishi:SilentAndRestless","Koishi:DreadfulBlow"],"picked":"SKIP","floor":25.0},{"not_picked":["Koishi:HeartfeltFancy","Koishi:FreudianInstinct","Koishi:CatchAndRose"],"picked":"SKIP","floor":28},{"not_picked":["Koishi:BloodcurdlingScream","Koishi:SpiritedAway","Koishi:Whimsy"],"picked":"SKIP","floor":29},{"not_picked":["Koishi:PredatoryInstincts","Koishi:UnansweredLove"],"picked":"Koishi:ReleaseOfTheId","floor":30},{"not_picked":["Koishi:ConditionedTeleport","Koishi:MentalBreakdown"],"picked":"Koishi:FadingMemory","floor":33},{"not_picked":["Koishi:UnconsciousUprising","Koishi:FleetingPhantom","Koishi:Whimsy"],"picked":"SKIP","floor":35},{"not_picked":["Koishi:DreadfulBlow","Koishi:EmbryosDream"],"picked":"Koishi:SubconsciousSweep","floor":40},{"not_picked":["Koishi:StingingMind+1","Koishi:UnconsciousUrges"],"picked":"Koishi:Prune+1","floor":41},{"not_picked":["Koishi:Heartbroken","Koishi:DreadfulBlow+1","Koishi:JumpScare+1"],"picked":"SKIP","floor":42},{"not_picked":["Koishi:JumpScare","Koishi:StingingMind+1","Koishi:DreadfulBlow+1"],"picked":"SKIP","floor":48}],"player_experience":314236,"relics_obtained":[{"floor":8.0,"key":"Torii"},{"floor":9.0,"key":"Koishi:BloodstainedWhiteRose"},{"floor":10.0,"key":"Vajra"},{"floor":13.0,"key":"Blue Candle"},{"floor":23.0,"key":"The Courier"},{"floor":24.0,"key":"Koishi:AHoleWhereASisterShouldBe"},{"floor":25.0,"key":"Mercury Hourglass"},{"floor":26.0,"key":"Tiny Chest"},{"floor":28,"key":"FossilizedHelix"},{"floor":30,"key":"MealTicket"},{"floor":40,"key":"Anchor"},{"floor":41,"key":"Molten Egg 2"},{"floor":42,"key":"Toy Ornithopter"},{"floor":43,"key":"Koishi:EchoesOfADeadGirl"},{"floor":46,"key":"Strawberry"},{"floor":48,"key":"Gambling Chip"}],"event_choices":[],"is_beta":false,"boss_relics":[{"not_picked":["Coffee Dripper","Cursed Key"],"picked":"Snecko Eye"},{"not_picked":["Busted Crown","Tiny House"],"picked":"Astrolabe"}],"items_purged_floors":[22,36,45],"is_endless":false,"potions_floor_spawned":[5,11,16,18,23,29,33,42,48],"ascension_level":20}}