{"host":"oy4pyvr762z5n0bb","time":1609303529,"event":{"mods":["AchievementEnabler","BaseMod","Colored Map","Colored Powertips","Googly Eyes","Key Reminder","Minty Spire (QoL Compilation)","Quick Restart","Relic Sorter","StSLib","SuperFastMode","Unceasing Turn Reminder","slay the spire mod where everything is the same but ironclad has a cowboy hat"],"gold_per_floor":[129,155,179,191,215,258,235,258,270,282,56,89,89,116,116,220,220,233,158,5,5,5,5,39,50,77,77,109,109,36,61,61,61,61],"floor_reached":33,"playtime":773,"items_purged":["Strike_G","Strike_G"],"score":421,"play_id":"53ec87cc-e546-4d08-ab01-3530cb00ceb2","local_time":"20201229204529","is_ascension_mode":true,"campfire_choices":[{"floor":10,"key":"REST"},{"floor":13,"key":"REST"},{"floor":15,"key":"REST"},{"data":"Noxious Fumes","floor":23,"key":"SMITH"},{"floor":27,"key":"REST"},{"floor":29,"key":"REST"},{"data":"Noxious Fumes","floor":32,"key":"SMITH"}],"circlet_count":0,"master_deck":["Strike_G","Defend_G","Defend_G","Defend_G","Defend_G","Defend_G","Survivor","Neutralize","PiercingWail","Deadly Poison","Prepared","Bouncing Flask","Poisoned Stab","Noxious Fumes+1","Footwork","Backflip","Bouncing Flask","Blur","All Out Attack","Burst","Catalyst","Prepared","Deadly Poison","Footwork","Noxious Fumes+1"],"relics":["Ring of the Snake","MawBank","Strawberry","Blue Candle","Bottled Tornado","Centennial Puzzle","HoveringKite","Orichalcum","Smiling Mask","Akabeko","MealTicket","Omamori"],"acts_visited":["Exordium","TheCity"],"potions_floor_usage":[5,6,12,28,28,33,33],"damage_taken":[{"damage":1,"enemies":"Cultist","floor":1,"turns":4},{"damage":5,"enemies":"Small Slimes","floor":2,"turns":4},{"damage":0,"enemies":"2 Louse","floor":3,"turns":5},{"damage":31,"enemies":"Exordium Thugs","floor":5,"turns":6},{"damage":22,"enemies":"Lagavulin","floor":6,"turns":6},{"damage":6,"enemies":"3 Louse","floor":8,"turns":5},{"damage":19,"enemies":"Gremlin Nob","floor":12,"turns":4},{"damage":38,"enemies":"3 Sentries","floor":14,"turns":7},{"damage":31,"enemies":"Slime Boss","floor":16,"turns":10},{"damage":0,"enemies":"Spheric Guardian","floor":18,"turns":3},{"damage":31,"enemies":"Book of Stabbing","floor":24,"turns":6},{"damage":0,"enemies":"Chosen","floor":25,"turns":4},{"damage":16,"enemies":"Slavers","floor":28,"turns":6},{"damage":93,"enemies":"Automaton","floor":33,"turns":6}],"seed_played":"-7907443125030280394","potions_obtained":[{"floor":2,"key":"SkillPotion"},{"floor":5,"key":"Regen Potion"},{"floor":6,"key":"PowerPotion"},{"floor":12,"key":"ColorlessPotion"},{"floor":14,"key":"Swift Potion"},{"floor":24,"key":"CultistPotion"},{"floor":25,"key":"GhostInAJar"},{"floor":28,"key":"AttackPotion"}],"is_trial":false,"path_per_floor":["M","M","M","?","M","E","?","M","T","R","$","E","R","E","R","B",null,"M","?","$","?","?","R","E","M","T","R","E","R","$","T","R","B"],"character_chosen":"THE_SILENT","items_purchased":["Footwork","Backflip","Bouncing Flask","Prepared","Noxious Fumes"],"campfire_rested":5,"item_purchase_floors":[11,11,11,20,30],"current_hp_per_floor":[62,57,57,57,26,26,45,39,39,62,62,43,66,28,51,20,63,63,63,63,63,63,63,32,32,32,55,39,62,77,77,77,0,0],"gold":61,"neow_bonus":"RANDOM_COMMON_RELIC","is_daily":false,"chose_seed":false,"campfire_upgraded":2,"win_rate":0.0,"timestamp":1609303529,"path_taken":["M","?","M","?","?","E","?","M","T","R","$","E","R","E","R","BOSS","M","?","$","?","?","R","E","?","T","R","E","R","$","?","R","BOSS"],"items_purchased_type":["Card","Card","Card","Card","Card"],"build_version":"2020-12-22","purchased_purges":2,"victory":false,"max_hp_per_floor":[70,70,70,70,70,77,77,77,77,77,77,77,77,77,77,77,77,77,77,77,77,77,77,77,77,77,77,77,77,77,77,77,77,77],"card_choices":[{"not_picked":["Acrobatics","Escape Plan"],"picked":"PiercingWail","floor":1},{"not_picked":["Finisher","Deflect"],"picked":"Deadly Poison","floor":2},{"not_picked":["Endless Agony","Well Laid Plans"],"picked":"Prepared","floor":3},{"not_picked":["Blur","Poisoned Stab"],"picked":"Bouncing Flask","floor":5},{"not_picked":["Calculated Gamble","Underhanded Strike"],"picked":"Poisoned Stab","floor":6},{"not_picked":["Dagger Throw","Flying Knee"],"picked":"Noxious Fumes","floor":8},{"not_picked":["Underhanded Strike","Envenom"],"picked":"Blur","floor":12},{"not_picked":["Phantasmal Killer","Heel Hook"],"picked":"All Out Attack","floor":14},{"not_picked":["Tools of the Trade","Grand Finale"],"picked":"Burst","floor":16},{"not_picked":["Quick Slash","Calculated Gamble"],"picked":"Catalyst","floor":18},{"not_picked":["Concentrate","Dodge and Roll+1"],"picked":"Footwork","floor":24},{"not_picked":["Outmaneuver","Dodge and Roll","Dagger Spray+1"],"picked":"SKIP","floor":25},{"not_picked":["Quick Slash+1","Caltrops","Flying Knee"],"picked":"SKIP","floor":28}],"player_experience":616863,"relics_obtained":[{"floor":6,"key":"Strawberry"},{"floor":9,"key":"Blue Candle"},{"floor":12,"key":"Bottled Tornado"},{"floor":14,"key":"Centennial Puzzle"},{"floor":24,"key":"Smiling Mask"},{"floor":26,"key":"Akabeko"},{"floor":28,"key":"MealTicket"},{"floor":31,"key":"Omamori"}],"event_choices":[{"cards_removed":["Strike_G"],"damage_healed":0,"gold_gain":0,"player_choice":"Offered Basic","damage_taken":0,"max_hp_gain":0,"max_hp_loss":0,"event_name":"Bonfire Elementals","floor":4,"gold_loss":0},{"damage_healed":19,"gold_gain":0,"player_choice":"Healed","damage_taken":0,"max_hp_gain":0,"max_hp_loss":0,"event_name":"The Cleric","floor":7,"gold_loss":35},{"cards_removed":["Strike_G"],"damage_healed":0,"gold_gain":0,"player_choice":"Gave Gold","damage_taken":0,"max_hp_gain":0,"max_hp_loss":0,"event_name":"Beggar","floor":19,"gold_loss":75},{"damage_healed":0,"gold_gain":0,"player_choice":"Read","damage_taken":0,"max_hp_gain":0,"max_hp_loss":0,"event_name":"The Library","floor":21,"gold_loss":0,"cards_obtained":["Deadly Poison"]},{"damage_healed":0,"gold_gain":0,"player_choice":"Gave Potion","damage_taken":0,"relics_obtained":["Orichalcum"],"max_hp_gain":0,"max_hp_loss":0,"event_name":"WeMeetAgain","floor":22,"gold_loss":0}],"is_beta":false,"boss_relics":[{"not_picked":["Coffee Dripper","WristBlade"],"picked":"HoveringKite"}],"items_purged_floors":[11,20],"is_endless":false,"potions_floor_spawned":[2,5,6,12,14,24,25,28],"killed_by":"Automaton","ascension_level":6}}