{"host":"fevvm7bbzuh4s1jc","time":1609303202,"event":{"mods":["BaseMod","Highlight Path","Minty Spire (QoL Compilation)","Relic Stats"],"gold_per_floor":[118,131,281,281,297,297,297,297],"floor_reached":7,"playtime":279,"items_purged":[],"score":82,"play_id":"22b08c2a-33bf-4adc-9142-78d485edc125","local_time":"20201229234002","is_ascension_mode":true,"campfire_choices":[{"floor":6,"key":"REST"}],"circlet_count":0,"master_deck":["AscendersBane","Strike_G","Strike_G","Strike_G","Strike_G","Strike_G","Defend_G","Defend_G","Defend_G","Defend_G","Defend_G","Survivor","Neutralize","Sucker Punch","Predator","Doubt","Dagger Throw"],"relics":["SlaversCollar"],"acts_visited":["Exordium"],"potions_floor_usage":[7],"damage_taken":[{"damage":27,"enemies":"Cultist","floor":1,"turns":7},{"damage":12,"enemies":"2 Louse","floor":2,"turns":4},{"damage":12,"enemies":"Small Slimes","floor":5,"turns":5},{"damage":27,"enemies":"3 Sentries","floor":7,"turns":7}],"seed_played":"-4054933503374659936","potions_obtained":[{"floor":1,"key":"LiquidBronze"}],"is_trial":false,"path_per_floor":["M","M","?","?","M","R","E"],"character_chosen":"THE_SILENT","items_purchased":[],"campfire_rested":1,"item_purchase_floors":[],"current_hp_per_floor":[32,20,20,20,8,27,0,0],"gold":297,"neow_bonus":"BOSS_RELIC","is_daily":false,"chose_seed":false,"campfire_upgraded":0,"win_rate":0.0,"timestamp":1609303202,"path_taken":["M","?","?","?","?","R","E"],"items_purchased_type":[],"build_version":"2020-12-22","purchased_purges":0,"victory":false,"max_hp_per_floor":[66,66,66,66,66,66,66,66],"relic_stats":{"counters":[4,23],"obtain_stats":[{"SlaversCollar":0,"Ring of the Snake":0},{"SlaversCollar":0,"Ring of the Snake":0},{"SlaversCollar":0,"Ring of the Snake":0}]},"card_choices":[{"not_picked":["Tactician","Eviscerate"],"picked":"Sucker Punch","floor":1},{"not_picked":["Flying Knee","Endless Agony"],"picked":"Predator","floor":2},{"not_picked":["Prepared","Concentrate"],"picked":"Dagger Throw","floor":5}],"player_experience":2606412,"relics_obtained":[],"event_choices":[{"damage_healed":0,"gold_gain":150,"player_choice":"AGREE","damage_taken":0,"max_hp_gain":0,"max_hp_loss":0,"event_name":"Liars Game","floor":3,"gold_loss":0,"cards_obtained":["Doubt"]},{"damage_healed":0,"gold_gain":0,"player_choice":"0 cards matched","damage_taken":0,"max_hp_gain":0,"max_hp_loss":0,"event_name":"Match and Keep!","floor":4,"gold_loss":0,"cards_obtained":[]}],"is_beta":false,"boss_relics":[],"items_purged_floors":[],"is_endless":false,"potions_floor_spawned":[1],"killed_by":"3 Sentries","ascension_level":20}}