{"host":"hxb85ejwp6zvj2g7","time":1609313613,"event":{"mods":["BaseMod","BetterRewards","Colored Map","Friendly Minions","Marisa£®ÏF”Í°°ƒß¿Ì…≥£©","Minty Spire (QoL Compilation)"],"gold_per_floor":[109,59,78,78,91,118,132,150,150,150,163,163,181,200,200,303,303,316,316,328,350,372,384,425,30,30,50,50,50,50,50],"floor_reached":30,"playtime":2555,"items_purged":[],"score":254,"play_id":"ed8e3f1a-937a-448a-a3c2-03ac725e3878","local_time":"20201230153333","is_ascension_mode":false,"campfire_choices":[{"floor":10,"key":"REST"},{"floor":12,"key":"REST"},{"data":"Storm","floor":15,"key":"SMITH"},{"floor":23,"key":"REST"},{"floor":28,"key":"REST"}],"circlet_count":0,"master_deck":["Strike_B","Strike_B","Defend_B","Defend_B","Defend_B","Zap","Dualcast","Sweeping Beam","Storm+1","Coolheaded","Thunder Strike","Undo","Compile Driver","Electrodynamics","Doom and Gloom","Leap","Creative AI","Lockon","Steam Power","Stack","Ball Lightning","Machine Learning","Panache","RitualDagger"],"relics":["Cracked Core","CaptainsWheel","Matryoshka","Inserter","MawBank","Ginger","Eternal Feather","Centennial Puzzle","Bird Faced Urn"],"acts_visited":["Exordium","TheCity"],"potions_floor_usage":[11,13,18,22,24],"damage_taken":[{"damage":1,"enemies":"Cultist","floor":1,"turns":4},{"damage":4,"enemies":"Jaw Worm","floor":3,"turns":4},{"damage":0,"enemies":"Small Slimes","floor":5,"turns":3},{"damage":46,"enemies":"3 Sentries","floor":6,"turns":9},{"damage":6,"enemies":"Red Slaver","floor":7,"turns":6},{"damage":5,"enemies":"Looter","floor":8,"turns":4},{"damage":4,"enemies":"Exordium Wildlife","floor":11,"turns":4},{"damage":0,"enemies":"Lots of Slimes","floor":13,"turns":1},{"damage":0,"enemies":"3 Louse","floor":14,"turns":1},{"damage":33,"enemies":"Slime Boss","floor":16,"turns":8},{"damage":28,"enemies":"3 Byrds","floor":18,"turns":4},{"damage":15,"enemies":"Shell Parasite","floor":21,"turns":7},{"damage":38,"enemies":"Shelled Parasite and Fungi","floor":22,"turns":8},{"damage":22,"enemies":"Gremlin Leader","floor":24,"turns":6},{"damage":4,"enemies":"Snecko","floor":27,"turns":5},{"damage":62,"enemies":"Book of Stabbing","floor":30,"turns":6}],"seed_played":"6625466202235634902","potions_obtained":[{"floor":5,"key":"Regen Potion"},{"floor":6,"key":"Ancient Potion"},{"floor":8,"key":"DuplicationPotion"},{"floor":11,"key":"Explosive Potion"},{"floor":16,"key":"Explosive Potion"},{"floor":22,"key":"SteroidPotion"}],"is_trial":false,"path_per_floor":["M","?","M","?","M","E","M","M","T","R","M","R","M","M","R","B",null,"M","?","?","M","M","R","E","$","T","M","R","?","E"],"character_chosen":"DEFECT","items_purchased":["Eternal Feather","Panache"],"campfire_rested":4,"item_purchase_floors":[25,25],"current_hp_per_floor":[81,81,77,77,77,31,25,20,20,44,40,64,64,64,64,31,82,54,54,54,39,6,30,8,8,8,14,50,44,0,0],"gold":50,"neow_bonus":"TEN_PERCENT_HP_BONUS","is_daily":false,"chose_seed":false,"campfire_upgraded":1,"win_rate":0.0,"timestamp":1609313613,"path_taken":["M","?","M","?","M","E","M","M","T","R","M","R","M","?","R","BOSS","M","?","?","M","?","R","E","?","T","M","R","?","E"],"items_purchased_type":["Relic","Card"],"build_version":"2020-12-22","purchased_purges":0,"victory":false,"max_hp_per_floor":[82,82,82,82,82,82,82,82,82,82,82,82,82,82,82,82,82,82,82,82,82,82,82,82,82,82,82,82,82,82,82],"card_choices":[{"not_picked":["Steam","Darkness"],"picked":"Sweeping Beam","floor":1},{"not_picked":["Conserve Battery","Ball Lightning"],"picked":"Storm","floor":3},{"not_picked":["Stack","Rebound"],"picked":"Coolheaded","floor":5},{"not_picked":["Conserve Battery","Redo"],"picked":"Thunder Strike","floor":6},{"not_picked":["Capacitor","Steam"],"picked":"Undo","floor":7},{"not_picked":["Barrage","Coolheaded"],"picked":"Compile Driver","floor":8},{"not_picked":["Aggregate","Stack"],"picked":"Electrodynamics","floor":11},{"not_picked":["Fusion","Leap"],"picked":"Doom and Gloom","floor":13},{"not_picked":["Compile Driver","Beam Cell"],"picked":"Leap","floor":14},{"not_picked":["Machine Learning","Fission"],"picked":"Creative AI","floor":16},{"not_picked":["Steam Power","Streamline"],"picked":"Lockon","floor":18},{"not_picked":["Steam","Sweeping Beam"],"picked":"Stack","floor":21},{"not_picked":["Go for the Eyes","Sweeping Beam"],"picked":"Ball Lightning","floor":22},{"not_picked":["Compile Driver+1","Glacier+1"],"picked":"Machine Learning","floor":24},{"not_picked":["Gash","Doom and Gloom","Glacier"],"picked":"SKIP","floor":27}],"player_experience":42467,"relics_obtained":[{"floor":6,"key":"CaptainsWheel"},{"floor":9,"key":"Matryoshka"},{"floor":24,"key":"Ginger"},{"floor":26,"key":"Centennial Puzzle"},{"floor":26,"key":"Bird Faced Urn"}],"event_choices":[{"cards_removed":["Strike_B"],"damage_healed":0,"gold_gain":0,"player_choice":"Card Removal","damage_taken":0,"max_hp_gain":0,"max_hp_loss":0,"event_name":"The Cleric","floor":2,"gold_loss":50},{"cards_removed":["Strike_B"],"damage_healed":0,"gold_gain":0,"player_choice":"Offered Basic","damage_taken":0,"max_hp_gain":0,"max_hp_loss":0,"event_name":"Bonfire Elementals","floor":4,"gold_loss":0},{"damage_healed":0,"gold_gain":0,"player_choice":"Opened","damage_taken":0,"relics_obtained":["MawBank"],"max_hp_gain":0,"max_hp_loss":0,"event_name":"The Mausoleum","floor":19,"gold_loss":0},{"damage_healed":0,"gold_gain":0,"cards_transformed":["Defend_B"],"player_choice":"Transformed","damage_taken":0,"max_hp_gain":0,"max_hp_loss":0,"event_name":"Transmorgrifier","floor":20,"gold_loss":0,"cards_obtained":["Steam Power"]},{"damage_healed":0,"gold_gain":0,"player_choice":"Joined the Cult","damage_taken":6,"max_hp_gain":0,"max_hp_loss":0,"event_name":"Nest","floor":29,"gold_loss":0,"cards_obtained":["RitualDagger"]}],"is_beta":false,"boss_relics":[{"not_picked":["FrozenCore","Astrolabe"],"picked":"Inserter"}],"items_purged_floors":[],"is_endless":false,"potions_floor_spawned":[5,6,8,11,16,22],"killed_by":"Book of Stabbing","ascension_level":0}}