{"host":"lreod2rejfd0az5i","time":1609312577,"event":{"mods":["AchievementEnabler","Aspiration","BaseMod","Colored Powertips","Conspire","Downfall","Highlight Path","Hubris","Infinite Spire","Mad Scientist","Minty Spire (QoL Compilation)","Rare Cards Sparkle","Relic Stats","Replay The Spire","StSLib","The Bug Knight","The Jungle"],"gold_per_floor":[109,129,129,129,145,145,170,170,170,181,196,208,208,227,227,302,302,322,342,292,207,207,207,207,207],"floor_reached":24,"playtime":711,"items_purged":[],"score":396,"play_id":"9b427367-ec6d-472c-8cd8-cdb4431a17dd","local_time":"20201230001617","is_ascension_mode":true,"campfire_choices":[{"data":"Juggernaut","floor":8,"key":"SMITH"},{"floor":13,"key":"REST"},{"data":"Metallicize","floor":15,"key":"SMITH"},{"data":"Shrug It Off","floor":23,"key":"SMITH"}],"circlet_count":0,"master_deck":["AscendersBane","Strike_R","Strike_R","Strike_R","Strike_R","Defend_R","Defend_R","Defend_R","Defend_R","Bash","Juggernaut+1","Metallicize+1","Infernal Blade+1","Shrug It Off+1","Cleave","CurseOfTheBell","conspire:SpireCoStock"],"relics":["Burning Blood","Regal Pillow","Smiling Mask","aspiration:FetidBarrel","Calling Bell","Bag of Preparation","aspiration:HummingbirdHeart","hubris:64BitClover","infinitespire:Lucky Rock","hubris:Towel"],"acts_visited":["Exordium","TheCity"],"potions_floor_usage":[5,7,16,16,24],"damage_taken":[{"damage":12,"enemies":"Cultist","floor":1,"turns":5},{"damage":9,"enemies":"2 Louse","floor":2,"turns":3},{"damage":10,"enemies":"infinitespire:Voidling","floor":5,"turns":3},{"damage":29,"enemies":"3 Sentries","floor":7,"turns":8},{"damage":2,"enemies":"conspire:2 RoseBushes","floor":10,"turns":6},{"damage":9,"enemies":"Looter","floor":11,"turns":4},{"damage":4,"enemies":"2 Fungi Beasts","floor":12,"turns":3},{"damage":8,"enemies":"conspire:2 RoseBushes","floor":14,"turns":5},{"damage":50,"enemies":"Hexaghost","floor":16,"turns":9},{"damage":12,"enemies":"Spheric Guardian","floor":18,"turns":4},{"damage":24,"enemies":"Chosen","floor":19,"turns":6},{"damage":68,"enemies":"Book of Stabbing","floor":24,"turns":6}],"seed_played":"110283564242523411","potions_obtained":[{"floor":1,"key":"SkillPotion"},{"floor":6,"key":"Slimebound:ThreeZeroPotion"},{"floor":6,"key":"ColorlessPotion"},{"floor":7,"key":"conspire:TimeTravelPotion"},{"floor":10,"key":"BloodPotion"}],"is_trial":false,"path_per_floor":["M","M","?","?","M","?","E","R","T","M","M","M","R","M","R","B",null,"M","M","?","?","?","R","E"],"character_chosen":"IRONCLAD","items_purchased":[],"campfire_rested":1,"item_purchase_floors":[],"current_hp_per_floor":[62,59,59,59,55,55,32,32,32,36,33,35,72,70,70,62,72,66,48,48,48,48,48,0,0],"gold":207,"neow_bonus":"ONE_RANDOM_RARE_CARD","is_daily":false,"chose_seed":false,"campfire_upgraded":3,"win_rate":0.0,"timestamp":1609312577,"path_taken":["M","M","?","?","M","?","E","R","T","?","M","M","R","M","R","BOSS","M","M","?","?","?","R","E"],"items_purchased_type":[],"build_version":"2020-12-22","purchased_purges":0,"victory":false,"max_hp_per_floor":[75,75,75,75,75,75,75,75,75,75,75,75,75,75,75,75,75,75,75,75,75,75,75,75,75],"relic_stats":{"Regal Pillow":15,"counters":[12,62],"Bag of Preparation":[6],"Smiling Mask":0,"obtain_stats":[{"Calling Bell":17,"Regal Pillow":4,"aspiration:FetidBarrel":9,"hubris:64BitClover":17,"Bag of Preparation":17,"aspiration:HummingbirdHeart":17,"infinitespire:Lucky Rock":21,"hubris:Towel":22,"Smiling Mask":7,"Burning Blood":0},{"Calling Bell":9,"Regal Pillow":2,"aspiration:FetidBarrel":4,"hubris:64BitClover":9,"Bag of Preparation":9,"aspiration:HummingbirdHeart":9,"infinitespire:Lucky Rock":11,"hubris:Towel":11,"Smiling Mask":4,"Burning Blood":0},{"Calling Bell":46,"Regal Pillow":8,"aspiration:FetidBarrel":19,"hubris:64BitClover":46,"Bag of Preparation":46,"aspiration:HummingbirdHeart":46,"infinitespire:Lucky Rock":56,"hubris:Towel":56,"Smiling Mask":19,"Burning Blood":0}],"Burning Blood":66},"card_choices":[{"not_picked":["Pommel Strike","Perfected Strike","Shockwave"],"picked":"SKIP","floor":1},{"not_picked":["Anger","Iron Wave"],"picked":"Metallicize","floor":2},{"not_picked":["Iron Wave","Wild Strike"],"picked":"Shrug It Off","floor":5},{"not_picked":["Sword Boomerang","Offering"],"picked":"Cleave","floor":7},{"not_picked":["ReplayTheSpireMod:Strike From Hell","Battle Trance","Infernal Blade"],"picked":"SKIP","floor":10},{"not_picked":["Wild Strike","Fire Breathing","Havoc"],"picked":"SKIP","floor":11},{"not_picked":["Intimidate","Replay:Undeath\u0027s Touch","True Grit"],"picked":"SKIP","floor":12},{"not_picked":["ReplayTheSpireMod:Strike From Hell","Bludgeon","Flex"],"picked":"SKIP","floor":14},{"not_picked":["Pommel Strike","Run Through","Replay:Undeath\u0027s Touch"],"picked":"SKIP","floor":18},{"not_picked":["Warcry","Replay:Many Hands","Clash+1"],"picked":"SKIP","floor":19}],"player_experience":875129,"relics_obtained":[{"floor":4,"key":"Regal Pillow"},{"floor":7,"key":"Smiling Mask"},{"floor":9,"key":"aspiration:FetidBarrel"},{"floor":17,"key":"Bag of Preparation"},{"floor":17,"key":"aspiration:HummingbirdHeart"},{"floor":17,"key":"hubris:64BitClover"}],"event_choices":[{"damage_healed":0,"gold_gain":0,"player_choice":"Got Potions","damage_taken":0,"max_hp_gain":0,"max_hp_loss":0,"event_name":"Lab","floor":6,"gold_loss":0},{"damage_healed":0,"gold_gain":0,"player_choice":"Invest 1","damage_taken":0,"max_hp_gain":0,"max_hp_loss":0,"event_name":"conspire:Investor","floor":20,"gold_loss":0},{"damage_healed":0,"gold_gain":0,"player_choice":"Obtained Relic","damage_taken":0,"relics_obtained":["infinitespire:Lucky Rock"],"max_hp_gain":0,"max_hp_loss":0,"event_name":"Addict","floor":21,"gold_loss":85}],"is_beta":false,"boss_relics":[{"not_picked":["Snecko Eye","hubris:BlackHole"],"picked":"Calling Bell"}],"items_purged_floors":[],"is_endless":false,"potions_floor_spawned":[1,7,10,12],"killed_by":"Book of Stabbing","ascension_level":20}}