{"host":"8fjsnt81u6xsmhji","time":1609304267,"event":{"mods":["BaseMod","Beaked The Cultist","Colored Powertips","Downfall","Glutton Mod","Hermit","Minty Spire (QoL Compilation)","Quick Restart","StSLib","The Bug Knight","The Forsaken","The Hierophant"],"gold_per_floor":[119,119,119,135,148,184,184,197,220,220,239,263,263,283,283,283,283],"floor_reached":16,"playtime":747,"items_purged":[],"score":114,"play_id":"181d69da-e263-43cb-a91e-18316edb872f","local_time":"20201229225747","is_ascension_mode":true,"campfire_choices":[{"floor":7,"key":"REST"},{"floor":10,"key":"REST"},{"floor":13,"key":"REST"},{"floor":15,"key":"REST"}],"circlet_count":0,"master_deck":["Strike_B","Strike_B","Strike_B","Strike_B","Defend_B","Defend_B","Defend_B","Defend_B","Zap","Dualcast","Melter","Injury","Hologram","Multi-Cast","Redo","White Noise","Genetic Algorithm","Cold Snap"],"relics":["Nuclear Battery","Golden Idol","Pen Nib","MealTicket"],"acts_visited":["Exordium"],"potions_floor_usage":[16,16],"damage_taken":[{"damage":3,"enemies":"Small Slimes","floor":1,"turns":4},{"damage":8,"enemies":"Jaw Worm","floor":4,"turns":4},{"damage":4,"enemies":"2 Louse","floor":5,"turns":3},{"damage":41,"enemies":"Lagavulin","floor":6,"turns":7},{"damage":2,"enemies":"2 Fungi Beasts","floor":8,"turns":4},{"damage":30,"enemies":"Gremlin Gang","floor":11,"turns":6},{"damage":0,"enemies":"Exordium Wildlife","floor":12,"turns":2},{"damage":28,"enemies":"Large Slime","floor":14,"turns":5},{"damage":58,"enemies":"Slime Boss","floor":16,"turns":14}],"seed_played":"752272080841742616","potions_obtained":[{"floor":1,"key":"DuplicationPotion"},{"floor":5,"key":"sneckomod:MuddlingPotion"},{"floor":12,"key":"DistilledChaos"}],"is_trial":false,"path_per_floor":["M","?","?","M","M","E","R","M","T","R","M","M","R","M","R","B"],"character_chosen":"DEFECT","items_purchased":[],"campfire_rested":4,"item_purchase_floors":[],"current_hp_per_floor":[72,72,72,64,60,19,41,39,39,61,31,31,53,25,47,0,0],"gold":283,"neow_bonus":"BOSS_RELIC","is_daily":false,"chose_seed":false,"campfire_upgraded":0,"win_rate":0.0,"timestamp":1609304267,"path_taken":["M","?","?","M","M","E","R","M","T","R","M","?","R","M","R","BOSS"],"items_purchased_type":[],"build_version":"2020-12-22","purchased_purges":0,"victory":false,"max_hp_per_floor":[75,75,75,75,75,75,75,75,75,75,75,75,75,75,75,75,75],"card_choices":[{"not_picked":["Aggregate","Coolheaded"],"picked":"Melter","floor":1},{"not_picked":["Stack","Coolheaded","Aggregate"],"picked":"SKIP","floor":4},{"not_picked":["Leap","Meteor Strike"],"picked":"Hologram","floor":5},{"not_picked":["Genetic Algorithm","Cold Snap"],"picked":"Multi-Cast","floor":6},{"not_picked":["Double Energy","Melter"],"picked":"Redo","floor":8},{"not_picked":["Ball Lightning","Stack"],"picked":"White Noise","floor":11},{"not_picked":["Rip and Tear","Turbo"],"picked":"Genetic Algorithm","floor":12},{"not_picked":["Recycle","Stack"],"picked":"Cold Snap","floor":14}],"player_experience":618628,"relics_obtained":[{"floor":6,"key":"Pen Nib"},{"floor":9,"key":"MealTicket"}],"event_choices":[{"damage_healed":0,"gold_gain":0,"player_choice":"Ignored","damage_taken":0,"max_hp_gain":0,"max_hp_loss":0,"event_name":"Shining Light","floor":2,"gold_loss":0},{"damage_healed":0,"gold_gain":0,"player_choice":"Take Wound","damage_taken":0,"relics_obtained":["Golden Idol"],"max_hp_gain":0,"max_hp_loss":0,"event_name":"Golden Idol","floor":3,"gold_loss":0,"cards_obtained":["Injury"]}],"is_beta":false,"boss_relics":[],"items_purged_floors":[],"is_endless":false,"potions_floor_spawned":[1,5,12],"killed_by":"Slime Boss","ascension_level":2}}