{"host":"mjmsgaxkb56jw5c5","time":1609364950,"event":{"mods":["AchievementEnabler","Aspiration","BaseMod","Colored Powertips","Conspire","Downfall","Hubris","Minty Spire (QoL Compilation)","Replay The Spire","StSLib","The Jungle"],"gold_per_floor":[118,118,128,139,239,267,267,278,302,321,341,341,351,84,84,189,189,199,217,41,0,16,50,149,149,149,159,192,192,217,232,232,336,336,350,43,43,0,0,0,10,21,45,62,62,62,62,14,14,14],"floor_reached":51,"playtime":1602,"items_purged":["Strike_R","Barricade"],"score":934,"play_id":"c10a1934-403d-4ecf-ac7a-f3e5cbb8ebb3","local_time":"20201230224910","is_ascension_mode":true,"campfire_choices":[{"data":"Dual Wield","floor":7,"key":"SMITH"},{"floor":12,"key":"REST"},{"data":"Inflame","floor":15,"key":"SMITH"},{"floor":29,"key":"REST"},{"data":"Heavy Blade","floor":47,"key":"SMITH"},{"floor":49,"key":"REST"}],"circlet_count":0,"master_deck":["Strike_R","Defend_R+1","Defend_R+1","Defend_R","Defend_R","Bash+1","Clothesline","Clothesline","Dual Wield+1","Blood for Blood","Inflame+1","Double Tap","Heavy Blade+1","Inflame","conspire:HitWhereItHurts","Blood for Blood+1","Heavy Blade+1","Sword Boomerang+1","Inflame","Cleave","Rampage","Heavy Blade"],"relics":["Snecko Eye","FossilizedHelix","Red Skull","aspiration:Nostalgia","Replay:M_SmolderingBlood","aspiration:PoetsPen_weak","aspiration:SeaSaltIceCream","Potion Belt","Snack Pack","aspiration:ArtOfWarUpgrade","Bag of Preparation","Astrolabe","Anchor","Red Mask","War Paint","Replay:Rubber Ducky"],"acts_visited":["Exordium","TheCity","TheBeyond"],"potions_floor_usage":[10,18,27,33,50,50,50],"damage_taken":[{"damage":0,"enemies":"Small Slimes","floor":1,"turns":3},{"damage":0,"enemies":"Cultist","floor":3,"turns":2},{"damage":2,"enemies":"Jaw Worm","floor":4,"turns":2},{"damage":35,"enemies":"3 Sentries","floor":6,"turns":7},{"damage":0,"enemies":"conspire:2 RoseBushes","floor":8,"turns":4},{"damage":1,"enemies":"Exordium Thugs","floor":10,"turns":3},{"damage":0,"enemies":"Large Slime","floor":11,"turns":2},{"damage":0,"enemies":"3 Louse","floor":13,"turns":2},{"damage":8,"enemies":"Fading Forest","floor":16,"turns":11},{"damage":11,"enemies":"2 Thieves","floor":18,"turns":2},{"damage":12,"enemies":"3 Byrds","floor":19,"turns":4},{"damage":16,"enemies":"3 Cultists","floor":22,"turns":4},{"damage":0,"enemies":"Gremlin Leader","floor":23,"turns":3},{"damage":0,"enemies":"Centurion and Healer","floor":27,"turns":3},{"damage":5,"enemies":"Book of Stabbing","floor":28,"turns":3},{"damage":25,"enemies":"Slavers","floor":30,"turns":3},{"damage":0,"enemies":"Snecko","floor":31,"turns":3},{"damage":27,"enemies":"Champ","floor":33,"turns":6},{"damage":20,"enemies":"3 Shapes","floor":35,"turns":1},{"damage":12,"enemies":"3 Darklings","floor":41,"turns":3},{"damage":6,"enemies":"Writhing Mass","floor":42,"turns":2},{"damage":0,"enemies":"Maw","floor":44,"turns":2},{"damage":18,"enemies":"conspire:OrnateMirror","floor":50,"turns":4}],"seed_played":"-4900504723490074367","potions_obtained":[{"floor":6,"key":"DuplicationPotion"},{"floor":8,"key":"PowerPotion"},{"floor":11,"key":"FairyPotion"},{"floor":16,"key":"Death Potion"},{"floor":19,"key":"DuplicationPotion"},{"floor":23,"key":"Block Potion"},{"floor":30,"key":"SkillPotion"},{"floor":35,"key":"BloodPotion"}],"is_trial":false,"path_per_floor":["M","?","M","M","?","E","R","M","T","M","M","R","M","$","R","B",null,"M","M","$","?","M","E","?","?","T","M","E","R","E","M","R","B",null,"M","$","?","?","T","R","M","M","T","M","$","?","R","$","R","B",null],"character_chosen":"IRONCLAD","items_purchased":["aspiration:Nostalgia","Inflame","Inflame","Anchor","Inflame","Cleave","Rampage","AttackPotion"],"campfire_rested":3,"item_purchase_floors":[14,14,20,36,36,36,36,48],"current_hp_per_floor":[80,80,80,78,78,43,43,43,43,42,42,66,66,66,66,66,77,66,54,54,54,38,38,38,38,38,44,41,65,46,50,50,31,68,54,54,62,62,62,62,56,52,52,58,58,58,58,58,76,58],"gold":14,"neow_bonus":"BOSS_RELIC","is_daily":false,"chose_seed":false,"campfire_upgraded":3,"win_rate":0.0,"timestamp":1609364950,"path_taken":["M","?","?","M","?","E","R","?","T","M","M","R","M","$","R","BOSS","M","M","$","?","M","E","?","?","T","M","E","R","E","?","R","BOSS","M","$","?","?","?","R","M","M","T","?","$","?","R","$","R","BOSS"],"items_purchased_type":["Relic","Card","Card","Relic","Card","Card","Card","Potion"],"build_version":"2020-12-22","purchased_purges":2,"victory":true,"max_hp_per_floor":[80,80,80,80,80,80,80,80,80,80,80,80,80,80,80,80,80,80,80,80,80,80,80,80,80,80,80,80,80,80,80,80,80,80,80,80,80,80,80,80,80,80,80,80,80,76,76,76,76,76],"card_choices":[{"not_picked":["Armaments","Cleave"],"picked":"Clothesline","floor":1},{"not_picked":["Cleave","Headbutt"],"picked":"Clothesline","floor":3},{"not_picked":["Thunderclap","Headbutt"],"picked":"Dual Wield","floor":4},{"not_picked":["Shockwave","Exhume"],"picked":"Barricade","floor":6},{"not_picked":["Shrug It Off","ReplayTheSpireMod:Strike From Hell","Flex"],"picked":"SKIP","floor":8},{"not_picked":["ReplayTheSpireMod:Strike From Hell","Cleave","Flex"],"picked":"SKIP","floor":10},{"not_picked":["Sword Boomerang","Shrug It Off","conspire:ExplosiveBarrier"],"picked":"SKIP","floor":11},{"not_picked":["hubris:ReadiedAction","ReplayTheSpireMod:Strike From Hell"],"picked":"Blood for Blood","floor":13},{"not_picked":["Offering","Demonic Infusion"],"picked":"Double Tap","floor":16},{"not_picked":["True Grit+1","Havoc+1","Reckless Charge"],"picked":"SKIP","floor":18},{"not_picked":["Metallicize","conspire:ExplosiveBarrier"],"picked":"Heavy Blade","floor":19},{"not_picked":["ReplayTheSpireMod:LeadingStrike","Run Through","Shrug It Off"],"picked":"SKIP","floor":22},{"not_picked":["Anger","Headbutt","Spot Weakness"],"picked":"SKIP","floor":23},{"not_picked":["Whirlwind+1","Hemokinesis","Anger"],"picked":"SKIP","floor":27},{"not_picked":["Burning Pact+1","Entrench","Pummel"],"picked":"SKIP","floor":28},{"not_picked":["Anger","conspire:ExplosiveBarrier+1","Combust"],"picked":"SKIP","floor":30},{"not_picked":["Perfected Strike","Shrug It Off","Reckless Charge+1"],"picked":"SKIP","floor":31},{"not_picked":["Replay:Many Hands","Demonic Infusion"],"picked":"conspire:HitWhereItHurts","floor":33},{"not_picked":["Armaments+1","ReplayTheSpireMod:Strike From Hell+1","Intimidate+1"],"picked":"SKIP","floor":35},{"not_picked":["Anger","Replay:Undeath\u0027s Touch"],"picked":"Heavy Blade","floor":41},{"not_picked":["Replay:Undeath\u0027s Touch","Disarm","Run Through+1"],"picked":"SKIP","floor":42},{"not_picked":["True Grit","Perfected Strike+1","Combust"],"picked":"SKIP","floor":44}],"player_experience":237759,"relics_obtained":[{"floor":6,"key":"FossilizedHelix"},{"floor":9,"key":"Red Skull"},{"floor":23,"key":"aspiration:SeaSaltIceCream"},{"floor":26,"key":"Snack Pack"},{"floor":28,"key":"Art of War"},{"floor":30,"key":"Bag of Preparation"},{"floor":39,"key":"War Paint"},{"floor":43,"key":"Replay:Rubber Ducky"}],"event_choices":[{"damage_healed":0,"gold_gain":0,"player_choice":"Upgraded","damage_taken":0,"max_hp_gain":0,"max_hp_loss":0,"event_name":"Upgrade Shrine","floor":2,"gold_loss":0,"cards_upgraded":["Bash"]},{"damage_healed":0,"gold_gain":100,"player_choice":"Pray","damage_taken":0,"max_hp_gain":0,"max_hp_loss":0,"event_name":"Golden Shrine","floor":5,"gold_loss":0},{"damage_healed":0,"gold_gain":0,"player_choice":"Paid Fearfully","damage_taken":0,"max_hp_gain":0,"max_hp_loss":0,"event_name":"Masked Bandits","floor":21,"gold_loss":41},{"damage_healed":0,"gold_gain":99,"player_choice":"Stole From Cult","damage_taken":0,"max_hp_gain":0,"max_hp_loss":0,"event_name":"Nest","floor":24,"gold_loss":0},{"damage_healed":0,"gold_gain":0,"player_choice":"Paid","damage_taken":0,"relics_obtained":["Red Mask"],"max_hp_gain":0,"max_hp_loss":0,"event_name":"Tomb of Lord Red Mask","floor":38,"gold_loss":43},{"damage_healed":0,"gold_gain":0,"player_choice":"Max HP","damage_taken":0,"max_hp_gain":0,"max_hp_loss":4,"event_name":"Winding Halls","floor":46,"gold_loss":0}],"is_beta":false,"boss_relics":[{"not_picked":["aspiration:SecretTechniqueScroll","Busted Crown"],"picked":"aspiration:PoetsPen_weak"},{"not_picked":["aspiration:RunicSpoon","hubris:ScarierMask"],"picked":"Astrolabe"}],"items_purged_floors":[14,20],"is_endless":false,"potions_floor_spawned":[6,8,11,16,19,23,30,35],"ascension_level":5}}