{"host":"bzg9y3flbaqjj1j7","time":1609344270,"event":{"mods":["AchievementEnabler","Act Like it!","Aspiration","BaseMod","Better Third Choice","Challenge The Spire","Gensokyo","Hallownest","Hubris","Hyrulean Relics","Infinite Spire","Lobotomy","LobotomyExtend","Marisa????????","Marked Mod","Minty Spire (QoL Compilation)","Nova Terra(??·??)","Permanent Neow","Quick Restart","Rare Cards Sparkle","Reimu??????","Remilia??????","Shop Mod","Spicy Shops","StSLib","The Administrix","The Alterego","The Blue Laboratory","The Fake Hero","Waifu the Spire","vexMod"],"gold_per_floor":[113,113,127,145,13,36,36,36,36,36,36,50,50,50,50,50,50],"floor_reached":16,"playtime":1043,"items_purged":["Parasite"],"score":98,"play_id":"e9d99679-8f8a-4851-87d4-682e30d3d2ec","local_time":"20201230123430","is_ascension_mode":false,"campfire_choices":[],"circlet_count":0,"master_deck":["SpecialBullet","SpecialBullet","SpecialBullet","SpecialBullet","SpecialBullet","SpecialBullet","SpecialBullet","SpecialBullet","SecurityCode","InformationCode","ControlCode","Bloodbath","CherryBlossom","BlueScar","FieryBird","Lamp","CrumblingArmor","Regret_ego","WelfareCode","WallGazer","Noise","CentralCode"],"relics":["CogitoBucket","aspiration:Nostalgia","alterego_mod:MasochisticConstitution","LetterFromLob","Hallownest:DreamNailRelic","Juzu Bracelet","Blood Vial","Bird Faced Urn","hubris:Towel"],"acts_visited":["Exordium"],"potions_floor_usage":[12,16],"damage_taken":[{"damage":7,"enemies":"Hallownest:monsterHuskWarrior","floor":1,"turns":3},{"damage":12,"enemies":"2_ Uuma","floor":3,"turns":3},{"damage":12,"enemies":"Hallownest:2_Tiktiks_and_1_Crawlid","floor":4,"turns":3},{"damage":20,"enemies":"Hallownest:eliteCrystalGuardian","floor":10,"turns":5},{"damage":38,"enemies":"Hallownest:Guard_and_Warrior","floor":12,"turns":4},{"damage":65,"enemies":"Hallownest:BossHornet","floor":16,"turns":7}],"seed_played":"2637545784983416576","potions_obtained":[{"floor":1,"key":"blueLaboratory:NullPotion"},{"floor":3,"key":"blueLaboratory:FruitPunch"}],"is_trial":false,"path_per_floor":["M","?","M","M","$","T","R","?","T","E","?","M","?","?","R","B"],"character_chosen":"Angela","items_purchased":["Juzu Bracelet"],"campfire_rested":0,"item_purchase_floors":[5],"current_hp_per_floor":[71,71,68,69,69,69,69,69,69,65,65,48,55,55,55,0,0],"gold":50,"neow_bonus":"NOSTALGIA","is_daily":false,"chose_seed":false,"campfire_upgraded":0,"win_rate":0.0,"timestamp":1609344270,"path_taken":["M","?","?","M","$","?","R","?","T","E","?","M","?","?","R","BOSS"],"items_purchased_type":["Relic"],"build_version":"2020-12-22","purchased_purges":1,"victory":false,"max_hp_per_floor":[71,71,72,73,70,70,70,70,70,71,71,74,74,74,74,74,74],"card_choices":[{"not_picked":["UniverseFragment","PunishingBird"],"picked":"Bloodbath","floor":1},{"not_picked":["Tough"],"picked":"CherryBlossom","floor":1},{"not_picked":["Lantern"],"picked":"BlueScar","floor":3},{"not_picked":["HappyTeddy","WhitesApple"],"picked":"FieryBird","floor":4},{"not_picked":["Logging","Wingbeat"],"picked":"SKIP","floor":4},{"not_picked":["Scarecrow","CherryBlossoms"],"picked":"CrumblingArmor","floor":10},{"not_picked":["SolemnVow"],"picked":"Regret_ego","floor":10},{"not_picked":["SingingMachine","FairyFestival"],"picked":"WallGazer","floor":12},{"not_picked":["SomewhereSpear"],"picked":"Noise","floor":12}],"player_experience":147525,"relics_obtained":[{"floor":1,"key":"LetterFromLob"},{"floor":6,"key":"Blood Vial"},{"floor":10,"key":"Bird Faced Urn"}],"event_choices":[],"is_beta":false,"boss_relics":[],"items_purged_floors":[5],"is_endless":false,"potions_floor_spawned":[1,3],"killed_by":"Hallownest:BossHornet","ascension_level":0}}