{"host":"08sn1703g14rasc1","time":1609325960,"event":{"mods":["AchievementEnabler","BaseMod","Colored Map","Colored Powertips","Hermit","Minty Spire (QoL Compilation)","StSLib"],"gold_per_floor":[116,116,49,62,80,80,90,90,117,117,128,128,156,13,13,110,160,171,16,16,16,33,33,33,45,45,59,70,70,81,81,81,81,81],"floor_reached":33,"playtime":860,"items_purged":[],"score":333,"play_id":"d0c790a4-ca65-47dd-929a-7ee350d5d29d","local_time":"20201230025920","is_ascension_mode":true,"campfire_choices":[{"floor":6.0,"key":"REST"},{"data":"hermit:FlashPowder","floor":8.0,"key":"SMITH"},{"data":"hermit:Magnum","floor":10.0,"key":"SMITH"},{"floor":15.0,"key":"REST"},{"data":"hermit:Maintenance","floor":23.0,"key":"SMITH"},{"data":"hermit:BodyArmor","floor":24.0,"key":"SMITH"},{"floor":29.0,"key":"REST"},{"data":"hermit:FlashPowder","floor":32.0,"key":"SMITH"}],"circlet_count":0,"master_deck":["hermit:Strike_Hermit+1","hermit:Strike_Hermit+1","hermit:Strike_Hermit+1","hermit:Defend_Hermit+1","hermit:Defend_Hermit+1","hermit:Defend_Hermit+1","hermit:Defend_Hermit+1","hermit:Snapshot","hermit:Covet","hermit:Roulette","hermit:Spite+1","hermit:RoundhouseKick+1","hermit:Spite","hermit:Magnum+1","hermit:FlashPowder+1","hermit:Determination","hermit:Maintenance+1","hermit:Dissolve","hermit:Snipe","hermit:Deadeye","hermit:BodyArmor+1","hermit:Showdown+1","hermit:WideOpen+1","hermit:Maintenance+1","hermit:FlashPowder+1"],"relics":["hermit:Momento","Whetstone","WingedGreaves","Smiling Mask","Frozen Eye","Tiny House","Bronze Scales","MutagenicStrength","MealTicket"],"acts_visited":["Exordium","TheCity"],"potions_floor_usage":[33,33,33],"damage_taken":[{"damage":4.0,"enemies":"Small Slimes","floor":1.0,"turns":5.0},{"damage":6.0,"enemies":"Cultist","floor":4.0,"turns":3.0},{"damage":7.0,"enemies":"Jaw Worm","floor":5.0,"turns":2.0},{"damage":14.0,"enemies":"Red Slaver","floor":7.0,"turns":3.0},{"damage":0.0,"enemies":"3 Louse","floor":11.0,"turns":2.0},{"damage":26.0,"enemies":"Lagavulin","floor":13.0,"turns":7.0},{"damage":2.0,"enemies":"Slime Boss","floor":16.0,"turns":9.0},{"damage":1.0,"enemies":"Chosen","floor":18.0,"turns":4.0},{"damage":11.0,"enemies":"2 Thieves","floor":22.0,"turns":4.0},{"damage":24.0,"enemies":"Snake Plant","floor":25.0,"turns":2.0},{"damage":20.0,"enemies":"Centurion and Healer","floor":27.0,"turns":6.0},{"damage":8.0,"enemies":"Shelled Parasite and Fungi","floor":28.0,"turns":4.0},{"damage":24.0,"enemies":"Snake Plant","floor":30.0,"turns":2.0},{"damage":79,"enemies":"Collector","floor":33,"turns":8}],"seed_played":"7075683247832625578","potions_obtained":[{"floor":7.0,"key":"Energy Potion"},{"floor":11.0,"key":"BlessingOfTheForge"},{"floor":17.0,"key":"hermit:Tonic"},{"floor":22.0,"key":"EntropicBrew"},{"floor":27.0,"key":"Regen Potion"},{"floor":30.0,"key":"Regen Potion"}],"is_trial":false,"path_per_floor":["M","?","$","M","M","R","M","R","T","R","M","T","E","$","R","B",null,"M","$","?","?","M","R","R","M","T","M","M","R","M","?","R","B"],"character_chosen":"HERMIT","items_purchased":["hermit:RoundhouseKick","Frozen Eye","Bronze Scales"],"campfire_rested":3,"item_purchase_floors":[3,14,19],"current_hp_per_floor":[71,71,71,65,58,82,68,68,68,68,68,68,42,42,66,64,83,82,82,82,82,71,71,71,47,47,27,31,57,33,62,62,0,0],"gold":81,"neow_bonus":"TEN_PERCENT_HP_BONUS","is_daily":false,"chose_seed":false,"campfire_upgraded":5,"win_rate":0.0,"timestamp":1609325960,"path_taken":["M","?","$","?","M","R","M","R","T","R","?","?","E","?","R","BOSS","M","$","?","?","M","R","R","M","T","M","M","R","M","?","R","BOSS"],"items_purchased_type":["Card","Relic","Relic"],"build_version":"2020-12-22","purchased_purges":0,"victory":false,"max_hp_per_floor":[82,82,82,82,82,82,82,82,82,82,82,82,82,82,82,82,87,87,87,87,87,87,87,87,87,87,87,87,87,87,87,87,87,87],"card_choices":[{"not_picked":["hermit:Headshot","hermit:Manifest"],"picked":"hermit:Roulette","floor":1.0},{"not_picked":["hermit:Manifest","hermit:Coalescence"],"picked":"hermit:Spite","floor":4.0},{"not_picked":["hermit:Coalescence","hermit:Quickdraw"],"picked":"hermit:Magnum","floor":5.0},{"not_picked":["hermit:Midnight","hermit:Feint"],"picked":"hermit:FlashPowder","floor":7.0},{"not_picked":["hermit:Coalescence","hermit:Feint"],"picked":"hermit:Determination","floor":11.0},{"not_picked":["hermit:Misfire","hermit:Ricochet"],"picked":"hermit:Maintenance","floor":13.0},{"not_picked":["hermit:Gambit","hermit:Magnum"],"picked":"hermit:Dissolve","floor":16.0},{"not_picked":["hermit:CalledShot","hermit:ItchyTrigger"],"picked":"hermit:Snipe","floor":17.0},{"not_picked":["hermit:WideOpen+1","hermit:Desperado"],"picked":"hermit:Deadeye","floor":18.0},{"not_picked":["hermit:Malice","hermit:Headshot"],"picked":"hermit:BodyArmor","floor":22.0},{"not_picked":["hermit:Quickdraw","hermit:LowProfile"],"picked":"hermit:Showdown+1","floor":25.0},{"not_picked":["hermit:TrackingShot","hermit:ItchyTrigger"],"picked":"hermit:WideOpen+1","floor":27.0},{"not_picked":["hermit:Showdown","hermit:Roughhouse"],"picked":"hermit:Maintenance+1","floor":28.0},{"not_picked":["hermit:Scavenge","hermit:Roulette"],"picked":"hermit:FlashPowder","floor":30.0}],"player_experience":447809,"relics_obtained":[{"floor":9.0,"key":"Whetstone"},{"floor":12.0,"key":"WingedGreaves"},{"floor":13.0,"key":"Smiling Mask"},{"floor":26.0,"key":"MealTicket"}],"event_choices":[{"damage_healed":0.0,"max_hp_gain":0.0,"max_hp_loss":0.0,"gold_gain":0.0,"cards_transformed":["hermit:Strike_Hermit"],"event_name":"Transmorgrifier","player_choice":"Transformed","floor":2.0,"gold_loss":0.0,"damage_taken":0.0,"cards_obtained":["hermit:Spite"]},{"damage_healed":0.0,"max_hp_gain":0.0,"max_hp_loss":0.0,"gold_gain":0.0,"event_name":"Back to Basics","player_choice":"Simplicity","floor":20.0,"gold_loss":0.0,"damage_taken":0.0,"cards_upgraded":["hermit:Strike_Hermit","hermit:Strike_Hermit","hermit:Defend_Hermit","hermit:Defend_Hermit","hermit:Defend_Hermit","hermit:Defend_Hermit"]},{"damage_healed":0.0,"max_hp_gain":0.0,"max_hp_loss":0.0,"gold_gain":0.0,"event_name":"Drug Dealer","player_choice":"Inject Mutagens","floor":21.0,"gold_loss":0.0,"damage_taken":0.0,"relics_obtained":["MutagenicStrength"]},{"damage_healed":29.0,"max_hp_gain":0.0,"max_hp_loss":0.0,"gold_gain":0.0,"event_name":"The Library","player_choice":"Heal","floor":31.0,"gold_loss":0.0,"damage_taken":0.0}],"is_beta":false,"boss_relics":[{"not_picked":["Sozu","Empty Cage"],"picked":"Tiny House"}],"items_purged_floors":[],"is_endless":false,"potions_floor_spawned":[7,11,22,27,28,30],"killed_by":"Collector","ascension_level":7}}