{"host":"5fasz840ryq7obdf","time":1609359231,"event":{"mods":["AchievementEnabler","BaseMod","Bestiary","Better Altar","Better Skull","Better Third Choice","BetterRewards","Block Reminder","Colored Powertips","Curses Come First","Downfall","Highlight Path","Minty Spire (QoL Compilation)","Quick Restart","Relic Sorter","Relic Stats","Shop Mod","Spicy Shops","StSLib","SuperFastMode"],"gold_per_floor":[113,13,28,28,28,28,62,62,86,115,128,160,160,160,160,237,237,248,262,282,293,293,327,341,374,426,459,459,487,497,130,130,203,203,214,62,62,73,0,31,31,65,65,65,65,84,84,117,117,117,117,117,117,67,102,102],"floor_reached":57,"playtime":5904,"items_purged":["Strike_G","Strike_G"],"score":3717,"play_id":"93636a97-6a0d-4e7f-8171-9b250f9f7611","local_time":"20201230201351","is_ascension_mode":true,"campfire_choices":[{"data":"Catalyst","floor":6.0,"key":"SMITH"},{"data":"Well Laid Plans","floor":8.0,"key":"SMITH"},{"floor":13.0,"key":"REST"},{"floor":15.0,"key":"REST"},{"floor":32.0,"key":"REST"},{"floor":47.0,"key":"RECALL"},{"data":"Burst","floor":49.0,"key":"SMITH"},{"floor":53,"key":"REST"}],"circlet_count":0,"master_deck":["AscendersBane","Strike_G+1","Strike_G+1","Strike_G+1","Defend_G+1","Defend_G+1","Defend_G+1","Defend_G+1","Defend_G+1","Survivor","Neutralize+1","Well Laid Plans+1","Malaise","Backflip","Dash","Tactician+1","Noxious Fumes","Poisoned Stab","Footwork","Tools of the Trade","Catalyst+1","Die Die Die+1","Deflect","Deflect","Crippling Poison","Prepared","Backflip","Concentrate","Prepared","Corpse Explosion","Poisoned Stab+1","Bouncing Flask+1","Crippling Poison","Catalyst+1","Deadly Poison","Blur","Crippling Poison+1","Acrobatics","Footwork+1","Poisoned Stab+1","Deadly Poison+1","Envenom+1","Reflex","Tactician+1","Acrobatics+1","Leg Sweep+1","Burst+1","Leg Sweep","PiercingWail","Dodge and Roll"],"relics":["Ring of the Snake","Gremlin Horn","Orrery","TwistedFunnel","Snake Skull","Molten Egg 2","Dream Catcher","The Specimen","StrikeDummy","HoveringKite","Frozen Egg 2","Ancient Tea Set","PreservedInsect","Happy Flower","Blue Candle","Anchor","Cursed Key","Red Mask","Centennial Puzzle","HornCleat","Spirit Poop","Nunchaku","Whetstone"],"acts_visited":["Exordium","TheCity","TheBeyond","TheEnding"],"potions_floor_usage":[56,56],"damage_taken":[{"damage":1.0,"enemies":"Small Slimes","floor":1.0,"turns":3.0},{"damage":0.0,"enemies":"Cultist","floor":3.0,"turns":3.0},{"damage":6.0,"enemies":"3 Sentries","floor":7.0,"turns":6.0},{"damage":11.0,"enemies":"Lagavulin","floor":10.0,"turns":5.0},{"damage":0.0,"enemies":"Jaw Worm","floor":11.0,"turns":1.0},{"damage":8.0,"enemies":"Gremlin Nob","floor":12.0,"turns":3.0},{"damage":1.0,"enemies":"Hexaghost","floor":16.0,"turns":7.0},{"damage":16.0,"enemies":"2 Thieves","floor":18.0,"turns":3.0},{"damage":3.0,"enemies":"Spheric Guardian","floor":19.0,"turns":6.0},{"damage":14.0,"enemies":"Shelled Parasite and Fungi","floor":20.0,"turns":5.0},{"damage":11.0,"enemies":"Centurion and Healer","floor":21.0,"turns":7.0},{"damage":0.0,"enemies":"Gremlin Leader","floor":23.0,"turns":4.0},{"damage":0.0,"enemies":"3 Cultists","floor":24.0,"turns":3.0},{"damage":3.0,"enemies":"Book of Stabbing","floor":25.0,"turns":5.0},{"damage":0.0,"enemies":"Gremlin Leader","floor":27.0,"turns":3.0},{"damage":1.0,"enemies":"Slavers","floor":29.0,"turns":3.0},{"damage":0.0,"enemies":"Shelled Parasite and Fungi","floor":30.0,"turns":3.0},{"damage":11.0,"enemies":"Automaton","floor":33.0,"turns":5.0},{"damage":0.0,"enemies":"Orb Walker","floor":35.0,"turns":2.0},{"damage":0.0,"enemies":"3 Darklings","floor":38.0,"turns":3.0},{"damage":1.0,"enemies":"Giant Head","floor":40.0,"turns":4.0},{"damage":0.0,"enemies":"Reptomancer","floor":42.0,"turns":2.0},{"damage":0.0,"enemies":"Spire Growth","floor":46.0,"turns":2.0},{"damage":0.0,"enemies":"Giant Head","floor":48.0,"turns":3.0},{"damage":40.0,"enemies":"Time Eater","floor":50.0,"turns":9.0},{"damage":10,"enemies":"Awakened One","floor":51,"turns":10},{"damage":0,"enemies":"Shield and Spear","floor":55,"turns":4},{"damage":32,"enemies":"The Heart","floor":56,"turns":6}],"seed_played":"-2891358820437326202","potions_obtained":[{"floor":3.0,"key":"SkillPotion"},{"floor":5.0,"key":"Regen Potion"},{"floor":7.0,"key":"SneckoOil"},{"floor":11.0,"key":"ColorlessPotion"},{"floor":19.0,"key":"Slimebound:ThreeZeroPotion"},{"floor":21.0,"key":"sneckomod:MuddlingPotion"},{"floor":25.0,"key":"hexamod:EctoCoolerPotion"},{"floor":40.0,"key":"Fruit Juice"},{"floor":42.0,"key":"PowerPotion"},{"floor":55,"key":"PowerPotion"}],"is_trial":false,"path_per_floor":["M","$","M","$","?","R","E","R","T","E","M","E","R","?","R","B",null,"M","M","M","M","?","E","M","E","T","E","?","E","M","$","R","B",null,"M","$","?","M","?","E","$","E","T","$","?","M","R","E","R","B","B",null,"R","$","E","B",null],"character_chosen":"THE_SILENT","items_purchased":["Gremlin Horn","Orrery","Tactician","Noxious Fumes","Poisoned Stab","TwistedFunnel","Footwork","Tools of the Trade","Snake Skull","Catalyst","Die Die Die","Anchor","Acrobatics","Footwork+1","Poisoned Stab+1","Reflex","PiercingWail"],"campfire_rested":4,"item_purchase_floors":[0,0,0,0,0,0,0,0,0,0,0,31,31,31,31,36,54],"current_hp_per_floor":[16,16,16,16,16,16,24,24,24,13,13,5,24,24,43,42,60,44,41,27,16,16,16,16,13,13,13,13,12,12,12,31,20,55,55,55,55,55,55,59,59,59,59,59,59,59,59,59,59,19,9,56,71,71,71,39],"gold":102,"neow_bonus":"","is_daily":false,"chose_seed":false,"campfire_upgraded":3,"win_rate":0.0,"timestamp":1609359231,"path_taken":["M","$","M","$","?","R","E","R","T","E","?","E","R","?","R","BOSS","M","M","M","M","?","E","M","E","T","E","?","E","M","$","R","BOSS","M","$","?","?","?","E","$","E","T","?","?","M","R","E","R","BOSS","BOSS","R","$","E","BOSS"],"items_purchased_type":["Relic","Relic","Card","Card","Card","Relic","Card","Card","Relic","Card","Card","Relic","Card","Card","Card","Card","Card"],"build_version":"2020-12-22","purchased_purges":2,"victory":true,"max_hp_per_floor":[66,66,66,66,66,66,66,66,66,66,66,66,66,66,66,66,66,66,66,66,66,66,66,66,66,66,66,66,66,66,66,66,66,66,66,66,66,66,66,71,71,71,71,71,71,71,71,71,71,71,71,71,71,71,71,71],"relic_stats":{"Gremlin Horn":[26,26],"Happy Flower":[18],"counters":[501,1822],"Blue Candle":[0],"HoveringKite":[92],"Snake Skull":[546],"PreservedInsect":867,"Whetstone":["Die Die Die","Neutralize"],"Cursed Key":1,"Dream Catcher":4,"Centennial Puzzle":[9],"Nunchaku":[1],"obtain_stats":[{"TwistedFunnel":19,"Golden Egg":40,"Replay:Accelerometer":10,"Vampiric Spirits":4,"Spirit Poop":5,"Whetstone":40,"Ginger":0,"Bottled Tornado":0,"Sling":0,"Boot":3,"Old Coin":39,"Blood Vial":48,"Replay:Wanted Poster":36,"Replay:Ringing Soul":40,"Sundial":11,"MealTicket":0,"HandDrill":2,"Replay:Bottled Flurry":53,"Kunai":26,"Replay:Wax Seal":0,"Replay:Bottled Steam":12,"Pear":27,"Blue Candle":41,"Counterbalance":39,"Tingsha":0,"Eternal Feather":26,"Pen Nib":36,"Paper Crane":36,"Akabeko":2,"SlaversCollar":17,"Bird Faced Urn":6,"ReplayTheSpireMod:Ring of Collecting":47,"Pandora\u0027s Box":17,"Kintsugi":34,"StrikeDummy":29,"Unceasing Top":0,"Ring of the Serpent":17,"Lantern":23,"Regal Pillow":28,"Singing Bowl":36,"Torii":25,"Blue Doll":0,"Painkiller Herb":17,"Bag of Preparation":6,"Replay:Multitool":11,"Smiling Mask":20,"Cursed Key":34,"Ancient Tea Set":4,"Pet Ghost":23,"Replay:Rubber Ducky":21,"Matryoshka":8,"Ring of Fangs":25,"Shovel":45,"Ninja Scroll":10,"Ring of Peace":22,"Toolbox":54,"Chemical X":0,"Replay:Bottled Eggs":12,"InkBottle":21,"Ring of the Snake":0,"Potion Belt":9,"Lee\u0027s Waffle":0,"The Specimen":17,"Golden Idol":2,"Basket Of Snakes":5,"PreservedInsect":9,"The Courier":28,"Omamori":0,"Ring of Greed":47,"Frozen Egg 2":17,"MawBank":14,"Replay:Arrowhead":0,"Busted Crown":17,"Ornamental Fan":54,"Bloody Idol":19,"Ring of Misfortune":39,"Orrery":0,"Turnip":0,"Art of War":40,"Durian":42,"Garlic":23,"Bottled Lightning":26,"ReplayTheSpireMod:Lightbulb":42,"Toy Ornithopter":9,"Ice Cream":0,"Divine Protection":6,"Tiny House":17,"Calipers":43,"Gremlin Horn":0,"CeramicFish":44,"Vajra":0,"HoveringKite":34,"Sozu":34,"Centennial Puzzle":22,"Lizard Tail":38,"HornCleat":42,"DollysMirror":25,"Strawberry":46,"Prayer Wheel":17,"Philosopher\u0027s Stone":34,"Iron Hammer":6,"Toxic Egg 2":7,"Byrd Skull":13,"Girya":44,"Happy Flower":0,"Ring of Hypnosis":38,"ReplayTheSpireMod:CursedCoin":48,"Astrolabe":17,"Replay:Grab Bag":17,"Oddly Smooth Stone":11,"Letter Opener":40,"Replay:Kaleidoscope":28,"War Paint":0,"Question Card":17,"Du-Vu Doll":13,"OrangePellets":4,"Bottled Flame":32,"Replay:Baseball":40,"ReplayTheSpireMod:Shallot":9,"Shuriken":25,"Bronze Scales":26,"Onion Ring":0,"Molten Egg 2":9,"Simple Rune":28,"ReplayTheSpireMod:TigerMarble":44,"Nloth\u0027s Gift":22,"Grinning Jar":15,"Mirror":40,"ReplayTheSpireMod:DimensionalGlitch":34,"Pocketwatch":14,"Meat on the Bone":0,"Darkstone Periapt":9,"ReplayFunnel":15,"ReplayTheSpireMod:Ring of Exchange":25,"Replay:PocketPolymizer":55,"Snake Skull":0,"Juzu Bracelet":30,"Incense Burner":0,"Sizzling Blood":12,"Replay:Mystery Machine":55,"Empty Cage":34,"ClockworkSouvenir":54,"Frozen Eye":10,"Nunchaku":43,"Dream Catcher":26,"Replay:Bandana":14,"Tough Bandages":14,"Chameleon Ring":36,"Mummified Hand":31,"Pantograph":55,"Tiny Chest":6,"Red Mask":36,"Replay:Bottled Snecko":10,"Runic Pyramid":17,"Gremlin Food":26,"BargainBundle":0,"ReplayTheSpireMod:Ninjato":0,"Replay:Towering Pillar of Hats":0,"Guide Book":0,"Quantum Egg":17,"Orichalcum":55,"Medical Kit":46,"White Beast Statue":19,"Mercury Hourglass":8,"Calling Bell":17,"Strange Spoon":0,"Anchor":55,"Pondfish Scales":42,"CaptainsWheel":54,"Ring of Fury":22,"ChewingGum":17,"Bag of Marbles":49,"Snack Pack":0,"Coffee Dripper":17,"Membership Card":8,"TungstenRod":0},{"TwistedFunnel":77,"Golden Egg":144,"Replay:Accelerometer":270,"Vampiric Spirits":153,"Spirit Poop":68,"Whetstone":88,"Ginger":127,"Bottled Tornado":42,"Sling":29,"Boot":43,"Old Coin":317,"Blood Vial":27,"Replay:Wanted Poster":141,"Replay:Ringing Soul":201,"Sundial":37,"MealTicket":32,"HandDrill":97,"Replay:Bottled Flurry":354,"Kunai":16,"Replay:Wax Seal":150,"Replay:Bottled Steam":217,"Pear":83,"Blue Candle":88,"Counterbalance":172,"Tingsha":29,"Eternal Feather":251,"Pen Nib":21,"Paper Crane":21,"Akabeko":33,"SlaversCollar":247,"Bird Faced Urn":184,"ReplayTheSpireMod:Ring of Collecting":205,"Pandora\u0027s Box":332,"Kintsugi":169,"StrikeDummy":401,"Unceasing Top":29,"Ring of the Serpent":40,"Lantern":14,"Regal Pillow":17,"Singing Bowl":86,"Torii":110,"Blue Doll":127,"Painkiller Herb":332,"Bag of Preparation":4,"Replay:Multitool":302,"Smiling Mask":51,"Cursed Key":85,"Ancient Tea Set":445,"Pet Ghost":138,"Replay:Rubber Ducky":136,"Matryoshka":46,"Ring of Fangs":224,"Shovel":349,"Ninja Scroll":131,"Ring of Peace":248,"Toolbox":354,"Chemical X":296,"Replay:Bottled Eggs":132,"InkBottle":51,"Ring of the Snake":0,"Potion Belt":46,"Lee\u0027s Waffle":96,"The Specimen":105,"Golden Idol":1,"Basket Of Snakes":153,"PreservedInsect":70,"The Courier":83,"Omamori":96,"Ring of Greed":205,"Frozen Egg 2":105,"MawBank":39,"Replay:Arrowhead":150,"Busted Crown":187,"Ornamental Fan":125,"Bloody Idol":248,"Ring of Misfortune":346,"Orrery":29,"Turnip":296,"Art of War":61,"Durian":174,"Garlic":224,"Bottled Lightning":82,"ReplayTheSpireMod:Lightbulb":409,"Toy Ornithopter":5,"Ice Cream":96,"Divine Protection":360,"Tiny House":9,"Calipers":89,"Gremlin Horn":0,"CeramicFish":25,"Vajra":0,"HoveringKite":20,"Sozu":313,"Centennial Puzzle":79,"Lizard Tail":117,"HornCleat":495,"DollysMirror":110,"Strawberry":146,"Prayer Wheel":76,"Philosopher\u0027s Stone":115,"Iron Hammer":388,"Toxic Egg 2":36,"Byrd Skull":158,"Girya":290,"Happy Flower":96,"Ring of Hypnosis":285,"ReplayTheSpireMod:CursedCoin":175,"Astrolabe":134,"Replay:Grab Bag":332,"Oddly Smooth Stone":7,"Letter Opener":24,"Replay:Kaleidoscope":225,"War Paint":32,"Question Card":76,"Du-Vu Doll":74,"OrangePellets":358,"Bottled Flame":140,"Replay:Baseball":318,"ReplayTheSpireMod:Shallot":214,"Shuriken":16,"Bronze Scales":110,"Onion Ring":127,"Molten Egg 2":155,"Simple Rune":400,"ReplayTheSpireMod:TigerMarble":145,"Nloth\u0027s Gift":335,"Grinning Jar":159,"Mirror":231,"ReplayTheSpireMod:DimensionalGlitch":283,"Pocketwatch":8,"Meat on the Bone":66,"Darkstone Periapt":46,"ReplayFunnel":159,"ReplayTheSpireMod:Ring of Exchange":224,"Replay:PocketPolymizer":382,"Snake Skull":32,"Juzu Bracelet":18,"Incense Burner":96,"Sizzling Blood":302,"Replay:Mystery Machine":265,"Empty Cage":58,"ClockworkSouvenir":354,"Frozen Eye":131,"Nunchaku":24,"Dream Catcher":55,"Replay:Bandana":219,"Tough Bandages":273,"Chameleon Ring":373,"Mummified Hand":114,"Pantograph":126,"Tiny Chest":45,"Red Mask":59,"Replay:Bottled Snecko":243,"Runic Pyramid":50,"Gremlin Food":139,"BargainBundle":127,"ReplayTheSpireMod:Ninjato":127,"Replay:Towering Pillar of Hats":150,"Guide Book":179,"Quantum Egg":365,"Orichalcum":95,"Medical Kit":291,"White Beast Statue":77,"Mercury Hourglass":5,"Calling Bell":76,"Strange Spoon":210,"Anchor":178,"Pondfish Scales":232,"CaptainsWheel":381,"Ring of Fury":248,"ChewingGum":332,"Bag of Marbles":147,"Snack Pack":179,"Coffee Dripper":220,"Membership Card":36,"TungstenRod":325},{"TwistedFunnel":427,"Golden Egg":660,"Replay:Accelerometer":1067,"Vampiric Spirits":686,"Spirit Poop":395,"Whetstone":467,"Ginger":613,"Bottled Tornado":241,"Sling":179,"Boot":244,"Old Coin":1200,"Blood Vial":148,"Replay:Wanted Poster":648,"Replay:Ringing Soul":817,"Sundial":209,"MealTicket":186,"HandDrill":504,"Replay:Bottled Flurry":1316,"Kunai":93,"Replay:Wax Seal":681,"Replay:Bottled Steam":877,"Pear":450,"Blue Candle":467,"Counterbalance":729,"Tingsha":179,"Eternal Feather":986,"Pen Nib":120,"Paper Crane":120,"Akabeko":190,"SlaversCollar":973,"Bird Faced Urn":760,"ReplayTheSpireMod:Ring of Collecting":833,"Pandora\u0027s Box":1265,"Kintsugi":726,"StrikeDummy":1466,"Unceasing Top":179,"Ring of the Serpent":230,"Lantern":82,"Regal Pillow":97,"Singing Bowl":460,"Torii":544,"Blue Doll":613,"Painkiller Herb":1265,"Bag of Preparation":20,"Replay:Multitool":1142,"Smiling Mask":286,"Cursed Key":456,"Ancient Tea Set":1610,"Pet Ghost":640,"Replay:Rubber Ducky":637,"Matryoshka":260,"Ring of Fangs":898,"Shovel":1302,"Ninja Scroll":622,"Ring of Peace":975,"Toolbox":1316,"Chemical X":1126,"Replay:Bottled Eggs":625,"InkBottle":286,"Ring of the Snake":0,"Potion Belt":260,"Lee\u0027s Waffle":501,"The Specimen":525,"Golden Idol":2,"Basket Of Snakes":686,"PreservedInsect":401,"The Courier":450,"Omamori":501,"Ring of Greed":833,"Frozen Egg 2":525,"MawBank":219,"Replay:Arrowhead":681,"Busted Crown":775,"Ornamental Fan":602,"Bloody Idol":975,"Ring of Misfortune":1296,"Orrery":179,"Turnip":1126,"Art of War":353,"Durian":733,"Garlic":898,"Bottled Lightning":446,"ReplayTheSpireMod:Lightbulb":1488,"Toy Ornithopter":24,"Ice Cream":501,"Divine Protection":1333,"Tiny House":46,"Calipers":472,"Gremlin Horn":0,"CeramicFish":136,"Vajra":0,"HoveringKite":115,"Sozu":1183,"Centennial Puzzle":435,"Lizard Tail":569,"HornCleat":1788,"DollysMirror":544,"Strawberry":664,"Prayer Wheel":425,"Philosopher\u0027s Stone":563,"Iron Hammer":1430,"Toxic Egg 2":204,"Byrd Skull":700,"Girya":1110,"Happy Flower":501,"Ring of Hypnosis":1099,"ReplayTheSpireMod:CursedCoin":734,"Astrolabe":632,"Replay:Grab Bag":1265,"Oddly Smooth Stone":32,"Letter Opener":132,"Replay:Kaleidoscope":902,"War Paint":186,"Question Card":425,"Du-Vu Doll":415,"OrangePellets":1328,"Bottled Flame":645,"Replay:Baseball":1205,"ReplayTheSpireMod:Shallot":869,"Shuriken":93,"Bronze Scales":544,"Onion Ring":613,"Molten Egg 2":694,"Simple Rune":1463,"ReplayTheSpireMod:TigerMarble":663,"Nloth\u0027s Gift":1271,"Grinning Jar":701,"Mirror":922,"ReplayTheSpireMod:DimensionalGlitch":1094,"Pocketwatch":39,"Meat on the Bone":392,"Darkstone Periapt":260,"ReplayFunnel":701,"ReplayTheSpireMod:Ring of Exchange":898,"Replay:PocketPolymizer":1414,"Snake Skull":186,"Juzu Bracelet":102,"Incense Burner":501,"Sizzling Blood":1142,"Replay:Mystery Machine":1051,"Empty Cage":333,"ClockworkSouvenir":1316,"Frozen Eye":622,"Nunchaku":132,"Dream Catcher":308,"Replay:Bandana":881,"Tough Bandages":1072,"Chameleon Ring":1376,"Mummified Hand":557,"Pantograph":606,"Tiny Chest":254,"Red Mask":338,"Replay:Bottled Snecko":960,"Runic Pyramid":281,"Gremlin Food":642,"BargainBundle":613,"ReplayTheSpireMod:Ninjato":613,"Replay:Towering Pillar of Hats":681,"Guide Book":749,"Quantum Egg":1354,"Orichalcum":496,"Medical Kit":1112,"White Beast Statue":427,"Mercury Hourglass":24,"Calling Bell":425,"Strange Spoon":858,"Anchor":744,"Pondfish Scales":926,"CaptainsWheel":1409,"Ring of Fury":975,"ChewingGum":1265,"Bag of Marbles":668,"Snack Pack":749,"Coffee Dripper":886,"Membership Card":204,"TungstenRod":1245}],"Ring of the Snake":[352]},"card_choices":[{"not_picked":["Glass Knife","Deflect"],"picked":"Well Laid Plans","floor":0.0},{"not_picked":["Quick Slash","Crippling Poison"],"picked":"Malaise","floor":0.0},{"not_picked":["PiercingWail","Unload"],"picked":"Backflip","floor":0.0},{"not_picked":["Blade Dance","Slice"],"picked":"Dash","floor":0.0},{"not_picked":["Terror","Dagger Throw","Accuracy"],"picked":"SKIP","floor":1.0},{"not_picked":["Masterful Stab","Slice"],"picked":"Deflect","floor":3.0},{"not_picked":["Cloak And Dagger","Setup"],"picked":"Crippling Poison","floor":7.0},{"not_picked":["Skewer+1","Blade Dance","Underhanded Strike+1"],"picked":"SKIP","floor":10.0},{"not_picked":["Dodge and Roll","A Thousand Cuts"],"picked":"Prepared","floor":11.0},{"not_picked":["Grand Finale+1","Acrobatics"],"picked":"Backflip","floor":12.0},{"not_picked":["Slice+1","Escape Plan"],"picked":"Concentrate","floor":13.0},{"not_picked":["Backstab+1","Cloak And Dagger"],"picked":"Prepared","floor":15.0},{"not_picked":["Envenom","Wraith Form v2"],"picked":"Corpse Explosion","floor":16.0},{"not_picked":["Underhanded Strike+1","Flying Knee+1","Sucker Punch+1"],"picked":"SKIP","floor":18.0},{"not_picked":["Caltrops","Skewer+1"],"picked":"Poisoned Stab+1","floor":19.0},{"not_picked":["Acrobatics","Setup"],"picked":"Bouncing Flask+1","floor":20.0},{"not_picked":["Finisher+1","Heel Hook+1","Masterful Stab+1"],"picked":"SKIP","floor":21.0},{"not_picked":["Cloak And Dagger","Poisoned Stab+1"],"picked":"Crippling Poison","floor":23.0},{"not_picked":["Cloak And Dagger","Outmaneuver","A Thousand Cuts+1"],"picked":"SKIP","floor":24.0},{"not_picked":["Heel Hook+1","Sucker Punch+1"],"picked":"Catalyst","floor":25.0},{"not_picked":["Dagger Throw+1","Cloak And Dagger"],"picked":"Deadly Poison","floor":27.0},{"not_picked":["Caltrops+1","Endless Agony+1"],"picked":"Blur","floor":29.0},{"not_picked":["Slice+1","Flechettes+1"],"picked":"Crippling Poison+1","floor":30.0},{"not_picked":["Prepared","Concentrate+1"],"picked":"Deadly Poison+1","floor":32.0},{"not_picked":["A Thousand Cuts+1","Corpse Explosion"],"picked":"Envenom+1","floor":33.0},{"not_picked":["Flying Knee+1","Cloak And Dagger","Deadly Poison"],"picked":"SKIP","floor":35.0},{"not_picked":["Dagger Throw+1","Prepared"],"picked":"Tactician+1","floor":38.0},{"not_picked":["Predator+1","Quick Slash+1"],"picked":"Acrobatics+1","floor":40.0},{"not_picked":["Sucker Punch+1","Crippling Poison"],"picked":"Leg Sweep+1","floor":42.0},{"not_picked":["Acrobatics+1","Skewer+1","Sucker Punch+1"],"picked":"SKIP","floor":46.0},{"not_picked":["Dash+1","All Out Attack+1"],"picked":"Burst","floor":48.0},{"not_picked":["Bane+1","Caltrops+1"],"picked":"Leg Sweep","floor":53},{"not_picked":["Bane+1","Quick Slash+1"],"picked":"Dodge and Roll","floor":55}],"player_experience":1304073,"relics_obtained":[{"floor":7.0,"key":"Molten Egg 2"},{"floor":9.0,"key":"Dream Catcher"},{"floor":10.0,"key":"The Specimen"},{"floor":12.0,"key":"StrikeDummy"},{"floor":23.0,"key":"Frozen Egg 2"},{"floor":25.0,"key":"Ancient Tea Set"},{"floor":26.0,"key":"PreservedInsect"},{"floor":27.0,"key":"Happy Flower"},{"floor":29.0,"key":"Blue Candle"},{"floor":40.0,"key":"Centennial Puzzle"},{"floor":42.0,"key":"HornCleat"},{"floor":48.0,"key":"Nunchaku"},{"floor":55,"key":"Whetstone"}],"event_choices":[{"damage_healed":0.0,"max_hp_gain":0.0,"max_hp_loss":0.0,"gold_gain":0.0,"event_name":"Lab","player_choice":"Got Potions","floor":5.0,"gold_loss":0.0,"damage_taken":0.0},{"damage_healed":0.0,"max_hp_gain":0.0,"max_hp_loss":0.0,"gold_gain":0.0,"event_name":"Living Wall","player_choice":"Grow","floor":14.0,"gold_loss":0.0,"damage_taken":0.0,"cards_upgraded":["Tactician"]},{"damage_healed":0.0,"max_hp_gain":0.0,"max_hp_loss":0.0,"gold_gain":0.0,"event_name":"Vampires","player_choice":"Ignored","floor":22.0,"gold_loss":0.0,"damage_taken":0.0},{"damage_healed":0.0,"max_hp_gain":0.0,"max_hp_loss":8.0,"gold_gain":0.0,"event_name":"betterThird:BetterWriting","player_choice":"Simplicity","floor":28.0,"gold_loss":0.0,"damage_taken":0.0},{"damage_healed":0.0,"max_hp_gain":0.0,"max_hp_loss":0.0,"gold_gain":0.0,"event_name":"Upgrade Shrine","player_choice":"Upgraded","floor":37.0,"gold_loss":0.0,"damage_taken":0.0,"cards_upgraded":["Catalyst"]},{"damage_healed":0.0,"max_hp_gain":0.0,"max_hp_loss":0.0,"gold_gain":0.0,"event_name":"Tomb of Lord Red Mask","player_choice":"Paid","floor":39.0,"gold_loss":73.0,"damage_taken":0.0,"relics_obtained":["Red Mask"]},{"cards_removed":["Clumsy"],"damage_healed":0.0,"max_hp_gain":0.0,"max_hp_loss":0.0,"gold_gain":0.0,"event_name":"Bonfire Elementals","player_choice":"Offered Curse","floor":45.0,"gold_loss":0.0,"damage_taken":0.0,"relics_obtained":["Spirit Poop"]}],"is_beta":false,"boss_relics":[{"not_picked":["Runic Pyramid","Snecko Eye"],"picked":"HoveringKite"},{"not_picked":["Fusion Hammer","Ring of the Serpent"],"picked":"Cursed Key"}],"items_purged_floors":[0,2],"is_endless":false,"potions_floor_spawned":[3,7,11,19,21,23,25,27,33,40,42,46,55],"ascension_level":20}}