{"host":"96bpdudduaq3ttpf","time":1609330848,"event":{"mods":["Act Like it!","Astrologer","Bard","Bartender","BaseMod","CapriCore","Challenge The Spire","Chen","Downfall","Elementarium","Energized Spire","Friendly Minions","GifTheSpireLib","Hallownest","Hermit","Jorbs\u0027s Wanderer Trilogy","Koishi","Mari Mod (Legacy)","Mari\u0027s V1 Patch","Marisa????????","Mimic Mod","Minty Spire (QoL Compilation)","Prisma Mod","Remilia??????","Replay The Spire","Shade Mod","StSLib","Td1madao Mod","The Administrix","The Bladedancer","The Bug Knight","The Construct","The Cursed","The Factory","The Gatherer","The Hierophant","The Immortal","The IronCluck","The Jungle","The Marked","The Mystic","The Necromancer","The Runesmith","The Servant 0.9.4","Wandering Minibosses","WarShipGirlsR/????R mod","Yohane!","Yuyuko"],"gold_per_floor":[115,133,133,8,22,22,55,68,120,174,228,256,63,87,96,216,216,249,279,266,333,84,167,355,432,457,209,318,491,500,532,568,719,719,760,257,1265,1265,1290,1381,492,565,614,699,776,52,88,163,199,289],"floor_reached":51,"playtime":2418,"items_purged":["Normality"],"score":1043,"play_id":"535cdf73-59c8-410d-8f77-7a4cbb49e4c5","local_time":"20201230052048","daily_mods":["Vintage","Flight"],"is_ascension_mode":false,"campfire_choices":[{"data":"PrismaMod:MiyuEvokeAllAttack","floor":6.0,"key":"SMITH"},{"floor":15.0,"key":"REST"},{"floor":30,"key":"REST"},{"floor":32,"key":"REST"},{"floor":47,"key":"REST"},{"floor":49,"key":"REST"}],"circlet_count":0,"master_deck":["PrismaMod:MiyuCommonDefend","PrismaMod:MiyuCommonAttack","PrismaMod:MiyuCommonAttack","PrismaMod:MiyuCommonAttack","PrismaMod:MiyuCommonAttack","PrismaMod:MiyuCheapChannelAttack","PrismaMod:MiyuCheapChannelDefend","PrismaMod:MiyuBride","PrismaMod:MiyuMaid+1","PrismaMod:MiyuEvokeAllAttack+1","PrismaMod:MiyuUncommonStrBuff","PrismaMod:MiyuUncommonAttack","PrismaMod:MiyuUberAttack","PrismaMod:MiyuCheapStrBuff","PrismaMod:MiyuUberAOEAttack","PrismaMod:MiyuDefenseAbsorbMinor","PrismaMod:MiyuCheapChannelVul","PrismaMod:MiyuEvokeBuffStr","PrismaMod:MiyuCheapChannelWeak+1","PrismaMod:MiyuUberAOEAttack+1","PrismaMod:MiyuEvokeBuffStr+1","PrismaMod:MiyuEvokeCheapAttack","PrismaMod:MiyuEvokeCheapAttack+1","PrismaMod:MiyuCheapAttack1","PrismaMod:MiyuCheapEvoke+1","PrismaMod:MiyuAttackChannelVul","PrismaMod:MiyuOrbIncreasePerm+1","PrismaMod:MiyuChristmas","PrismaMod:MiyuAttackChannelWeak","PrismaMod:MiyuCheapStrBuff","PrismaMod:MiyuCheapChannelVul","PrismaMod:MiyuEvokeAllAttack+1","PrismaMod:MiyuUberAttack","PrismaMod:MiyuAttackChannelVul","PrismaMod:MiyuUberDefend","PrismaMod:MiyuUncommonDexBuff","PrismaMod:MiyuCheapAttack1","PrismaMod:MiyuAttackChannelVul","PrismaMod:MiyuUncommonAOEAttack+1","PrismaMod:MiyuDevil","PrismaMod:MiyuCheapChannelHeal","PrismaMod:MiyuUncommonAOEAttack","PrismaMod:MiyuCheapAttack1","PrismaMod:MiyuCheapDexBuff","PrismaMod:MiyuEvokeAllAttack+1","PrismaMod:MiyuAttackChannelWeak","PrismaMod:MiyuUberAttack+1","PrismaMod:MiyuCheapAttack1+1","PrismaMod:MiyuCarnivalDefend","PrismaMod:MiyuDefenseAbsorbMinor","PrismaMod:MiyuUberDefend","PrismaMod:MiyuCheapStrBuff","PrismaMod:MiyuCheapEvoke","PrismaMod:MiyuCheapChannelWeak+1","Apotheosis","PrismaMod:MiyuDefenseExplosion","PrismaMod:MiyuOrbIncreasePerm","PrismaMod:MiyuChristmas+1","PrismaMod:MiyuCheapPlate+1","PrismaMod:MiyuDevil","PrismaMod:MiyuCheapPlate","PrismaMod:MiyuOrbIncreasePerm+1","PrismaMod:MiyuUncommonDexBuff+1","PrismaMod:MiyuCheapAttack1+1","PrismaMod:MiyuCommonAOEAttack+1","PrismaMod:MiyuCheapAttack2+1","PrismaMod:MiyuUncommonAOEAttack+1","PrismaMod:MiyuCheapChannelVul+1","PrismaMod:MiyuCheapChannelRandom","PrismaMod:MiyuCheapDefend1+1"],"relics":["PrismaMod:PrismaSapphire","Quantum Egg","Bronze Scales","Lantern","HollowMod:PaleOreRelic","CeramicFish","Replay:Bandana","Omamori","Kunai","Centennial Puzzle","Guardian:PocketSentry","Dream Catcher","energizedSpire:StickyHand","Blue Doll","Smiling Mask","Orrery","Mummified Hand","ClockworkSouvenir","Durian","Onion Ring","Pantograph","Tiny Chest","ReplayTheSpireMod:CursedCoin","Replay:PocketPolymizer","Anchor","Bottled Lightning","champ:DeflectingBracers","Black Star","Replay:Bottled Steam","Iron Hammer","Replay:Bottled Eggs","Blue Candle","Toy Ornithopter","ScarletDevilRocket","ReplayTheSpireMod:Ninjato","Bottled Flame","Sling","InkBottle","Bag of Preparation","champ:DuelingGlove","Replay:Bottled Flurry","Replay:Wax Seal","HollowMod:StagPassRelic","Protect_Vest","Garlic","Frozen Eye","Molten Egg 2","Pet Ghost"],"acts_visited":["Exordium","TheCity","TheBeyond"],"potions_floor_usage":[29,33,40,44,44,48,50,50,50,50,50],"damage_taken":[{"damage":2.0,"enemies":"Cultist","floor":1.0,"turns":5.0},{"damage":5.0,"enemies":"2 Louse","floor":2.0,"turns":4.0},{"damage":0.0,"enemies":"Jaw Worm","floor":5.0,"turns":1.0},{"damage":0.0,"enemies":"Lagavulin","floor":7.0,"turns":3.0},{"damage":3.0,"enemies":"Looter","floor":8.0,"turns":2.0},{"damage":21.0,"enemies":"3 Sentries","floor":10.0,"turns":4.0},{"damage":4.0,"enemies":"Gremlin Nob","floor":11.0,"turns":3.0},{"damage":11.0,"enemies":"Large Slime","floor":12.0,"turns":2.0},{"damage":7.0,"enemies":"Lots of Slimes","floor":14.0,"turns":3.0},{"damage":0.0,"enemies":"The Guardian","floor":16.0,"turns":7.0},{"damage":0.0,"enemies":"Chosen","floor":18.0,"turns":2.0},{"damage":10.0,"enemies":"3 Byrds","floor":19.0,"turns":3.0},{"damage":8.0,"enemies":"Centurion and Healer","floor":21.0,"turns":2.0},{"damage":12.0,"enemies":"Book of Stabbing","floor":23.0,"turns":3.0},{"damage":10,"enemies":"Snecko","floor":24,"turns":5},{"damage":26,"enemies":"Gremlin Leader","floor":25,"turns":4},{"damage":25,"enemies":"Slavers","floor":28,"turns":3},{"damage":0,"enemies":"Cultist and Chosen","floor":29,"turns":4},{"damage":0,"enemies":"Sentry and Sphere","floor":31,"turns":3},{"damage":52,"enemies":"Automaton","floor":33,"turns":7},{"damage":36,"enemies":"3 Shapes","floor":35,"turns":3},{"damage":0,"enemies":"Orb Walker","floor":39,"turns":2},{"damage":44,"enemies":"Reptomancer","floor":40,"turns":3},{"damage":0,"enemies":"Giant Head","floor":44,"turns":4},{"damage":0,"enemies":"Reptomancer","floor":45,"turns":1},{"damage":0,"enemies":"Nemesis","floor":48,"turns":1},{"damage":64,"enemies":"Replay:Hell Engine","floor":50,"turns":8}],"seed_played":"-6169198918172756749","potions_obtained":[{"floor":1.0,"key":"BlessingOfTheForge"},{"floor":5.0,"key":"EssenceOfSteel"},{"floor":7.0,"key":"SpeedPotion"},{"floor":8.0,"key":"Dexterity Potion"},{"floor":11.0,"key":"Regen Potion"},{"floor":16.0,"key":"Flashbang"},{"floor":21.0,"key":"Block Potion"},{"floor":23.0,"key":"Venom Potion"},{"floor":24,"key":"BlessingOfTheForge"},{"floor":29,"key":"SkillPotion"},{"floor":39,"key":"Doom Potion"},{"floor":45,"key":"Energy Potion"},{"floor":48,"key":"SpeedPotion"}],"is_trial":true,"path_per_floor":["M","M","?","$","M","R","E","M","T","E","E","M","$","M","R","B",null,"M","M","$","M","$","E","M","E","T","$","E","M","R","M","R","B",null,"M","$","?","?","M","E","$","T","T","E","E","$","R","E","R","B",null],"character_chosen":"MIYU","items_purchased":["PrismaMod:MiyuMaid","PrismaMod:MiyuEvokeAllAttack","Guardian:PocketSentry","PrismaMod:MiyuCheapStrBuff","Orrery","ClockworkSouvenir","PrismaMod:MiyuEvokeAllAttack+1","ReplayTheSpireMod:CursedCoin","PrismaMod:MiyuUncommonAOEAttack+1","Replay:PocketPolymizer","PrismaMod:MiyuDevil","Iron Hammer","Replay:Bottled Eggs","ReplayTheSpireMod:Ninjato","Apotheosis","Bottled Flame","Sling","Energy Potion","Swift Potion","Protect_Vest","PrismaMod:MiyuCheapPlate","Garlic","EntropicBrew","Frozen Eye"],"campfire_rested":5,"item_purchase_floors":[4,4,13,13,20,22,22,27,27,27,27,36,36,41,41,41,41,41,41,46,46,46,46,46],"current_hp_per_floor":[73,68,68,68,68,68,68,65,65,44,40,38,38,35,57,61,75,75,69,69,65,65,58,48,26,26,26,1,10,34,38,62,41,80,44,44,44,44,54,18,18,18,18,32,32,32,56,61,80,35],"gold":289,"neow_bonus":"","is_daily":false,"chose_seed":false,"campfire_upgraded":1,"win_rate":0.0,"timestamp":1609330848,"path_taken":["M","?","?","$","M","R","E","M","T","E","E","M","$","M","R","BOSS","M","M","$","M","$","E","M","E","T","$","E","M","R","M","R","BOSS","M","$","?","?","?","E","$","?","T","E","E","$","R","E","R","BOSS"],"items_purchased_type":["Card","Card","Relic","Card","Relic","Relic","Card","Relic","Card","Relic","Card","Relic","Relic","Relic","Card","Relic","Relic","Potion","Potion","Relic","Card","Relic","Potion","Relic"],"build_version":"2020-12-22","purchased_purges":1,"victory":true,"max_hp_per_floor":[75,75,75,75,75,75,75,75,75,75,75,75,75,75,75,75,75,75,75,75,75,75,80,80,80,80,80,80,80,80,80,80,80,80,80,80,80,80,80,80,80,80,80,80,80,80,80,80,80,80],"card_choices":[{"not_picked":["PrismaMod:MiyuUncommonDefend","PrismaMod:MiyuChristmas"],"picked":"PrismaMod:MiyuUncommonStrBuff","floor":7.0},{"not_picked":["PrismaMod:MiyuEvokeCheapAttack","PrismaMod:MiyuCheapPlate"],"picked":"PrismaMod:MiyuUncommonAttack","floor":10.0},{"not_picked":["PrismaMod:MiyuEvokeAllDefend","PrismaMod:MiyuCheapChannelHeal"],"picked":"PrismaMod:MiyuUberAttack","floor":11.0},{"not_picked":["PrismaMod:MiyuUncommonAOEAttack","PrismaMod:MiyuUberAttack"],"picked":"PrismaMod:MiyuUberAOEAttack","floor":15.0},{"not_picked":["PrismaMod:MiyuEvokeAllDefend","PrismaMod:MiyuChannelAttackEvoke"],"picked":"PrismaMod:MiyuDefenseAbsorbMinor","floor":16.0},{"not_picked":["PrismaMod:MiyuCheapChannelVul","PrismaMod:MiyuCheapChannelWeak+1"],"picked":"PrismaMod:MiyuEvokeBuffStr","floor":20.0},{"not_picked":["PrismaMod:MiyuUberAOEAttack+1","PrismaMod:MiyuEvokeCheapAttack"],"picked":"PrismaMod:MiyuEvokeBuffStr+1","floor":20.0},{"not_picked":["PrismaMod:MiyuEvokeCheapAttack+1","PrismaMod:MiyuCheapEvoke+1"],"picked":"PrismaMod:MiyuCheapAttack1","floor":20.0},{"not_picked":["PrismaMod:MiyuAttackChannelVul","PrismaMod:MiyuChristmas"],"picked":"PrismaMod:MiyuOrbIncreasePerm+1","floor":20.0},{"not_picked":["PrismaMod:MiyuAttackChannelWeak","PrismaMod:MiyuCheapChannelVul"],"picked":"PrismaMod:MiyuCheapStrBuff","floor":20.0},{"not_picked":["PrismaMod:MiyuUberAttack","PrismaMod:MiyuAttackChannelVul"],"picked":"PrismaMod:MiyuUberDefend","floor":23.0},{"not_picked":["PrismaMod:MiyuUncommonDexBuff","PrismaMod:MiyuAttackChannelVul"],"picked":"PrismaMod:MiyuCheapAttack1","floor":25},{"not_picked":["PrismaMod:MiyuUncommonAOEAttack","PrismaMod:MiyuCheapAttack1"],"picked":"PrismaMod:MiyuCheapChannelHeal","floor":28},{"not_picked":["PrismaMod:MiyuAttackChannelWeak","PrismaMod:MiyuCheapAttack1+1"],"picked":"PrismaMod:MiyuUberAttack+1","floor":32},{"not_picked":["PrismaMod:MiyuCarnivalDefend","PrismaMod:MiyuUberDefend"],"picked":"PrismaMod:MiyuDefenseAbsorbMinor","floor":33},{"not_picked":["PrismaMod:MiyuCheapStrBuff","PrismaMod:MiyuCheapChannelWeak+1"],"picked":"PrismaMod:MiyuCheapEvoke","floor":40},{"not_picked":["PrismaMod:MiyuCheapPlate","PrismaMod:MiyuUncommonAOEAttack","PrismaMod:MiyuUberAttack"],"picked":"SKIP","floor":44},{"not_picked":["PrismaMod:MiyuOrbIncreasePerm","PrismaMod:MiyuChristmas+1"],"picked":"PrismaMod:MiyuDefenseExplosion","floor":45},{"not_picked":["PrismaMod:MiyuCheapPlate","PrismaMod:MiyuUncommonDexBuff+1"],"picked":"PrismaMod:MiyuOrbIncreasePerm+1","floor":47},{"not_picked":["PrismaMod:MiyuCheapAttack1+1","PrismaMod:MiyuCheapAttack2+1"],"picked":"PrismaMod:MiyuCommonAOEAttack+1","floor":48},{"not_picked":["PrismaMod:MiyuCheapChannelVul+1","PrismaMod:MiyuCheapDefend1+1"],"picked":"PrismaMod:MiyuCheapChannelRandom","floor":49}],"player_experience":750955,"relics_obtained":[{"floor":1.0,"key":"Quantum Egg"},{"floor":2.0,"key":"Bronze Scales"},{"floor":5.0,"key":"Lantern"},{"floor":7.0,"key":"HollowMod:PaleOreRelic"},{"floor":8.0,"key":"CeramicFish"},{"floor":9.0,"key":"Replay:Bandana"},{"floor":10.0,"key":"Omamori"},{"floor":11.0,"key":"Kunai"},{"floor":12.0,"key":"Centennial Puzzle"},{"floor":14.0,"key":"Dream Catcher"},{"floor":18.0,"key":"Blue Doll"},{"floor":19.0,"key":"Smiling Mask"},{"floor":21.0,"key":"Mummified Hand"},{"floor":23.0,"key":"Durian"},{"floor":24,"key":"Onion Ring"},{"floor":25,"key":"Pantograph"},{"floor":26,"key":"Tiny Chest"},{"floor":28,"key":"Anchor"},{"floor":29,"key":"Bottled Lightning"},{"floor":31,"key":"champ:DeflectingBracers"},{"floor":35,"key":"Replay:Bottled Steam"},{"floor":39,"key":"Blue Candle"},{"floor":40,"key":"Toy Ornithopter"},{"floor":40,"key":"ScarletDevilRocket"},{"floor":42,"key":"InkBottle"},{"floor":43,"key":"Bag of Preparation"},{"floor":44,"key":"champ:DuelingGlove"},{"floor":44,"key":"Replay:Bottled Flurry"},{"floor":45,"key":"Replay:Wax Seal"},{"floor":45,"key":"HollowMod:StagPassRelic"},{"floor":48,"key":"Molten Egg 2"},{"floor":48,"key":"Pet Ghost"}],"event_choices":[{"damage_healed":0.0,"max_hp_gain":0.0,"max_hp_loss":0.0,"gold_gain":0.0,"cards_transformed":["PrismaMod:MiyuCommonDefend"],"event_name":"Transmorgrifier","player_choice":"Transformed","floor":3.0,"gold_loss":0.0,"damage_taken":0.0,"cards_obtained":["PrismaMod:MiyuBride"]},{"damage_healed":0,"gold_gain":999,"player_choice":"Gold","damage_taken":0,"max_hp_gain":0,"max_hp_loss":0,"event_name":"MindBloom","floor":37,"gold_loss":0,"cards_obtained":["Normality","Normality"]},{"damage_healed":0,"gold_gain":0,"player_choice":"Upgraded","damage_taken":0,"max_hp_gain":0,"max_hp_loss":0,"event_name":"Upgrade Shrine","floor":38,"gold_loss":0,"cards_upgraded":["PrismaMod:MiyuMaid"]}],"is_beta":false,"boss_relics":[{"not_picked":["energizedSpire:SpiderWeb","Sozu"],"picked":"energizedSpire:StickyHand"},{"not_picked":["Snecko Heart","construct:WeddingRing"],"picked":"Black Star"}],"items_purged_floors":[41],"is_endless":false,"potions_floor_spawned":[1,5,7,8,11,16,21,23,24,29,39,45,48],"ascension_level":0}}