{"host":"girf3bnli6r7x4ah","time":1609351075,"event":{"mods":["2.2 Compatiblity","AchievementEnabler","BaseMod","Colored Map","DeckTracker","Highlight Path","Minty Spire (QoL Compilation)","Random Character Button","Rare Cards Sparkle"],"gold_per_floor":[119,135,135,155,230,256,256,356,381,392,420,433,69,86,86,185,185,197,296,296,330,133,146,173,173,173,185,214,228,255,13,13,113,113,130,130,147,147,147,176,176,207,276,307,320,339,339,339,339,339,339,339,57,83,83],"floor_reached":56,"playtime":4553,"items_purged":[],"score":1403,"play_id":"7ebca431-679b-4cd5-91e8-ce8c25a80832","local_time":"20201230185755","is_ascension_mode":true,"campfire_choices":[{"floor":7.0,"key":"REST"},{"floor":15.0,"key":"REST"},{"floor":32.0,"key":"RECALL"},{"data":"Writhe","floor":49.0,"key":"PURGE"},{"data":"Strike_B+1","floor":52.0,"key":"PURGE"}],"circlet_count":0,"master_deck":["Strike_B+1","Strike_B+1","Defend_B+1","Defend_B+1","Defend_B+1","Defend_B+1","Zap","Dualcast","Gash","Storm","Streamline","Auto Shields","Storm","Gash","Panache","Genetic Algorithm","Undo","Amplify+1","Loop","Leap+1","Apotheosis+1","Sunder+1","Tempest","Turbo","Electrodynamics","Conserve Battery+1","Transmutation+1","Thunder Strike","White Noise","Static Discharge","Heatsinks+1","Fission","Capacitor+1","Beam Cell+1"],"relics":["Fusion Hammer","Bronze Scales","Meat on the Bone","Ancient Tea Set","Coffee Dripper","Red Mask","Juzu Bracelet","Eternal Feather","Happy Flower","Boot","Black Star","Oddly Smooth Stone","Anchor","Centennial Puzzle","Frozen Egg 2","Mummified Hand","Peace Pipe","White Beast Statue","Cables","War Paint","TungstenRod","Ice Cream"],"acts_visited":["Exordium","TheCity","TheBeyond","TheEnding"],"potions_floor_usage":[55,55],"damage_taken":[{"damage":2.0,"enemies":"Jaw Worm","floor":1.0,"turns":2.0},{"damage":4.0,"enemies":"2 Louse","floor":2.0,"turns":3.0},{"damage":1.0,"enemies":"Cultist","floor":4.0,"turns":4.0},{"damage":30.0,"enemies":"Gremlin Nob","floor":6.0,"turns":5.0},{"damage":6.0,"enemies":"Looter","floor":10.0,"turns":2.0},{"damage":6.0,"enemies":"3 Sentries","floor":11.0,"turns":6.0},{"damage":9.0,"enemies":"2 Fungi Beasts","floor":12.0,"turns":3.0},{"damage":9.0,"enemies":"Blue Slaver","floor":14.0,"turns":4.0},{"damage":32.0,"enemies":"Hexaghost","floor":16.0,"turns":10.0},{"damage":10.0,"enemies":"Spheric Guardian","floor":18.0,"turns":4.0},{"damage":25.0,"enemies":"Masked Bandits","floor":21.0,"turns":4.0},{"damage":7.0,"enemies":"3 Byrds","floor":23.0,"turns":3.0},{"damage":7.0,"enemies":"Slavers","floor":24.0,"turns":5.0},{"damage":37.0,"enemies":"Shelled Parasite and Fungi","floor":27.0,"turns":4.0},{"damage":3.0,"enemies":"Book of Stabbing","floor":28.0,"turns":4.0},{"damage":2.0,"enemies":"Snecko","floor":29.0,"turns":5.0},{"damage":1.0,"enemies":"Gremlin Leader","floor":30.0,"turns":5.0},{"damage":28.0,"enemies":"Collector","floor":33.0,"turns":8.0},{"damage":11.0,"enemies":"Orb Walker","floor":35.0,"turns":3.0},{"damage":8.0,"enemies":"3 Darklings","floor":37.0,"turns":3.0},{"damage":36.0,"enemies":"Reptomancer","floor":40.0,"turns":4.0},{"damage":28.0,"enemies":"Giant Head","floor":42.0,"turns":7.0},{"damage":0.0,"enemies":"Nemesis","floor":44.0,"turns":5.0},{"damage":0.0,"enemies":"4 Shapes","floor":45.0,"turns":4.0},{"damage":10.0,"enemies":"Jaw Worm Horde","floor":46.0,"turns":4.0},{"damage":16.0,"enemies":"Awakened One","floor":50.0,"turns":6.0},{"damage":34.0,"enemies":"Shield and Spear","floor":54.0,"turns":4.0},{"damage":26,"enemies":"The Heart","floor":55,"turns":5}],"seed_played":"7328817397091827581","potions_obtained":[{"floor":6.0,"key":"PowerPotion"},{"floor":11.0,"key":"PowerPotion"},{"floor":12.0,"key":"Block Potion"},{"floor":27.0,"key":"SkillPotion"},{"floor":29.0,"key":"DuplicationPotion"},{"floor":30.0,"key":"Dexterity Potion"},{"floor":37.0,"key":"Explosive Potion"},{"floor":42.0,"key":"Block Potion"},{"floor":45.0,"key":"Strength Potion"},{"floor":46.0,"key":"Ancient Potion"},{"floor":54.0,"key":"Dexterity Potion"}],"is_trial":false,"path_per_floor":["M","M","?","M","?","E","R","?","T","M","E","M","$","M","R","B",null,"M","?","?","?","$","M","E","?","T","M","E","M","E","$","R","B",null,"M","?","M","?","?","E","?","E","T","E","M","M","?","T","R","B",null,"R","$","E","B",null],"character_chosen":"DEFECT","items_purchased":["Panache","Ancient Tea Set","Genetic Algorithm","Apotheosis","Transmutation","EssenceOfSteel","War Paint","Capacitor+1","FearPotion"],"campfire_rested":2,"item_purchase_floors":[13,13,13,22,31,31,53,53,53],"current_hp_per_floor":[73,69,69,68,57,27,49,49,49,43,37,40,40,43,65,45,75,65,65,65,40,40,45,38,38,38,13,22,32,43,43,58,42,75,64,64,56,56,56,32,32,16,16,28,40,42,61,61,75,59,75,75,75,41,27],"gold":83,"neow_bonus":"BOSS_RELIC","is_daily":false,"chose_seed":false,"campfire_upgraded":0,"win_rate":0.0,"timestamp":1609351075,"path_taken":["M","M","?","M","?","E","R","?","T","?","E","M","$","M","R","BOSS","M","?","?","?","?","?","E","?","T","M","E","M","E","?","R","BOSS","M","?","M","?","?","E","?","E","T","E","M","M","?","?","R","BOSS","R","$","E","BOSS"],"items_purchased_type":["Card","Relic","Card","Card","Card","Potion","Relic","Card","Potion"],"build_version":"2020-12-22","purchased_purges":0,"victory":true,"max_hp_per_floor":[75,75,75,75,75,75,75,75,75,75,75,75,75,75,75,75,75,75,75,75,75,75,75,75,75,75,75,75,75,75,75,75,75,75,75,75,75,75,75,75,75,75,75,75,75,75,75,75,75,75,75,75,75,75,75],"card_choices":[{"not_picked":["Cold Snap","Chill"],"picked":"Gash","floor":1.0},{"not_picked":["FTL","Hologram"],"picked":"Storm","floor":2.0},{"not_picked":["Stack","Coolheaded"],"picked":"Streamline","floor":4.0},{"not_picked":["Multi-Cast","Cold Snap"],"picked":"Auto Shields","floor":6.0},{"not_picked":["Chill","Turbo"],"picked":"Storm","floor":10.0},{"not_picked":["Turbo","Ball Lightning"],"picked":"Gash","floor":11.0},{"not_picked":["Steam","Doom and Gloom","Beam Cell"],"picked":"SKIP","floor":12.0},{"not_picked":["Go for the Eyes","Ball Lightning"],"picked":"Undo","floor":14.0},{"not_picked":["Biased Cognition","Core Surge"],"picked":"Amplify","floor":16.0},{"not_picked":["Go for the Eyes","Coolheaded+1"],"picked":"Loop","floor":18.0},{"not_picked":["Aggregate+1","Genetic Algorithm+1"],"picked":"Leap+1","floor":21.0},{"not_picked":["Conserve Battery","Barrage","Undo"],"picked":"SKIP","floor":23.0},{"not_picked":["Undo","Melter+1"],"picked":"Sunder+1","floor":24.0},{"not_picked":["Coolheaded+1","Melter"],"picked":"Turbo","floor":27.0},{"not_picked":["Recycle","Gash"],"picked":"Electrodynamics","floor":28.0},{"not_picked":["Cold Snap","Conserve Battery","Coolheaded"],"picked":"SKIP","floor":29.0},{"not_picked":["Scrape+1","Go for the Eyes"],"picked":"Conserve Battery+1","floor":30.0},{"not_picked":["Rainbow","Fission"],"picked":"Thunder Strike","floor":33.0},{"not_picked":["Stack+1","Rebound+1"],"picked":"White Noise","floor":35.0},{"not_picked":["Gash","Redo+1"],"picked":"Static Discharge","floor":37.0},{"not_picked":["Beam Cell","Coolheaded","Ball Lightning"],"picked":"SKIP","floor":40.0},{"not_picked":["Cold Snap+1","Stack+1"],"picked":"Heatsinks+1","floor":42.0},{"not_picked":["Redo","Cold Snap","Melter"],"picked":"SKIP","floor":44.0},{"not_picked":["Barrage","Rip and Tear","Beam Cell"],"picked":"SKIP","floor":45.0},{"not_picked":["Conserve Battery","Ball Lightning"],"picked":"Fission","floor":46.0},{"not_picked":["Cold Snap+1","Scrape+1"],"picked":"Beam Cell+1","floor":54.0}],"player_experience":136022,"relics_obtained":[{"floor":6.0,"key":"Bronze Scales"},{"floor":11.0,"key":"Meat on the Bone"},{"floor":21.0,"key":"Red Mask"},{"floor":24.0,"key":"Juzu Bracelet"},{"floor":26.0,"key":"Eternal Feather"},{"floor":28.0,"key":"Happy Flower"},{"floor":30.0,"key":"Boot"},{"floor":40.0,"key":"Oddly Smooth Stone"},{"floor":40.0,"key":"Anchor"},{"floor":42.0,"key":"Centennial Puzzle"},{"floor":42.0,"key":"Frozen Egg 2"},{"floor":43.0,"key":"Mummified Hand"},{"floor":44.0,"key":"Peace Pipe"},{"floor":44.0,"key":"White Beast Statue"},{"floor":48.0,"key":"Cables"},{"floor":54.0,"key":"TungstenRod"},{"floor":54.0,"key":"Ice Cream"}],"event_choices":[{"damage_healed":0.0,"max_hp_gain":0.0,"max_hp_loss":0.0,"gold_gain":0.0,"event_name":"Liars Game","player_choice":"Ignored","floor":3.0,"gold_loss":0.0,"damage_taken":0.0},{"damage_healed":0.0,"max_hp_gain":0.0,"max_hp_loss":0.0,"gold_gain":75.0,"event_name":"World of Goop","player_choice":"Gather Gold","floor":5.0,"gold_loss":0.0,"damage_taken":11.0},{"damage_healed":0.0,"max_hp_gain":0.0,"max_hp_loss":0.0,"gold_gain":100.0,"event_name":"Golden Shrine","player_choice":"Pray","floor":8.0,"gold_loss":0.0,"damage_taken":0.0},{"damage_healed":0.0,"max_hp_gain":0.0,"max_hp_loss":0.0,"gold_gain":99.0,"event_name":"Nest","player_choice":"Stole From Cult","floor":19.0,"gold_loss":0.0,"damage_taken":0.0},{"damage_healed":0.0,"max_hp_gain":0.0,"max_hp_loss":0.0,"gold_gain":0.0,"event_name":"Back to Basics","player_choice":"Simplicity","floor":20.0,"gold_loss":0.0,"damage_taken":0.0,"cards_upgraded":["Strike_B","Strike_B","Strike_B","Strike_B","Defend_B","Defend_B","Defend_B","Defend_B"]},{"damage_healed":0.0,"max_hp_gain":0.0,"max_hp_loss":0.0,"gold_gain":0.0,"event_name":"Masked Bandits","player_choice":"Fought Bandits","floor":21.0,"gold_loss":0.0,"damage_taken":0.0},{"damage_healed":0.0,"max_hp_gain":0.0,"max_hp_loss":0.0,"gold_gain":0.0,"event_name":"Match and Keep!","player_choice":"1 cards matched","floor":25.0,"gold_loss":0.0,"damage_taken":0.0,"cards_obtained":["Tempest"]},{"cards_removed":["Strike_B"],"damage_healed":0.0,"max_hp_gain":0.0,"max_hp_loss":0.0,"gold_gain":0.0,"event_name":"Falling","player_choice":"Removed Attack","floor":36.0,"gold_loss":0.0,"damage_taken":0.0},{"damage_healed":0.0,"max_hp_gain":0.0,"max_hp_loss":0.0,"gold_gain":0.0,"event_name":"Upgrade Shrine","player_choice":"Upgraded","floor":38.0,"gold_loss":0.0,"damage_taken":0.0,"cards_upgraded":["Apotheosis"]},{"damage_healed":0.0,"max_hp_gain":0.0,"max_hp_loss":0.0,"gold_gain":0.0,"event_name":"SensoryStone","player_choice":"Memory 1","floor":39.0,"gold_loss":0.0,"damage_taken":0.0},{"damage_healed":0.0,"max_hp_gain":0.0,"max_hp_loss":0.0,"gold_gain":0.0,"event_name":"SecretPortal","player_choice":"Ignored","floor":41.0,"gold_loss":0.0,"damage_taken":0.0},{"damage_healed":19.0,"max_hp_gain":0.0,"max_hp_loss":0.0,"gold_gain":0.0,"event_name":"Winding Halls","player_choice":"Writhe","floor":47.0,"gold_loss":0.0,"damage_taken":0.0,"cards_obtained":["Writhe"]}],"is_beta":false,"boss_relics":[{"not_picked":["Empty Cage","SacredBark"],"picked":"Coffee Dripper"},{"not_picked":["Nuclear Battery","Cursed Key"],"picked":"Black Star"}],"items_purged_floors":[],"is_endless":false,"potions_floor_spawned":[6,11,12,27,29,30,37,42,45,46,54],"ascension_level":2}}