{"host":"«ÔÕ•ª®ø™√Œ¿Ôœ„","time":1609338757,"event":{"mods":["BaseMod","Challenge The Spire","Custom Start","DeckTracker","Minty Spire (QoL Compilation)","Quick Restart","Relic Stats","Replay The Spire","StSLib"],"gold_per_floor":[193,193,222,249,277,277,186,61,61,61],"floor_reached":9,"playtime":187,"items_purged":["Strike_R","Strike_R","Defend_R"],"score":200,"play_id":"00eee4dc-728f-4bd2-b999-1cd006b4195f","local_time":"20201230223237","daily_mods":["challengethespire:Platinum Difficulty","challengethespire:Modded Elite Rush","Uncertain Future"],"is_ascension_mode":true,"campfire_choices":[{"data":"Bash","floor":2,"key":"SMITH"}],"circlet_count":0,"master_deck":["AscendersBane","Strike_R","Strike_R","Strike_R","Defend_R","Defend_R","Defend_R","Bash+1","Second Wind","Feel No Pain","Strike_R"],"relics":["Black Blood","Black Star","Sling","PreservedInsect","Pet Ghost","Medical Kit","Garlic","Red Skull","Charon\u0027s Ashes","Ginger","Mummified Hand","CeramicFish"],"acts_visited":["Exordium"],"potions_floor_usage":[],"damage_taken":[{"damage":42,"enemies":"Replay:BlueRogue","floor":3,"turns":6},{"damage":10,"enemies":"Lagavulin","floor":4,"turns":3},{"damage":0,"enemies":"Gremlin Nob","floor":5,"turns":2},{"damage":0,"enemies":"Gremlin Leader","floor":9,"turns":1}],"seed_played":"8125286769399546853","potions_obtained":[],"is_trial":true,"path_per_floor":["$","R","E","E","E","T","$","$","E"],"character_chosen":"IRONCLAD","items_purchased":["Pet Ghost","Medical Kit","PowerPotion","DuplicationPotion"],"campfire_rested":0,"item_purchase_floors":[1,1,1,1],"current_hp_per_floor":[68,68,32,28,34,34,34,34,34,34],"gold":61,"neow_bonus":"","is_daily":false,"chose_seed":false,"campfire_upgraded":1,"win_rate":0.0,"timestamp":1609338757,"path_taken":["$","R","E","E","E","T","$","$","E"],"items_purchased_type":["Relic","Relic","Potion","Potion"],"build_version":"2020-12-18","purchased_purges":3,"victory":false,"max_hp_per_floor":[75,75,75,75,75,75,75,75,75,75],"relic_stats":{"counters":[4,11],"Mummified Hand":[0],"CeramicFish":9,"Black Blood":18,"PreservedInsect":143,"Charon\u0027s Ashes":[6],"Black Star":3,"Ginger":[0],"Medical Kit":[0],"obtain_stats":[{"CeramicFish":5,"Black Blood":6,"PreservedInsect":0,"Charon\u0027s Ashes":4,"Ginger":4,"Sling":0,"Medical Kit":1,"Burning Blood":0,"Pet Ghost":1,"Mummified Hand":5,"Black Star":0,"Garlic":3,"Red Skull":3},{"CeramicFish":3,"Black Blood":3,"PreservedInsect":0,"Charon\u0027s Ashes":2,"Ginger":2,"Sling":0,"Medical Kit":0,"Burning Blood":0,"Pet Ghost":0,"Mummified Hand":3,"Black Star":0,"Garlic":1,"Red Skull":1},{"CeramicFish":11,"Black Blood":11,"PreservedInsect":0,"Charon\u0027s Ashes":9,"Ginger":9,"Sling":0,"Medical Kit":0,"Burning Blood":0,"Pet Ghost":0,"Mummified Hand":11,"Black Star":0,"Garlic":6,"Red Skull":6}]},"card_choices":[],"player_experience":470955,"relics_obtained":[{"floor":3,"key":"Garlic"},{"floor":3,"key":"Red Skull"},{"floor":4,"key":"Charon\u0027s Ashes"},{"floor":4,"key":"Ginger"},{"floor":5,"key":"Mummified Hand"},{"floor":5,"key":"CeramicFish"}],"event_choices":[],"is_beta":true,"boss_relics":[{"not_picked":["Runic Cube","Coffee Dripper"],"picked":"Black Blood"}],"items_purged_floors":[1,7,8],"is_endless":false,"potions_floor_spawned":[5],"killed_by":"Gremlin Leader","ascension_level":20}}