{"host":"5ffrjkuvgrxgllwx","time":1609365845,"event":{"mods":["AchievementEnabler","BaseMod","Colored Map","Colored Powertips","Minty Spire (QoL Compilation)","Quick Restart","Rare Cards Sparkle","StSLib","everything is the same but u backflip on backflip"],"gold_per_floor":[118,268,268,288,307,345,345,270,294,320,349,349,349,74,74,154,213,234,89,14,26,26,26,67,67,92,92,92],"floor_reached":27,"playtime":1139,"items_purged":["Strike_G"],"score":454,"play_id":"b59c554b-d42c-4dcb-bde1-2e3136aaa96b","local_time":"20201230170405","is_ascension_mode":true,"campfire_choices":[{"floor":7.0,"key":"REST"},{"floor":13.0,"key":"REST"},{"floor":15.0,"key":"REST"},{"floor":23.0,"key":"REST"}],"circlet_count":0,"master_deck":["AscendersBane","Strike_G","Strike_G","Strike_G","Defend_G+1","Defend_G","Defend_G","Defend_G+1","Defend_G+1","Survivor","Neutralize","Doppelganger+1","Riddle With Holes","Underhanded Strike","Crippling Poison","Burst","Blade Dance","Apotheosis","Accuracy","Backflip","A Thousand Cuts","Blade Dance","Leg Sweep","Terror","Die Die Die"],"relics":["Ring of the Snake","CeramicFish","Anchor","InkBottle","Tiny House","Happy Flower","Centennial Puzzle"],"acts_visited":["Exordium","TheCity"],"potions_floor_usage":[24,25],"damage_taken":[{"damage":2.0,"enemies":"2 Louse","floor":1.0,"turns":4.0},{"damage":4.0,"enemies":"Cultist","floor":4.0,"turns":5.0},{"damage":3.0,"enemies":"Jaw Worm","floor":5.0,"turns":4.0},{"damage":23.0,"enemies":"Lagavulin","floor":6.0,"turns":8.0},{"damage":0.0,"enemies":"Looter","floor":10.0,"turns":4.0},{"damage":16.0,"enemies":"3 Sentries","floor":11.0,"turns":10.0},{"damage":39.0,"enemies":"Hexaghost","floor":16.0,"turns":11.0},{"damage":28.0,"enemies":"Shell Parasite","floor":18.0,"turns":4.0},{"damage":14.0,"enemies":"Spheric Guardian","floor":21.0,"turns":5.0},{"damage":27,"enemies":"Book of Stabbing","floor":24,"turns":5},{"damage":0,"enemies":"Cultist and Chosen","floor":25,"turns":5},{"damage":12,"enemies":"Snake Plant","floor":27,"turns":3}],"seed_played":"8251513381095511133","potions_obtained":[{"floor":1.0,"key":"Dexterity Potion"},{"floor":5.0,"key":"BlessingOfTheForge"},{"floor":6.0,"key":"SneckoOil"},{"floor":10.0,"key":"Strength Potion"},{"floor":17.0,"key":"SmokeBomb"}],"is_trial":false,"path_per_floor":["M","?","?","M","M","E","R","?","T","M","E","?","R","$","R","B",null,"M","$","?","M","?","R","E","M","T","M"],"character_chosen":"THE_SILENT","items_purchased":["Apotheosis","Accuracy","Backflip","Terror"],"campfire_rested":4,"item_purchase_floors":[14,14,14,19],"current_hp_per_floor":[57,57,57,53,50,27,46,46,46,46,30,10,29,29,48,9,57,29,29,29,15,15,36,9,9,9,0,0],"gold":92,"neow_bonus":"ONE_RANDOM_RARE_CARD","is_daily":false,"chose_seed":false,"campfire_upgraded":0,"win_rate":0.0,"timestamp":1609365845,"path_taken":["M","?","?","M","?","E","R","?","T","M","E","?","R","?","R","BOSS","M","$","?","M","?","R","E","M","T","M"],"items_purchased_type":["Card","Card","Card","Card"],"build_version":"2020-12-22","purchased_purges":1,"victory":false,"max_hp_per_floor":[66,66,66,66,66,66,66,66,66,66,66,66,66,66,66,66,71,71,71,71,71,71,71,71,71,71,71,71],"card_choices":[{"not_picked":["Bane","Slice"],"picked":"Riddle With Holes","floor":1.0},{"not_picked":["Flying Knee","Setup"],"picked":"Underhanded Strike","floor":4.0},{"not_picked":["Acrobatics","Sucker Punch"],"picked":"Crippling Poison","floor":5.0},{"not_picked":["Deadly Poison","PiercingWail"],"picked":"Burst","floor":6.0},{"not_picked":["Deflect","Dodge and Roll"],"picked":"Blade Dance","floor":10.0},{"not_picked":["Concentrate","Deflect","Endless Agony"],"picked":"SKIP","floor":11.0},{"not_picked":["Burst","Envenom"],"picked":"A Thousand Cuts","floor":16.0},{"not_picked":["Riddle With Holes","Slice"],"picked":"Blade Dance","floor":17.0},{"not_picked":["Caltrops","Quick Slash"],"picked":"Leg Sweep","floor":18.0},{"not_picked":["Reflex","Backflip","Leg Sweep"],"picked":"SKIP","floor":21.0},{"not_picked":["Deflect+1","Unload"],"picked":"Die Die Die","floor":24}],"player_experience":1382177,"relics_obtained":[{"floor":6.0,"key":"CeramicFish"},{"floor":9.0,"key":"Anchor"},{"floor":11.0,"key":"InkBottle"},{"floor":24,"key":"Happy Flower"},{"floor":26,"key":"Centennial Puzzle"}],"event_choices":[{"damage_healed":0.0,"max_hp_gain":0.0,"max_hp_loss":0.0,"gold_gain":150.0,"event_name":"Liars Game","player_choice":"AGREE","floor":2.0,"gold_loss":0.0,"damage_taken":0.0,"cards_obtained":["Doubt"]},{"damage_healed":0.0,"max_hp_gain":0.0,"max_hp_loss":0.0,"gold_gain":0.0,"event_name":"Upgrade Shrine","player_choice":"Upgraded","floor":3.0,"gold_loss":0.0,"damage_taken":0.0,"cards_upgraded":["Doppelganger"]},{"cards_removed":["Doubt"],"damage_healed":0.0,"max_hp_gain":0.0,"max_hp_loss":0.0,"gold_gain":0.0,"event_name":"The Cleric","player_choice":"Card Removal","floor":8.0,"gold_loss":75.0,"damage_taken":0.0},{"damage_healed":0.0,"max_hp_gain":0.0,"max_hp_loss":0.0,"gold_gain":0.0,"event_name":"Shining Light","player_choice":"Entered Light","floor":12.0,"gold_loss":0.0,"damage_taken":20.0,"cards_upgraded":["Defend_G","Defend_G"]},{"cards_removed":["Strike_G"],"damage_healed":0.0,"max_hp_gain":0.0,"max_hp_loss":0.0,"gold_gain":0.0,"event_name":"Beggar","player_choice":"Gave Gold","floor":20.0,"gold_loss":75.0,"damage_taken":0.0},{"damage_healed":0.0,"max_hp_gain":0.0,"max_hp_loss":0.0,"gold_gain":0.0,"event_name":"Cursed Tome","player_choice":"Ignored","floor":22.0,"gold_loss":0.0,"damage_taken":0.0}],"is_beta":false,"boss_relics":[{"not_picked":["Philosopher\u0027s Stone","SlaversCollar"],"picked":"Tiny House"}],"items_purged_floors":[19],"is_endless":false,"potions_floor_spawned":[1,5,6,10,18],"killed_by":"Snake Plant","ascension_level":18}}