{"host":"5fasz840ryq7obdf","time":1609352865,"event":{"mods":["AchievementEnabler","BaseMod","Bestiary","Better Altar","Better Skull","Better Third Choice","BetterRewards","Block Reminder","Colored Powertips","Curses Come First","Downfall","Highlight Path","Minty Spire (QoL Compilation)","Quick Restart","Relic Sorter","Relic Stats","Shop Mod","Spicy Shops","StSLib","SuperFastMode"],"gold_per_floor":[117,41,59,24,24,53,33,63,87,103,138,149,149,184,184,262,262,277,277,289,289,305,337,352,384,454,474,505,505,538,588,588,662,662,678,678,678,690,690,690,718,4,4,29,54,34,34,34,34,34,34,34],"floor_reached":51,"playtime":2230,"items_purged":["Strike_G"],"score":1914,"play_id":"c5adf2e0-67a8-4b03-9989-0a4c184cf558","local_time":"20201230182745","is_ascension_mode":true,"campfire_choices":[{"data":"Catalyst","floor":15.0,"key":"SMITH"},{"data":"Burst","floor":29.0,"key":"SMITH"},{"data":"Neutralize","floor":32.0,"key":"SMITH"},{"data":"Tactician","floor":40.0,"key":"SMITH"},{"data":"Tools of the Trade","floor":47.0,"key":"SMITH"},{"floor":49.0,"key":"RECALL"}],"circlet_count":0,"master_deck":["AscendersBane","Defend_G","Defend_G","Defend_G","Defend_G","Survivor","Neutralize+1","Deadly Poison","Catalyst+1","Blade Dance","Prepared","Malaise","Poisoned Stab","Tools of the Trade+1","Catalyst+1","Backstab","Burst+1","Crippling Poison+1","Envenom+1","Cloak And Dagger+1","PiercingWail","Deflect","Tactician","Bouncing Flask","Malaise","Tactician+1","Catalyst","Crippling Poison+1","Tools of the Trade","Reflex","HandOfGreed","expansioncontent:Torchfire","Madness","Madness","Concentrate+1","Blur","Crippling Poison","Prepared+1","Sadistic Nature"],"relics":["Ring of the Snake","Snake Skull","TwistedFunnel","Meat on the Bone","Potion Belt","Toy Ornithopter","Ancient Tea Set","PreservedInsect","Bag of Preparation","Astrolabe","Mummified Hand","MealTicket","Kunai","Shuriken","Juzu Bracelet","Akabeko","HoveringKite","Darkstone Periapt","Anchor","Gremlin Horn","Bottled Lightning","Incense Burner"],"acts_visited":["Exordium","TheCity","TheBeyond"],"potions_floor_usage":[50,50],"damage_taken":[{"damage":1.0,"enemies":"Cultist","floor":1.0,"turns":3.0},{"damage":0.0,"enemies":"Jaw Worm","floor":3.0,"turns":2.0},{"damage":38.0,"enemies":"Lagavulin","floor":6.0,"turns":8.0},{"damage":4.0,"enemies":"Gremlin Nob","floor":8.0,"turns":3.0},{"damage":4.0,"enemies":"Small Slimes","floor":10.0,"turns":3.0},{"damage":8.0,"enemies":"Lagavulin","floor":11.0,"turns":4.0},{"damage":1.0,"enemies":"Red Slaver","floor":12.0,"turns":3.0},{"damage":0.0,"enemies":"Gremlin Nob","floor":14.0,"turns":2.0},{"damage":0.0,"enemies":"Slime Boss","floor":16.0,"turns":2.0},{"damage":0.0,"enemies":"3 Byrds","floor":18.0,"turns":3.0},{"damage":0.0,"enemies":"Chosen","floor":20.0,"turns":2.0},{"damage":0.0,"enemies":"Sentry and Sphere","floor":22.0,"turns":3.0},{"damage":0.0,"enemies":"Gremlin Leader","floor":23.0,"turns":2.0},{"damage":0.0,"enemies":"Cultist and Chosen","floor":24.0,"turns":2.0},{"damage":15.0,"enemies":"Slavers","floor":25.0,"turns":2.0},{"damage":0.0,"enemies":"Snecko","floor":27.0,"turns":2.0},{"damage":12.0,"enemies":"Gremlin Leader","floor":28.0,"turns":2.0},{"damage":0.0,"enemies":"Book of Stabbing","floor":30.0,"turns":2.0},{"damage":8.0,"enemies":"Champ","floor":33.0,"turns":4.0},{"damage":9.0,"enemies":"Orb Walker","floor":35.0,"turns":3.0},{"damage":11.0,"enemies":"3 Shapes","floor":38.0,"turns":3.0},{"damage":0.0,"enemies":"Giant Head","floor":41.0,"turns":1.0},{"damage":7.0,"enemies":"Nemesis","floor":44.0,"turns":3.0},{"damage":6.0,"enemies":"Mind Bloom Boss Battle","floor":45.0,"turns":6.0},{"damage":67,"enemies":"Awakened One","floor":50,"turns":10},{"damage":81,"enemies":"Time Eater","floor":51,"turns":6}],"seed_played":"-5911301416554449497","potions_obtained":[{"floor":1.0,"key":"LiquidMemories"},{"floor":6.0,"key":"GhostInAJar"},{"floor":7.0,"key":"Strength Potion"},{"floor":8.0,"key":"FairyPotion"},{"floor":10.0,"key":"ColorlessPotion"},{"floor":22.0,"key":"Dexterity Potion"},{"floor":23.0,"key":"DuplicationPotion"},{"floor":28.0,"key":"Regen Potion"},{"floor":41.0,"key":"hexamod:EctoCoolerPotion"}],"is_trial":false,"path_per_floor":["M","$","M","?","$","E","?","E","T","M","E","M","?","E","R","B",null,"M","?","M","T","M","E","M","E","T","M","E","R","E","?","R","B",null,"M","?","?","M","?","R","E","$","T","E","?","$","R","$","R","B","B"],"character_chosen":"THE_SILENT","items_purchased":["Snake Skull","TwistedFunnel","Meat on the Bone","Deadly Poison","Blade Dance","Blur","Anchor","Gremlin Horn","Crippling Poison","Sadistic Nature"],"campfire_rested":0,"item_purchase_floors":[0,0,0,0,2,42,42,42,42,46],"current_hp_per_floor":[39,39,39,54,54,28,28,36,36,32,34,33,33,33,33,33,54,54,54,54,54,54,54,54,39,39,39,39,39,44,44,44,36,55,46,36,25,26,26,26,38,53,53,46,40,55,55,61,61,31,0,0],"gold":34,"neow_bonus":"","is_daily":false,"chose_seed":false,"campfire_upgraded":5,"win_rate":0.0,"timestamp":1609352865,"path_taken":["M","$","?","?","$","E","?","E","T","?","E","M","?","E","R","BOSS","M","?","M","?","?","E","M","E","T","M","E","R","E","?","R","BOSS","M","?","?","M","?","R","E","?","T","E","?","$","R","?","R","BOSS","BOSS"],"items_purchased_type":["Relic","Relic","Relic","Card","Card","Card","Relic","Relic","Card","Card"],"build_version":"2020-12-22","purchased_purges":1,"victory":false,"max_hp_per_floor":[61,61,61,61,61,61,61,61,61,61,61,61,61,61,61,61,61,61,61,61,61,61,61,61,61,61,61,61,61,61,61,61,61,61,61,61,61,61,61,61,61,61,61,61,61,61,61,61,61,61,61,61],"relic_stats":{"Darkstone Periapt":0,"Gremlin Horn":[5,5],"counters":[473,1702],"Astrolabe":["Crippling Poison","Envenom","Cloak And Dagger"],"HoveringKite":[25],"Snake Skull":[204],"PreservedInsect":381,"Bag of Preparation":[36],"Juzu Bracelet":1,"Mummified Hand":[25],"Shuriken":[16],"MealTicket":36,"Kunai":[16],"obtain_stats":[{"TwistedFunnel":19,"Golden Egg":40,"Replay:Accelerometer":10,"Vampiric Spirits":4,"Spirit Poop":5,"Whetstone":40,"Ginger":0,"Bottled Tornado":0,"Sling":0,"Boot":3,"Old Coin":39,"Blood Vial":48,"Replay:Wanted Poster":36,"Replay:Ringing Soul":40,"Sundial":11,"MealTicket":0,"HandDrill":2,"Replay:Bottled Flurry":53,"Kunai":26,"Replay:Wax Seal":0,"Replay:Bottled Steam":12,"Pear":27,"Blue Candle":41,"Counterbalance":39,"Tingsha":0,"Eternal Feather":26,"Pen Nib":36,"Paper Crane":36,"Akabeko":2,"SlaversCollar":17,"Bird Faced Urn":6,"ReplayTheSpireMod:Ring of Collecting":47,"Pandora\u0027s Box":17,"Kintsugi":34,"StrikeDummy":29,"Unceasing Top":0,"Ring of the Serpent":17,"Lantern":23,"Regal Pillow":28,"Singing Bowl":36,"Torii":25,"Blue Doll":0,"Painkiller Herb":17,"Bag of Preparation":6,"Replay:Multitool":11,"Smiling Mask":20,"Cursed Key":34,"Ancient Tea Set":4,"Pet Ghost":23,"Replay:Rubber Ducky":21,"Matryoshka":8,"Ring of Fangs":25,"Shovel":45,"Ninja Scroll":10,"Ring of Peace":22,"Toolbox":54,"Chemical X":0,"Replay:Bottled Eggs":12,"InkBottle":21,"Ring of the Snake":0,"Potion Belt":9,"Lee\u0027s Waffle":0,"The Specimen":17,"Golden Idol":2,"Basket Of Snakes":5,"PreservedInsect":9,"The Courier":28,"Omamori":0,"Ring of Greed":47,"Frozen Egg 2":17,"MawBank":14,"Replay:Arrowhead":0,"Busted Crown":17,"Ornamental Fan":54,"Bloody Idol":19,"Ring of Misfortune":39,"Orrery":0,"Turnip":0,"Art of War":40,"Durian":42,"Garlic":23,"Bottled Lightning":26,"ReplayTheSpireMod:Lightbulb":42,"Toy Ornithopter":9,"Ice Cream":0,"Divine Protection":6,"Tiny House":17,"Calipers":43,"Gremlin Horn":0,"CeramicFish":44,"Vajra":0,"HoveringKite":34,"Sozu":34,"Centennial Puzzle":22,"Lizard Tail":38,"DollysMirror":25,"Strawberry":46,"Prayer Wheel":17,"Philosopher\u0027s Stone":34,"Iron Hammer":6,"Toxic Egg 2":7,"Byrd Skull":13,"Girya":44,"Happy Flower":0,"Ring of Hypnosis":38,"ReplayTheSpireMod:CursedCoin":48,"Astrolabe":17,"Replay:Grab Bag":17,"Oddly Smooth Stone":11,"Letter Opener":40,"Replay:Kaleidoscope":28,"War Paint":0,"Question Card":17,"Du-Vu Doll":13,"OrangePellets":4,"Bottled Flame":32,"Replay:Baseball":40,"ReplayTheSpireMod:Shallot":9,"Shuriken":25,"Bronze Scales":26,"Onion Ring":0,"Molten Egg 2":9,"Simple Rune":28,"ReplayTheSpireMod:TigerMarble":44,"Nloth\u0027s Gift":22,"Grinning Jar":15,"Mirror":40,"ReplayTheSpireMod:DimensionalGlitch":34,"Pocketwatch":14,"Meat on the Bone":0,"Darkstone Periapt":9,"ReplayFunnel":15,"ReplayTheSpireMod:Ring of Exchange":25,"Replay:PocketPolymizer":55,"Snake Skull":0,"Juzu Bracelet":30,"Incense Burner":0,"Sizzling Blood":12,"Replay:Mystery Machine":55,"Empty Cage":34,"ClockworkSouvenir":54,"Frozen Eye":10,"Nunchaku":43,"Dream Catcher":26,"Replay:Bandana":14,"Tough Bandages":14,"Chameleon Ring":36,"Mummified Hand":31,"Pantograph":55,"Tiny Chest":6,"Red Mask":36,"Replay:Bottled Snecko":10,"Runic Pyramid":17,"Gremlin Food":26,"BargainBundle":0,"ReplayTheSpireMod:Ninjato":0,"Replay:Towering Pillar of Hats":0,"Guide Book":0,"Quantum Egg":17,"Orichalcum":55,"Medical Kit":46,"White Beast Statue":19,"Mercury Hourglass":8,"Calling Bell":17,"Strange Spoon":0,"Anchor":55,"Pondfish Scales":42,"CaptainsWheel":54,"Ring of Fury":22,"ChewingGum":17,"Bag of Marbles":49,"Snack Pack":0,"Coffee Dripper":17,"Membership Card":8,"TungstenRod":0},{"TwistedFunnel":77,"Golden Egg":144,"Replay:Accelerometer":270,"Vampiric Spirits":153,"Spirit Poop":68,"Whetstone":88,"Ginger":127,"Bottled Tornado":42,"Sling":29,"Boot":43,"Old Coin":317,"Blood Vial":27,"Replay:Wanted Poster":141,"Replay:Ringing Soul":201,"Sundial":37,"MealTicket":32,"HandDrill":97,"Replay:Bottled Flurry":354,"Kunai":16,"Replay:Wax Seal":150,"Replay:Bottled Steam":217,"Pear":83,"Blue Candle":88,"Counterbalance":172,"Tingsha":29,"Eternal Feather":251,"Pen Nib":21,"Paper Crane":21,"Akabeko":33,"SlaversCollar":247,"Bird Faced Urn":184,"ReplayTheSpireMod:Ring of Collecting":205,"Pandora\u0027s Box":332,"Kintsugi":169,"StrikeDummy":401,"Unceasing Top":29,"Ring of the Serpent":40,"Lantern":14,"Regal Pillow":17,"Singing Bowl":86,"Torii":110,"Blue Doll":127,"Painkiller Herb":332,"Bag of Preparation":4,"Replay:Multitool":302,"Smiling Mask":51,"Cursed Key":85,"Ancient Tea Set":445,"Pet Ghost":138,"Replay:Rubber Ducky":136,"Matryoshka":46,"Ring of Fangs":224,"Shovel":349,"Ninja Scroll":131,"Ring of Peace":248,"Toolbox":354,"Chemical X":296,"Replay:Bottled Eggs":132,"InkBottle":51,"Ring of the Snake":0,"Potion Belt":46,"Lee\u0027s Waffle":96,"The Specimen":105,"Golden Idol":1,"Basket Of Snakes":153,"PreservedInsect":70,"The Courier":83,"Omamori":96,"Ring of Greed":205,"Frozen Egg 2":105,"MawBank":39,"Replay:Arrowhead":150,"Busted Crown":187,"Ornamental Fan":125,"Bloody Idol":248,"Ring of Misfortune":346,"Orrery":29,"Turnip":296,"Art of War":61,"Durian":174,"Garlic":224,"Bottled Lightning":82,"ReplayTheSpireMod:Lightbulb":409,"Toy Ornithopter":5,"Ice Cream":96,"Divine Protection":360,"Tiny House":9,"Calipers":89,"Gremlin Horn":0,"CeramicFish":25,"Vajra":0,"HoveringKite":20,"Sozu":313,"Centennial Puzzle":79,"Lizard Tail":117,"DollysMirror":110,"Strawberry":146,"Prayer Wheel":76,"Philosopher\u0027s Stone":115,"Iron Hammer":388,"Toxic Egg 2":36,"Byrd Skull":158,"Girya":290,"Happy Flower":96,"Ring of Hypnosis":285,"ReplayTheSpireMod:CursedCoin":175,"Astrolabe":134,"Replay:Grab Bag":332,"Oddly Smooth Stone":7,"Letter Opener":24,"Replay:Kaleidoscope":225,"War Paint":32,"Question Card":76,"Du-Vu Doll":74,"OrangePellets":358,"Bottled Flame":140,"Replay:Baseball":318,"ReplayTheSpireMod:Shallot":214,"Shuriken":16,"Bronze Scales":110,"Onion Ring":127,"Molten Egg 2":155,"Simple Rune":400,"ReplayTheSpireMod:TigerMarble":145,"Nloth\u0027s Gift":335,"Grinning Jar":159,"Mirror":231,"ReplayTheSpireMod:DimensionalGlitch":283,"Pocketwatch":8,"Meat on the Bone":66,"Darkstone Periapt":46,"ReplayFunnel":159,"ReplayTheSpireMod:Ring of Exchange":224,"Replay:PocketPolymizer":382,"Snake Skull":32,"Juzu Bracelet":18,"Incense Burner":96,"Sizzling Blood":302,"Replay:Mystery Machine":265,"Empty Cage":58,"ClockworkSouvenir":354,"Frozen Eye":131,"Nunchaku":24,"Dream Catcher":55,"Replay:Bandana":219,"Tough Bandages":273,"Chameleon Ring":373,"Mummified Hand":114,"Pantograph":126,"Tiny Chest":45,"Red Mask":59,"Replay:Bottled Snecko":243,"Runic Pyramid":50,"Gremlin Food":139,"BargainBundle":127,"ReplayTheSpireMod:Ninjato":127,"Replay:Towering Pillar of Hats":150,"Guide Book":179,"Quantum Egg":365,"Orichalcum":95,"Medical Kit":291,"White Beast Statue":77,"Mercury Hourglass":5,"Calling Bell":76,"Strange Spoon":210,"Anchor":178,"Pondfish Scales":232,"CaptainsWheel":381,"Ring of Fury":248,"ChewingGum":332,"Bag of Marbles":147,"Snack Pack":179,"Coffee Dripper":220,"Membership Card":36,"TungstenRod":325},{"TwistedFunnel":427,"Golden Egg":660,"Replay:Accelerometer":1067,"Vampiric Spirits":686,"Spirit Poop":395,"Whetstone":467,"Ginger":613,"Bottled Tornado":241,"Sling":179,"Boot":244,"Old Coin":1200,"Blood Vial":148,"Replay:Wanted Poster":648,"Replay:Ringing Soul":817,"Sundial":209,"MealTicket":186,"HandDrill":504,"Replay:Bottled Flurry":1316,"Kunai":93,"Replay:Wax Seal":681,"Replay:Bottled Steam":877,"Pear":450,"Blue Candle":467,"Counterbalance":729,"Tingsha":179,"Eternal Feather":986,"Pen Nib":120,"Paper Crane":120,"Akabeko":190,"SlaversCollar":973,"Bird Faced Urn":760,"ReplayTheSpireMod:Ring of Collecting":833,"Pandora\u0027s Box":1265,"Kintsugi":726,"StrikeDummy":1466,"Unceasing Top":179,"Ring of the Serpent":230,"Lantern":82,"Regal Pillow":97,"Singing Bowl":460,"Torii":544,"Blue Doll":613,"Painkiller Herb":1265,"Bag of Preparation":20,"Replay:Multitool":1142,"Smiling Mask":286,"Cursed Key":456,"Ancient Tea Set":1610,"Pet Ghost":640,"Replay:Rubber Ducky":637,"Matryoshka":260,"Ring of Fangs":898,"Shovel":1302,"Ninja Scroll":622,"Ring of Peace":975,"Toolbox":1316,"Chemical X":1126,"Replay:Bottled Eggs":625,"InkBottle":286,"Ring of the Snake":0,"Potion Belt":260,"Lee\u0027s Waffle":501,"The Specimen":525,"Golden Idol":2,"Basket Of Snakes":686,"PreservedInsect":401,"The Courier":450,"Omamori":501,"Ring of Greed":833,"Frozen Egg 2":525,"MawBank":219,"Replay:Arrowhead":681,"Busted Crown":775,"Ornamental Fan":602,"Bloody Idol":975,"Ring of Misfortune":1296,"Orrery":179,"Turnip":1126,"Art of War":353,"Durian":733,"Garlic":898,"Bottled Lightning":446,"ReplayTheSpireMod:Lightbulb":1488,"Toy Ornithopter":24,"Ice Cream":501,"Divine Protection":1333,"Tiny House":46,"Calipers":472,"Gremlin Horn":0,"CeramicFish":136,"Vajra":0,"HoveringKite":115,"Sozu":1183,"Centennial Puzzle":435,"Lizard Tail":569,"DollysMirror":544,"Strawberry":664,"Prayer Wheel":425,"Philosopher\u0027s Stone":563,"Iron Hammer":1430,"Toxic Egg 2":204,"Byrd Skull":700,"Girya":1110,"Happy Flower":501,"Ring of Hypnosis":1099,"ReplayTheSpireMod:CursedCoin":734,"Astrolabe":632,"Replay:Grab Bag":1265,"Oddly Smooth Stone":32,"Letter Opener":132,"Replay:Kaleidoscope":902,"War Paint":186,"Question Card":425,"Du-Vu Doll":415,"OrangePellets":1328,"Bottled Flame":645,"Replay:Baseball":1205,"ReplayTheSpireMod:Shallot":869,"Shuriken":93,"Bronze Scales":544,"Onion Ring":613,"Molten Egg 2":694,"Simple Rune":1463,"ReplayTheSpireMod:TigerMarble":663,"Nloth\u0027s Gift":1271,"Grinning Jar":701,"Mirror":922,"ReplayTheSpireMod:DimensionalGlitch":1094,"Pocketwatch":39,"Meat on the Bone":392,"Darkstone Periapt":260,"ReplayFunnel":701,"ReplayTheSpireMod:Ring of Exchange":898,"Replay:PocketPolymizer":1414,"Snake Skull":186,"Juzu Bracelet":102,"Incense Burner":501,"Sizzling Blood":1142,"Replay:Mystery Machine":1051,"Empty Cage":333,"ClockworkSouvenir":1316,"Frozen Eye":622,"Nunchaku":132,"Dream Catcher":308,"Replay:Bandana":881,"Tough Bandages":1072,"Chameleon Ring":1376,"Mummified Hand":557,"Pantograph":606,"Tiny Chest":254,"Red Mask":338,"Replay:Bottled Snecko":960,"Runic Pyramid":281,"Gremlin Food":642,"BargainBundle":613,"ReplayTheSpireMod:Ninjato":613,"Replay:Towering Pillar of Hats":681,"Guide Book":749,"Quantum Egg":1354,"Orichalcum":496,"Medical Kit":1112,"White Beast Statue":427,"Mercury Hourglass":24,"Calling Bell":425,"Strange Spoon":858,"Anchor":744,"Pondfish Scales":926,"CaptainsWheel":1409,"Ring of Fury":975,"ChewingGum":1265,"Bag of Marbles":668,"Snack Pack":749,"Coffee Dripper":886,"Membership Card":204,"TungstenRod":1245}],"Toy Ornithopter":25,"Ring of the Snake":[296],"Meat on the Bone":84},"card_choices":[{"not_picked":["Quick Slash","Dagger Spray"],"picked":"Catalyst","floor":1.0},{"not_picked":["Riddle With Holes","PiercingWail","Quick Slash"],"picked":"SKIP","floor":3.0},{"not_picked":["Outmaneuver","Underhanded Strike"],"picked":"Prepared","floor":6.0},{"not_picked":["Infinite Blades","Slice"],"picked":"Malaise","floor":8.0},{"not_picked":["All Out Attack","PiercingWail"],"picked":"Poisoned Stab","floor":10.0},{"not_picked":["Accuracy","Prepared"],"picked":"Tools of the Trade","floor":11.0},{"not_picked":["PiercingWail","Sucker Punch"],"picked":"Catalyst","floor":12.0},{"not_picked":["Cloak And Dagger","Expertise"],"picked":"Backstab","floor":14.0},{"not_picked":["Grand Finale","Storm of Steel"],"picked":"Burst","floor":16.0},{"not_picked":["Outmaneuver","Acrobatics"],"picked":"PiercingWail","floor":18.0},{"not_picked":["Endless Agony","Bane"],"picked":"Bouncing Flask","floor":20.0},{"not_picked":["Sucker Punch","Acrobatics"],"picked":"Malaise","floor":22.0},{"not_picked":["Accuracy","Heel Hook","PiercingWail"],"picked":"SKIP","floor":23.0},{"not_picked":["Riddle With Holes","Underhanded Strike"],"picked":"Tactician","floor":24.0},{"not_picked":["Cloak And Dagger","Backflip"],"picked":"Catalyst","floor":25.0},{"not_picked":["Quick Slash","Endless Agony","Heel Hook"],"picked":"SKIP","floor":27.0},{"not_picked":["Deflect+1","Backflip"],"picked":"Crippling Poison+1","floor":28.0},{"not_picked":["Endless Agony","Finisher","Outmaneuver"],"picked":"SKIP","floor":30.0},{"not_picked":["Unload","Envenom"],"picked":"Tools of the Trade","floor":33.0},{"not_picked":["Deflect","Quick Slash"],"picked":"Reflex","floor":35.0},{"not_picked":["expansioncontent:Corrupt","expansioncontent:GoopSpray"],"picked":"HandOfGreed","floor":36.0},{"not_picked":["The Bomb","expansioncontent:Sear"],"picked":"expansioncontent:Torchfire","floor":36.0},{"not_picked":["Heel Hook","Deadly Poison"],"picked":"Concentrate+1","floor":38.0},{"not_picked":["Blade Dance+1","Outmaneuver+1","Flechettes"],"picked":"SKIP","floor":41.0},{"not_picked":["Dagger Spray+1","Acrobatics","PiercingWail"],"picked":"SKIP","floor":44.0},{"not_picked":["Masterful Stab","Poisoned Stab"],"picked":"Prepared+1","floor":45.0}],"player_experience":1304073,"relics_obtained":[{"floor":6.0,"key":"Potion Belt"},{"floor":8.0,"key":"Toy Ornithopter"},{"floor":9.0,"key":"Ancient Tea Set"},{"floor":11.0,"key":"PreservedInsect"},{"floor":14.0,"key":"Bag of Preparation"},{"floor":21.0,"key":"Mummified Hand"},{"floor":23.0,"key":"MealTicket"},{"floor":25.0,"key":"Kunai"},{"floor":26.0,"key":"Shuriken"},{"floor":28.0,"key":"Juzu Bracelet"},{"floor":30.0,"key":"Akabeko"},{"floor":41.0,"key":"Darkstone Periapt"},{"floor":44.0,"key":"Bottled Lightning"},{"floor":45.0,"key":"Incense Burner"}],"event_choices":[{"damage_healed":15.0,"max_hp_gain":0.0,"max_hp_loss":0.0,"gold_gain":0.0,"event_name":"The Cleric","player_choice":"Healed","floor":4.0,"gold_loss":35.0,"damage_taken":0.0},{"damage_healed":0.0,"max_hp_gain":0.0,"max_hp_loss":0.0,"gold_gain":0.0,"event_name":"The Woman in Blue","player_choice":"Bought 1 Potion","floor":7.0,"gold_loss":0.0,"damage_taken":0.0},{"damage_healed":0.0,"max_hp_gain":0.0,"max_hp_loss":0.0,"gold_gain":0.0,"event_name":"Living Wall","player_choice":"Grow","floor":13.0,"gold_loss":0.0,"damage_taken":0.0,"cards_upgraded":["Catalyst"]},{"damage_healed":0.0,"max_hp_gain":0.0,"max_hp_loss":0.0,"gold_gain":0.0,"cards_transformed":["Strike_G","Strike_G"],"event_name":"Drug Dealer","player_choice":"Became Test Subject","floor":19.0,"gold_loss":0.0,"damage_taken":0.0,"cards_obtained":["Deflect","Tactician"]},{"damage_healed":0.0,"max_hp_gain":0.0,"max_hp_loss":0.0,"gold_gain":100.0,"event_name":"The Joust","player_choice":"Bet on Murderer","floor":31.0,"gold_loss":50.0,"damage_taken":0.0},{"damage_healed":0.0,"max_hp_gain":0.0,"max_hp_loss":0.0,"gold_gain":0.0,"event_name":"SensoryStone","player_choice":"Memory 3","floor":36.0,"gold_loss":0.0,"damage_taken":10.0},{"damage_healed":0.0,"max_hp_gain":0.0,"max_hp_loss":0.0,"gold_gain":0.0,"event_name":"Winding Halls","player_choice":"Embrace Madness","floor":37.0,"gold_loss":0.0,"damage_taken":11.0,"cards_obtained":["Madness","Madness"]},{"damage_healed":0.0,"max_hp_gain":0.0,"max_hp_loss":0.0,"gold_gain":0.0,"event_name":"Tomb of Lord Red Mask","player_choice":"Ignored","floor":39.0,"gold_loss":0.0,"damage_taken":0.0},{"damage_healed":0.0,"max_hp_gain":0.0,"max_hp_loss":0.0,"gold_gain":0.0,"event_name":"MindBloom","player_choice":"Fight","floor":45.0,"gold_loss":0.0,"damage_taken":0.0}],"is_beta":false,"boss_relics":[{"not_picked":["Tiny House","Sozu"],"picked":"Astrolabe"},{"not_picked":["Empty Cage","Velvet Choker"],"picked":"HoveringKite"}],"items_purged_floors":[42],"is_endless":false,"potions_floor_spawned":[1,6,8,10,22,23,25,27,28,41,45],"killed_by":"Time Eater","ascension_level":20}}