{"host":"p9t7qd83igtcp2bh","time":1609308939,"event":{"mods":["2.2 Compatiblity","AchievementEnabler","BaseMod","Colored Map","Colored Powertips","Custom Start","DeckTracker","Keyboard Shortcuts","Minty Spire (QoL Compilation)","Permanent Neow","StSLib","SuperFastMode","everything is the same but u backflip on backflip"],"gold_per_floor":[117,127,141,157,157,157,172,172,172,205,205,225,93,111,111,188,188,205,222,234,214,86,86,119,119,194,194,212,222,242,262,262,262,262],"floor_reached":33,"playtime":1014,"items_purged":["Defend_G","Strike_G"],"score":546,"play_id":"db099d8e-077b-4532-afea-6a8b151d8157","local_time":"20201230151539","is_ascension_mode":true,"campfire_choices":[{"data":"Backstab","floor":6.0,"key":"SMITH"},{"data":"Eviscerate","floor":8.0,"key":"SMITH"},{"data":"Noxious Fumes","floor":11.0,"key":"SMITH"},{"data":"Deadly Poison","floor":15.0,"key":"SMITH"},{"floor":23.0,"key":"REST"},{"floor":25.0,"key":"REST"},{"data":"Prepared","floor":27.0,"key":"SMITH"},{"data":"Wraith Form v2","floor":32,"key":"SMITH"}],"circlet_count":0,"master_deck":["AscendersBane","Strike_G","Strike_G","Strike_G","Strike_G","Defend_G","Defend_G","Defend_G","Defend_G","Survivor","Neutralize","Leg Sweep","Noxious Fumes+1","Eviscerate+1","Backstab+1","PiercingWail","Escape Plan","Acrobatics","Deadly Poison+1","PiercingWail","Wraith Form v2+1","Flechettes","Bane+1","Prepared+1","Escape Plan+1","Deflect","Noxious Fumes"],"relics":["Ring of the Snake","NeowsBlessing","Boot","Ancient Tea Set","Runic Pyramid","Darkstone Periapt","Bottled Tornado"],"acts_visited":["Exordium","TheCity"],"potions_floor_usage":[28,33,33],"damage_taken":[{"damage":0.0,"enemies":"2 Louse","floor":1.0,"turns":1.0},{"damage":0.0,"enemies":"Small Slimes","floor":2.0,"turns":1.0},{"damage":0.0,"enemies":"Cultist","floor":3.0,"turns":1.0},{"damage":12.0,"enemies":"Large Slime","floor":4.0,"turns":7.0},{"damage":1.0,"enemies":"2 Fungi Beasts","floor":7.0,"turns":3.0},{"damage":21.0,"enemies":"Gremlin Nob","floor":10.0,"turns":4.0},{"damage":0.0,"enemies":"Looter","floor":12.0,"turns":2.0},{"damage":9.0,"enemies":"Blue Slaver","floor":14.0,"turns":4.0},{"damage":15.0,"enemies":"Hexaghost","floor":16.0,"turns":9.0},{"damage":13.0,"enemies":"2 Thieves","floor":18.0,"turns":5.0},{"damage":18.0,"enemies":"Spheric Guardian","floor":19.0,"turns":6.0},{"damage":32.0,"enemies":"Centurion and Healer","floor":20.0,"turns":6.0},{"damage":20.0,"enemies":"Gremlin Leader","floor":24.0,"turns":7.0},{"damage":4,"enemies":"Sentry and Sphere","floor":28,"turns":3},{"damage":14,"enemies":"Cultist and Chosen","floor":29,"turns":6},{"damage":0,"enemies":"Centurion and Healer","floor":30,"turns":5},{"damage":1,"enemies":"Chosen and Byrds","floor":31,"turns":5},{"damage":19,"enemies":"Collector","floor":33,"turns":4}],"seed_played":"-8580528957747111010","potions_obtained":[{"floor":2.0,"key":"Strength Potion"},{"floor":3.0,"key":"FairyPotion"},{"floor":16.0,"key":"Poison Potion"},{"floor":21.0,"key":"Weak Potion"},{"floor":28,"key":"SpeedPotion"},{"floor":31,"key":"ColorlessPotion"}],"is_trial":false,"path_per_floor":["M","M","M","M","?","R","M","R","T","E","R","M","$","M","R","B",null,"M","M","M","?","$","R","E","R","T","R","M","M","M","M","R","B"],"character_chosen":"THE_SILENT","items_purchased":["Deadly Poison","Prepared"],"campfire_rested":2,"item_purchase_floors":[13,22],"current_hp_per_floor":[59,59,59,47,47,47,46,46,46,25,25,25,25,16,16,1,50,37,19,19,19,19,38,18,37,37,37,33,19,19,18,18,0,0],"gold":262,"neow_bonus":"THREE_ENEMY_KILL","is_daily":false,"chose_seed":false,"campfire_upgraded":6,"win_rate":0.0,"timestamp":1609308939,"path_taken":["M","M","M","M","?","R","M","R","T","E","R","M","$","M","R","BOSS","M","M","M","?","$","R","E","R","T","R","?","M","M","M","R","BOSS"],"items_purchased_type":["Card","Card"],"build_version":"2020-12-22","purchased_purges":2,"victory":false,"max_hp_per_floor":[66,66,66,66,66,66,66,66,66,66,66,66,66,66,66,66,66,66,66,66,66,66,66,66,66,66,66,66,66,66,66,66,66,66],"card_choices":[{"not_picked":["Backflip","Accuracy"],"picked":"Leg Sweep","floor":1.0},{"not_picked":["Deflect","Outmaneuver"],"picked":"Noxious Fumes","floor":2.0},{"not_picked":["Bane","Leg Sweep"],"picked":"Eviscerate","floor":3.0},{"not_picked":["Deflect","Accuracy"],"picked":"Backstab","floor":4.0},{"not_picked":["Deflect","Underhanded Strike"],"picked":"PiercingWail","floor":7.0},{"not_picked":["Night Terror","Expertise"],"picked":"Escape Plan","floor":10.0},{"not_picked":["Dash","Underhanded Strike"],"picked":"Acrobatics","floor":12.0},{"not_picked":["Flying Knee","Underhanded Strike"],"picked":"PiercingWail","floor":14.0},{"not_picked":["Phantasmal Killer","Unload"],"picked":"Wraith Form v2","floor":16.0},{"not_picked":["Choke","Outmaneuver"],"picked":"Flechettes","floor":18.0},{"not_picked":["Dagger Throw+1","Underhanded Strike","Choke"],"picked":"SKIP","floor":19.0},{"not_picked":["Dagger Spray+1","Slice"],"picked":"Bane+1","floor":20.0},{"not_picked":["Heel Hook","Dagger Throw+1","Skewer"],"picked":"SKIP","floor":24.0},{"not_picked":["Acrobatics","Blade Dance"],"picked":"Escape Plan+1","floor":28},{"not_picked":["Cloak And Dagger+1","Dodge and Roll"],"picked":"Deflect","floor":29},{"not_picked":["Crippling Poison","Blade Dance"],"picked":"Noxious Fumes","floor":30},{"not_picked":["Well Laid Plans","Quick Slash","Masterful Stab"],"picked":"SKIP","floor":31}],"player_experience":585160,"relics_obtained":[{"floor":9.0,"key":"Boot"},{"floor":10.0,"key":"Ancient Tea Set"},{"floor":24.0,"key":"Darkstone Periapt"},{"floor":26.0,"key":"Bottled Tornado"}],"event_choices":[{"damage_healed":0.0,"max_hp_gain":0.0,"max_hp_loss":0.0,"gold_gain":0.0,"event_name":"Liars Game","player_choice":"Ignored","floor":5.0,"gold_loss":0.0,"damage_taken":0.0},{"damage_healed":0.0,"max_hp_gain":0.0,"max_hp_loss":0.0,"gold_gain":0.0,"event_name":"The Woman in Blue","player_choice":"Bought 1 Potion","floor":21.0,"gold_loss":0.0,"damage_taken":0.0}],"is_beta":false,"boss_relics":[{"not_picked":["Empty Cage","SacredBark"],"picked":"Runic Pyramid"}],"items_purged_floors":[13,22],"is_endless":false,"potions_floor_spawned":[2,3,12,16,18,28,31],"killed_by":"Collector","ascension_level":20}}