{"host":"f5uumzf5hfexzk8l","time":1609364671,"event":{"mods":["AchievementEnabler","BaseMod","Colored Map","Googly Eyes","Highlight Path","Minty Spire (QoL Compilation)","Permanent Neow","StSLib","SuperFastMode","Unceasing Turn Reminder","everything is the same but u backflip on backflip"],"gold_per_floor":[19,32,42,54,8,33,33,46,46,78,78,108,34,34,34],"floor_reached":14,"playtime":484,"items_purged":[],"score":160,"play_id":"c7608a9e-b81a-4e54-9ec5-52ae3c05ac60","local_time":"20201230134431","is_ascension_mode":true,"campfire_choices":[{"data":"Shrug It Off","floor":7,"key":"SMITH"}],"circlet_count":0,"master_deck":["Strike_R","Strike_R","Strike_R","Strike_R","Defend_R","Defend_R","Defend_R","Defend_R","Pommel Strike","Skewer+1","Bloodletting"],"relics":["Burning Blood","Kunai","Frozen Egg 2","Gremlin Horn","Eternal Feather"],"acts_visited":["Exordium"],"potions_floor_usage":[6,12,12,14],"damage_taken":[{"damage":10,"enemies":"Cultist","floor":1,"turns":5},{"damage":5,"enemies":"Jaw Worm","floor":2,"turns":6},{"damage":2,"enemies":"Small Slimes","floor":3,"turns":4},{"damage":7,"enemies":"Looter","floor":4,"turns":5},{"damage":39,"enemies":"Lagavulin","floor":6,"turns":11},{"damage":13,"enemies":"Exordium Wildlife","floor":8,"turns":7},{"damage":34,"enemies":"3 Sentries","floor":10,"turns":12},{"damage":35,"enemies":"Lagavulin","floor":12,"turns":8},{"damage":11,"enemies":"Gremlin Nob","floor":14,"turns":2}],"seed_played":"-3759080347155849161","potions_obtained":[{"floor":4,"key":"HeartOfIron"},{"floor":6,"key":"Weak Potion"},{"floor":10,"key":"Regen Potion"},{"floor":12,"key":"Energy Potion"}],"is_trial":false,"path_per_floor":["M","M","M","M","$","E","R","M","T","E","?","E","$","E"],"character_chosen":"IRONCLAD","items_purchased":["Shrug It Off","Bloodletting"],"campfire_rested":0,"item_purchase_floors":[5,13],"current_hp_per_floor":[68,69,73,72,72,39,39,32,32,24,24,10,10,0,0],"gold":34,"neow_bonus":"REMOVE_TWO","is_daily":false,"chose_seed":false,"campfire_upgraded":1,"win_rate":0.0,"timestamp":1609364671,"path_taken":["M","M","M","M","?","E","R","M","T","E","?","E","$","E"],"items_purchased_type":["Card","Card"],"build_version":"2020-12-22","purchased_purges":0,"victory":false,"max_hp_per_floor":[80,80,80,80,80,80,80,80,80,80,80,80,80,80,80],"card_choices":[{"not_picked":["Headbutt","Thunderclap","True Grit"],"picked":"SKIP","floor":1},{"not_picked":["Dual Wield","Shockwave"],"picked":"Pommel Strike","floor":2},{"not_picked":["True Grit","Thunderclap","Dark Embrace"],"picked":"SKIP","floor":3},{"not_picked":["Clash","Twin Strike","Clothesline"],"picked":"SKIP","floor":4},{"not_picked":["Shrug It Off","Corruption","Immolate"],"picked":"SKIP","floor":6},{"not_picked":["Sword Boomerang","Perfected Strike","Headbutt"],"picked":"SKIP","floor":8},{"not_picked":["Sever Soul","Bloodletting","Flex"],"picked":"SKIP","floor":10},{"not_picked":["Armaments","Pommel Strike","Perfected Strike"],"picked":"SKIP","floor":12}],"player_experience":352641,"relics_obtained":[{"floor":6,"key":"Kunai"},{"floor":9,"key":"Frozen Egg 2"},{"floor":10,"key":"Gremlin Horn"},{"floor":12,"key":"Eternal Feather"}],"event_choices":[{"cards_removed":["Shrug It Off"],"damage_healed":0,"gold_gain":0,"player_choice":"Took Card","damage_taken":0,"max_hp_gain":0,"max_hp_loss":0,"event_name":"NoteForYourself","floor":11,"gold_loss":0,"cards_obtained":["Skewer"]}],"is_beta":false,"boss_relics":[],"items_purged_floors":[],"is_endless":false,"potions_floor_spawned":[4,6,10,12],"killed_by":"Gremlin Nob","ascension_level":9}}