{"host":"08nxni9rwzvm98vp","time":1609326352,"event":{"mods":["AchievementEnabler","BaseMod","Card Forge","Colored Powertips","Googly Eyes","Highlight Path","Marisa£¨Ùöéë¡¡Øª×âÞÞ£©","Minty Spire (QoL Compilation)","Quick Restart","Rare Cards Sparkle","Shop Mod","StSLib","SuperFastMode"],"gold_per_floor":[118,130,141,141,152,187,187,112,135,135,65,78,94,105,105,210,210,228,238,238,67,85,85,184,184,184,72,97,97,116,127,127,228,228,243,343,356,356,366,366,366],"floor_reached":40,"playtime":4153,"items_purged":["Strike_MRS"],"score":534,"play_id":"da56293a-0dfc-425c-aa47-19d223de4425","local_time":"20201230200552","is_ascension_mode":true,"campfire_choices":[{"data":"OortCloud","floor":7.0,"key":"SMITH"},{"data":"EnergyRecoil","floor":10.0,"key":"SMITH"},{"data":"OortCloud","floor":15.0,"key":"SMITH"},{"data":"RefractionSpark","floor":23.0,"key":"SMITH"},{"data":"Defend_MRS","floor":32.0,"key":"PURGE"}],"circlet_count":0,"master_deck":["TreasureHunter+1","OortCloud+1","RefractionSpark+1","OortCloud+1","PropBag+1","AsteroidBelt+1","PulseMagic+1","MachineGunSpark+1","OortCloud+1","RefractionSpark+1","OortCloud+1","FinalSpark+1","OrrerysSun+1","PropBag+1"],"relics":["MiniHakkero","Hammer of Thor","Seething Fire","Anvil of the Gods","PreservedInsect","Lantern","Bag of Marbles","Cursed Key","Peace Pipe","Membership Card","MerchantsRug","DollysMirror","HandmadeGrimoire","Blue Candle","Astrolabe","Shuriken","Sundial"],"acts_visited":["Exordium","TheCity","TheBeyond"],"potions_floor_usage":[39],"damage_taken":[{"damage":0.0,"enemies":"Cultist","floor":1.0,"turns":3.0},{"damage":0.0,"enemies":"Small Slimes","floor":2.0,"turns":2.0},{"damage":0.0,"enemies":"2 Louse","floor":3.0,"turns":2.0},{"damage":12.0,"enemies":"Blue Slaver","floor":5.0,"turns":3.0},{"damage":30.0,"enemies":"Lagavulin","floor":6.0,"turns":8.0},{"damage":6.0,"enemies":"3 Louse","floor":12.0,"turns":3.0},{"damage":0.0,"enemies":"2 Fungi Beasts","floor":13.0,"turns":5.0},{"damage":0.0,"enemies":"Gremlin Gang","floor":14.0,"turns":6.0},{"damage":0.0,"enemies":"Hexaghost","floor":16.0,"turns":9.0},{"damage":11.0,"enemies":"Chosen","floor":18.0,"turns":5.0},{"damage":0.0,"enemies":"Spheric Guardian","floor":19.0,"turns":6.0},{"damage":2.0,"enemies":"3 Cultists","floor":22.0,"turns":9.0},{"damage":29.0,"enemies":"Gremlin Leader","floor":28.0,"turns":9.0},{"damage":0.0,"enemies":"Snecko","floor":30.0,"turns":3.0},{"damage":0.0,"enemies":"Chosen and Byrds","floor":31.0,"turns":8.0},{"damage":1,"enemies":"Champ","floor":33,"turns":16},{"damage":0,"enemies":"Orb Walker","floor":35,"turns":4},{"damage":36,"enemies":"3 Darklings","floor":37,"turns":5},{"damage":6,"enemies":"Jaw Worm Horde","floor":39,"turns":5},{"damage":53,"enemies":"Reptomancer","floor":40,"turns":2}],"seed_played":"386239988013368956","potions_obtained":[{"floor":2.0,"key":"Dexterity Potion"},{"floor":3.0,"key":"SpeedPotion"},{"floor":12.0,"key":"EssenceOfSteel"},{"floor":30.0,"key":"LiquidBronze"},{"floor":39,"key":"DistilledChaos"}],"is_trial":false,"path_per_floor":["M","M","M","?","M","E","R","$","T","R","$","M","M","M","R","B",null,"M","M","?","$","M","R","?","?","T","$","E","?","M","M","R","B",null,"M","?","M","?","M","E"],"character_chosen":"MARISA","items_purchased":["RefractionSpark","Membership Card","MerchantsRug","MachineGunSpark","DollysMirror"],"campfire_rested":0,"item_purchase_floors":[11,21,21,27,27],"current_hp_per_floor":[68,68,68,56,44,21,21,21,21,21,21,15,15,15,15,15,75,64,64,64,64,62,62,62,62,62,62,33,33,33,33,33,32,75,75,75,39,39,33,0,0],"gold":366,"neow_bonus":"REMOVE_TWO","is_daily":false,"chose_seed":false,"campfire_upgraded":4,"win_rate":0.0,"timestamp":1609326352,"path_taken":["M","?","M","?","M","E","R","$","T","R","$","M","M","M","R","BOSS","BOSS","M","M","?","$","M","R","?","?","T","$","E","?","M","M","R","BOSS","M","?","?","?","M","E"],"items_purchased_type":["Card","Relic","Relic","Card","Relic"],"build_version":"2020-12-22","purchased_purges":1,"victory":false,"max_hp_per_floor":[68,68,68,68,68,75,75,75,75,75,75,75,75,75,75,75,75,75,75,75,75,75,75,75,75,75,75,75,75,75,75,75,75,75,75,75,75,75,75,75,75],"card_choices":[{"not_picked":["GrandCross","EarthLightRay"],"picked":"EnergyRecoil","floor":1.0},{"not_picked":["SporeBomb","GravityBeat"],"picked":"DoubleSpark","floor":2.0},{"not_picked":["WitchLeyline","WitchOfGreed","MilkyWay"],"picked":"SKIP","floor":3.0},{"not_picked":["WitchOfGreed","AlicesGift"],"picked":"TreasureHunter","floor":5.0},{"not_picked":["SprinkleStarSeal","DoubleSpark"],"picked":"OortCloud","floor":6.0},{"not_picked":["StarBarrage","UnstableBomb"],"picked":"OortCloud","floor":12.0},{"not_picked":["GrandCross","GalacticHalo","Orbital"],"picked":"SKIP","floor":13.0},{"not_picked":["GrandCross","GalacticHalo","Orbital"],"picked":"SKIP","floor":13.0},{"not_picked":["Acceleration","GrandCross"],"picked":"PropBag","floor":14.0},{"not_picked":["UnstableBomb","IllusionStar+1","ShootingEcho"],"picked":"SKIP","floor":18.0},{"not_picked":["6A","EnergyFlow"],"picked":"AsteroidBelt+1","floor":19.0},{"not_picked":["GravityBeat+1","FairyDestructionRay","IllusionStar"],"picked":"SKIP","floor":22.0},{"not_picked":["AsteroidBelt","EarthLightRay"],"picked":"RefractionSpark","floor":28.0},{"not_picked":["GrandCross","SporeBomb"],"picked":"OortCloud+1","floor":30.0},{"not_picked":["EarthLightRay","WitchLeyline+1","GalacticHalo"],"picked":"SKIP","floor":31.0},{"not_picked":["CollectingQuirk","TreasureHunter"],"picked":"FinalSpark","floor":33},{"not_picked":["AlicesGift+1","GrandCross+1","MagicAbsorber"],"picked":"SKIP","floor":35},{"not_picked":["AlicesGift+1","GrandCross+1","MagicAbsorber"],"picked":"SKIP","floor":35},{"not_picked":["GalacticHalo","UnstableBomb","SporeBomb+1"],"picked":"SKIP","floor":37},{"not_picked":["WitchOfGreed+1","GrandCross+1"],"picked":"PropBag+1","floor":39}],"player_experience":656506,"relics_obtained":[{"floor":6.0,"key":"Lantern"},{"floor":6.0,"key":"Strawberry"},{"floor":9.0,"key":"Bag of Marbles"},{"floor":28.0,"key":"HandmadeGrimoire"},{"floor":28.0,"key":"Blue Candle"}],"event_choices":[{"damage_healed":0.0,"max_hp_gain":0.0,"max_hp_loss":0.0,"gold_gain":0.0,"event_name":"Scrap Ooze","player_choice":"Success","floor":4.0,"gold_loss":0.0,"damage_taken":12.0,"relics_obtained":["PreservedInsect"]},{"damage_healed":0.0,"max_hp_gain":0.0,"max_hp_loss":0.0,"gold_gain":0.0,"event_name":"The Mausoleum","player_choice":"Opened","floor":20.0,"gold_loss":0.0,"damage_taken":0.0,"relics_obtained":["Peace Pipe"]},{"damage_healed":0.0,"max_hp_gain":0.0,"max_hp_loss":0.0,"gold_gain":99.0,"event_name":"Nest","player_choice":"Stole From Cult","floor":24.0,"gold_loss":0.0,"damage_taken":0.0},{"damage_healed":0.0,"max_hp_gain":0.0,"max_hp_loss":0.0,"gold_gain":0.0,"event_name":"The Library","player_choice":"Read","floor":25.0,"gold_loss":0.0,"damage_taken":0.0,"cards_obtained":["PulseMagic"]},{"damage_healed":0.0,"max_hp_gain":0.0,"max_hp_loss":0.0,"gold_gain":0.0,"event_name":"Ghosts","player_choice":"Ignored","floor":29.0,"gold_loss":0.0,"damage_taken":0.0},{"damage_healed":0,"gold_gain":100,"player_choice":"Pray","damage_taken":0,"max_hp_gain":0,"max_hp_loss":0,"event_name":"Golden Shrine","floor":36,"gold_loss":0},{"damage_healed":0,"gold_gain":0,"player_choice":"Ignored","damage_taken":0,"max_hp_gain":0,"max_hp_loss":0,"event_name":"Tomb of Lord Red Mask","floor":38,"gold_loss":0}],"is_beta":false,"boss_relics":[{"not_picked":["Runic Dome","Calling Bell"],"picked":"Cursed Key"},{"not_picked":["Runic Pyramid","Pandora\u0027s Box"],"picked":"Astrolabe"}],"items_purged_floors":[8],"is_endless":false,"potions_floor_spawned":[2,3,12,13,16,18,30,33,39],"killed_by":"Reptomancer","ascension_level":1}}