{"host":"08z5bj28eube4vug","time":1609302219,"event":{"mods":["2.2 Compatiblity","Abigail Mod","Act Like it!","BaseMod","Beaked The Cultist","Bestiary","Friendly Minions","Gensokyo","GungeonMod","Hallownest","Kiyohime????","Koishi","Lobotomy","Marisa????????","Minty Spire (QoL Compilation)","Prisma Mod","Remilia??????","Replay The Spire","StSLib","Td1madao Mod","The Alterego","The Bug Knight","The Jungle","The Sage","The Senshi","The Servant 0.9.4","Waifu the Spire","WarShipGirlsR/????R mod","Yuri Mod"],"gold_per_floor":[114,126,145,93,168,197,197,197,197,211,234,234,247,260,435,534,534,547,173,173,185,204,194,194,204,204,218,218,235,250,450,450,550,550,568,588,312,327,347,374,374,393,393,393,393],"floor_reached":44,"playtime":3255,"items_purged":["Gluttony_TH"],"score":789,"play_id":"2c403e39-993b-47d1-bfea-2bd27876bfa2","local_time":"20201230072339","is_ascension_mode":true,"campfire_choices":[{"data":"alterego_mod:Mirror","floor":7,"key":"SMITH"},{"data":"alterego_mod:Pet","floor":12,"key":"SMITH"},{"data":"alterego_mod:RocketPunch","floor":24,"key":"SMITH"},{"floor":32,"key":"REST"},{"data":"alterego_mod:RingBreak","floor":41,"key":"SMITH"}],"circlet_count":0,"master_deck":["alterego_mod:Impale+1","alterego_mod:BigMeatyClaws+1","alterego_mod:BrynhildrsRune","alterego_mod:BiFurious","alterego_mod:Mirror+1","alterego_mod:MaintainEyeContact","alterego_mod:Weigh","alterego_mod:Pet+1","alterego_mod:SakuraFive","alterego_mod:RocketPunch+1","alterego_mod:Support+1","alterego_mod:Undulate","alterego_mod:AlterEgo","alterego_mod:ClassAdvantage","alterego_mod:1TonWallop","alterego_mod:RidiculouslyBig","alterego_mod:Valentines","alterego_mod:Valentines","alterego_mod:Crossover","alterego_mod:RingBreak+1","alterego_mod:Birthday","alterego_mod:Birthday","alterego_mod:Undulate+1"],"relics":["alterego_mod:MasochisticConstitution","beaked:ShinyBauble","Singing Bowl","Empty Cage","DemoMod:MonsterBlood","HandDrill","ReplayTheSpireMod:Lightbulb","Pandora\u0027s Box","ClockworkSouvenir","Replay:Rubber Ducky","Ancient Tea Set"],"acts_visited":["Exordium","TheCity","TheBeyond"],"potions_floor_usage":[6,6,6,13,22,30,30,38,42,42,44],"damage_taken":[{"damage":8,"enemies":"Cultist","floor":1,"turns":3},{"damage":6,"enemies":"Small Slimes","floor":2,"turns":4},{"damage":5,"enemies":"Jaw Worm","floor":3,"turns":4},{"damage":4,"enemies":"Lagavulin","floor":6,"turns":5},{"damage":9,"enemies":"Lots of Slimes","floor":10,"turns":2},{"damage":3,"enemies":"2 Fungi Beasts","floor":13,"turns":3},{"damage":16,"enemies":"Exordium Wildlife","floor":14,"turns":4},{"damage":18,"enemies":"The Guardian","floor":16,"turns":9},{"damage":4,"enemies":"Chosen","floor":18,"turns":4},{"damage":23,"enemies":"Centurion and Healer","floor":21,"turns":5},{"damage":30,"enemies":"Shelled Parasite and Fungi","floor":22,"turns":4},{"damage":21,"enemies":"Snake Plant","floor":25,"turns":3},{"damage":15,"enemies":"Snecko","floor":27,"turns":4},{"damage":0,"enemies":"Cultist and Chosen","floor":29,"turns":6},{"damage":14,"enemies":"Sentry and Sphere","floor":30,"turns":5},{"damage":21,"enemies":"Pondfish","floor":33,"turns":13},{"damage":16,"enemies":"Orb Walker","floor":35,"turns":5},{"damage":18,"enemies":"3 Shapes","floor":36,"turns":7},{"damage":8,"enemies":"Spire Growth","floor":38,"turns":8},{"damage":0,"enemies":"Maw","floor":39,"turns":1},{"damage":72,"enemies":"beaked:SuperParasite","floor":40,"turns":10},{"damage":28,"enemies":"Transient","floor":42,"turns":5},{"damage":35,"enemies":"Writhing Mass","floor":44,"turns":2}],"seed_played":"6287712949920907361","potions_obtained":[{"floor":1,"key":"SteroidPotion"},{"floor":3,"key":"Ancient Potion"},{"floor":10,"key":"SteroidPotion"},{"floor":18,"key":"Weak Potion"},{"floor":21,"key":"CultistPotion"},{"floor":29,"key":"SpeedPotion"},{"floor":30,"key":"Energy Potion"},{"floor":36,"key":"SkillPotion"},{"floor":40,"key":"Weak Potion"},{"floor":42,"key":"Elixir"}],"is_trial":false,"path_per_floor":["M","M","M","$","?","E","R","?","T","M","T","R","M","M","R","B",null,"M","$","?","M","M","?","R","M","T","M","?","M","M","?","R","B",null,"M","M","$","M","M","E","R","M","T","M"],"character_chosen":"The_Alterego","items_purchased":["Block Potion","DemoMod:MonsterBlood","alterego_mod:RocketPunch","HandDrill","ClockworkSouvenir","DemoMod:LeadSkinPotion"],"campfire_rested":1,"item_purchase_floors":[4,19,19,19,37,37],"current_hp_per_floor":[63,65,61,61,50,47,47,47,47,39,39,39,44,36,36,28,80,79,86,86,64,37,41,41,23,23,9,24,26,22,22,58,38,123,115,116,116,113,115,53,53,30,30,0,0],"gold":393,"neow_bonus":"UPGRADE_CARD","is_daily":false,"chose_seed":false,"campfire_upgraded":4,"win_rate":0.0,"timestamp":1609302219,"path_taken":["M","M","?","$","?","E","R","?","T","M","?","R","?","M","R","BOSS","M","$","?","M","M","?","R","M","T","M","?","M","?","?","R","BOSS","M","M","$","?","M","E","R","M","T","M"],"items_purchased_type":["Potion","Relic","Card","Relic","Relic","Undefined"],"build_version":"2020-12-22","purchased_purges":1,"victory":false,"max_hp_per_floor":[71,72,73,73,73,74,74,74,74,75,75,75,76,77,77,80,80,83,90,90,91,94,98,98,101,101,102,117,119,122,122,122,123,123,124,127,127,130,132,133,133,134,134,134,134],"card_choices":[{"not_picked":["alterego_mod:SakuraLabyrinth","alterego_mod:IndependentAction"],"picked":"alterego_mod:BiFurious","floor":1},{"not_picked":["alterego_mod:PresenceConcealment","alterego_mod:Swimsuit"],"picked":"alterego_mod:Mirror","floor":2},{"not_picked":["alterego_mod:Undulate","alterego_mod:PerceptionDisorder"],"picked":"alterego_mod:MaintainEyeContact","floor":3},{"not_picked":["alterego_mod:Lingerie","alterego_mod:Punishment"],"picked":"alterego_mod:Weigh","floor":6},{"not_picked":["alterego_mod:Belts","alterego_mod:Bunnysuit"],"picked":"alterego_mod:Pet","floor":10},{"not_picked":["alterego_mod:Rip","alterego_mod:SideboobHour"],"picked":"alterego_mod:SakuraFive","floor":13},{"not_picked":["alterego_mod:Belts","alterego_mod:Table"],"picked":"alterego_mod:Smother","floor":14},{"not_picked":["alterego_mod:Antipathy","alterego_mod:SideboobHour","alterego_mod:Vow"],"picked":"Singing Bowl","floor":16},{"not_picked":["alterego_mod:Clap","alterego_mod:Bloomers","alterego_mod:SakuraPetals"],"picked":"Singing Bowl","floor":18},{"not_picked":["alterego_mod:SakuraFive","alterego_mod:Jiggle"],"picked":"alterego_mod:Support+1","floor":21},{"not_picked":["alterego_mod:Cycle+1","alterego_mod:HighServant","alterego_mod:Complex"],"picked":"Singing Bowl","floor":22},{"not_picked":["alterego_mod:Jiggle"],"picked":"Singing Bowl","floor":23},{"not_picked":["alterego_mod:VirginLaserPalladion"],"picked":"Singing Bowl","floor":23},{"not_picked":["alterego_mod:BeGentle","alterego_mod:HighServant","alterego_mod:PurpleHair"],"picked":"Singing Bowl","floor":25},{"not_picked":["alterego_mod:IndependentAction","alterego_mod:Support"],"picked":"alterego_mod:Undulate","floor":27},{"not_picked":["alterego_mod:Skirt","alterego_mod:PurpleHair","alterego_mod:Complex"],"picked":"Singing Bowl","floor":29},{"not_picked":["alterego_mod:DestructionOfProperty","alterego_mod:GoddessCore","alterego_mod:Clones"],"picked":"Singing Bowl","floor":30},{"not_picked":["alterego_mod:Palingenesis","alterego_mod:Tantrum"],"picked":"alterego_mod:AlterEgo","floor":33},{"not_picked":["alterego_mod:Bounce+1","alterego_mod:Jiggle+1"],"picked":"alterego_mod:Birthday","floor":35},{"not_picked":["alterego_mod:Cycle","alterego_mod:Valentines+1","alterego_mod:Maid"],"picked":"Singing Bowl","floor":36},{"not_picked":["alterego_mod:1TonWallop","alterego_mod:Vow","alterego_mod:MaintainEyeContact"],"picked":"Singing Bowl","floor":38},{"not_picked":["alterego_mod:Valentines+1","alterego_mod:GoddessCore","alterego_mod:MagicResistance"],"picked":"Singing Bowl","floor":39},{"not_picked":["alterego_mod:Santa+1","alterego_mod:PurpleHair"],"picked":"alterego_mod:Birthday","floor":40},{"not_picked":["alterego_mod:Jiggle+1","alterego_mod:GachaTicket+1"],"picked":"alterego_mod:Undulate+1","floor":42}],"player_experience":726332,"relics_obtained":[{"floor":6,"key":"beaked:ShinyBauble"},{"floor":9,"key":"Singing Bowl"},{"floor":26,"key":"ReplayTheSpireMod:Lightbulb"},{"floor":40,"key":"Replay:Rubber Ducky"},{"floor":43,"key":"Ancient Tea Set"}],"event_choices":[{"damage_healed":0,"gold_gain":75,"player_choice":"Gather Gold","damage_taken":11,"max_hp_gain":0,"max_hp_loss":0,"event_name":"World of Goop","floor":5,"gold_loss":0},{"damage_healed":0,"gold_gain":175,"player_choice":"AGREE","damage_taken":0,"max_hp_gain":0,"max_hp_loss":0,"event_name":"Liars Game","floor":15,"gold_loss":0,"cards_obtained":["Doubt"]},{"damage_healed":0,"gold_gain":200,"player_choice":"Gold","damage_taken":0,"max_hp_gain":0,"max_hp_loss":0,"event_name":"Wheel of Change","floor":31,"gold_loss":0}],"is_beta":false,"boss_relics":[{"not_picked":["Fusion Hammer","Sozu"],"picked":"Empty Cage"},{"not_picked":["Abe\u0027s Treasure","Replay:Bronze Core"],"picked":"Pandora\u0027s Box"}],"items_purged_floors":[37],"is_endless":false,"potions_floor_spawned":[1,3,10,18,21,29,30,36,40,42],"killed_by":"Writhing Mass","ascension_level":3}}