{"host":"ygfasg9u7olr7skw","time":1609346141,"event":{"mods":["AchievementEnabler","BaseMod","Better Note","Better Vampires","Colored Powertips","Minty Spire (QoL Compilation)","Replay The Spire","Spicy Shops","StSLib","The IronCluck"],"gold_per_floor":[111,63,80,80,80,109,109,124,203,203,213,223,223,241,241,241,241],"floor_reached":16,"playtime":1016,"items_purged":[],"score":112,"play_id":"3ce12b47-ddec-4251-bed6-c990ca670537","local_time":"20201230113541","is_ascension_mode":true,"campfire_choices":[{"floor":7,"key":"REST"},{"floor":10,"key":"REST"},{"data":"Dualcast","floor":15,"key":"SMITH"}],"circlet_count":0,"master_deck":["Strike_B","Strike_B","Strike_B","Defend_B","Defend_B","Defend_B","Defend_B","Zap","Dualcast+1","Steam Power","Gash","CommonCold","Beam Cell","Parasite"],"relics":["Cracked Core","Ring of Hypnosis","Replay:Mystery Machine","Molten Egg 2"],"acts_visited":["Exordium"],"potions_floor_usage":[6,16,16,16],"damage_taken":[{"damage":11,"enemies":"2 Louse","floor":1,"turns":3},{"damage":7,"enemies":"Jaw Worm","floor":3,"turns":3},{"damage":35,"enemies":"3 Sentries","floor":6,"turns":9},{"damage":0,"enemies":"Cultist","floor":8,"turns":3},{"damage":8,"enemies":"Large Slime","floor":11,"turns":6},{"damage":2,"enemies":"Blue Slaver","floor":12,"turns":3},{"damage":8,"enemies":"Exordium Thugs","floor":14,"turns":4},{"damage":72,"enemies":"Slime Boss","floor":16,"turns":8}],"seed_played":"6435845747743978410","potions_obtained":[{"floor":1,"key":"ColorlessPotion"},{"floor":5,"key":"Toxic Potion"},{"floor":5,"key":"Regen Potion"},{"floor":14,"key":"SkillPotion"}],"is_trial":false,"path_per_floor":["M","$","M","?","?","E","R","M","T","R","M","M","?","M","R","B"],"character_chosen":"DEFECT","items_purchased":["Gash"],"campfire_rested":2,"item_purchase_floors":[2],"current_hp_per_floor":[64,64,57,57,57,37,59,59,59,75,67,65,75,67,67,0,0],"gold":241,"neow_bonus":"TRANSFORM_CARD","is_daily":false,"chose_seed":false,"campfire_upgraded":1,"win_rate":0.0,"timestamp":1609346141,"path_taken":["M","$","M","?","?","E","R","?","T","R","M","M","?","M","R","BOSS"],"items_purchased_type":["Card"],"build_version":"2020-12-22","purchased_purges":0,"victory":false,"max_hp_per_floor":[75,75,75,75,75,75,75,75,75,75,75,75,75,75,75,75,75],"card_choices":[{"not_picked":["White Noise","Coolheaded","Redo"],"picked":"SKIP","floor":1},{"not_picked":["Panic Button","Compile Driver","Streamline"],"picked":"SKIP","floor":3},{"not_picked":["Amplify","Compile Driver"],"picked":"Beam Cell","floor":6},{"not_picked":["Force Field","Steam","Conserve Battery"],"picked":"SKIP","floor":8},{"not_picked":["Coolheaded","Redo","Steam Power"],"picked":"SKIP","floor":11},{"not_picked":["Barrage+1","Recycle","Defragment"],"picked":"SKIP","floor":12},{"not_picked":["Sunder+1","Barrage+1","Cold Snap+1"],"picked":"SKIP","floor":14}],"player_experience":181425,"relics_obtained":[{"floor":4,"key":"Ring of Hypnosis"},{"floor":6,"key":"Replay:Mystery Machine"},{"floor":9,"key":"Molten Egg 2"}],"event_choices":[{"damage_healed":0,"gold_gain":0,"player_choice":"Got Potions","damage_taken":0,"max_hp_gain":0,"max_hp_loss":0,"event_name":"Lab","floor":5,"gold_loss":0},{"damage_healed":18,"gold_gain":0,"player_choice":"Healed and dodged fight","damage_taken":0,"max_hp_gain":0,"max_hp_loss":0,"event_name":"Mushrooms","floor":13,"gold_loss":0,"cards_obtained":["Parasite"]}],"is_beta":false,"boss_relics":[],"items_purged_floors":[],"is_endless":false,"potions_floor_spawned":[1,14],"killed_by":"Slime Boss","ascension_level":2}}