{"host":"i3z0gcxurea6197v","time":1609363745,"event":{"mods":["Aspiration","BaseMod","Conspire","Energized Spire","Hubris","Minty Spire (QoL Compilation)","Permanent Neow","Relic Stats","Replay The Spire","Shop Mod","StSLib","SuperFastMode","TheWitcher","Virulent Crown","vexMod"],"gold_per_floor":[125,125,155,22,22,22,57,57,80,118,148,148,183,201,201,324,324,347,355,335,23,28,28,39,39,39],"floor_reached":25,"playtime":1324,"items_purged":["SnafuTest:DefaultCommonAttack"],"score":213,"play_id":"02d1f3b3-37b7-42a5-b618-8be29513d597","local_time":"20201231022905","is_ascension_mode":false,"campfire_choices":[{"data":"SnafuTest:SwiftAssault","floor":6,"key":"SMITH"},{"data":"SnafuTest:BlackSunRise","floor":8,"key":"SMITH"},{"floor":12,"key":"REST"},{"data":"SnafuTest:MCSuccubusSeduction","floor":15,"key":"SMITH"},{"floor":23,"key":"REST"}],"circlet_count":0,"master_deck":["SnafuTest:DefaultCommonAttack","SnafuTest:BountyHunt+1","SnafuTest:DefaultCommonSkill","SnafuTest:DefaultCommonSkill","SnafuTest:DefaultCommonSkill","SnafuTest:SignAxii","SnafuTest:BombDimeritium","SnafuTest:DecisiveOpportunity","SnafuTest:SwiftAssault+1","SnafuTest:SpellIncendiaryShower+1","Injury","SnafuTest:BlackSunRise+1","SnafuTest:WeddingDance","SnafuTest:MCSuccubusSeduction+1","SnafuTest:SmashingSlash","SnafuTest:PowerBloodLust","SnafuTest:PayArmorSmith","SnafuTest:FlashingRaid+1","SnafuTest:PowerBloodLust","SnafuTest:WeddingDance+1"],"relics":["SnafuTest:UnstableMutagenRelic","Golden Idol","SnafuTest:CatRelic","Smiling Mask","hubris:TenFootPole","hubris:TerracottaHorce","Counterbalance"],"acts_visited":["Exordium","TheCity"],"potions_floor_usage":[19,19,22,22],"damage_taken":[{"damage":9,"enemies":"Small Slimes","floor":1,"turns":5},{"damage":5,"enemies":"Jaw Worm","floor":3,"turns":4},{"damage":28,"enemies":"Gremlin Nob","floor":7,"turns":4},{"damage":1,"enemies":"Replay:BlueRogue","floor":10,"turns":4},{"damage":5,"enemies":"conspire:RoseBush","floor":11,"turns":3},{"damage":2,"enemies":"Blue Slaver","floor":13,"turns":3},{"damage":6,"enemies":"Looter","floor":14,"turns":3},{"damage":24,"enemies":"Slime Boss","floor":16,"turns":9},{"damage":21,"enemies":"Shell Parasite","floor":18,"turns":5},{"damage":18,"enemies":"conspire:FuzzyDice","floor":19,"turns":5},{"damage":13,"enemies":"Snake Plant","floor":22,"turns":3},{"damage":25,"enemies":"Centurion and Healer","floor":24,"turns":5},{"damage":11,"enemies":"3 Cultists","floor":25,"turns":2}],"seed_played":"-5342359977148616965","potions_obtained":[{"floor":10,"key":"Explosive Potion"},{"floor":11,"key":"SnafuTest:PlaceholderPotion"},{"floor":14,"key":"Block Potion"},{"floor":18,"key":"Swift Potion"},{"floor":20,"key":"LiquidBronze"},{"floor":24,"key":"Weak Potion"}],"is_trial":false,"path_per_floor":["M","?","M","$","?","R","E","R","T","E","M","R","M","M","R","B",null,"M","M","?","$","M","R","M","M"],"character_chosen":"THE_WITCHER","items_purchased":["SnafuTest:SpellIncendiaryShower+1","Counterbalance"],"campfire_rested":2,"item_purchase_floors":[4,21],"current_hp_per_floor":[66,66,61,61,61,61,33,33,33,32,27,49,47,41,41,17,61,40,22,22,22,9,31,6,0,0],"gold":39,"neow_bonus":"UPGRADE_CARD","is_daily":false,"chose_seed":false,"campfire_upgraded":3,"win_rate":0.0,"timestamp":1609363745,"path_taken":["M","?","M","?","?","R","E","R","T","E","M","R","M","M","R","BOSS","M","M","?","$","M","R","M","?"],"items_purchased_type":["Card","Relic"],"build_version":"2020-12-22","purchased_purges":1,"victory":false,"max_hp_per_floor":[75,75,75,75,75,75,75,75,75,75,75,75,75,75,75,75,75,75,75,75,75,75,75,75,75,75],"relic_stats":{"counters":[13,53],"Golden Idol":68,"Smiling Mask":0,"obtain_stats":[{"SnafuTest:CatRelic":7,"SnafuTest:UnstableMutagenRelic":0,"Golden Idol":5,"Counterbalance":21,"hubris:TenFootPole":10,"Smiling Mask":9,"hubris:TerracottaHorce":17},{"SnafuTest:CatRelic":3,"SnafuTest:UnstableMutagenRelic":0,"Golden Idol":2,"Counterbalance":10,"hubris:TenFootPole":4,"Smiling Mask":3,"hubris:TerracottaHorce":8},{"SnafuTest:CatRelic":12,"SnafuTest:UnstableMutagenRelic":0,"Golden Idol":9,"Counterbalance":43,"hubris:TenFootPole":15,"Smiling Mask":12,"hubris:TerracottaHorce":33}]},"card_choices":[{"not_picked":["SnafuTest:QueensGuard","SnafuTest:SpellBlindFury"],"picked":"SnafuTest:BombDimeritium","floor":1},{"not_picked":["SnafuTest:PowerTrialOfGrasses","SnafuTest:BattleCry"],"picked":"SnafuTest:SwiftAssault","floor":3},{"not_picked":["SnafuTest:FirstAid","SnafuTest:BombDragonsDream"],"picked":"SnafuTest:BlackSunRise","floor":7},{"not_picked":["SnafuTest:PowerVainGlory","SnafuTest:SmashingSlash"],"picked":"SnafuTest:WeddingDance","floor":10},{"not_picked":["SnafuTest:ScholarsIntrigue","SnafuTest:FirstAid"],"picked":"SnafuTest:MCSuccubusSeduction","floor":11},{"not_picked":["SnafuTest:SwiftAssault","SnafuTest:ArmoredSortie","SnafuTest:MCFeignDeath"],"picked":"SKIP","floor":13},{"not_picked":["SnafuTest:SpellTelekinesis","SnafuTest:SpellHellfire"],"picked":"SnafuTest:SmashingSlash","floor":14},{"not_picked":["SnafuTest:PowerContactIsContract","SnafuTest:PayAlchemyMaster"],"picked":"SnafuTest:PowerBloodLust","floor":16},{"not_picked":["SnafuTest:NoPass","SnafuTest:FirstAid"],"picked":"SnafuTest:PayArmorSmith","floor":18},{"not_picked":["SnafuTest:SuddenPuncture","SnafuTest:BombNorthernWind"],"picked":"SnafuTest:FlashingRaid+1","floor":19},{"not_picked":["SnafuTest:BombMoonDust","SnafuTest:SpellHellfire"],"picked":"SnafuTest:PowerBloodLust","floor":22},{"not_picked":["SnafuTest:ExcessiveLevies","SnafuTest:CareTaker"],"picked":"SnafuTest:WeddingDance+1","floor":24}],"player_experience":907882,"relics_obtained":[{"floor":7,"key":"SnafuTest:CatRelic"},{"floor":9,"key":"Smiling Mask"},{"floor":10,"key":"hubris:TenFootPole"}],"event_choices":[{"damage_healed":0,"gold_gain":0,"cards_transformed":["SnafuTest:DefaultCommonAttack"],"player_choice":"Transformed","damage_taken":0,"max_hp_gain":0,"max_hp_loss":0,"event_name":"Transmorgrifier","floor":2,"gold_loss":0,"cards_obtained":["SnafuTest:DecisiveOpportunity"]},{"damage_healed":0,"gold_gain":0,"player_choice":"Take Wound","damage_taken":0,"relics_obtained":["Golden Idol"],"max_hp_gain":0,"max_hp_loss":0,"event_name":"Golden Idol","floor":5,"gold_loss":0,"cards_obtained":["Injury"]},{"damage_healed":0,"gold_gain":0,"player_choice":"Bought 1 Potion","damage_taken":0,"max_hp_gain":0,"max_hp_loss":0,"event_name":"The Woman in Blue","floor":20,"gold_loss":0}],"is_beta":false,"boss_relics":[{"not_picked":["Replay:Wanted Poster","conspire:SeveredTorchhead"],"picked":"hubris:TerracottaHorce"}],"items_purged_floors":[4],"is_endless":false,"potions_floor_spawned":[10,11,14,18,24],"killed_by":"3 Cultists","ascension_level":0}}