{"host":"51fyd6gkml7xavq8","time":1609367453,"event":{"mods":["BaseMod","BetterRewards","Colored Map","Energized Spire","Infinite Spire","Minty Spire (QoL Compilation)","Replay The Spire","Shop Mod","Spicy Shops","StSLib","The Blue Laboratory","[IsaacMod]????"],"gold_per_floor":[110,166,166,15,15,15,29,29,29,29,58,85,100,100,100,203,203,214,234,251,159,177,206,206,281,281,281,281,381,393,405,405,506,506,525,525,540,560,578,578,592,622,622,651,671,671,687,698,698,698],"floor_reached":51,"playtime":4096,"items_purged":["ReplayTheSpireMod:Splinters","Regret","Dualcast"],"score":930,"play_id":"83281227-3be0-46c6-9f3a-85546551f95f","local_time":"20201230193053","is_ascension_mode":true,"campfire_choices":[{"data":"Zap","floor":6.0,"key":"SMITH"},{"data":"Defragment","floor":8.0,"key":"SMITH"},{"data":"Buffer","floor":10.0,"key":"SMITH"},{"data":"ReplayTheSpireMod:Chaos Vortex","floor":15.0,"key":"SMITH"},{"data":"Loop","floor":24.0,"key":"SMITH"},{"data":"Consume","floor":32.0,"key":"SMITH"},{"data":"ReplayTheSpireMod:Fabricate Wheel","floor":40.0,"key":"SMITH"},{"data":"EpicFetus","floor":46.0,"key":"SMITH"},{"data":"Loop","floor":49,"key":"SMITH"}],"circlet_count":0,"master_deck":["Strike_B","Strike_B","Strike_B","Defend_B","Defend_B","Defend_B","Defend_B","Zap+1","Defragment+1","Buffer+1","ReplayTheSpireMod:Chaos Vortex+1","CurseOfTheBell","Ball Lightning+1","Ball Lightning","Loop+1","Consume+1","Self Repair","EpicFetus+1","Meteor Strike","Loop+1","Core Surge"],"relics":["Cracked Core","HushsDoor","TheBible","Divine Protection","MerchantsRug","ReplayTheSpireMod:Ninjato","infinitespire:Lucky Rock","ReplayTheSpireMod:Lightbulb","Calling Bell","infinitespire:PuzzleCube","Garlic","Leech","infinitespire:ShieldingShard","infinitespire:Beetle Shell","PillsDrop","ReplayTheSpireMod:CursedCoin","Chameleon Ring","Inserter","SatanicBible","infinitespire:Joker Card","Bottled Lightning","Philosopher\u0027s Stone","Prayer Wheel","Replay:Ringing Soul","Strawberry","BookOfRevelations"],"acts_visited":["Exordium","TheCity","TheBeyond"],"potions_floor_usage":[],"damage_taken":[{"damage":8.0,"enemies":"2 Louse","floor":1.0,"turns":2.0},{"damage":0.0,"enemies":"Cultist","floor":7.0,"turns":3.0},{"damage":0.0,"enemies":"3 Sentries","floor":11.0,"turns":1.0},{"damage":0.0,"enemies":"Small Slimes","floor":13.0,"turns":2.0},{"damage":37.0,"enemies":"Fading Forest","floor":16.0,"turns":11.0},{"damage":0.0,"enemies":"Spheric Guardian","floor":18.0,"turns":4.0},{"damage":47.0,"enemies":"Hiden Room Battle","floor":19.0,"turns":5.0},{"damage":0.0,"enemies":"Chosen","floor":20.0,"turns":4.0},{"damage":0.0,"enemies":"3 Cultists","floor":22.0,"turns":5.0},{"damage":0.0,"enemies":"Gremlin Leader","floor":23.0,"turns":6.0},{"damage":10.0,"enemies":"Colosseum Slavers","floor":29.0,"turns":3.0},{"damage":0.0,"enemies":"Colosseum Nobs","floor":29.0,"turns":5.0},{"damage":0.0,"enemies":"Snake Plant","floor":30.0,"turns":3.0},{"damage":0.0,"enemies":"Snecko","floor":31.0,"turns":4.0},{"damage":0.0,"enemies":"Champ","floor":33.0,"turns":6.0},{"damage":0.0,"enemies":"3 Darklings","floor":35.0,"turns":3.0},{"damage":0.0,"enemies":"Orb Walker","floor":37.0,"turns":3.0},{"damage":1.0,"enemies":"Spire Growth","floor":38.0,"turns":4.0},{"damage":0.0,"enemies":"Transient","floor":39.0,"turns":5.0},{"damage":5.0,"enemies":"4 Shapes","floor":41.0,"turns":5.0},{"damage":25.0,"enemies":"Nemesis","floor":42.0,"turns":5.0},{"damage":37.0,"enemies":"Reptomancer","floor":44.0,"turns":5.0},{"damage":0.0,"enemies":"Jaw Worm Horde","floor":45.0,"turns":3.0},{"damage":0.0,"enemies":"Transient","floor":47.0,"turns":5.0},{"damage":22,"enemies":"Writhing Mass","floor":48,"turns":4},{"damage":32,"enemies":"infinitespire:MassOfShapes","floor":50,"turns":7}],"seed_played":"-5873181983963608738","potions_obtained":[{"floor":7.0,"key":"PotionOfCapacity"},{"floor":20.0,"key":"blueLaboratory:FrostheartPotion"},{"floor":23.0,"key":"PotionOfCapacity"},{"floor":33.0,"key":"BlessingOfTheForge"},{"floor":37.0,"key":"blueLaboratory:RelayPotion"},{"floor":38.0,"key":"Toxic Potion"}],"is_trial":false,"path_per_floor":["M","?","$","$","?","R","M","R","T","R","E","T","M","?","R","B",null,"M","?","M","$","M","E","R","$","T","AVR","?","?","M","M","R","B",null,"M","?","M","M","M","R","M","E","T","E","M","R","M","M","R","B",null],"character_chosen":"DEFECT","items_purchased":["Defragment","MerchantsRug","Loop","ReplayTheSpireMod:CursedCoin","EpicFetus"],"campfire_rested":0,"item_purchase_floors":[0,4,21,25,34],"current_hp_per_floor":[67,67,67,67,60,60,60,60,60,60,60,60,60,42,42,15,75,75,17,20,20,24,29,29,29,29,29,26,26,29,32,32,38,68,68,68,68,68,63,63,63,47,54,28,48,48,60,51,51,30],"gold":698,"neow_bonus":"","is_daily":false,"chose_seed":false,"campfire_upgraded":9,"win_rate":0.0,"timestamp":1609367453,"path_taken":["M","?","?","$","?","R","M","R","T","R","E","?","M","?","R","BOSS","M","?","M","$","M","E","R","$","T","AVR","?","?","M","M","R","BOSS","M","?","M","?","M","R","M","E","T","E","M","R","?","M","R","BOSS"],"items_purchased_type":["Card","Relic","Card","Relic","Card"],"build_version":"2020-12-22","purchased_purges":3,"victory":true,"max_hp_per_floor":[75,75,75,75,75,75,75,75,75,75,75,75,75,75,75,75,75,75,75,75,75,75,75,75,75,75,75,75,78,78,73,73,73,68,68,68,68,68,63,63,63,63,70,70,73,73,73,76,76,76],"card_choices":[{"not_picked":[],"picked":"Bomb","floor":0.0},{"not_picked":["Coolheaded","BootSequence","Streamline"],"picked":"SKIP","floor":1.0},{"not_picked":["Melter","Aggregate"],"picked":"Buffer","floor":7.0},{"not_picked":["Go for the Eyes","Streamline","Beam Cell"],"picked":"SKIP","floor":11.0},{"not_picked":["Sweeping Beam","Leap","Redo"],"picked":"SKIP","floor":13.0},{"not_picked":["infinitespire:NeuralNetwork","infinitespire:Fortify"],"picked":"ReplayTheSpireMod:Chaos Vortex","floor":14.0},{"not_picked":["Hologram","Crystallizer"],"picked":"Ball Lightning+1","floor":18.0},{"not_picked":["Cancel+1","Chaos"],"picked":"Ball Lightning","floor":20.0},{"not_picked":["Sweeping Beam","Blizzard","Auto Shields"],"picked":"SKIP","floor":22.0},{"not_picked":["Ball Lightning","Compile Driver+1"],"picked":"Consume","floor":23.0},{"not_picked":["Conserve Battery","Redo+1","FTL"],"picked":"SKIP","floor":30.0},{"not_picked":["Ball Lightning+1","BasicCrystalCard"],"picked":"Self Repair","floor":31.0},{"not_picked":["Redo+1","Auto Shields+1","Glacier"],"picked":"SKIP","floor":35.0},{"not_picked":["Darkness","Cold Snap","Redo+1"],"picked":"SKIP","floor":37.0},{"not_picked":["Cold Snap+1","Go for the Eyes+1","Streamline"],"picked":"SKIP","floor":38.0},{"not_picked":["Streamline+1","Sweeping Beam"],"picked":"ReplayTheSpireMod:Fabricate Wheel","floor":39.0},{"not_picked":["Ball Lightning+1","Crystallizer+1","Streamline+1"],"picked":"SKIP","floor":41.0},{"not_picked":["Beam Cell+1","Steam Power+1","Rebound+1"],"picked":"SKIP","floor":41.0},{"not_picked":["Redo","Time Bomb+1","Auto Shields+1"],"picked":"SKIP","floor":42.0},{"not_picked":["Beam Cell","Amplify","Aggregate"],"picked":"SKIP","floor":44.0},{"not_picked":["Fusion","Scrape"],"picked":"Loop","floor":45.0},{"not_picked":["Panic Button","Cold Snap","Beam Cell"],"picked":"SKIP","floor":45.0},{"not_picked":["Coolheaded+1","Compile Driver+1","Streamline"],"picked":"SKIP","floor":47.0},{"not_picked":["Rebound","Blizzard","Stack"],"picked":"SKIP","floor":47.0},{"not_picked":["Turbo+1","Stack+1"],"picked":"Core Surge","floor":48},{"not_picked":["Force Field+1","Compile Driver","Static Discharge"],"picked":"SKIP","floor":48}],"player_experience":430688,"relics_obtained":[{"floor":2.0,"key":"Divine Protection"},{"floor":9.0,"key":"ReplayTheSpireMod:Ninjato"},{"floor":11.0,"key":"infinitespire:Lucky Rock"},{"floor":12.0,"key":"ReplayTheSpireMod:Lightbulb"},{"floor":17.0,"key":"infinitespire:PuzzleCube"},{"floor":17.0,"key":"Garlic"},{"floor":17.0,"key":"Leech"},{"floor":19.0,"key":"infinitespire:ShieldingShard"},{"floor":19.0,"key":"infinitespire:Beetle Shell"},{"floor":23.0,"key":"PillsDrop"},{"floor":26.0,"key":"Chameleon Ring"},{"floor":29.0,"key":"infinitespire:Joker Card"},{"floor":29.0,"key":"Bottled Lightning"},{"floor":42.0,"key":"Replay:Ringing Soul"},{"floor":43.0,"key":"Strawberry"},{"floor":44.0,"key":"BookOfRevelations"}],"event_choices":[{"damage_healed":0.0,"max_hp_gain":0.0,"max_hp_loss":0.0,"gold_gain":0.0,"event_name":"Wheel of Change","player_choice":"Damaged","floor":5.0,"gold_loss":0.0,"damage_taken":7.0},{"damage_healed":0.0,"max_hp_gain":0.0,"max_hp_loss":0.0,"gold_gain":0.0,"event_name":"HidenRoomEvent","player_choice":"Fight","floor":19.0,"gold_loss":0.0,"damage_taken":0.0},{"damage_healed":0.0,"max_hp_gain":0.0,"max_hp_loss":0.0,"gold_gain":0.0,"event_name":"Designer","player_choice":"Punched","floor":28.0,"gold_loss":0.0,"damage_taken":3.0},{"damage_healed":0.0,"max_hp_gain":0.0,"max_hp_loss":0.0,"gold_gain":0.0,"event_name":"Colosseum","player_choice":"Fight","floor":29.0,"gold_loss":0.0,"damage_taken":0.0},{"damage_healed":0.0,"max_hp_gain":0.0,"max_hp_loss":0.0,"gold_gain":0.0,"event_name":"Colosseum","player_choice":"Fought Nobs","floor":29.0,"gold_loss":0.0,"damage_taken":0.0},{"cards_removed":["Strike_B"],"damage_healed":0.0,"max_hp_gain":0.0,"max_hp_loss":0.0,"gold_gain":0.0,"event_name":"Falling","player_choice":"Removed Attack","floor":36.0,"gold_loss":0.0,"damage_taken":0.0}],"is_beta":false,"boss_relics":[{"not_picked":["Replay:Ancient Bell","ReplayTheSpireMod:SealedPack"],"picked":"Calling Bell"},{"not_picked":[]},{"not_picked":["Pandora\u0027s Box","energizedSpire:DeadBattery"],"picked":"Philosopher\u0027s Stone"},{"not_picked":[]}],"items_purged_floors":[21,25,27],"is_endless":false,"potions_floor_spawned":[7,20,23,29,33,37,38,41],"ascension_level":2}}