{"host":"o5jvvi5yapo90aia","time":1609322874,"event":{"mods":["BaseMod","CapriCore","Minty Spire (QoL Compilation)","MostiFishMod","Prisma Mod","Spicy Shops","StSLib","TestMod","The Immortal","Yakumo Yukari mod","【人物mod】游戏王New YuGiOh mod","【功能Mod】Neow奖励"],"gold_per_floor":[117,137,154,79,96,124,124,152,178,178,178,191,191,219,219,291,291,309,184,203,214,214,247,247,281,281,300,325,342,342,366,366,437,-963,-941,-921,-897,-875,-875,-843,-843,-809,-755,-719,-719,-719,-696,-678,-678,-673,-668,-668,-668,-668,-628,-628],"floor_reached":57,"playtime":1549,"items_purged":["Strike_R","Bash","Defend_R","Strike_R"],"score":3923,"play_id":"fbd70ece-f9e4-4300-b193-56debf987be8","local_time":"20201230180754","is_ascension_mode":true,"campfire_choices":[{"data":"Strike_R","floor":7.0,"key":"PURGE"},{"data":"Strike_R","floor":13.0,"key":"PURGE"},{"data":"Strike_R","floor":15.0,"key":"PURGE"},{"data":"Rampage","floor":32.0,"key":"PURGE"},{"floor":41.0,"key":"RECALL"},{"data":"Defend_R+1","floor":49.0,"key":"PURGE"},{"data":"Burning Pact","floor":53.0,"key":"PURGE"}],"circlet_count":0,"master_deck":["AscendersBane","Defend_R+1","Feel No Pain+1","Inflame+1","MostiFishMod:Chiaki+1","MostiFishMod:404NotFound+1","DistantPastFriend_purple+1","MostiFishMod:ChineseTea+1","Dark Embrace+1"],"relics":["DaveBox","testmod-TestBox","testmod-Recursion","FeatherPendant","testmod-HeartOfDaVinci","SynthV:TestCard","Mercury Hourglass","Lantern","Omamori","testmod-AssaultLearning","testmod-DragonStarHat","DiscerningMonocle","MealTicket","Bottled Lightning","Frozen Egg 2","TwistedFunnel","Frozen Eye","Singing Bowl","Bag of Marbles","Eternal Feather","Toolbox","Orrery","ThegodofHakurei_purpleEX","Pen Nib","HornCleat","War Paint","Smiling Mask","SynthV:MejaisSoulstealer","Molten Egg 2","Ornamental Fan","testmod-Antiphasic","Self Forming Clay","Mark of the Bloom","Happy Flower"],"acts_visited":["Exordium","TheCity","TheBeyond","TheEnding"],"potions_floor_usage":[56,56],"damage_taken":[{"damage":0.0,"enemies":"Small Slimes","floor":1.0,"turns":2.0},{"damage":0.0,"enemies":"Cultist","floor":2.0,"turns":2.0},{"damage":0.0,"enemies":"Jaw Worm","floor":3.0,"turns":2.0},{"damage":0.0,"enemies":"Lots of Slimes","floor":5.0,"turns":3.0},{"damage":0.0,"enemies":"Gremlin Nob","floor":6.0,"turns":2.0},{"damage":0.0,"enemies":"Lagavulin","floor":8.0,"turns":4.0},{"damage":0.0,"enemies":"Gremlin Gang","floor":12.0,"turns":2.0},{"damage":0.0,"enemies":"3 Sentries","floor":14.0,"turns":4.0},{"damage":0.0,"enemies":"The Guardian","floor":16.0,"turns":4.0},{"damage":1.0,"enemies":"2 Thieves","floor":18.0,"turns":4.0},{"damage":0.0,"enemies":"Spheric Guardian","floor":20.0,"turns":2.0},{"damage":5.0,"enemies":"Shelled Parasite and Fungi","floor":21.0,"turns":2.0},{"damage":0.0,"enemies":"Gremlin Leader","floor":23.0,"turns":1.0},{"damage":0.0,"enemies":"Book of Stabbing","floor":25.0,"turns":1.0},{"damage":0.0,"enemies":"Cultist and Chosen","floor":27.0,"turns":1.0},{"damage":0.0,"enemies":"Gremlin Leader","floor":28.0,"turns":1.0},{"damage":4.0,"enemies":"Snake Plant","floor":29.0,"turns":23.0},{"damage":0.0,"enemies":"Centurion and Healer","floor":31.0,"turns":1.0},{"damage":0.0,"enemies":"Champ","floor":33.0,"turns":2.0},{"damage":0.0,"enemies":"3 Shapes","floor":35.0,"turns":1.0},{"damage":0.0,"enemies":"Orb Walker","floor":36.0,"turns":1.0},{"damage":0.0,"enemies":"Transient","floor":37.0,"turns":5.0},{"damage":0.0,"enemies":"Writhing Mass","floor":38.0,"turns":1.0},{"damage":0.0,"enemies":"Nemesis","floor":40.0,"turns":1.0},{"damage":0.0,"enemies":"Reptomancer","floor":42.0,"turns":1.0},{"damage":0.0,"enemies":"Giant Head","floor":44.0,"turns":1.0},{"damage":0.0,"enemies":"3 Darklings","floor":47.0,"turns":1.0},{"damage":0.0,"enemies":"Transient","floor":48.0,"turns":1.0},{"damage":0.0,"enemies":"Awakened One","floor":50.0,"turns":2.0},{"damage":0.0,"enemies":"Time Eater","floor":51.0,"turns":1.0},{"damage":0.0,"enemies":"Shield and Spear","floor":55.0,"turns":1.0},{"damage":27,"enemies":"The Heart","floor":56,"turns":4}],"seed_played":"549015252349019639","potions_obtained":[{"floor":2.0,"key":"testmod-TimePotion"},{"floor":5.0,"key":"LiquidMemories"},{"floor":8.0,"key":"PowerPotion"}],"is_trial":false,"path_per_floor":["M","M","M","$","M","E","R","E","T","?","?","M","R","E","R","B",null,"M","$","M","M","$","E","?","E","T","M","E","M","?","M","R","B",null,"M","M","M","M","?","E","R","E","T","E","$","?","M","M","R","B","B",null,"R","$","E","B",null],"character_chosen":"IRONCLAD","items_purchased":["MealTicket","Bottled Lightning","Frozen Egg 2","TwistedFunnel","Frozen Eye","Singing Bowl","Bag of Marbles","Eternal Feather","Toolbox","Orrery","ThegodofHakurei_purpleEX"],"campfire_rested":0,"item_purchase_floors":[19,19,19,19,19,22,22,22,22,22,22],"current_hp_per_floor":[69,70,71,71,72,73,73,74,74,56,56,57,57,59,59,61,72,73,73,75,70,83,85,85,87,87,89,91,89,89,91,95,97,97,99,101,103,105,100,102,102,104,104,104,104,104,104,104,104,104,104,104,104,104,104,77],"gold":-628,"neow_bonus":"BOSS_RELIC","is_daily":false,"chose_seed":false,"campfire_upgraded":0,"win_rate":0.0,"timestamp":1609322874,"path_taken":["M","M","M","$","M","E","R","E","T","?","?","M","R","E","R","BOSS","M","$","M","M","$","E","?","E","T","M","E","?","?","M","R","BOSS","M","?","?","M","?","E","R","E","T","E","$","?","M","?","R","BOSS","BOSS","R","$","E","BOSS"],"items_purchased_type":["Relic","Relic","Relic","Relic","Relic","Relic","Relic","Relic","Relic","Relic","Relic"],"build_version":"2020-12-22","purchased_purges":4,"victory":true,"max_hp_per_floor":[75,75,75,75,75,75,75,75,75,75,75,75,75,75,75,75,75,75,75,75,75,83,85,85,87,87,89,91,93,93,95,95,97,97,99,101,103,105,100,102,102,104,104,104,104,104,106,106,106,106,106,106,106,106,108,108],"card_choices":[{"not_picked":["Shrug It Off","Wild Strike","Anger"],"picked":"SKIP","floor":1.0},{"not_picked":["Hemokinesis","Bloodletting","Iron Wave","Anger","Warcry"],"picked":"SKIP","floor":2.0},{"not_picked":["Warcry","Flex","Armaments","True Grit","Headbutt"],"picked":"SKIP","floor":3.0},{"not_picked":["Armaments","Metallicize","Iron Wave","Flex"],"picked":"Feel No Pain","floor":5.0},{"not_picked":["Evolve","Ghostly Armor","Havoc","Wild Strike","MostiFishMod:BrandingRite"],"picked":"SKIP","floor":6.0},{"not_picked":["MostiFishMod:FireWorks","Heavy Blade","Spot Weakness","Armaments"],"picked":"Rampage","floor":8.0},{"not_picked":["Havoc","Warcry","Cleave","True Grit"],"picked":"Inflame","floor":12.0},{"not_picked":["True Grit","Pummel","Reckless Charge","Anger","Second Wind"],"picked":"SKIP","floor":14.0},{"not_picked":["Exhume","MostiFishMod:ChineseTea","MostiFishMod:OrdinaryWorld","MostiFishMod:FireWorks"],"picked":"MostiFishMod:Chiaki","floor":16.0},{"not_picked":["Twin Strike","Iron Wave","Wild Strike","Perfected Strike","MostiFishMod:BrandingRite"],"picked":"SKIP","floor":18.0},{"not_picked":["Body Slam","Iron Wave","Immolate","Clash","Heavy Blade"],"picked":"SKIP","floor":20.0},{"not_picked":["Havoc","Anger","Heavy Blade+1","True Grit","Iron Wave"],"picked":"SKIP","floor":21.0},{"not_picked":["Clothesline","Flex","Sentinel","MostiFishMod:Mania+1","Clash+1"],"picked":"Singing Bowl","floor":22.0},{"not_picked":["Pommel Strike","Second Wind+1","True Grit","Flex","Body Slam"],"picked":"Singing Bowl","floor":22.0},{"not_picked":["Rampage","Shockwave","Spot Weakness","MostiFishMod:#F4004"],"picked":"MostiFishMod:404NotFound","floor":22.0},{"not_picked":["Armaments","Inflame+1","Heavy Blade","Pommel Strike","Sword Boomerang"],"picked":"Singing Bowl","floor":22.0},{"not_picked":["Fiend Fire","MostiFishMod:BrandingRite","Headbutt","Battle Trance","Sever Soul"],"picked":"Singing Bowl","floor":22.0},{"not_picked":["Blood for Blood","Seeing Red","Perfected Strike","Metallicize+1","Flex"],"picked":"Singing Bowl","floor":23.0},{"not_picked":["Iron Wave+1","Battle Trance","Twin Strike+1","Seeing Red","Inflame+1"],"picked":"Singing Bowl","floor":25.0},{"not_picked":["Heavy Blade","Flex","Sword Boomerang","Wild Strike","Pommel Strike+1"],"picked":"Singing Bowl","floor":27.0},{"not_picked":["Flex","Warcry","Twin Strike","Sever Soul","Armaments"],"picked":"Singing Bowl","floor":28.0},{"not_picked":["MostiFishMod:CullingBlade","Dual Wield","Rampage","MostiFishMod:#F4004","Sever Soul"],"picked":"Singing Bowl","floor":29.0},{"not_picked":["Headbutt","Iron Wave","Shrug It Off+1","Rage","Twin Strike"],"picked":"Singing Bowl","floor":31.0},{"not_picked":["MostiFishMod:OrdinaryWorld","MostiFishMod:NewArrival","Bludgeon","MostiFishMod:DarkDeal","MostiFishMod:Mania+1"],"picked":"Singing Bowl","floor":33.0},{"not_picked":["Shrug It Off","Armaments","Headbutt+1","Body Slam","Sword Boomerang"],"picked":"Singing Bowl","floor":35.0},{"not_picked":["Shrug It Off+1","Clash","Clothesline","Flex+1","Cleave"],"picked":"Singing Bowl","floor":36.0},{"not_picked":["Bloodletting","Infernal Blade+1","MostiFishMod:Chiaki","Armaments","True Grit"],"picked":"Singing Bowl","floor":37.0},{"not_picked":["Carnage","Wild Strike","Blood for Blood","Metallicize+1","Shrug It Off"],"picked":"Singing Bowl","floor":38.0},{"not_picked":["Cleave+1","Shrug It Off+1","Heavy Blade+1","Dual Wield","True Grit"],"picked":"Singing Bowl","floor":40.0},{"not_picked":["Body Slam+1","Heavy Blade+1","Clothesline+1","MostiFishMod:#F4004","Intimidate+1"],"picked":"Singing Bowl","floor":42.0},{"not_picked":["Headbutt+1","Sever Soul+1","Pommel Strike+1","Second Wind+1"],"picked":"Dark Embrace+1","floor":44.0},{"not_picked":["Disarm+1","Rupture+1","Twin Strike+1","MostiFishMod:NewArrival","Flex"],"picked":"Singing Bowl","floor":47.0},{"not_picked":["Cleave+1","Dropkick+1","Sword Boomerang+1","Clothesline+1"],"picked":"Burning Pact","floor":48.0},{"not_picked":["Whirlwind+1","Cleave+1","Sword Boomerang+1","Headbutt+1","Heavy Blade+1"],"picked":"Singing Bowl","floor":55.0}],"player_experience":1355965,"relics_obtained":[{"floor":1.0,"key":"SynthV:TestCard"},{"floor":6.0,"key":"Mercury Hourglass"},{"floor":8.0,"key":"Lantern"},{"floor":9.0,"key":"Omamori"},{"floor":14.0,"key":"testmod-DragonStarHat"},{"floor":23.0,"key":"Pen Nib"},{"floor":25.0,"key":"HornCleat"},{"floor":28.0,"key":"War Paint"},{"floor":40.0,"key":"Molten Egg 2"},{"floor":42.0,"key":"Ornamental Fan"},{"floor":43.0,"key":"testmod-Antiphasic"},{"floor":44.0,"key":"Self Forming Clay"},{"floor":55.0,"key":"Happy Flower"}],"event_choices":[{"damage_healed":0.0,"max_hp_gain":0.0,"max_hp_loss":0.0,"gold_gain":0.0,"event_name":"Scrap Ooze","player_choice":"Success","floor":10.0,"gold_loss":0.0,"damage_taken":18.0,"relics_obtained":["testmod-AssaultLearning"]},{"damage_healed":0.0,"max_hp_gain":0.0,"max_hp_loss":0.0,"gold_gain":0.0,"event_name":"Liars Game","player_choice":"Ignored","floor":11.0,"gold_loss":0.0,"damage_taken":0.0},{"damage_healed":0.0,"max_hp_gain":0.0,"max_hp_loss":0.0,"gold_gain":0.0,"cards_transformed":["Defend_R"],"event_name":"Transmorgrifier","player_choice":"Transformed","floor":24.0,"gold_loss":0.0,"damage_taken":0.0,"cards_obtained":["MostiFishMod:ChineseTea"]},{"cards_removed":["Grand Finale"],"damage_healed":0.0,"max_hp_gain":0.0,"max_hp_loss":0.0,"gold_gain":0.0,"event_name":"WeMeetAgain","player_choice":"Gave Card","floor":30.0,"gold_loss":0.0,"damage_taken":0.0,"relics_obtained":["Smiling Mask"]},{"damage_healed":0.0,"max_hp_gain":0.0,"max_hp_loss":5.0,"gold_gain":0.0,"event_name":"Winding Halls","player_choice":"Max HP","floor":39.0,"gold_loss":0.0,"damage_taken":0.0},{"damage_healed":0.0,"max_hp_gain":0.0,"max_hp_loss":0.0,"gold_gain":0.0,"event_name":"MindBloom","player_choice":"Upgrade","floor":46.0,"gold_loss":0.0,"damage_taken":0.0,"cards_upgraded":["Defend_R","Defend_R","Feel No Pain","Inflame","MostiFishMod:404NotFound"],"relics_obtained":["Mark of the Bloom"]}],"is_beta":false,"boss_relics":[{"not_picked":["testmod-KeyOfTheVoid","Astrolabe"],"picked":"DiscerningMonocle"},{"not_picked":["testmod-TimeTraveler","Pandora\u0027s Box"],"picked":"SynthV:MejaisSoulstealer"}],"items_purged_floors":[4,19,19,22],"is_endless":false,"potions_floor_spawned":[2,5,8,14,18,20,23,28,36,42,44,47],"ascension_level":20}}