{"host":"ft2xazkv7v30fddt","time":1609320645,"event":{"mods":["AchievementEnabler","Act Like it!","Aspiration","Astrologer","Bard","BaseMod","Better Altar","Better Match","Better Note","Better Sensory Stone","Better Skull","CapriCore","Chen","Colored Powertips","Downfall","Elementarium","Energized Spire","Gensokyo","GifTheSpireLib","Gremlin Mod","Hallownest","Hermit","Hubris","Infinite Spire","KinomotoSakuraMod(????)","Koishi","Marisa????????","Minty Spire (QoL Compilation)","Pale of the Ancients","Permanent Neow","Potionbrewer","Prisma Mod","Replay The Spire","StSLib","Stuff the Spire","The Blackbeard","The Bladedancer","The Construct","The Cursed","The Forsaken","The Gatherer","The Hayseed","The Immortal","The Runesmith","The Servant 0.9.4","The Showman","The Vixen","TheArtist","TheSwordswoman","Wandering Minibosses","thorton","vexMod"],"gold_per_floor":[99,99,34,54,67,81,108,108,18,18,3,3,22,53,71,71,71,71],"floor_reached":16,"playtime":901,"items_purged":["champ:Strike"],"score":100,"play_id":"f6be2df4-8255-44c9-9338-4726313ccdd0","local_time":"20201230173045","is_ascension_mode":false,"campfire_choices":[{"data":"champ:Taunt","floor":1,"key":"SMITH"},{"data":"Thinking Ahead","floor":8,"key":"SMITH"},{"data":"champ:HeavySlash","floor":12,"key":"SMITH"}],"circlet_count":0,"master_deck":["champ:Strike","champ:Strike","champ:Strike","champ:Defend","champ:Defend","champ:Defend","champ:Defend","champ:Execute+1","champ:Taunt+1","Thinking Ahead+1","champ:RapidStrikes","champ:FanOfKnives","champ:EnragedBash","champ:DeathBlow","champ:StanceDance","champ:BerserkerStyle","champ:HeavySlash+1","champ:BringItOn","champ:Haymaker","champ:SteelEdge"],"relics":["champ:ChampionCrown","Blood Vial","Nunchaku","infinitespire:FocusingShard"],"acts_visited":["Exordium"],"potions_floor_usage":[11,16],"damage_taken":[{"damage":13,"enemies":"downfall:FleeingMerchant","floor":3,"turns":4},{"damage":25,"enemies":"Small Slimes","floor":4,"turns":4},{"damage":2,"enemies":"2 Louse","floor":5,"turns":2},{"damage":10,"enemies":"Cultist","floor":6,"turns":3},{"damage":43,"enemies":"downfall:FleeingMerchant","floor":9,"turns":4},{"damage":53,"enemies":"downfall:FleeingMerchant","floor":11,"turns":4},{"damage":42,"enemies":"Exordium Wildlife","floor":13,"turns":4},{"damage":35,"enemies":"3 Sentries","floor":14,"turns":8},{"damage":8,"enemies":"2 Fungi Beasts","floor":15,"turns":3},{"damage":53,"enemies":"downfall:Defect","floor":16,"turns":5}],"seed_played":"6122572509516421590","potions_obtained":[{"floor":4,"key":"Dexterity Potion"},{"floor":13,"key":"DuplicationPotion"},{"floor":14,"key":"Dexterity Potion"},{"floor":15,"key":"potionbrewer:NoxiousPotion"}],"is_trial":false,"path_per_floor":["R","?","$","M","M","M","T","R","$","?","$","R","M","E","M","B"],"character_chosen":"THE_CHAMP","items_purchased":["champ:FanOfKnives"],"campfire_rested":0,"item_purchase_floors":[3],"current_hp_per_floor":[90,90,90,73,75,77,77,77,74,74,68,68,52,33,31,0,0,0],"gold":71,"neow_bonus":"RANDOM_COMMON_RELIC","is_daily":false,"chose_seed":false,"campfire_upgraded":3,"win_rate":0.0,"timestamp":1609320645,"path_taken":["R","?","$","M","M","M","T","R","$","?","$","R","?","E","M","BOSS"],"items_purchased_type":["Card"],"build_version":"2020-12-22","purchased_purges":1,"victory":false,"max_hp_per_floor":[90,90,90,90,90,90,90,90,90,90,90,90,90,90,90,90,90,90],"card_choices":[{"not_picked":["expansioncontent:Sear","Midas Touch"],"picked":"Thinking Ahead","floor":2},{"not_picked":["champ:Shatter","champ:AdrenalArmor"],"picked":"champ:RapidStrikes","floor":3},{"not_picked":["champ:FocusedGladiator","champ:GladiatorsShout"],"picked":"champ:EnragedBash","floor":4},{"not_picked":["champ:EnragedBash","champ:CrookedStrike"],"picked":"champ:DeathBlow","floor":5},{"not_picked":["champ:DefensiveShout","champ:GutPunch"],"picked":"champ:StanceDance","floor":6},{"not_picked":["champ:Haymaker","champ:FanOfKnives"],"picked":"champ:BerserkerStyle","floor":9},{"not_picked":["champ:StanceDance","champ:BladeFlurry"],"picked":"champ:HeavySlash","floor":11},{"not_picked":["champ:Circumvent","champ:FocusedDefense"],"picked":"champ:BringItOn","floor":13},{"not_picked":["champ:AdrenalArmor","champ:Riposte"],"picked":"champ:Haymaker","floor":14},{"not_picked":["champ:PreciseThrust","champ:RisingSlash"],"picked":"champ:SteelEdge","floor":15}],"player_experience":1638675,"relics_obtained":[{"floor":7,"key":"Nunchaku"},{"floor":14,"key":"infinitespire:FocusingShard"}],"event_choices":[{"damage_healed":0,"gold_gain":1,"player_choice":"1","damage_taken":0,"max_hp_gain":0,"max_hp_loss":0,"event_name":"betterStone:BetterStone","floor":2,"gold_loss":0},{"damage_healed":0,"gold_gain":0,"player_choice":"Forge","damage_taken":0,"max_hp_gain":0,"max_hp_loss":0,"event_name":"Accursed Blacksmith","floor":10,"gold_loss":0,"cards_upgraded":["champ:Execute"]}],"is_beta":false,"boss_relics":[],"items_purged_floors":[9],"is_endless":false,"potions_floor_spawned":[4,13,14,15],"killed_by":"downfall:Defect","ascension_level":0}}