{"host":"ixqzyafodex1tsi5","time":1609305389,"event":{"mods":["AchievementEnabler","Act Like it!","BaseMod","Downfall","Gensokyo","GifTheSpireLib","Lobotomy","LobotomyExtend","Minty Spire (QoL Compilation)","Relic Stats","Replay The Spire","RumiaBox-露米娅的神秘盒子","Spicy Shops","StSLib","【功能Mod】混沌之环修复补丁"],"gold_per_floor":[130,130,172,235,278,401,505,519,519],"floor_reached":8,"playtime":301,"items_purged":[],"score":136,"play_id":"1cae5b04-6eb7-4721-840c-c99689e6ade3","local_time":"20201230131629","daily_mods":["Vintage","Heirloom","Time Dilation","Flight","DeadlyEvents","Elite Swarm","Midas"],"is_ascension_mode":true,"campfire_choices":[],"circlet_count":0,"master_deck":["AscendersBane","SpecialBullet","SpecialBullet","SpecialBullet","SpecialBullet","SpecialBullet","SpecialBullet","SpecialBullet","SpecialBullet","SecurityCode","InformationCode"],"relics":["CogitoBucket","Guardian:GemstoneGun","Regal Pillow","LetterFromLob","Replay:Bandana","Darkstone Periapt","Nunchaku","Du-Vu Doll","PlanX"],"acts_visited":["Exordium"],"potions_floor_usage":[],"damage_taken":[{"damage":0,"enemies":"2 Louse","floor":1,"turns":1},{"damage":0,"enemies":"Cultist","floor":3,"turns":2},{"damage":0,"enemies":"Jaw Worm","floor":4,"turns":1},{"damage":0,"enemies":"2 Fungi Beasts","floor":5,"turns":2},{"damage":40,"enemies":"Lagavulin","floor":6,"turns":4},{"damage":30,"enemies":"3 Sentries","floor":7,"turns":5},{"damage":20,"enemies":"Lagavulin","floor":8,"turns":2}],"seed_played":"-3592499037172546324","potions_obtained":[],"is_trial":true,"path_per_floor":["M","?","M","M","M","E","E","E"],"character_chosen":"Angela","items_purchased":[],"campfire_rested":0,"item_purchase_floors":[],"current_hp_per_floor":[70,70,70,70,70,38,16,0,0],"gold":519,"neow_bonus":"","is_daily":false,"chose_seed":false,"campfire_upgraded":0,"win_rate":0.0,"timestamp":1609305389,"path_taken":["M","?","M","M","M","E","E","?"],"items_purchased_type":[],"build_version":"2020-12-22","purchased_purges":0,"victory":false,"max_hp_per_floor":[70,70,70,70,70,70,70,70,70],"relic_stats":{"Darkstone Periapt":0,"Regal Pillow":0,"Nunchaku":[3],"counters":[7,17],"obtain_stats":[{"Darkstone Periapt":4,"Du-Vu Doll":6,"CogitoBucket":0,"Regal Pillow":1,"Replay:Bandana":3,"Nunchaku":5,"Guardian:GemstoneGun":0,"PlanX":7,"LetterFromLob":1},{"Darkstone Periapt":3,"Du-Vu Doll":5,"CogitoBucket":0,"Regal Pillow":1,"Replay:Bandana":2,"Nunchaku":4,"Guardian:GemstoneGun":0,"PlanX":6,"LetterFromLob":1},{"Darkstone Periapt":4,"Du-Vu Doll":10,"CogitoBucket":0,"Regal Pillow":1,"Replay:Bandana":3,"Nunchaku":6,"Guardian:GemstoneGun":0,"PlanX":15,"LetterFromLob":1}]},"card_choices":[{"not_picked":["Justitia","TheSmile","ParadiseLost"],"picked":"SKIP","floor":6},{"not_picked":["OSAHOGD","OldLady","Variant"],"picked":"Singing Bowl","floor":7},{"not_picked":["Adoration","Pinks","Mimicry"],"picked":"SKIP","floor":7}],"player_experience":147576,"relics_obtained":[{"floor":1,"key":"Regal Pillow"},{"floor":1,"key":"LetterFromLob"},{"floor":3,"key":"Replay:Bandana"},{"floor":4,"key":"Darkstone Periapt"},{"floor":5,"key":"Nunchaku"},{"floor":6,"key":"Du-Vu Doll"},{"floor":7,"key":"PlanX"}],"event_choices":[{"cards_removed":["ExtractionCode"],"damage_healed":0,"gold_gain":0,"player_choice":"Purged","damage_taken":0,"max_hp_gain":0,"max_hp_loss":0,"event_name":"Purifier","floor":2,"gold_loss":0}],"is_beta":false,"boss_relics":[],"items_purged_floors":[],"is_endless":true,"potions_floor_spawned":[],"killed_by":"Lagavulin","ascension_level":20}}