{"host":"v4tuy5ykrbdcm9o9","time":1609365671,"event":{"mods":["BaseMod","Duelist Mod","Minty Spire (QoL Compilation)","Replay The Spire","StSLib"],"gold_per_floor":[116,116,116,134,1,1,26,79,79,93,106,106,132,147,147,244,244,254,254,254,268,268,298,315,341,368,368,308,333,194,207,207,309,309,327,343,362,380,252,286,286,311,311,164,164,197,216,227,227,227,227],"floor_reached":50,"playtime":7011,"items_purged":[],"score":825,"play_id":"e33bc88b-f2b4-47d1-bdb3-8a1bccc1521e","local_time":"20201230170111","is_ascension_mode":true,"campfire_choices":[{"data":"ReplayTheSpireMod:Omega Cannon","floor":6,"key":"SMITH"},{"floor":12,"key":"RECALL"},{"data":"Massacre","floor":15,"key":"SMITH"},{"floor":27,"key":"REST"},{"floor":32,"key":"REST"},{"data":"ReplayTheSpireMod:LeadingStrike","floor":41,"key":"SMITH"},{"floor":45,"key":"REST"},{"floor":49,"key":"DIG"}],"circlet_count":0,"master_deck":["Strike_R+1","Strike_R+1","Strike_R+1","Strike_R+1","Strike_R+1","Defend_R+1","Defend_R+1","Defend_R+1","Defend_R+1","Bash","Inflame+1","Self Repair+1","Heavy Blade","ReplayTheSpireMod:Omega Cannon+1","Beam Cell","Run Through","Massacre+1","Clash","Double Tap","Battle Trance","Feed+1","Anger","Carnage+1","Pot Of Greed+1","Pot Of Greed","ReplayTheSpireMod:LeadingStrike+1","Pot Of Greed","Flex","Pommel Strike","Pommel Strike","Berserk","Armaments","Run Through","Perfected Strike+1","Clash","Life Link","Rage","Wild Strike+1","Cleave+1","Pot Of Greed","Thunderclap","Blood for Blood+1"],"relics":["Iron Core","War Paint","Orichalcum","Gremlin Horn","Busted Crown","Ring of Peace","Pocketwatch","Gremlin Food","Replay:Rubber Ducky","Grinning Jar","ChewingGum","ReplayTheSpireMod:Shallot","Blood Vial","Snack Pack","Kunai","Replay:Accelerometer","Art of War"],"acts_visited":["Exordium","TheCity","TheBeyond"],"potions_floor_usage":[13,16,31,33,36,37,40,47,50,50],"damage_taken":[{"damage":5,"enemies":"Small Slimes","floor":1,"turns":4},{"damage":13,"enemies":"Jaw Worm","floor":4,"turns":4},{"damage":18,"enemies":"Gremlin Nob","floor":7,"turns":3},{"damage":1,"enemies":"Cultist","floor":10,"turns":3},{"damage":9,"enemies":"Red Slaver","floor":11,"turns":4},{"damage":2,"enemies":"3 Sentries","floor":13,"turns":2},{"damage":0,"enemies":"3 Louse","floor":14,"turns":1},{"damage":82,"enemies":"Hexaghost","floor":16,"turns":10},{"damage":8,"enemies":"Shell Parasite","floor":18,"turns":3},{"damage":25,"enemies":"Chosen","floor":21,"turns":5},{"damage":28,"enemies":"theDuelist:KaibaA2","floor":23,"turns":5},{"damage":0,"enemies":"3 Cultists","floor":24,"turns":2},{"damage":29,"enemies":"Book of Stabbing","floor":25,"turns":5},{"damage":6,"enemies":"Replay:Snechameleon","floor":29,"turns":5},{"damage":11,"enemies":"Sentry and Sphere","floor":31,"turns":4},{"damage":52,"enemies":"Automaton","floor":33,"turns":7},{"damage":0,"enemies":"Orb Walker","floor":35,"turns":3},{"damage":17,"enemies":"3 Darklings","floor":36,"turns":4},{"damage":0,"enemies":"Transient","floor":37,"turns":5},{"damage":16,"enemies":"Maw","floor":38,"turns":7},{"damage":18,"enemies":"Reptomancer","floor":40,"turns":6},{"damage":73,"enemies":"Giant Head","floor":42,"turns":7},{"damage":0,"enemies":"Reptomancer","floor":46,"turns":5},{"damage":0,"enemies":"Jaw Worm Horde","floor":47,"turns":3},{"damage":0,"enemies":"Spire Growth","floor":48,"turns":4},{"damage":125,"enemies":"Awakened One","floor":50,"turns":10}],"seed_played":"5877275802493216461","potions_obtained":[{"floor":10,"key":"Adrenaline Potion"},{"floor":11,"key":"Explosive Potion"},{"floor":23,"key":"BlessingOfTheForge"},{"floor":29,"key":"ColorlessPotion"},{"floor":31,"key":"Block Potion"},{"floor":33,"key":"AttackPotion"},{"floor":36,"key":"Swift Potion"},{"floor":40,"key":"Energy Potion"},{"floor":47,"key":"Dexterity Potion"},{"floor":48,"key":"DuplicationPotion"}],"is_trial":false,"path_per_floor":["M","?","?","M","$","R","E","T","T","M","M","R","E","M","R","B",null,"M","?","?","M","?","E","M","E","T","R","?","E","$","M","R","B",null,"M","M","M","M","$","E","R","E","T","?","R","E","M","M","R","B"],"character_chosen":"IRONCLAD","items_purchased":["ReplayTheSpireMod:Omega Cannon","Beam Cell","Flex","Pommel Strike","Elixir","Life Link","BloodPotion"],"campfire_rested":3,"item_purchase_floors":[5,5,30,30,30,39,39],"current_hp_per_floor":[88,88,88,85,85,85,77,77,77,86,87,87,85,85,85,13,88,88,88,88,73,56,38,38,19,19,46,46,50,50,49,76,34,93,93,86,93,87,87,93,93,30,30,30,57,79,97,97,97,0,0],"gold":227,"neow_bonus":"TEN_PERCENT_HP_BONUS","is_daily":false,"chose_seed":false,"campfire_upgraded":3,"win_rate":0.0,"timestamp":1609365671,"path_taken":["M","?","?","M","$","R","E","?","T","?","M","R","E","M","R","BOSS","M","?","?","M","?","E","M","E","T","R","?","E","$","M","R","BOSS","M","M","M","M","$","E","R","E","T","?","R","E","M","M","R","BOSS"],"items_purchased_type":["Card","Card","Card","Card","Potion","Card","Potion"],"build_version":"2020-12-22","purchased_purges":0,"victory":false,"max_hp_per_floor":[88,88,88,88,88,88,88,88,88,88,88,88,88,88,88,88,88,88,88,88,88,93,93,93,93,93,93,93,93,93,93,93,93,93,93,93,93,93,93,93,93,93,93,93,93,93,97,97,97,101,101],"card_choices":[{"not_picked":["Cleave","Headbutt"],"picked":"Inflame","floor":1},{"not_picked":["Reckless Charge","Shrug It Off"],"picked":"Heavy Blade","floor":4},{"not_picked":["Cleave","Clash"],"picked":"Run Through","floor":7},{"not_picked":["Havoc","True Grit"],"picked":"Massacre","floor":10},{"not_picked":["Uppercut","Blood for Blood"],"picked":"Clash","floor":11},{"not_picked":["Headbutt","Ghostly Armor"],"picked":"Double Tap","floor":13},{"not_picked":["Perfected Strike","Body Slam"],"picked":"Battle Trance","floor":14},{"not_picked":["Double Tap","Eclipse"],"picked":"Feed","floor":16},{"not_picked":["ReplayTheSpireMod:Strike From Hell"],"picked":"SKIP","floor":18},{"not_picked":["Defy Death+1"],"picked":"SKIP","floor":21},{"not_picked":[],"picked":"Anger","floor":23},{"not_picked":[],"picked":"Carnage+1","floor":24},{"not_picked":["Eclipse"],"picked":"SKIP","floor":25},{"not_picked":[],"picked":"ReplayTheSpireMod:LeadingStrike","floor":29},{"not_picked":[],"picked":"Pommel Strike","floor":31},{"not_picked":[],"picked":"Berserk","floor":33},{"not_picked":[],"picked":"Armaments","floor":35},{"not_picked":[],"picked":"Run Through","floor":36},{"not_picked":[],"picked":"Perfected Strike+1","floor":37},{"not_picked":[],"picked":"Clash","floor":38},{"not_picked":[],"picked":"Rage","floor":40},{"not_picked":[],"picked":"Wild Strike+1","floor":42},{"not_picked":[],"picked":"Cleave+1","floor":46},{"not_picked":[],"picked":"Thunderclap","floor":47},{"not_picked":[],"picked":"Blood for Blood+1","floor":48}],"player_experience":487872,"relics_obtained":[{"floor":7,"key":"War Paint"},{"floor":8,"key":"Orichalcum"},{"floor":13,"key":"Gremlin Horn"},{"floor":20,"key":"Ring of Peace"},{"floor":23,"key":"Pocketwatch"},{"floor":25,"key":"Gremlin Food"},{"floor":26,"key":"Replay:Rubber Ducky"},{"floor":29,"key":"Grinning Jar"},{"floor":40,"key":"ReplayTheSpireMod:Shallot"},{"floor":42,"key":"Blood Vial"},{"floor":43,"key":"Snack Pack"},{"floor":46,"key":"Replay:Accelerometer"},{"floor":49,"key":"Art of War"}],"event_choices":[{"damage_healed":0,"gold_gain":0,"player_choice":"Ignored","damage_taken":0,"max_hp_gain":0,"max_hp_loss":0,"event_name":"Golden Wing","floor":3,"gold_loss":0},{"damage_healed":0,"gold_gain":0,"player_choice":"Simplicity","damage_taken":0,"max_hp_gain":0,"max_hp_loss":0,"event_name":"Back to Basics","floor":19,"gold_loss":0,"cards_upgraded":["Strike_R","Strike_R","Strike_R","Strike_R","Strike_R","Defend_R","Defend_R"]},{"damage_healed":0,"gold_gain":0,"player_choice":"Shed Blood","damage_taken":22,"max_hp_gain":5,"max_hp_loss":0,"event_name":"Forgotten Altar","floor":22,"gold_loss":0},{"damage_healed":0,"gold_gain":0,"player_choice":"Paid Gold","damage_taken":0,"relics_obtained":["Kunai"],"max_hp_gain":0,"max_hp_loss":0,"event_name":"WeMeetAgain","floor":44,"gold_loss":147}],"is_beta":false,"boss_relics":[{"not_picked":["Sozu","Ooze Armor"],"picked":"Busted Crown"},{"not_picked":["Philosopher\u0027s Stone","Pandora\u0027s Box"],"picked":"ChewingGum"}],"items_purged_floors":[],"is_endless":false,"potions_floor_spawned":[10,11,23,29,31,33,35,36,40,47,48],"killed_by":"Awakened One","ascension_level":4}}