{"host":"sxnl403xm2xmiyj1","time":1609344380,"event":{"mods":["AchievementEnabler","BaseMod","Colored Map","Keyboard Shortcuts","Minty Spire (QoL Compilation)","Quick Restart","StSLib","SuperFastMode"],"gold_per_floor":[217,231,231,243,4,4,31,31,31,70,99,125,140,161,161,248,248,272,272,75,99,127,161,161,204,204,214,214,238,20,61,61,142,169,189,189,212,237,93,137,137,137,137,137,137,161,201,227,227,227,227],"floor_reached":50,"playtime":1342,"items_purged":["Pain","Reprogram+1"],"score":1307,"play_id":"c91195fc-6f06-4cee-9c58-a36e42ce99a9","local_time":"20201231010620","is_ascension_mode":true,"campfire_choices":[{"data":"Streamline","floor":6.0,"key":"SMITH"},{"data":"Go for the Eyes","floor":8.0,"key":"SMITH"},{"data":"Zap","floor":15.0,"key":"SMITH"},{"floor":24.0,"key":"REST"},{"floor":28.0,"key":"REST"},{"floor":32.0,"key":"REST"},{"floor":41.0,"key":"REST"},{"data":"Buffer","floor":44.0,"key":"SMITH"},{"floor":49,"key":"RECALL"}],"circlet_count":0,"master_deck":["AscendersBane","Strike_B","Defend_B","Defend_B","Defend_B","Defend_B","Zap+1","Dualcast","Streamline+1","Go for the Eyes+1","Reboot","Cold Snap","All For One","FTL","Gash","Core Surge","Defragment+1","Capacitor","Impatience","Blizzard","Cold Snap+1","Coolheaded","Hologram","Glacier","Self Repair","Hologram","Recycle+1","Buffer+1","Chaos+1","Force Field+1","Compile Driver","Beam Cell","Glacier+1","Leap","Cold Snap","Self Repair+1","Cold Snap","Conserve Battery+1"],"relics":["Cracked Core","WarpedTongs","Akabeko","Cables","Strawberry","CeramicFish","Pantograph","SlaversCollar","White Beast Statue","Oddly Smooth Stone","PreservedInsect","Omamori","Astrolabe","Blue Candle","Shuriken","Anchor","MealTicket"],"acts_visited":["Exordium","TheCity","TheBeyond"],"potions_floor_usage":[50,50],"damage_taken":[{"damage":1.0,"enemies":"Cultist","floor":1.0,"turns":3.0},{"damage":7.0,"enemies":"Jaw Worm","floor":2.0,"turns":3.0},{"damage":14.0,"enemies":"Small Slimes","floor":4.0,"turns":3.0},{"damage":18.0,"enemies":"3 Sentries","floor":7.0,"turns":8.0},{"damage":10.0,"enemies":"Lagavulin","floor":10.0,"turns":4.0},{"damage":0.0,"enemies":"2 Fungi Beasts","floor":11.0,"turns":2.0},{"damage":0.0,"enemies":"Gremlin Nob","floor":12.0,"turns":2.0},{"damage":0.0,"enemies":"Exordium Wildlife","floor":13.0,"turns":2.0},{"damage":0.0,"enemies":"Blue Slaver","floor":14.0,"turns":1.0},{"damage":14.0,"enemies":"Hexaghost","floor":16.0,"turns":7.0},{"damage":26.0,"enemies":"2 Thieves","floor":18.0,"turns":4.0},{"damage":0.0,"enemies":"Chosen","floor":21.0,"turns":3.0},{"damage":10.0,"enemies":"Centurion and Healer","floor":22.0,"turns":6.0},{"damage":21.0,"enemies":"Book of Stabbing","floor":23.0,"turns":4.0},{"damage":30.0,"enemies":"Slavers","floor":25.0,"turns":4.0},{"damage":0.0,"enemies":"Snake Plant","floor":27.0,"turns":6.0},{"damage":0.0,"enemies":"3 Cultists","floor":29.0,"turns":5.0},{"damage":18.0,"enemies":"Gremlin Leader","floor":31.0,"turns":5.0},{"damage":30.0,"enemies":"Champ","floor":33.0,"turns":14.0},{"damage":8.0,"enemies":"Orb Walker","floor":35.0,"turns":5.0},{"damage":64.0,"enemies":"3 Darklings","floor":37.0,"turns":10.0},{"damage":0.0,"enemies":"Sphere and 2 Shapes","floor":38.0,"turns":4.0},{"damage":16.0,"enemies":"Nemesis","floor":40.0,"turns":5.0},{"damage":21.0,"enemies":"Jaw Worm Horde","floor":46.0,"turns":6.0},{"damage":0.0,"enemies":"Giant Head","floor":47.0,"turns":8.0},{"damage":9,"enemies":"4 Shapes","floor":48,"turns":9},{"damage":66,"enemies":"Awakened One","floor":50,"turns":3}],"seed_played":"-164412801539349828","potions_obtained":[{"floor":2.0,"key":"Weak Potion"},{"floor":10.0,"key":"EssenceOfSteel"},{"floor":11.0,"key":"DistilledChaos"},{"floor":18.0,"key":"EssenceOfDarkness"},{"floor":25.0,"key":"Explosive Potion"},{"floor":27.0,"key":"Strength Potion"},{"floor":29.0,"key":"PotionOfCapacity"},{"floor":31.0,"key":"PotionOfCapacity"},{"floor":33.0,"key":"Ancient Potion"},{"floor":35.0,"key":"Explosive Potion"},{"floor":37.0,"key":"DistilledChaos"},{"floor":38.0,"key":"CultistPotion"},{"floor":40.0,"key":"Dexterity Potion"},{"floor":46.0,"key":"Block Potion"},{"floor":47.0,"key":"Weak Potion"},{"floor":48,"key":"SkillPotion"}],"is_trial":false,"path_per_floor":["M","M","?","M","$","R","E","R","T","E","M","E","M","M","R","B",null,"M","T","$","M","M","E","R","E","T","M","R","M","$","E","R","B",null,"M","?","M","M","$","E","R","?","T","R","?","M","E","M","R","B"],"character_chosen":"DEFECT","items_purchased":["Akabeko","Capacitor","Impatience","Blizzard","PreservedInsect","Hologram","Leap"],"campfire_rested":4,"item_purchase_floors":[5,20,20,20,30,30,39],"current_hp_per_floor":[63,56,56,42,42,42,24,24,31,21,21,21,21,21,21,32,67,41,41,41,41,31,10,33,3,3,3,26,26,26,18,41,43,69,68,68,11,18,18,2,25,25,25,25,25,11,28,36,36,0,0],"gold":227,"neow_bonus":"HUNDRED_GOLD","is_daily":false,"chose_seed":false,"campfire_upgraded":4,"win_rate":0.0,"timestamp":1609344380,"path_taken":["M","M","?","M","$","R","E","R","T","E","M","E","M","?","R","BOSS","M","?","$","?","M","E","R","E","T","M","R","M","$","E","R","BOSS","M","?","M","?","$","E","R","?","T","R","?","M","E","?","R","BOSS"],"items_purchased_type":["Relic","Card","Card","Card","Relic","Card","Card"],"build_version":"2020-12-22","purchased_purges":2,"victory":false,"max_hp_per_floor":[71,71,71,71,71,71,71,71,78,78,78,78,78,78,78,78,78,78,78,78,78,78,78,78,78,78,78,78,78,78,78,78,78,78,78,78,78,78,78,78,78,78,78,78,78,78,78,78,78,78,78],"card_choices":[{"not_picked":["Tempest","Hologram"],"picked":"Streamline","floor":1.0},{"not_picked":["Steam","Turbo"],"picked":"Go for the Eyes","floor":2.0},{"not_picked":["Darkness","Go for the Eyes"],"picked":"Reboot","floor":4.0},{"not_picked":["Stack","Blizzard"],"picked":"Cold Snap","floor":7.0},{"not_picked":["Aggregate","Coolheaded"],"picked":"All For One","floor":10.0},{"not_picked":["Fusion","Capacitor"],"picked":"FTL","floor":11.0},{"not_picked":["Chill","Storm","Genetic Algorithm"],"picked":"SKIP","floor":12.0},{"not_picked":["Consume","Cold Snap","Sweeping Beam"],"picked":"SKIP","floor":13.0},{"not_picked":["BootSequence","Sweeping Beam"],"picked":"Gash","floor":14.0},{"not_picked":["Multi-Cast","Creative AI"],"picked":"Core Surge","floor":16.0},{"not_picked":["Reprogram","Barrage+1"],"picked":"Defragment+1","floor":18.0},{"not_picked":["Beam Cell","Go for the Eyes"],"picked":"Cold Snap+1","floor":21.0},{"not_picked":["Barrage","Steam"],"picked":"Coolheaded","floor":22.0},{"not_picked":["Recycle","Steam"],"picked":"Hologram","floor":23.0},{"not_picked":["Stack","Turbo"],"picked":"Glacier","floor":25.0},{"not_picked":["Auto Shields","Sweeping Beam","Reprogram"],"picked":"SKIP","floor":27.0},{"not_picked":["Redo+1","Genetic Algorithm"],"picked":"Self Repair","floor":29.0},{"not_picked":["Doom and Gloom+1","Rip and Tear"],"picked":"Recycle+1","floor":31.0},{"not_picked":["Biased Cognition","Fission"],"picked":"Buffer","floor":33.0},{"not_picked":["FTL","Stack"],"picked":"Compile Driver","floor":35.0},{"not_picked":["Ball Lightning","Auto Shields"],"picked":"Beam Cell","floor":37.0},{"not_picked":["Barrage","Redo"],"picked":"Glacier+1","floor":38.0},{"not_picked":["Steam+1","Streamline"],"picked":"Cold Snap","floor":40.0},{"not_picked":["Static Discharge","Stack+1"],"picked":"Self Repair+1","floor":46.0},{"not_picked":["Stack","Ball Lightning+1"],"picked":"Cold Snap","floor":47.0},{"not_picked":["Sunder+1","Undo"],"picked":"Conserve Battery+1","floor":48}],"player_experience":139757,"relics_obtained":[{"floor":7.0,"key":"Cables"},{"floor":9.0,"key":"Strawberry"},{"floor":10.0,"key":"CeramicFish"},{"floor":12.0,"key":"Pantograph"},{"floor":25.0,"key":"White Beast Statue"},{"floor":26.0,"key":"Oddly Smooth Stone"},{"floor":31.0,"key":"Omamori"},{"floor":40.0,"key":"Shuriken"},{"floor":43.0,"key":"Anchor"},{"floor":47.0,"key":"MealTicket"}],"event_choices":[{"damage_healed":0.0,"max_hp_gain":0.0,"max_hp_loss":0.0,"gold_gain":0.0,"event_name":"Accursed Blacksmith","player_choice":"Rummage","floor":3.0,"gold_loss":0.0,"damage_taken":0.0,"relics_obtained":["WarpedTongs"],"cards_obtained":["Pain"]},{"damage_healed":0.0,"max_hp_gain":0.0,"max_hp_loss":0.0,"gold_gain":0.0,"event_name":"WeMeetAgain","player_choice":"Gave Potion","floor":36.0,"gold_loss":0.0,"damage_taken":0.0,"relics_obtained":["Blue Candle"]},{"damage_healed":0.0,"max_hp_gain":0.0,"max_hp_loss":0.0,"gold_gain":0.0,"event_name":"Mysterious Sphere","player_choice":"Ignored","floor":42.0,"gold_loss":0.0,"damage_taken":0.0},{"damage_healed":0.0,"max_hp_gain":0.0,"max_hp_loss":0.0,"gold_gain":0.0,"event_name":"SecretPortal","player_choice":"Ignored","floor":45.0,"gold_loss":0.0,"damage_taken":0.0}],"is_beta":false,"boss_relics":[{"not_picked":["Ectoplasm","Cursed Key"],"picked":"SlaversCollar"},{"not_picked":["Velvet Choker","Tiny House"],"picked":"Astrolabe"}],"items_purged_floors":[5,39],"is_endless":false,"potions_floor_spawned":[2,10,11,18,25,27,29,31,33,35,37,38,40,46,47,48],"killed_by":"Awakened One","ascension_level":19}}