{"host":"Layote","time":1609372530,"event":{"mods":["AchievementEnabler","BaseMod","Beta Mode","Colored Map","Minty Spire (QoL Compilation)","RNG Fix","Relic Stats","ojb\u0027s Better Paths Mod","ojb\u0027s Info Mod"],"gold_per_floor":[12,28,28,48,98,126,126,141,141,161,172,243,243,261,261,362,362,380,49,69,88,104,104,104,121,121,121,133,133,133,143,143,244,244,256,256,256,30,46,46,74,23,23,23,39,39,50,75,75,75,75,75,2,31,31,31],"floor_reached":55,"playtime":6159,"items_purged":[],"score":906,"play_id":"9648f7b3-29fc-490a-8599-d1049e11fd0c","local_time":"20201231055530","is_ascension_mode":false,"campfire_choices":[{"data":"Genetic Algorithm","floor":7.0,"key":"SMITH"},{"data":"Hologram","floor":13.0,"key":"SMITH"},{"data":"Streamline","floor":15.0,"key":"SMITH"},{"data":"Machine Learning","floor":23.0,"key":"SMITH"},{"data":"Sunder","floor":27.0,"key":"SMITH"},{"data":"Skim","floor":30.0,"key":"SMITH"},{"data":"Defragment","floor":32.0,"key":"SMITH"},{"data":"Loop","floor":40.0,"key":"SMITH"},{"data":"Echo Form","floor":44.0,"key":"SMITH"},{"data":"Turbo","floor":46.0,"key":"SMITH"},{"floor":49.0,"key":"RECALL"},{"data":"Go for the Eyes","floor":52.0,"key":"SMITH"}],"circlet_count":0,"master_deck":["Strike_B","Strike_B","Strike_B","Defend_B","Defend_B","Defend_B","Zap","Dualcast","Scrape","Sweeping Beam","Turbo+1","Rebound","Sunder+1","Cold Snap","Go for the Eyes+1","Genetic Algorithm+1","Streamline+1","Hologram+1","Conserve Battery","Machine Learning+1","Melter","Hologram+1","Defragment+1","Double Energy+1","Genetic Algorithm+1","Redo+1","Skim+1","Hologram+1","Echo Form+1","Self Repair+1","Madness","Madness","Loop+1","Streamline+1","Coolheaded+1","Aggregate+1","Beam Cell","Leap","Steam+1"],"relics":["Cracked Core","Strawberry","Torii","Cables","Nuclear Battery","Mercury Hourglass","Matryoshka","Blood Vial","Inserter","Art of War","Oddly Smooth Stone","Bronze Scales","Kunai","Thread and Needle"],"acts_visited":["Exordium","TheCity","TheBeyond","TheEnding"],"potions_floor_usage":[55,55],"damage_taken":[{"damage":11.0,"enemies":"Jaw Worm","floor":1.0,"turns":2.0},{"damage":0.0,"enemies":"Cultist","floor":2.0,"turns":3.0},{"damage":4.0,"enemies":"2 Louse","floor":4.0,"turns":2.0},{"damage":10.0,"enemies":"3 Sentries","floor":6.0,"turns":3.0},{"damage":11.0,"enemies":"Looter","floor":8.0,"turns":3.0},{"damage":14.0,"enemies":"Large Slime","floor":10.0,"turns":4.0},{"damage":0.0,"enemies":"2 Fungi Beasts","floor":11.0,"turns":2.0},{"damage":1.0,"enemies":"Looter","floor":14.0,"turns":2.0},{"damage":25.0,"enemies":"The Guardian","floor":16.0,"turns":11.0},{"damage":2.0,"enemies":"2 Thieves","floor":18.0,"turns":3.0},{"damage":0.0,"enemies":"Chosen","floor":20.0,"turns":3.0},{"damage":7.0,"enemies":"3 Cultists","floor":21.0,"turns":4.0},{"damage":1.0,"enemies":"Snecko","floor":22.0,"turns":3.0},{"damage":8.0,"enemies":"Sentry and Sphere","floor":25.0,"turns":3.0},{"damage":16.0,"enemies":"Centurion and Healer","floor":28.0,"turns":4.0},{"damage":1.0,"enemies":"Cultist and Chosen","floor":31.0,"turns":6.0},{"damage":24.0,"enemies":"Collector","floor":33.0,"turns":9.0},{"damage":0.0,"enemies":"3 Shapes","floor":35.0,"turns":3.0},{"damage":7.0,"enemies":"Orb Walker","floor":39.0,"turns":4.0},{"damage":16.0,"enemies":"Giant Head","floor":41.0,"turns":8.0},{"damage":10.0,"enemies":"Spire Growth","floor":45.0,"turns":4.0},{"damage":1.0,"enemies":"Sphere and 2 Shapes","floor":47.0,"turns":2.0},{"damage":6.0,"enemies":"Nemesis","floor":48.0,"turns":5.0},{"damage":60.0,"enemies":"Awakened One","floor":50.0,"turns":12.0},{"damage":66.0,"enemies":"Shield and Spear","floor":54.0,"turns":9.0},{"damage":48,"enemies":"The Heart","floor":55,"turns":5}],"seed_played":"-691915735965318828","potions_obtained":[{"floor":4.0,"key":"SteroidPotion"},{"floor":8.0,"key":"ColorlessPotion"},{"floor":14.0,"key":"Dexterity Potion"},{"floor":16.0,"key":"EssenceOfDarkness"},{"floor":20.0,"key":"SpeedPotion"},{"floor":28.0,"key":"FocusPotion"},{"floor":31.0,"key":"SteroidPotion"},{"floor":39.0,"key":"Block Potion"},{"floor":45.0,"key":"DuplicationPotion"}],"is_trial":false,"path_per_floor":["M","M","?","M","?","E","R","M","T","M","M","T","R","M","R","B",null,"M","$","M","M","M","R","?","M","T","R","M","?","R","M","R","B",null,"M","?","?","$","M","R","E","$","T","R","M","R","M","E","R","B",null,"R","$","E","B"],"character_chosen":"DEFECT","items_purchased":["Melter","Mercury Hourglass","Loop","Art of War","FocusPotion","Beam Cell","Leap"],"campfire_rested":0,"item_purchase_floors":[19,19,38,38,42,53,53],"current_hp_per_floor":[64,64,64,60,60,57,57,46,46,32,32,32,32,31,31,6,82,80,80,80,73,72,72,72,64,64,64,48,48,48,49,49,27,82,82,82,72,72,77,77,73,73,73,73,75,75,76,82,82,42,82,82,82,26,0,0],"gold":31,"neow_bonus":"TRANSFORM_TWO_CARDS","is_daily":false,"chose_seed":false,"campfire_upgraded":11,"win_rate":0.0,"timestamp":1609372530,"path_taken":["M","M","?","M","?","E","R","?","T","?","M","?","R","M","R","BOSS","M","$","M","M","M","R","?","?","T","R","M","?","R","M","R","BOSS","M","?","?","$","?","R","E","?","T","R","M","R","M","E","R","BOSS","R","$","E","BOSS"],"items_purchased_type":["Card","Relic","Card","Relic","Potion","Card","Card"],"build_version":"2020-12-13","purchased_purges":0,"victory":false,"max_hp_per_floor":[75,75,75,75,75,82,82,82,82,82,82,82,82,82,82,82,82,82,82,82,82,82,82,82,82,82,82,82,82,82,82,82,82,82,82,82,82,82,82,82,82,82,82,82,82,82,82,82,82,82,82,82,82,82,82,82],"relic_stats":{"Blood Vial":16,"Inserter":[26],"Torii":54,"counters":[26,119],"Bronze Scales":[150],"Art of War":[5],"Kunai":[14],"obtain_stats":[{"Inserter":34,"Torii":9,"Oddly Smooth Stone":41,"Thread and Needle":54,"Cables":12,"Nuclear Battery":17,"Mercury Hourglass":19,"Blood Vial":29,"Matryoshka":26,"Strawberry":6,"Bronze Scales":43,"Art of War":38,"Kunai":48,"Cracked Core":0},{"Inserter":17,"Torii":5,"Oddly Smooth Stone":20,"Thread and Needle":25,"Cables":7,"Nuclear Battery":9,"Mercury Hourglass":10,"Blood Vial":15,"Matryoshka":14,"Strawberry":4,"Bronze Scales":20,"Art of War":18,"Kunai":23,"Cracked Core":0},{"Inserter":67,"Torii":13,"Oddly Smooth Stone":82,"Thread and Needle":114,"Cables":19,"Nuclear Battery":32,"Mercury Hourglass":35,"Blood Vial":52,"Matryoshka":48,"Strawberry":10,"Bronze Scales":82,"Art of War":70,"Kunai":93,"Cracked Core":0}],"Cables":[83,37,8,0,38],"Mercury Hourglass":[314]},"card_choices":[{"not_picked":["Redo","Conserve Battery"],"picked":"Turbo","floor":1.0},{"not_picked":["Sweeping Beam","Conserve Battery"],"picked":"Rebound","floor":2.0},{"not_picked":["Self Repair","Loop"],"picked":"Go for the Eyes","floor":4.0},{"not_picked":["Cold Snap","Beam Cell"],"picked":"Genetic Algorithm","floor":6.0},{"not_picked":["Recycle","Redo"],"picked":"Streamline","floor":8.0},{"not_picked":["Streamline","Consume","Glacier"],"picked":"SKIP","floor":10.0},{"not_picked":["Turbo","Reboot"],"picked":"Hologram","floor":11.0},{"not_picked":["Barrage","Genetic Algorithm"],"picked":"Conserve Battery","floor":14.0},{"not_picked":["Fission","Creative AI"],"picked":"Machine Learning","floor":16.0},{"not_picked":["Sweeping Beam+1","Leap"],"picked":"Redo+1","floor":18.0},{"not_picked":["Hello World","Sweeping Beam+1"],"picked":"Hologram+1","floor":20.0},{"not_picked":["Melter","Sunder"],"picked":"Defragment","floor":21.0},{"not_picked":["Glacier","Lockon+1"],"picked":"Double Energy+1","floor":22.0},{"not_picked":["Gash+1","Rebound"],"picked":"Redo+1","floor":25.0},{"not_picked":["Barrage","Rebound"],"picked":"Skim","floor":28.0},{"not_picked":["Steam","Fission"],"picked":"Hologram+1","floor":31.0},{"not_picked":["Fission","All For One"],"picked":"Echo Form","floor":33.0},{"not_picked":["Go for the Eyes+1","Sweeping Beam"],"picked":"Self Repair+1","floor":35.0},{"not_picked":["Hello World+1","Cold Snap"],"picked":"Streamline+1","floor":39.0},{"not_picked":["Loop+1","Stack+1"],"picked":"Coolheaded+1","floor":41.0},{"not_picked":["Chaos+1","Hologram","Chill"],"picked":"SKIP","floor":45.0},{"not_picked":["Ball Lightning","Undo"],"picked":"Aggregate+1","floor":47.0},{"not_picked":["Hello World","Steam","Rainbow"],"picked":"SKIP","floor":48.0},{"not_picked":["Sweeping Beam+1","Ball Lightning+1"],"picked":"Steam+1","floor":54.0}],"player_experience":184944,"relics_obtained":[{"floor":6.0,"key":"Strawberry"},{"floor":9.0,"key":"Torii"},{"floor":12.0,"key":"Cables"},{"floor":26.0,"key":"Matryoshka"},{"floor":29.0,"key":"Blood Vial"},{"floor":41.0,"key":"Oddly Smooth Stone"},{"floor":43.0,"key":"Bronze Scales"},{"floor":48.0,"key":"Kunai"},{"floor":54.0,"key":"Thread and Needle"}],"event_choices":[{"damage_healed":0.0,"max_hp_gain":0.0,"max_hp_loss":0.0,"gold_gain":0.0,"event_name":"Match and Keep!","player_choice":"2 cards matched","floor":3.0,"gold_loss":0.0,"damage_taken":0.0,"cards_obtained":["Sunder","Cold Snap"]},{"damage_healed":0.0,"max_hp_gain":0.0,"max_hp_loss":0.0,"gold_gain":50.0,"event_name":"Golden Wing","player_choice":"Gained Gold","floor":5.0,"gold_loss":0.0,"damage_taken":0.0},{"damage_healed":0.0,"max_hp_gain":0.0,"max_hp_loss":0.0,"gold_gain":0.0,"event_name":"Duplicator","player_choice":"Copied","floor":24.0,"gold_loss":0.0,"damage_taken":0.0,"cards_obtained":["Genetic Algorithm"]},{"damage_healed":0.0,"max_hp_gain":0.0,"max_hp_loss":0.0,"gold_gain":0.0,"event_name":"Wheel of Change","player_choice":"Relic","floor":29.0,"gold_loss":0.0,"damage_taken":0.0},{"cards_removed":["Redo"],"damage_healed":0.0,"max_hp_gain":0.0,"max_hp_loss":0.0,"gold_gain":0.0,"event_name":"Falling","player_choice":"Removed Skill","floor":36.0,"gold_loss":0.0,"damage_taken":0.0},{"damage_healed":0.0,"max_hp_gain":0.0,"max_hp_loss":0.0,"gold_gain":0.0,"event_name":"Winding Halls","player_choice":"Embrace Madness","floor":37.0,"gold_loss":0.0,"damage_taken":10.0,"cards_obtained":["Madness","Madness"]}],"is_beta":true,"boss_relics":[{"not_picked":["Ectoplasm","Busted Crown"],"picked":"Nuclear Battery"},{"not_picked":["Runic Dome","FrozenCore"],"picked":"Inserter"}],"items_purged_floors":[],"is_endless":false,"potions_floor_spawned":[4,8,14,16,20,25,28,31,39,45,47,48],"killed_by":"The Heart","ascension_level":0}}