{"host":"2uzrezb18q7r18aw","time":1609343093,"event":{"mods":["Act Like it!","BaseMod","Gensokyo","Minty Spire (QoL Compilation)","StSLib"],"gold_per_floor":[112,129,129,54,70,0,13,65,143,161,181,181,25,38,38,141,141,303,322,66,166,178,178,204,221,221,221,179,179,179,188,188,295,295,306,306,306,306,306,306,306,315,339,72,72,81,81,107,107,107],"floor_reached":51,"playtime":2066,"items_purged":["Defend_B","Strike_B"],"score":851,"play_id":"9e5c502a-e7db-4883-8389-1fa11988d0a6","local_time":"20201231004453","is_ascension_mode":false,"campfire_choices":[{"data":"Loop","floor":12.0,"key":"SMITH"},{"data":"Aggregate","floor":15.0,"key":"SMITH"},{"floor":23.0,"key":"DIG"},{"floor":29.0,"key":"DIG"},{"data":"Defragment","floor":32.0,"key":"SMITH"},{"floor":40.0,"key":"DIG"},{"floor":41.0,"key":"DIG"},{"floor":45.0,"key":"DIG"},{"floor":49,"key":"DIG"}],"circlet_count":0,"master_deck":["Strike_B","Defend_B","Zap","Dualcast+1","Aggregate+1","White Noise","Glacier","Turbo+1","Cold Snap","Loop+1","Gash","Electrodynamics+1","Reboot+1","Thunder Strike+1","Rip and Tear+1","Defragment+1","Coolheaded","Reinforced Body","Buffer","Gensokyo:UnlikelyAid","Redo+1"],"relics":["Cracked Core","Orichalcum","Kunai","Strawberry","Astrolabe","Shovel","Lee\u0027s Waffle","Gambling Chip","WingedGreaves","Boot","StoneCalendar","Gremlin Horn","Dead Branch","CeramicFish","Philosopher\u0027s Stone","Potion Belt","Juzu Bracelet","Nunchaku","Pear","Bronze Scales","Bag of Preparation","Centennial Puzzle"],"acts_visited":["Exordium","Gensokyo:Gensokyo","Gensokyo:Gensokyoer"],"potions_floor_usage":[46,50],"damage_taken":[{"damage":6.0,"enemies":"Gensokyo:Gryphon","floor":1.0,"turns":4.0},{"damage":7.0,"enemies":"Gensokyo:2_Kodama","floor":2.0,"turns":4.0},{"damage":1.0,"enemies":"Gensokyo:3_Fairies","floor":5.0,"turns":6.0},{"damage":2.0,"enemies":"Gensokyo:Kitsune","floor":7.0,"turns":4.0},{"damage":0.0,"enemies":"Gensokyo:2_Rabbits","floor":10.0,"turns":8.0},{"damage":1.0,"enemies":"Gensokyo:Gryphon_and_Rabbit","floor":11.0,"turns":7.0},{"damage":7.0,"enemies":"Gensokyo:Python_and_Kodama","floor":14.0,"turns":5.0},{"damage":16.0,"enemies":"Gensokyo:Reimu","floor":16.0,"turns":9.0},{"damage":5.0,"enemies":"Gensokyo:AngelMirror","floor":18.0,"turns":3.0},{"damage":3.0,"enemies":"Gensokyo:CosmicMonolith","floor":19.0,"turns":4.0},{"damage":15.0,"enemies":"Gensokyo:CosmicMonolith","floor":21.0,"turns":10.0},{"damage":15.0,"enemies":"Gensokyo:Chomper_and_Gloop","floor":22.0,"turns":4.0},{"damage":10.0,"enemies":"Gensokyo:Koishi","floor":24.0,"turns":6.0},{"damage":9.0,"enemies":"Gensokyo:Slime_Group","floor":25.0,"turns":4.0},{"damage":19.0,"enemies":"Gensokyo:Eiki","floor":33.0,"turns":12.0},{"damage":3.0,"enemies":"Gensokyo:3_Bats","floor":35.0,"turns":3.0},{"damage":41,"enemies":"Gensokyo:3_Bats","floor":46,"turns":11},{"damage":0,"enemies":"Gensokyo:AncientGuardian","floor":48,"turns":4},{"damage":6,"enemies":"Gensokyo:Scarlet_Devils","floor":50,"turns":7}],"seed_played":"-4262475444054195397","potions_obtained":[{"floor":1.0,"key":"Explosive Potion"},{"floor":2.0,"key":"Ancient Potion"},{"floor":7.0,"key":"SkillPotion"},{"floor":14.0,"key":"PowerPotion"},{"floor":16.0,"key":"Explosive Potion"},{"floor":21.0,"key":"Block Potion"},{"floor":25.0,"key":"LiquidBronze"},{"floor":33.0,"key":"Energy Potion"}],"is_trial":false,"path_per_floor":["M","M","?","$","M","?","M","T","T","M","M","R","COS","M","R","B",null,"M","M","$","?","M","R","E","M","T","?","COS","R","?","?","R","B",null,"M","?","?","?","?","R","R","?","T","COS","R","?","?","M","R","B",null],"character_chosen":"DEFECT","items_purchased":["Lee\u0027s Waffle"],"campfire_rested":0,"item_purchase_floors":[20],"current_hp_per_floor":[76,69,69,69,68,68,66,66,66,66,65,65,65,58,58,49,89,84,81,96,81,66,66,56,47,47,47,47,47,47,47,47,28,89,86,86,86,86,86,86,86,86,86,96,96,96,82,82,82,76],"gold":107,"neow_bonus":"TEN_PERCENT_HP_BONUS","is_daily":false,"chose_seed":false,"campfire_upgraded":3,"win_rate":0.0,"timestamp":1609343093,"path_taken":["M","?","?","?","?","?","M","?","T","M","M","R","COS","M","R","BOSS","M","M","$","?","M","R","E","?","T","?","COS","R","?","?","R","BOSS","M","?","?","?","?","R","R","?","T","COS","R","?","?","M","R","BOSS"],"items_purchased_type":["Relic"],"build_version":"2020-12-22","purchased_purges":2,"victory":true,"max_hp_per_floor":[82,82,82,82,82,82,82,82,82,82,82,82,82,82,82,89,89,89,89,96,96,96,96,96,96,96,96,96,96,89,89,89,89,89,89,89,89,89,89,89,89,89,89,99,99,99,99,99,99,99],"card_choices":[{"not_picked":["Heatsinks","Rebound","Steam"],"picked":"SKIP","floor":1.0},{"not_picked":["Force Field","Compile Driver"],"picked":"Aggregate","floor":2.0},{"not_picked":["Redo","Gash"],"picked":"White Noise","floor":3.0},{"not_picked":["Leap","Turbo"],"picked":"Glacier","floor":3.0},{"not_picked":["Reprogram","Darkness"],"picked":"Turbo","floor":5.0},{"not_picked":["Hello World","Amplify"],"picked":"Cold Snap","floor":7.0},{"not_picked":["Beam Cell","Stack","Sunder"],"picked":"SKIP","floor":10.0},{"not_picked":["Ball Lightning","Static Discharge"],"picked":"Loop","floor":11.0},{"not_picked":["Steam","Compile Driver"],"picked":"Gash","floor":14.0},{"not_picked":["Fission","Thunder Strike"],"picked":"Electrodynamics","floor":16.0},{"not_picked":["Gash","Redo","Leap+1"],"picked":"SKIP","floor":18.0},{"not_picked":["Hologram","Reprogram"],"picked":"Defragment","floor":19.0},{"not_picked":["Recycle","Rebound"],"picked":"Coolheaded","floor":22.0},{"not_picked":["Stack","Recycle","Leap"],"picked":"SKIP","floor":24.0},{"not_picked":["Steam+1","Chaos","Beam Cell"],"picked":"SKIP","floor":25.0},{"not_picked":["Thunder Strike","Amplify"],"picked":"Buffer","floor":33.0},{"not_picked":["Rebound+1","Turbo+1","Sunder+1"],"picked":"SKIP","floor":35.0},{"not_picked":["Gensokyo:LifeSpringInfinity","Gensokyo:RisingWorld"],"picked":"Gensokyo:UnlikelyAid","floor":46},{"not_picked":["Compile Driver+1","Sweeping Beam+1","Genetic Algorithm+1"],"picked":"SKIP","floor":48},{"not_picked":["Gash","Leap+1","Redo+1"],"picked":"SKIP","floor":48},{"not_picked":["Gash","Leap+1"],"picked":"Redo+1","floor":48},{"not_picked":["Compile Driver+1","Sweeping Beam+1","Genetic Algorithm+1"],"picked":"SKIP","floor":48}],"player_experience":584528,"relics_obtained":[{"floor":8.0,"key":"Orichalcum"},{"floor":9.0,"key":"Kunai"},{"floor":21.0,"key":"Gambling Chip"},{"floor":21.0,"key":"WingedGreaves"},{"floor":23.0,"key":"Boot"},{"floor":24.0,"key":"StoneCalendar"},{"floor":26.0,"key":"Gremlin Horn"},{"floor":29.0,"key":"Dead Branch"},{"floor":40.0,"key":"Potion Belt"},{"floor":41.0,"key":"Juzu Bracelet"},{"floor":43.0,"key":"Nunchaku"},{"floor":45.0,"key":"Bronze Scales"},{"floor":49,"key":"Centennial Puzzle"}],"event_choices":[],"is_beta":false,"boss_relics":[{"not_picked":["Fusion Hammer","Nuclear Battery"],"picked":"Astrolabe"},{"not_picked":["Cursed Key","Tiny House"],"picked":"Philosopher\u0027s Stone"}],"items_purged_floors":[4,20],"is_endless":false,"potions_floor_spawned":[1,2,7,14,16,21,22,25,33],"ascension_level":0}}