{"host":"1zjc08c6hob33401","time":1609369955,"event":{"mods":["AchievementEnabler","Act Like it!","Aspiration","BaseMod","Downfall","Energized Spire","Evolution","GifTheSpireLib","Hubris","Infinite Spire","Jedi Mod","Minty Spire (QoL Compilation)","Pale of the Ancients","Quick Restart","Replay The Spire","Retaliation","Shop Mod","StSLib","Stuff the Spire","The Blue Laboratory","Wandering Minibosses","vexMod"],"gold_per_floor":[118,118,134,134,153,184,184,195,241,241,241,257,257,292,292,393,393,408,418,434,446,49,83,83,83],"floor_reached":24,"playtime":8447,"items_purged":["Defend_R"],"score":296,"play_id":"1bcae6d8-1a19-42ad-9c53-2a3a76844a6a","local_time":"20201231011235","is_ascension_mode":true,"campfire_choices":[{"data":"Fiend Fire","floor":7.0,"key":"SMITH"},{"data":"Cleave","floor":10.0,"key":"SMITH"},{"data":"Sentinel","floor":13.0,"key":"SMITH"},{"data":"Pummel","floor":15.0,"key":"SMITH"}],"circlet_count":0,"master_deck":["Cleave+1","Strike_R","Strike_R","Strike_R","Strike_R","Defend_R","Defend_R","Bash+1","Rampage","Flex","Rampage+1","Ghostly Armor","Fiend Fire+1","Sentinel+1","Pummel+1","jedi:bloodyhammer","Cleave+1","Disarm","expansioncontent:StudyTheSpire+1"],"relics":["Burning Blood","EVO:Axolotl","FaceOfCleric","hubris:Icosahedron","hubris:TenFootPole","Pen Nib","Akabeko","energizedSpire:OgreHead","vexMod:GhostlyGear","hubris:Potato"],"acts_visited":["Exordium","TheCity"],"potions_floor_usage":[23],"damage_taken":[{"damage":7.0,"enemies":"Jaw Worm","floor":1.0,"turns":3.0},{"damage":6.0,"enemies":"Cultist","floor":3.0,"turns":3.0},{"damage":8.0,"enemies":"2 Louse","floor":5.0,"turns":2.0},{"damage":37.0,"enemies":"Gremlin Nob","floor":6.0,"turns":4.0},{"damage":10.0,"enemies":"Gremlin Gang","floor":8.0,"turns":4.0},{"damage":1.0,"enemies":"Looter","floor":12.0,"turns":2.0},{"damage":25.0,"enemies":"Lagavulin","floor":14.0,"turns":5.0},{"damage":19.0,"enemies":"Fading Forest","floor":16.0,"turns":11.0},{"damage":23.0,"enemies":"Shell Parasite","floor":18.0,"turns":4.0},{"damage":28.0,"enemies":"2 Thieves","floor":19.0,"turns":3.0},{"damage":8.0,"enemies":"Snecko","floor":20.0,"turns":2.0},{"damage":0.0,"enemies":"Centurion and Healer","floor":21.0,"turns":3.0},{"damage":40,"enemies":"Gremlin Leader","floor":23,"turns":6},{"damage":12,"enemies":"Cultist and Chosen","floor":24,"turns":1}],"seed_played":"2306349081776391802","potions_obtained":[{"floor":1.0,"key":"Strength Potion"},{"floor":8.0,"key":"LiquidBronze"},{"floor":14.0,"key":"PowerPotion"},{"floor":19.0,"key":"blueLaboratory:BottledHope"},{"floor":20.0,"key":"Guardian:BlockOnCardUsePotion"}],"is_trial":false,"path_per_floor":["M","?","M","?","M","E","R","M","T","R","?","M","R","E","R","B",null,"M","M","M","M","$","E","M"],"character_chosen":"IRONCLAD","items_purchased":["expansioncontent:StudyTheSpire","vexMod:GhostlyGear"],"campfire_rested":0,"item_purchase_floors":[22,22],"current_hp_per_floor":[71,71,72,72,71,52,52,49,49,49,49,55,55,37,37,33,74,58,37,36,43,43,10,0,0],"gold":83,"neow_bonus":"THREE_CARDS","is_daily":false,"chose_seed":false,"campfire_upgraded":4,"win_rate":0.0,"timestamp":1609369955,"path_taken":["M","?","?","?","M","E","R","M","T","R","?","M","R","E","R","BOSS","M","M","M","?","$","E","M"],"items_purchased_type":["Card","Relic"],"build_version":"2020-12-22","purchased_purges":1,"victory":false,"max_hp_per_floor":[80,80,81,81,82,83,83,84,84,84,84,85,85,86,86,87,87,88,89,90,91,91,92,92,92],"card_choices":[{"not_picked":["ReplayReversal","Life Link"],"picked":"Rampage","floor":0.0},{"not_picked":["jedi:hate","Wild Strike"],"picked":"Flex","floor":1.0},{"not_picked":["Disarm","StuffTheSpire:BloodClot"],"picked":"Rampage","floor":3.0},{"not_picked":["jedi:hate","Disarm"],"picked":"Ghostly Armor","floor":5.0},{"not_picked":["Massacre","Iron Wave"],"picked":"Fiend Fire","floor":6.0},{"not_picked":["Wild Strike","jedi:fear","Shrug It Off"],"picked":"SKIP","floor":8.0},{"not_picked":["Flex","Abandon"],"picked":"Sentinel","floor":12.0},{"not_picked":["jedi:hate","Run Through"],"picked":"Pummel","floor":14.0},{"not_picked":["Juggernaut","Barricade"],"picked":"jedi:bloodyhammer","floor":16.0},{"not_picked":["ReplayTheSpireMod:Strike From Hell","True Grit+1"],"picked":"Cleave+1","floor":18.0},{"not_picked":["StuffTheSpire:Incineration","Rage","Cleave"],"picked":"SKIP","floor":19.0},{"not_picked":["Iron Wave","Armaments","ReplayTheSpireMod:LeadingStrike"],"picked":"SKIP","floor":20.0},{"not_picked":["Bloodletting","jedi:bloodyhammer"],"picked":"Disarm","floor":21.0},{"not_picked":["ReplayTheSpireMod:Strike From Hell","Twin Strike","DDmod:UnstoppableAttack"],"picked":"SKIP","floor":23}],"player_experience":414023,"relics_obtained":[{"floor":6.0,"key":"hubris:TenFootPole"},{"floor":9.0,"key":"Pen Nib"},{"floor":14.0,"key":"Akabeko"},{"floor":23,"key":"hubris:Potato"}],"event_choices":[{"damage_healed":0.0,"max_hp_gain":0.0,"max_hp_loss":0.0,"gold_gain":0.0,"event_name":"FaceTrader","player_choice":"Trade","floor":2.0,"gold_loss":0.0,"damage_taken":0.0,"relics_obtained":["FaceOfCleric"]},{"cards_removed":["Defend_R"],"damage_healed":0.0,"max_hp_gain":0.0,"max_hp_loss":0.0,"gold_gain":0.0,"event_name":"Bonfire Elementals","player_choice":"Offered Basic","floor":11.0,"gold_loss":0.0,"damage_taken":0.0}],"is_beta":false,"boss_relics":[{"not_picked":["SlaversCollar","Runic Cube"],"picked":"energizedSpire:OgreHead"}],"items_purged_floors":[22],"is_endless":false,"potions_floor_spawned":[1,8,14,19,20],"killed_by":"Cultist and Chosen","ascension_level":6}}