{"host":"6dypmz777xraikqf","time":1609351434,"event":{"mods":["AchievementEnabler","BaseMod","BetterRewards","Colored Map","Colored Powertips","Downfall","Highlight Path","Hubris","Infinite Spire","Minty Spire (QoL Compilation)","Replay The Spire","StSLib"],"gold_per_floor":[116,131,131,131,143,143,175,185,209,209,209],"floor_reached":10,"playtime":336,"items_purged":[],"score":71,"play_id":"1bb7d3c1-9725-480d-bbad-bd874dffadd1","local_time":"20201230180354","is_ascension_mode":true,"campfire_choices":[{"data":"Zap","floor":6,"key":"SMITH"}],"circlet_count":0,"master_deck":["Strike_B","Strike_B","Defend_B","Defend_B","Defend_B","Defend_B","Zap+1","Dualcast","Loop","Capacitor","Chill","Conserve Battery","Conserve Battery"],"relics":["Cracked Core","Gremlin Food","hubris:BundleOfHerbs","Orichalcum"],"acts_visited":["Exordium"],"potions_floor_usage":[8],"damage_taken":[{"damage":0,"enemies":"Small Slimes","floor":1,"turns":3},{"damage":8,"enemies":"2 Louse","floor":2,"turns":3},{"damage":0,"enemies":"Cultist","floor":5,"turns":4},{"damage":20,"enemies":"Lagavulin","floor":7,"turns":7},{"damage":0,"enemies":"Lots of Slimes","floor":8,"turns":2},{"damage":60,"enemies":"Gremlin Nob","floor":10,"turns":4}],"seed_played":"8894502339475802526","potions_obtained":[{"floor":2,"key":"hexamod:EctoCoolerPotion"},{"floor":5,"key":"Elixir"}],"is_trial":false,"path_per_floor":["M","M","?","?","M","R","E","M","T","E"],"character_chosen":"DEFECT","items_purchased":[],"campfire_rested":0,"item_purchase_floors":[],"current_hp_per_floor":[75,67,60,60,60,60,40,40,40,0,0],"gold":209,"neow_bonus":"REMOVE_CARD","is_daily":false,"chose_seed":false,"campfire_upgraded":1,"win_rate":0.0,"timestamp":1609351434,"path_taken":["M","M","?","?","M","R","E","M","T","E"],"items_purchased_type":[],"build_version":"2020-12-22","purchased_purges":0,"victory":false,"max_hp_per_floor":[75,75,75,75,75,75,75,75,75,75,75],"card_choices":[{"not_picked":["hubris:Ukulele","Stack"],"picked":"Loop","floor":1},{"not_picked":["Force Field","Cold Snap"],"picked":"Capacitor","floor":2},{"not_picked":["Force Field","Compile Driver"],"picked":"Chill","floor":5},{"not_picked":["Hologram","Sunder"],"picked":"Conserve Battery","floor":7},{"not_picked":["BasicCrystalCard","Leap"],"picked":"Conserve Battery","floor":8}],"player_experience":38779,"relics_obtained":[{"floor":4,"key":"Gremlin Food"},{"floor":7,"key":"hubris:BundleOfHerbs"},{"floor":9,"key":"Orichalcum"}],"event_choices":[{"cards_removed":["Strike_B"],"damage_healed":0,"gold_gain":0,"player_choice":"Card Removal","damage_taken":7,"max_hp_gain":0,"max_hp_loss":0,"event_name":"Golden Wing","floor":3,"gold_loss":0}],"is_beta":false,"boss_relics":[],"items_purged_floors":[],"is_endless":false,"potions_floor_spawned":[2,5],"killed_by":"Gremlin Nob","ascension_level":1}}