{"host":"y3h3n3f7seyagppx","time":1609352781,"event":{"mods":["BaseMod","Colored Map","Colored Powertips","DeckTracker","Minty Spire (QoL Compilation)","Random Character Button","Rare Cards Sparkle","Relic Sorter","Relic Stats","StSLib"],"gold_per_floor":[210,210,110,126,146,146,181,181,181,194,209,241,241,252,252,329,329,341,1,51,61,74,74,92,109,109,140,140,167,167,185,185,185,185],"floor_reached":33,"playtime":5499,"items_purged":["Strike_R"],"score":648,"play_id":"c650e623-24b2-4326-a04a-b4c1b0c5c9cf","local_time":"20201230132621","is_ascension_mode":true,"campfire_choices":[{"data":"Uppercut","floor":6,"key":"SMITH"},{"data":"Shrug It Off","floor":8,"key":"SMITH"},{"data":"Hemokinesis","floor":13,"key":"SMITH"},{"data":"Power Through","floor":15,"key":"SMITH"},{"data":"Fiend Fire","floor":23,"key":"SMITH"},{"data":"Ghostly","floor":30,"key":"SMITH"},{"data":"Ghostly","floor":32,"key":"SMITH"}],"circlet_count":0,"master_deck":["AscendersBane","Strike_R","Strike_R","Strike_R","Strike_R","Defend_R","Defend_R","Defend_R","Defend_R","Bash","Anger","Shrug It Off","Uppercut+1","Shrug It Off+1","Hemokinesis+1","Power Through+1","Fiend Fire+1","Disarm+1","Shrug It Off+1","Ghostly+1","Ghostly","Ghostly+1","Spot Weakness"],"relics":["Burning Blood","Bird Faced Urn","Pocketwatch","Pear","Centennial Puzzle","Cursed Key","Oddly Smooth Stone","Toolbox","Kunai","Omamori"],"acts_visited":["Exordium","TheCity"],"potions_floor_usage":[12,33,33],"damage_taken":[{"damage":1,"enemies":"Cultist","floor":1,"turns":3},{"damage":0,"enemies":"2 Louse","floor":4,"turns":3},{"damage":5,"enemies":"Small Slimes","floor":5,"turns":4},{"damage":39,"enemies":"3 Sentries","floor":7,"turns":9},{"damage":2,"enemies":"3 Louse","floor":10,"turns":4},{"damage":1,"enemies":"Blue Slaver","floor":11,"turns":3},{"damage":8,"enemies":"Lagavulin","floor":12,"turns":6},{"damage":13,"enemies":"Lots of Slimes","floor":14,"turns":5},{"damage":15,"enemies":"The Guardian","floor":16,"turns":13},{"damage":5,"enemies":"Shell Parasite","floor":18,"turns":2},{"damage":0,"enemies":"Chosen","floor":21,"turns":3},{"damage":12,"enemies":"Sentry and Sphere","floor":22,"turns":6},{"damage":0,"enemies":"Chosen and Byrds","floor":24,"turns":5},{"damage":3,"enemies":"Snake Plant","floor":25,"turns":2},{"damage":9,"enemies":"Gremlin Leader","floor":27,"turns":7},{"damage":13,"enemies":"Slavers","floor":29,"turns":7},{"damage":1,"enemies":"Snecko","floor":31,"turns":3},{"damage":51,"enemies":"Automaton","floor":33,"turns":8}],"seed_played":"-6700890826444217349","potions_obtained":[{"floor":1,"key":"Weak Potion"},{"floor":7,"key":"HeartOfIron"},{"floor":11,"key":"SkillPotion"},{"floor":14,"key":"Dexterity Potion"},{"floor":16,"key":"SpeedPotion"},{"floor":21,"key":"LiquidMemories"},{"floor":25,"key":"SteroidPotion"}],"is_trial":false,"path_per_floor":["M","?","$","M","M","R","E","R","T","M","M","E","R","M","R","B",null,"M","$","?","M","M","R","M","M","T","E","?","E","R","M","R","B"],"character_chosen":"IRONCLAD","items_purchased":["Shrug It Off","Oddly Smooth Stone","Toolbox"],"campfire_rested":0,"item_purchase_floors":[3,19,19],"current_hp_per_floor":[73,73,73,75,75,75,42,42,52,56,61,59,59,52,52,43,75,76,76,68,74,68,68,76,79,79,76,42,35,35,40,40,0,0],"gold":185,"neow_bonus":"HUNDRED_GOLD","is_daily":false,"chose_seed":false,"campfire_upgraded":7,"win_rate":0.0,"timestamp":1609352781,"path_taken":["M","?","$","M","M","R","E","R","T","M","M","E","R","M","R","BOSS","M","?","?","?","M","R","M","M","T","E","?","E","R","M","R","BOSS"],"items_purchased_type":["Card","Relic","Relic"],"build_version":"2020-12-22","purchased_purges":1,"victory":false,"max_hp_per_floor":[75,75,75,75,75,75,75,75,85,85,85,85,85,85,85,85,85,85,85,85,85,85,85,85,85,85,85,42,42,42,42,42,42,42],"relic_stats":{"Centennial Puzzle":[27],"counters":[18,93],"Bird Faced Urn":[2],"Kunai":[4],"Cursed Key":0,"obtain_stats":[{"Centennial Puzzle":12,"Pear":9,"Bird Faced Urn":2,"Oddly Smooth Stone":19,"Toolbox":19,"Omamori":29,"Kunai":27,"Cursed Key":17,"Burning Blood":0,"Pocketwatch":7},{"Centennial Puzzle":7,"Pear":4,"Bird Faced Urn":1,"Oddly Smooth Stone":10,"Toolbox":10,"Omamori":16,"Kunai":15,"Cursed Key":9,"Burning Blood":0,"Pocketwatch":4},{"Centennial Puzzle":32,"Pear":19,"Bird Faced Urn":3,"Oddly Smooth Stone":52,"Toolbox":52,"Omamori":82,"Kunai":75,"Cursed Key":50,"Burning Blood":0,"Pocketwatch":19}],"Burning Blood":97,"Pocketwatch":[156]},"card_choices":[{"not_picked":["Fire Breathing","Sentinel"],"picked":"Anger","floor":1},{"not_picked":["Clothesline","Rupture"],"picked":"Uppercut","floor":4},{"not_picked":["Clothesline","Wild Strike","Heavy Blade"],"picked":"SKIP","floor":5},{"not_picked":["Infernal Blade","Cleave"],"picked":"Shrug It Off","floor":7},{"not_picked":["Flex","Burning Pact"],"picked":"Hemokinesis","floor":10},{"not_picked":["Heavy Blade","Clothesline","Pummel"],"picked":"SKIP","floor":11},{"not_picked":["Heavy Blade","Clothesline","Pummel"],"picked":"SKIP","floor":11},{"not_picked":["Blood for Blood","Headbutt","Double Tap"],"picked":"SKIP","floor":12},{"not_picked":["Blood for Blood","Headbutt","Double Tap"],"picked":"SKIP","floor":12},{"not_picked":["Warcry","True Grit"],"picked":"Power Through","floor":14},{"not_picked":["Bludgeon","Demon Form"],"picked":"Fiend Fire","floor":16},{"not_picked":["Shrug It Off","Inflame"],"picked":"Disarm+1","floor":18},{"not_picked":["Hemokinesis","Rage","Warcry"],"picked":"SKIP","floor":21},{"not_picked":["Hemokinesis","Rage","Warcry"],"picked":"SKIP","floor":21},{"not_picked":["Heavy Blade+1","Body Slam","Combust"],"picked":"SKIP","floor":22},{"not_picked":["Hemokinesis","Berserk","Warcry"],"picked":"SKIP","floor":24},{"not_picked":["Hemokinesis","Berserk","Warcry"],"picked":"SKIP","floor":24},{"not_picked":["Seeing Red","Second Wind","Cleave"],"picked":"SKIP","floor":25},{"not_picked":["Second Wind+1","Warcry"],"picked":"Shrug It Off+1","floor":27},{"not_picked":["Pommel Strike","Perfected Strike"],"picked":"Spot Weakness","floor":29},{"not_picked":["Battle Trance","Pummel","Searing Blow+1"],"picked":"SKIP","floor":31}],"player_experience":20205551,"relics_obtained":[{"floor":7,"key":"Pocketwatch"},{"floor":9,"key":"Pear"},{"floor":12,"key":"Centennial Puzzle"},{"floor":27,"key":"Kunai"},{"floor":29,"key":"Omamori"}],"event_choices":[{"damage_healed":0,"gold_gain":0,"player_choice":"Gave Potion","damage_taken":0,"relics_obtained":["Bird Faced Urn"],"max_hp_gain":0,"max_hp_loss":0,"event_name":"WeMeetAgain","floor":2,"gold_loss":0},{"damage_healed":0,"gold_gain":50,"player_choice":"Touch","damage_taken":8,"max_hp_gain":0,"max_hp_loss":0,"event_name":"FaceTrader","floor":20,"gold_loss":0},{"damage_healed":0,"gold_gain":0,"player_choice":"Became a Ghost","damage_taken":0,"max_hp_gain":0,"max_hp_loss":43,"event_name":"Ghosts","floor":28,"gold_loss":0,"cards_obtained":["Ghostly","Ghostly","Ghostly"]}],"is_beta":false,"boss_relics":[{"not_picked":["Ectoplasm","Calling Bell"],"picked":"Cursed Key"}],"items_purged_floors":[3],"is_endless":false,"potions_floor_spawned":[1,7,11,14,16,21,24,25,31],"killed_by":"Automaton","ascension_level":20}}