{"host":"s9znsjs818tlhh47","time":1609296954,"event":{"mods":["2.2 Compatiblity","AchievementEnabler","Act Like it!","BaseMod","Bestiary","Better Note","Better Skull","Better Third Choice","Better Vampires","Card Forge","Colored Powertips","Force Act Four","Gensokyo","Marked Mod","Minty Spire (QoL Compilation)","Permanent Neow","Quick Restart","RumiaBox-露米娅的神秘盒子","StSLib","TheWitcher","【功能Mod】混沌之环修复补丁","残留之物"],"gold_per_floor":[126,232,262,283,310,351,351,363,363,390,420,436,436,436,436,538,538,550,550,563,563,575,575,575,35,35,53,86,186,216,236,236,338,338,354,365,138,154,154,154,189,189,213,213,213,213,226,226,226,226,226,226,2,36,36],"floor_reached":56,"playtime":5980,"items_purged":["SnafuTest:DefaultCommonAttack+1","SnafuTest:DefaultCommonAttack+1","SnafuTest:DefaultCommonSkill+1"],"score":1244,"play_id":"3e8b625e-704a-4816-a530-cc5edf8c1c2b","local_time":"20201229215554","is_ascension_mode":false,"campfire_choices":[{"floor":7.0,"key":"REST"},{"floor":15.0,"key":"REST"},{"floor":23.0,"key":"REST"},{"floor":32,"key":"REST"},{"floor":40,"key":"DIG"},{"floor":42,"key":"DIG"},{"floor":44,"key":"RECALL"},{"floor":46,"key":"DIG"},{"floor":49,"key":"DIG"},{"floor":52,"key":"DIG"}],"circlet_count":0,"master_deck":["SnafuTest:RecklessBlow+1","SnafuTest:PowerAlwaysAWay+1","SnafuTest:MCMockAndRun+1","SnafuTest:WeddingDance+1","SnafuTest:PowerAlwaysOnRoads+1","SnafuTest:PowerLadyOfLake+1","SnafuTest:PowerCounterAttack+1","SnafuTest:SuddenPuncture+1","SnafuTest:PowerProbingFeint+1","SnafuTest:FlashingRaid+1","SnafuTest:PowerEquilibrium+1","SnafuTest:Meditation+1","SnafuTest:SpellArcaneDomain+1","SnafuTest:MercilessReaper+1","SnafuTest:MelitelesCare+1","SnafuTest:UndefeatedNarcissism+1","SnafuTest:ShieldUp+1","SnafuTest:SpellDispellingPush+1","SnafuTest:ArmoredSortie+1","Gensokyo:GreaterSplit+1","SnafuTest:PowerEquilibrium+1"],"relics":["SnafuTest:UnstableMutagenRelic","Hammer of Thor","Seething Fire","Anvil of the Gods","Nunchaku","SnafuTest:YrdenRelic","Mummified Hand","GodSword3","Question Card","Snecko Eye","Gensokyo:SongOfSouls","Blood Vial","LastBattle","HandDrill","ZombieArmy","CaptainsWheel","Shovel","Peace Pipe","Pantograph","Black Star","Pocketwatch","GodSword7","Orichalcum","Unceasing Top","Vajra","StrikeDummy","Ornamental Fan","PlaceholderMod:SoulofChaos","War Paint"],"acts_visited":["Exordium","Gensokyo:Gensokyo","Gensokyo:Gensokyoer","TheEnding"],"potions_floor_usage":[30,54,54,54,55,55],"damage_taken":[{"damage":0.0,"enemies":"Gensokyo:Python","floor":1.0,"turns":3.0},{"damage":0.0,"enemies":"Gensokyo:3_Fairies","floor":3.0,"turns":7.0},{"damage":0.0,"enemies":"Gensokyo:2_Kodama","floor":4.0,"turns":5.0},{"damage":2.0,"enemies":"Gensokyo:2_Rabbits","floor":5.0,"turns":5.0},{"damage":0.0,"enemies":"Gensokyo:Mamizou","floor":6.0,"turns":11.0},{"damage":4.0,"enemies":"Gensokyo:CorruptedTreant","floor":8.0,"turns":3.0},{"damage":12.0,"enemies":"Gensokyo:Kitsune","floor":10.0,"turns":3.0},{"damage":6.0,"enemies":"Gensokyo:5_Fairies","floor":11.0,"turns":4.0},{"damage":8.0,"enemies":"Gensokyo:CorruptedTreant","floor":12.0,"turns":2.0},{"damage":22.0,"enemies":"Gensokyo:Reimu","floor":16.0,"turns":9.0},{"damage":9.0,"enemies":"Gensokyo:3_Dogs","floor":18.0,"turns":5.0},{"damage":4.0,"enemies":"Gensokyo:Chomper","floor":20.0,"turns":4.0},{"damage":10.0,"enemies":"Gensokyo:Wraith","floor":22.0,"turns":5.0},{"damage":24,"enemies":"Gensokyo:Swordslinger","floor":27,"turns":3},{"damage":8,"enemies":"Gensokyo:Koishi","floor":28,"turns":4},{"damage":0,"enemies":"Gensokyo:Koishi","floor":29,"turns":5},{"damage":27,"enemies":"Gensokyo:Tenshi","floor":30,"turns":5},{"damage":8,"enemies":"Gensokyo:Chomper_and_Gloop","floor":31,"turns":3},{"damage":20,"enemies":"Gensokyo:Kaguya","floor":33,"turns":7},{"damage":19,"enemies":"Gensokyo:AncientGuardian","floor":35,"turns":5},{"damage":0,"enemies":"Gensokyo:3_Boulders","floor":36,"turns":4},{"damage":26,"enemies":"Gensokyo:Sharpion","floor":38,"turns":6},{"damage":0,"enemies":"Gensokyo:Kasen","floor":41,"turns":5},{"damage":0,"enemies":"Gensokyo:SeedOfUnknown","floor":47,"turns":4},{"damage":1,"enemies":"Gensokyo:Yuyuko","floor":50,"turns":7},{"damage":29,"enemies":"Shield and Spear","floor":54,"turns":5},{"damage":38,"enemies":"The Heart","floor":55,"turns":8}],"seed_played":"8895900366492426067","potions_obtained":[{"floor":3.0,"key":"SpeedPotion"},{"floor":5.0,"key":"DuplicationPotion"},{"floor":10.0,"key":"GamblersBrew"},{"floor":12.0,"key":"SteroidPotion"},{"floor":16.0,"key":"Dexterity Potion"},{"floor":20.0,"key":"SteroidPotion"},{"floor":29,"key":"Block Potion"},{"floor":30,"key":"BlessingOfTheForge"},{"floor":31,"key":"EntropicBrew"},{"floor":47,"key":"FearPotion"}],"is_trial":false,"path_per_floor":["M","?","M","M","M","E","R","M","T","M","M","M","T","?","R","B",null,"M","?","M","?","M","R","?","$","T","M","E","?","E","M","R","B",null,"M","M","$","M","?","R","E","R","T","R","?","R","M","?","R","B",null,"R","$","E","B",null],"character_chosen":"THE_WITCHER","items_purchased":["LastBattle","HandDrill","SnafuTest:FlashingRaid","SnafuTest:SpellDispellingPush","Enlightenment","Energy Potion","AttackPotion"],"campfire_rested":4,"item_purchase_floors":[25,25,25,37,37,53,53],"current_hp_per_floor":[75,32,32,32,30,30,52,48,48,36,30,22,22,22,44,22,75,66,66,62,62,52,74,69,69,69,45,39,41,16,10,30,37,69,61,69,69,58,58,58,69,69,69,69,69,69,69,69,69,69,69,69,69,52,46],"gold":36,"neow_bonus":"TRANSFORM_CARD","is_daily":false,"chose_seed":false,"campfire_upgraded":0,"win_rate":0.0,"timestamp":1609296954,"path_taken":["M","?","?","M","?","E","R","M","T","M","M","M","?","?","R","BOSS","M","?","M","?","M","R","?","$","T","M","E","?","E","M","R","BOSS","M","M","$","M","?","R","E","R","T","R","?","R","M","?","R","BOSS","R","$","E","BOSS"],"items_purchased_type":["Relic","Relic","Card","Card","Card","Potion","Potion"],"build_version":"2020-12-22","purchased_purges":3,"victory":true,"max_hp_per_floor":[75,75,75,75,75,75,75,75,75,75,75,75,75,75,75,75,75,75,75,75,75,75,75,69,69,69,69,69,69,69,69,69,69,69,69,69,69,69,69,69,69,69,69,69,69,69,69,69,69,69,69,69,69,69,69],"card_choices":[{"not_picked":["SnafuTest:Kick","SnafuTest:ShoulderSlam"],"picked":"SnafuTest:RecklessBlow","floor":1.0},{"not_picked":["SnafuTest:PaySmithWorkshop","SnafuTest:PowerFireDamnation"],"picked":"SnafuTest:PowerAlwaysAWay","floor":3.0},{"not_picked":["SnafuTest:SpellLivingArmor","SnafuTest:BlueWhale"],"picked":"SnafuTest:PowerMartialMagical","floor":4.0},{"not_picked":["SnafuTest:NoPass","SnafuTest:DesperateRemediation"],"picked":"SnafuTest:MCMockAndRun","floor":5.0},{"not_picked":["SnafuTest:MCPlayGwent","SnafuTest:ScholarsIntrigue"],"picked":"SnafuTest:SignAxii","floor":6.0},{"not_picked":["SnafuTest:MercilessReaper","SnafuTest:PayArmorSmith"],"picked":"SnafuTest:WeddingDance","floor":8.0},{"not_picked":["SnafuTest:CalculatingAmbition","SnafuTest:CareTaker"],"picked":"SnafuTest:PowerAlwaysOnRoads","floor":10.0},{"not_picked":["SnafuTest:WeddingDance","SnafuTest:CareTaker","SnafuTest:PaySmithWorkshop"],"picked":"SKIP","floor":11.0},{"not_picked":["SnafuTest:PowerFireDamnation","SnafuTest:SweetHome"],"picked":"SnafuTest:Offering","floor":12.0},{"not_picked":["SnafuTest:LastWish","SnafuTest:BlackSunReturn","SnafuTest:MelitelesCare"],"picked":"SnafuTest:PowerLadyOfLake","floor":16.0},{"not_picked":["SnafuTest:SpellLivingArmor","SnafuTest:BombDevilsPuffball","SnafuTest:BombDragonsDream"],"picked":"SnafuTest:PowerCounterAttack","floor":18.0},{"not_picked":["SnafuTest:Oriole+1","SnafuTest:NoPass","SnafuTest:SpellBlindFury"],"picked":"SnafuTest:SuddenPuncture","floor":20.0},{"not_picked":["SnafuTest:BattleCry","SnafuTest:FlashingRaid","SnafuTest:SpellTortoise+1"],"picked":"SnafuTest:PowerProbingFeint+1","floor":22.0},{"not_picked":["SnafuTest:PowerProbingFeint","SnafuTest:GetPaid+1","SnafuTest:PowerAlwaysOnRoads"],"picked":"SnafuTest:PowerEquilibrium","floor":27},{"not_picked":["SnafuTest:HermitsErudition+1","SnafuTest:ShoulderSlam","SnafuTest:BombDragonsDream+1"],"picked":"SnafuTest:Meditation","floor":28},{"not_picked":["SnafuTest:PayBank","SnafuTest:RecklessBlow","SnafuTest:PowerCounterAttack"],"picked":"SnafuTest:SpellArcaneDomain","floor":30},{"not_picked":["SnafuTest:Portal","SnafuTest:ShoulderSlam+1","SnafuTest:MagePersecution"],"picked":"SnafuTest:MercilessReaper+1","floor":31},{"not_picked":["SnafuTest:LandOfFables","SnafuTest:PowerEternalFlame","SnafuTest:BlackSunReturn"],"picked":"SnafuTest:MelitelesCare","floor":33},{"not_picked":["SnafuTest:WitchHunt+1","SnafuTest:Kick","SnafuTest:PayWeaponSmith"],"picked":"SnafuTest:UndefeatedNarcissism+1","floor":35},{"not_picked":["SnafuTest:UndefeatedNarcissism","SnafuTest:PowerVainGlory+1","SnafuTest:SpellButterflyIllusion+1"],"picked":"SnafuTest:ShieldUp+1","floor":36},{"not_picked":["SnafuTest:SwiftAssault","SnafuTest:PowerCrimsonRitual","SnafuTest:UndefeatedNarcissism+1"],"picked":"SnafuTest:ArmoredSortie+1","floor":38},{"not_picked":["SnafuTest:DesperateRemediation+1","SnafuTest:BlackSunReturn","SnafuTest:PowerLadyOfLake","SnafuTest:PayHappyHour"],"picked":"SKIP","floor":41},{"not_picked":["SnafuTest:BombDevilsPuffball+1","SnafuTest:ArmoredSortie","SnafuTest:CalculatingAmbition","SnafuTest:Offering"],"picked":"SKIP","floor":47},{"not_picked":["SnafuTest:SignQuen","SnafuTest:MelitelesCare","SnafuTest:RecklessBlow"],"picked":"SnafuTest:PowerEquilibrium","floor":54}],"player_experience":302820,"relics_obtained":[{"floor":6.0,"key":"Mummified Hand"},{"floor":9.0,"key":"GodSword3"},{"floor":13.0,"key":"Question Card"},{"floor":26.0,"key":"ZombieArmy"},{"floor":28,"key":"CaptainsWheel"},{"floor":29,"key":"Shovel"},{"floor":29,"key":"Peace Pipe"},{"floor":30,"key":"Pantograph"},{"floor":40,"key":"Pocketwatch"},{"floor":41,"key":"GodSword7"},{"floor":41,"key":"Orichalcum"},{"floor":42,"key":"Unceasing Top"},{"floor":46,"key":"Vajra"},{"floor":49,"key":"StrikeDummy"},{"floor":52,"key":"Ornamental Fan"},{"floor":54,"key":"PlaceholderMod:SoulofChaos"},{"floor":54,"key":"War Paint"}],"event_choices":[{"damage_healed":0.0,"max_hp_gain":0.0,"max_hp_loss":0.0,"gold_gain":106.0,"event_name":"betterSkull:BetterSkull","player_choice":"RE GO RE ","floor":2.0,"gold_loss":0.0,"damage_taken":48.0,"cards_upgraded":[],"relics_obtained":["Nunchaku","SnafuTest:YrdenRelic"]},{"damage_healed":4,"gold_gain":0,"player_choice":"LEAVE ","damage_taken":0,"relics_obtained":[],"max_hp_gain":0,"max_hp_loss":0,"event_name":"betterSkull:BetterSkull","floor":48,"gold_loss":0,"cards_upgraded":[]}],"is_beta":false,"boss_relics":[{"not_picked":["Busted Crown","PlaceholderMod:LiveLive"],"picked":"Snecko Eye"},{"not_picked":["Astrolabe","SacredBark"],"picked":"Black Star"}],"items_purged_floors":[25,37,53],"is_endless":false,"potions_floor_spawned":[3,5,10,12,16,20,29,30,31,38,41,47,54],"ascension_level":0}}