{"host":"ij91kspbsf1i6fsu","time":1609286867,"event":{"mods":["AchievementEnabler","BaseMod","BetterRewards","Colored Map","Minty Spire (QoL Compilation)","MostiFishMod","Rare Cards Sparkle","StSLib","everything is the same but u backflip on backflip","¡¼?Úª?ø«¡½REMEMod"],"gold_per_floor":[110,123,123,139,153,184,200,220,220,50,50,61,61,89,89,191,191,204,224,224,67,67,67,96,96,96,196,196,215,215,232,232,328,328,345,345,355,373,393,393,406,406,458,472,472,490,501,501,501,501,501,501,50,77,77],"floor_reached":56,"playtime":4083,"items_purged":["Dualcast"],"score":1436,"play_id":"a6f6ea0e-5320-4d87-ac79-4ad440cea492","local_time":"20201229170747","is_ascension_mode":true,"campfire_choices":[{"floor":11,"key":"RECALL"},{"data":"MostiFishMod:MusicBox","floor":13,"key":"SMITH"},{"data":"1","floor":15,"key":"LIFT"},{"data":"2","floor":23,"key":"LIFT"},{"data":"3","floor":25,"key":"LIFT"},{"data":"Bite","floor":30,"key":"SMITH"},{"data":"MostiFishMod:GoodWordForIt","floor":32,"key":"SMITH"},{"data":"Self Repair","floor":40,"key":"SMITH"},{"data":"MostiFishMod:ATRI","floor":42,"key":"SMITH"},{"data":"Bite","floor":45,"key":"SMITH"},{"data":"MostiFishMod:Hijack","floor":49,"key":"SMITH"},{"data":"REME_DataAnalysis","floor":52,"key":"SMITH"}],"circlet_count":0,"master_deck":["Defend_B","Defend_B","Defend_B","Defend_B","Zap","MostiFishMod:ATRI","Redo","Hologram","Leap","Melter","MostiFishMod:ATRI+1","MostiFishMod:LinkProtocol","Cold Snap","MostiFishMod:MusicBox+1","Cold Snap","MostiFishMod:DeathFromBelow","REME_ForAll","REME_DataAnalysis+1","Glacier","Gash","Bite","Bite","Bite","Bite+1","Bite+1","BootSequence","Self Repair+1","Coolheaded+1","MostiFishMod:GoodWordForIt+1","MostiFishMod:Nova+1","MostiFishMod:PushDownKick+1","Reinforced Body+1","Stack+1","MostiFishMod:Prepare","Conserve Battery+1","Loop+1","MostiFishMod:Hijack+1","Meteor Strike","REME_MawOfCthun","MostiFishMod:IceShield","Genetic Algorithm"],"relics":["Cracked Core","REME_ComplimentaryCards","DaveBox","BirthdayGift-Icosahedron","DaCapo","SentryEyes","CaptainsWheel","Ice Cream","SynthV:TestCard","Bottled Lightning","Girya","ShadowXiaoBlade","ChiLing","Chi","Ling","Unceasing Top","Smiling Mask","WingedGreaves","Bottled Tornado","xbg","Happy Flower","Membership Card"],"acts_visited":["Exordium","TheCity","TheBeyond","TheEnding"],"potions_floor_usage":[55,55,55],"damage_taken":[{"damage":0,"enemies":"Cultist","floor":1,"turns":2},{"damage":0,"enemies":"Small Slimes","floor":2,"turns":1},{"damage":0,"enemies":"Jaw Worm","floor":4,"turns":2},{"damage":0,"enemies":"2 Fungi Beasts","floor":5,"turns":2},{"damage":0,"enemies":"Lagavulin","floor":6,"turns":3},{"damage":0,"enemies":"3 Louse","floor":7,"turns":1},{"damage":0,"enemies":"Exordium Wildlife","floor":8,"turns":2},{"damage":0,"enemies":"2 Fungi Beasts","floor":12,"turns":2},{"damage":0,"enemies":"Gremlin Nob","floor":14,"turns":2},{"damage":0,"enemies":"The Guardian","floor":16,"turns":4},{"damage":0,"enemies":"Spheric Guardian","floor":18,"turns":2},{"damage":6,"enemies":"Shell Parasite","floor":19,"turns":2},{"damage":2,"enemies":"REME_1_Revenger","floor":24,"turns":4},{"damage":0,"enemies":"Colosseum Slavers","floor":27,"turns":2},{"damage":0,"enemies":"Colosseum Nobs","floor":27,"turns":2},{"damage":0,"enemies":"Snake Plant","floor":29,"turns":2},{"damage":1,"enemies":"Chosen and Byrds","floor":31,"turns":2},{"damage":0,"enemies":"Automaton","floor":33,"turns":4},{"damage":18,"enemies":"3 Darklings","floor":35,"turns":2},{"damage":1,"enemies":"Orb Walker","floor":37,"turns":2},{"damage":0,"enemies":"3 Darklings","floor":38,"turns":1},{"damage":0,"enemies":"Sphere and 2 Shapes","floor":39,"turns":1},{"damage":10,"enemies":"Jaw Worm Horde","floor":41,"turns":2},{"damage":1,"enemies":"Transient","floor":44,"turns":5},{"damage":0,"enemies":"3 Darklings","floor":46,"turns":2},{"damage":8,"enemies":"Maw","floor":47,"turns":3},{"damage":34,"enemies":"Awakened One","floor":50,"turns":5},{"damage":29,"enemies":"Shield and Spear","floor":54,"turns":2},{"damage":26,"enemies":"The Heart","floor":55,"turns":4}],"seed_played":"6097474310346649950","potions_obtained":[{"floor":5,"key":"PotionOfCapacity"},{"floor":7,"key":"DistilledChaos"},{"floor":8,"key":"SmokeBomb"},{"floor":18,"key":"BlessingOfTheForge"},{"floor":44,"key":"DuplicationPotion"},{"floor":47,"key":"DuplicationPotion"}],"is_trial":false,"path_per_floor":["M","M","$","M","M","E","M","M","T","$","R","M","R","E","R","B",null,"M","M","?","$","?","R","E","R","T","?","?","M","R","M","R","B",null,"M","?","M","M","M","R","M","R","T","M","R","M","M","?","R","B",null,"R","$","E","B",null],"character_chosen":"DEFECT","items_purchased":["MostiFishMod:MusicBox","ChiLing","Membership Card","Meteor Strike","REME_MawOfCthun","MostiFishMod:IceShield"],"campfire_rested":0,"item_purchase_floors":[10,21,53,53,53,53],"current_hp_per_floor":[29,30,30,31,32,33,34,35,35,35,35,36,36,37,37,38,75,75,70,70,70,52,52,51,51,51,52,52,52,52,52,52,52,52,35,35,37,38,39,39,30,30,30,50,50,51,49,49,49,16,52,52,52,27,56],"gold":77,"neow_bonus":"","is_daily":false,"chose_seed":false,"campfire_upgraded":8,"win_rate":0.0,"timestamp":1609286867,"path_taken":["M","?","?","M","?","E","?","?","T","?","R","M","R","E","R","BOSS","M","M","?","$","?","R","E","R","T","?","?","?","R","M","R","BOSS","M","?","M","?","M","R","M","R","T","M","R","M","M","?","R","BOSS","R","$","E","BOSS"],"items_purchased_type":["Card","Relic","Relic","Card","Card","Card"],"build_version":"2020-12-22","purchased_purges":1,"victory":true,"max_hp_per_floor":[75,75,75,75,75,75,75,75,75,75,75,75,75,75,75,75,75,75,75,75,75,52,52,52,52,52,52,52,52,52,52,52,52,52,52,52,52,52,52,52,52,52,52,52,52,52,52,52,52,52,52,52,52,52,98],"card_choices":[{"not_picked":["Turbo","MostiFishMod:FluxCapactior"],"picked":"Redo","floor":1},{"not_picked":["Sweeping Beam","Rebound","Conserve Battery","Sunder"],"picked":"Hologram","floor":2},{"not_picked":["Steam","Cold Snap","Streamline","Gash"],"picked":"Leap","floor":4},{"not_picked":["MostiFishMod:FluxCapactior","Auto Shields","Rebound","Turbo"],"picked":"Melter","floor":5},{"not_picked":["Streamline","Chaos","Sunder","Steam"],"picked":"MostiFishMod:ATRI","floor":6},{"not_picked":["Rebound","Barrage","Steam","Stack"],"picked":"MostiFishMod:LinkProtocol","floor":7},{"not_picked":["Consume","Gash","Redo","MostiFishMod:SeaWaves","Conserve Battery","Streamline"],"picked":"Cold Snap","floor":8},{"not_picked":["Rebound","Leap","Beam Cell","Melter"],"picked":"Cold Snap","floor":12},{"not_picked":["Beam Cell","Fusion","Conserve Battery","Chaos"],"picked":"MostiFishMod:DeathFromBelow","floor":14},{"not_picked":["MostiFishMod:Nova","MostiFishMod:Overload","Machine Learning","REME_Shoggoth"],"picked":"REME_ForAll","floor":16},{"not_picked":["Rebound","Go for the Eyes","Stack","Reinforced Body"],"picked":"REME_DataAnalysis","floor":18},{"not_picked":["Coolheaded","Heatsinks","Turbo","Redo"],"picked":"Glacier","floor":19},{"not_picked":["REME_Whirling","Sweeping Beam","Defragment","Conserve Battery"],"picked":"BootSequence","floor":24},{"not_picked":["Ball Lightning","Coolheaded+1","Aggregate","Compile Driver"],"picked":"Self Repair","floor":27},{"not_picked":["Go for the Eyes+1","Ball Lightning","Streamline","Hello World"],"picked":"Coolheaded+1","floor":29},{"not_picked":["Consume","Hologram","Sunder","Redo+1"],"picked":"MostiFishMod:GoodWordForIt","floor":31},{"not_picked":["MostiFishMod:Prepare","MostiFishMod:ReadyAimFire","MostiFishMod:ActiveDefenseSystem","MostiFishMod:ATRI"],"picked":"MostiFishMod:Nova","floor":33},{"not_picked":["Glacier+1","Hologram+1","Storm","Gash"],"picked":"MostiFishMod:PushDownKick+1","floor":35},{"not_picked":["MostiFishMod:PushDownKick","Hello World","Scrape","REME_DataAnalysis+1"],"picked":"Barrage+1","floor":37},{"not_picked":["Beam Cell","Hologram+1","MostiFishMod:ReprogramOld","Force Field+1"],"picked":"Reinforced Body+1","floor":38},{"not_picked":["Static Discharge+1","Redo","MostiFishMod:Impulse","Hologram+1"],"picked":"Stack+1","floor":39},{"not_picked":["Leap+1","MostiFishMod:ReprogramOld+1","Steam+1","Hologram"],"picked":"MostiFishMod:Prepare","floor":41},{"not_picked":["Streamline+1","Hologram","Barrage","Beam Cell","Stack"],"picked":"Conserve Battery+1","floor":44},{"not_picked":["Barrage","MostiFishMod:LinkProtocol+1","Blizzard+1","Undo"],"picked":"Loop+1","floor":46},{"not_picked":["Blizzard","Turbo","Gash+1","Steam+1"],"picked":"MostiFishMod:Hijack","floor":47},{"not_picked":["MostiFishMod:PushDownKick+1","Undo+1","Conserve Battery+1","Sunder"],"picked":"Genetic Algorithm","floor":54}],"player_experience":29011,"relics_obtained":[{"floor":1,"key":"SynthV:TestCard"},{"floor":6,"key":"Bottled Lightning"},{"floor":14,"key":"Girya"},{"floor":24,"key":"Unceasing Top"},{"floor":26,"key":"Smiling Mask"},{"floor":27,"key":"WingedGreaves"},{"floor":27,"key":"Bottled Tornado"},{"floor":43,"key":"Happy Flower"}],"event_choices":[{"damage_healed":0,"gold_gain":0,"player_choice":"Read","damage_taken":0,"max_hp_gain":0,"max_hp_loss":0,"event_name":"The Library","floor":20,"gold_loss":0,"cards_obtained":["Gash"]},{"damage_healed":0,"gold_gain":0,"player_choice":"Became a vampire","damage_taken":0,"max_hp_gain":0,"max_hp_loss":23,"event_name":"Vampires","floor":22,"gold_loss":0,"cards_obtained":["Bite","Bite","Bite","Bite","Bite"]},{"damage_healed":0,"gold_gain":0,"player_choice":"Fight","damage_taken":0,"max_hp_gain":0,"max_hp_loss":0,"event_name":"Colosseum","floor":27,"gold_loss":0},{"damage_healed":0,"gold_gain":0,"player_choice":"Fought Nobs","damage_taken":0,"max_hp_gain":0,"max_hp_loss":0,"event_name":"Colosseum","floor":27,"gold_loss":0},{"damage_healed":0,"gold_gain":0,"player_choice":"Ignored","damage_taken":0,"max_hp_gain":0,"max_hp_loss":0,"event_name":"The Mausoleum","floor":28,"gold_loss":0},{"damage_healed":0,"gold_gain":0,"player_choice":"Upgraded","damage_taken":0,"max_hp_gain":0,"max_hp_loss":0,"event_name":"Upgrade Shrine","floor":36,"gold_loss":0,"cards_upgraded":["MostiFishMod:Nova"]},{"cards_removed":["Barrage"],"damage_healed":0,"gold_gain":0,"player_choice":"Removed Attack","damage_taken":0,"max_hp_gain":0,"max_hp_loss":0,"event_name":"Falling","floor":48,"gold_loss":0}],"is_beta":false,"boss_relics":[{"not_picked":["Runic Dome","Transparent"],"picked":"ShadowXiaoBlade"},{"not_picked":["SacredBark","Snecko Eye"],"picked":"xbg"}],"items_purged_floors":[53],"is_endless":false,"potions_floor_spawned":[5,7,8,14,18,19,27,29,33,39,44,47],"ascension_level":1}}