{"host":"0hb9w7uizu7y13wj","time":1609352531,"event":{"mods":["Act Like it!","Aspiration","BaseMod","BetterRewards","Colored Map","Conspire","Downfall","Energized Spire","FTL Soundtrack","Friendly Minions","Halation","Hubris","Infinite Spire","Minty Spire (QoL Compilation)","Quick Restart","Replay The Spire","StSLib","Synergy Search","The Factory","The Hierophant","The Jungle","The Poker Player","Trackpad","everything is the same but u backflip on backflip","vexMod"],"gold_per_floor":[117,117,148,148,148,148,197,207,259,289,23,23,48,68,68,140,140,155,32,32,44,62,62,95,95,145,155,178,205,225,256,256,334,334,354,364,364,364,380,380,405,423,450,483,483,483,483,511,511,511,511,511],"floor_reached":51,"playtime":2538,"items_purged":["Strike_R","Strike_R"],"score":2323,"play_id":"9df87bda-b574-4015-93da-f9bc66ba8055","local_time":"20201230182211","is_ascension_mode":true,"campfire_choices":[{"data":"Bash","floor":6.0,"key":"SMITH"},{"data":"Inflame","floor":12.0,"key":"SMITH"},{"data":"ReplayTheSpireMod:Limb From Limb","floor":15.0,"key":"SMITH"},{"data":"Demon Form","floor":23.0,"key":"SMITH"},{"data":"ReplayUltimateDefense","floor":32,"key":"SMITH"},{"data":"Master of Strategy","floor":40,"key":"SMITH"},{"floor":49,"key":"RECALL"}],"circlet_count":0,"master_deck":["AscendersBane","Strike_R","Strike_R","Defend_R","Defend_R","Defend_R","Defend_R","Bash+1","Bludgeon","Bludgeon","Master of Strategy+1","Master of Strategy","Reaper","ReplayUltimateDefense+1","Inflame+1","infinitespire:OneForAll","ReplayTheSpireMod:Limb From Limb+1","conspire:ExplosiveBarrier","hubris:CleavingFinish","Juggernaut","Demon Form+1","Metallicize","Whirlwind","Juggernaut","Uppercut","Uppercut","Uppercut","Uppercut","Feed","Feed","Feed","Feed","Feel No Pain","Feel No Pain","Feel No Pain","Feel No Pain","Limit Break","Limit Break","Limit Break","Limit Break","Limit Break","Limit Break","Twin Strike+1","Twin Strike+1","Twin Strike+1","Twin Strike+1","Twin Strike+1","Twin Strike+1","Twin Strike+1","Twin Strike+1","Twin Strike+1","Metallicize","Metallicize","Metallicize","Metallicize","Metallicize","Metallicize","Metallicize","Metallicize","Metallicize","Metallicize","Metallicize","Metallicize","Metallicize","Metallicize","Metallicize","Metallicize","Metallicize","Metallicize","hubris:DuctTapeCard","hubris:DuctTapeCard","hubris:DuctTapeCard","hubris:DuctTapeCard","hubris:DuctTapeCard","infinitespire:Collect","infinitespire:Collect","infinitespire:Collect","infinitespire:Collect","infinitespire:Collect","infinitespire:Collect","infinitespire:Collect","infinitespire:Collect"],"relics":["Burning Blood","Omamori","halation:NonexistentMirror","aspiration:AnachronicSnailShell","Kunai","Bird Faced Urn","vexMod:RetaliationKit","trackpad:BiPhaseBiplane","conspire:GiftBox","Meat on the Bone","Tiny Chest","Incense Burner","CaptainsWheel","trackpad:DisasterInABottle","infinitespire:Bottled Soul","Akabeko","trackpad:Mousetrap","hubris:IronBody","Strawberry","hubris:CrackedHourglass","aspiration:RitualStick","trackpad:IceCube","aspiration:Lifesprig","Toy Ornithopter","trackpad:ToughGloves","Bag of Marbles","conspire:SeveredTorchhead","Juzu Bracelet","Red Skull","hubris:DuctTape","Self Forming Clay"],"acts_visited":["Exordium","TheCity","TheBeyond"],"potions_floor_usage":[29],"damage_taken":[{"damage":2.0,"enemies":"Jaw Worm","floor":1.0,"turns":5.0},{"damage":4.0,"enemies":"conspire:MimicChest","floor":3.0,"turns":3.0},{"damage":2.0,"enemies":"2 Louse","floor":8.0,"turns":3.0},{"damage":2.0,"enemies":"Lagavulin","floor":10.0,"turns":4.0},{"damage":5.0,"enemies":"Replay:BlueRogue","floor":13.0,"turns":3.0},{"damage":0.0,"enemies":"conspire:RoseBush","floor":14.0,"turns":2.0},{"damage":18.0,"enemies":"Hexaghost","floor":16.0,"turns":7.0},{"damage":1.0,"enemies":"3 Byrds","floor":18.0,"turns":5.0},{"damage":0.0,"enemies":"Chosen","floor":21.0,"turns":3.0},{"damage":8.0,"enemies":"Snake Plant","floor":22.0,"turns":3.0},{"damage":0.0,"enemies":"conspire:SneckoGhost","floor":24.0,"turns":6.0},{"damage":19,"enemies":"Centurion and Healer","floor":27,"turns":3},{"damage":13,"enemies":"Nightmare","floor":29,"turns":8},{"damage":0,"enemies":"Snecko","floor":30,"turns":4},{"damage":3,"enemies":"Book of Stabbing","floor":31,"turns":4},{"damage":16,"enemies":"Automaton","floor":33,"turns":9},{"damage":4,"enemies":"Orb Walker","floor":35,"turns":3},{"damage":0,"enemies":"3 Darklings","floor":36,"turns":4},{"damage":10,"enemies":"Writhing Mass","floor":39,"turns":5},{"damage":25,"enemies":"Reptomancer","floor":41,"turns":5},{"damage":1,"enemies":"4 Shapes","floor":42,"turns":2},{"damage":3,"enemies":"Nightmare","floor":44,"turns":8},{"damage":1,"enemies":"Giant Head","floor":48,"turns":8},{"damage":20,"enemies":"Awakened One","floor":50,"turns":7},{"damage":1,"enemies":"conspire:OrnateMirror","floor":51,"turns":8}],"seed_played":"-5370058083621406008","potions_obtained":[{"floor":10.0,"key":"conspire:TimeTravelPotion"},{"floor":27,"key":"Adrenaline Potion"},{"floor":30,"key":"FearPotion"}],"is_trial":false,"path_per_floor":["M","?","?","$","?","R","T","M","T","E","$","R","E","M","R","B",null,"M","$","?","M","M","R","E","?","T","M","T","NM","M","E","R","B",null,"M","M","?","?","M","R","E","M","T","NM","T","?","?","E","R","B","B"],"character_chosen":"IRONCLAD","items_purchased":["Omamori","halation:NonexistentMirror","Kunai","Bludgeon","trackpad:BiPhaseBiplane","Master of Strategy","ReplayUltimateDefense","Meat on the Bone","Tiny Chest","Inflame","Incense Burner","infinitespire:OneForAll","ReplayTheSpireMod:Limb From Limb","trackpad:DisasterInABottle","SteroidPotion","BlessingOfTheForge","hubris:IronBody","Metallicize","Whirlwind"],"campfire_rested":0,"item_purchase_floors":[0,0,0,0,0,0,0,0,0,0,0,0,0,0,0,0,11,19,19],"current_hp_per_floor":[43,50,52,52,57,57,57,63,63,69,69,69,79,87,87,79,85,87,87,65,75,79,79,87,87,87,76,76,85,90,90,90,90,90,93,93,93,93,93,93,83,95,95,102,102,76,76,102,102,104,0,0],"gold":511,"neow_bonus":"","is_daily":false,"chose_seed":false,"campfire_upgraded":6,"win_rate":0.0,"timestamp":1609352531,"path_taken":["M","?","?","$","?","R","?","?","T","E","$","R","E","M","R","BOSS","M","$","?","M","M","R","E","?","T","M","?","NM","M","E","R","BOSS","M","M","?","?","?","R","E","M","T","NM","?","?","?","E","R","BOSS","BOSS"],"items_purchased_type":["Relic","Relic","Relic","Card","Relic","Card","Card","Relic","Relic","Card","Relic","Card","Card","Relic","Potion","Potion","Relic","Card","Card"],"build_version":"2020-12-22","purchased_purges":2,"victory":false,"max_hp_per_floor":[75,75,75,75,80,80,80,80,80,80,80,80,87,87,87,87,87,87,87,87,87,87,87,87,87,87,87,87,87,90,90,90,90,90,93,93,93,93,93,93,96,99,99,102,102,102,102,102,102,106,106,106],"card_choices":[{"not_picked":["Replay:Many Hands","Barricade"],"picked":"Reaper","floor":0.0},{"not_picked":["Clothesline","Havoc"],"picked":"conspire:ExplosiveBarrier","floor":1.0},{"not_picked":["Body Slam","True Grit"],"picked":"hubris:CleavingFinish","floor":3.0},{"not_picked":["Twin Strike","Iron Wave","infinitespire:OneForAll"],"picked":"SKIP","floor":8.0},{"not_picked":["Pommel Strike","Entrench","Havoc"],"picked":"SKIP","floor":10.0},{"not_picked":["Clash","Pommel Strike"],"picked":"Juggernaut","floor":13.0},{"not_picked":["Life Link","conspire:Charge","Armaments"],"picked":"SKIP","floor":14.0},{"not_picked":["Bludgeon","Double Tap"],"picked":"Demon Form","floor":16.0},{"not_picked":["Wild Strike","Perfected Strike","Havoc"],"picked":"SKIP","floor":18.0},{"not_picked":["Heavy Blade","Thunderclap+1"],"picked":"Juggernaut","floor":21.0},{"not_picked":["Body Slam","Rampage","Havoc"],"picked":"SKIP","floor":22.0},{"not_picked":["Armaments","Wild Strike"],"picked":"Uppercut","floor":24.0},{"not_picked":["hubris:ReadiedAction","ReplayTheSpireMod:Stacked","Flex"],"picked":"SKIP","floor":27},{"not_picked":["Blood for Blood","Perfected Strike"],"picked":"Feed","floor":29},{"not_picked":["Flex+1","Fire Breathing","Clothesline"],"picked":"SKIP","floor":30},{"not_picked":["True Grit","Hemokinesis"],"picked":"Feel No Pain","floor":31},{"not_picked":["Hemogenesis","Bludgeon"],"picked":"Limit Break","floor":33},{"not_picked":["ReplayTheSpireMod:Strike From Hell","Iron Wave","Combust"],"picked":"SKIP","floor":35},{"not_picked":["Seeing Red","Blood for Blood","Iron Wave"],"picked":"SKIP","floor":36},{"not_picked":["Uppercut","Power Through+1"],"picked":"Twin Strike+1","floor":39},{"not_picked":["Limit Break","True Grit","conspire:Charge+1"],"picked":"SKIP","floor":41},{"not_picked":["ReplayReversal","Havoc+1","Iron Wave+1"],"picked":"SKIP","floor":42},{"not_picked":["Clash","Life Link"],"picked":"Metallicize","floor":44},{"not_picked":["hubris:Fate","ReplayTheSpireMod:Chaos Vortex"],"picked":"infinitespire:Collect","floor":46},{"not_picked":["Dropkick","Rage","Hemokinesis+1"],"picked":"SKIP","floor":48}],"player_experience":918874,"relics_obtained":[{"floor":3.0,"key":"infinitespire:Bottled Soul"},{"floor":7.0,"key":"Akabeko"},{"floor":10.0,"key":"trackpad:Mousetrap"},{"floor":13.0,"key":"Strawberry"},{"floor":24.0,"key":"trackpad:IceCube"},{"floor":26,"key":"aspiration:Lifesprig"},{"floor":28,"key":"Toy Ornithopter"},{"floor":29,"key":"trackpad:ToughGloves"},{"floor":31,"key":"Bag of Marbles"},{"floor":43,"key":"Juzu Bracelet"},{"floor":44,"key":"Red Skull"},{"floor":45,"key":"hubris:DuctTape"},{"floor":48,"key":"Self Forming Clay"}],"event_choices":[{"damage_healed":0.0,"max_hp_gain":5.0,"max_hp_loss":0.0,"gold_gain":0.0,"event_name":"Big Fish","player_choice":"Donut","floor":5.0,"gold_loss":0.0,"damage_taken":0.0},{"cards_removed":["Strike_R"],"damage_healed":0,"gold_gain":0,"player_choice":"Removed Attack","damage_taken":0,"max_hp_gain":0,"max_hp_loss":0,"event_name":"Falling","floor":37,"gold_loss":0},{"damage_healed":0,"gold_gain":0,"player_choice":"Ignored","damage_taken":0,"max_hp_gain":0,"max_hp_loss":0,"event_name":"SecretPortal","floor":47,"gold_loss":0}],"is_beta":false,"boss_relics":[{"not_picked":["ReplayTheSpireMod:DimensionalGlitch","vexMod:NewClearReactor"],"picked":"hubris:CrackedHourglass"},{"not_picked":["SlaversCollar","Kintsugi"],"picked":"conspire:SeveredTorchhead"}],"items_purged_floors":[0,0],"is_endless":false,"potions_floor_spawned":[8,10,27,30,33,35,41,42,48],"killed_by":"conspire:OrnateMirror","ascension_level":20}}