{"host":"vm8b3ptwl81uq21f","time":1609357048,"event":{"mods":["BaseMod","BetterRewards","Colored Map","Colored Powertips","Downfall","GifTheSpireLib","Googly Eyes","GungeonMod","Halation","Hubris","Infinite Spire","Minty Spire (QoL Compilation)","Quick Restart","Rare Cards Sparkle","Replay The Spire","Shop Mod","StSLib","Stuff the Spire","The Bug Knight","The IronCluck","[IsaacMod]????"],"gold_per_floor":[115,115,115,115,33,62,62,72,72,126,179,243,243,256,256,361,361,373,460,0,11,11,11,37,37,37,37,52,63,74,95,108,108,108,206,206,218,232,76,125,125,144,42,55,124,124,137,137,137,156,156,656],"floor_reached":53,"playtime":2446,"items_purged":["DemoMod:RustySidearm","DemoMod:CrossBow","DemoMod:Strike_Huntress","DemoMod:Defend_Huntress"],"score":964,"play_id":"2a0fe0ac-184a-4ed3-b5bb-4c1c5b6e9fea","local_time":"20201230143728","is_ascension_mode":false,"campfire_choices":[{"data":"DemoMod:Ejector","floor":13,"key":"PURGE"},{"data":"DemoMod:FeignSurrender","floor":15,"key":"SMITH"},{"data":"DemoMod:Defend_Huntress","floor":23,"key":"PURGE"},{"data":"DemoMod:HungryBullets","floor":25,"key":"SMITH"},{"data":"DemoMod:AWP","floor":27,"key":"SMITH"},{"data":"DemoMod:AWP","floor":33,"key":"SMITH"},{"floor":49,"key":"REST"},{"data":"DemoMod:Replace","floor":49,"key":"SMITH"},{"data":"DemoMod:Roll","floor":51,"key":"PURGE"}],"circlet_count":0,"master_deck":["DemoMod:ManualReload+1","DemoMod:ManualReload","DemoMod:AWP+1","DemoMod:EasyReloadBullets+1","DemoMod:Replace+1","DemoMod:FeignSurrender+1","DemoMod:AWP+1","DemoMod:BattleInHaste","DemoMod:HardPowerCard","DemoMod:HungryBullets+1","DemoMod:Eureka","DemoMod:FeignSurrender+1","DemoMod:PracticeMakesPerfect","DemoMod:HardPowerCard+1","DemoMod:Unmoved","DemoMod:HungryBullets+1"],"relics":["DemoMod:Dog","HushsDoor","MaYiHuaBei","infinitespire:Magic Flask","Peace Pipe","DemoMod:GundromedaStrain","StuffTheSpire:Gunfinga","DemoMod:PoisonVial","Shuriken","DemoMod:GlassGuonStoneRelic","halation:SmartPhone","Incubus","DemoMod:BlueGuonStone","StuffTheSpire:OldFever","GremlinMask","infinitespire:EmpoweringShard","DemoMod:RatBoots","DemoMod:ResourcefulSack","DemoMod:PartiallyEatenCheese","DemoMod:ElasticCartridgeClip","StuffTheSpire:GrapeVine","hubris:Zylophone","MerchantsRug","DollysMirror","Mummified Hand","hubris:Icosahedron"],"acts_visited":["Exordium","TheCity","DemoMod:Maze","TheBeyond"],"potions_floor_usage":[28,35,52],"damage_taken":[{"damage":0,"enemies":"Cultist","floor":1,"turns":2},{"damage":5,"enemies":"Small Slimes","floor":3,"turns":2},{"damage":14,"enemies":"Gremlin Nob","floor":6,"turns":3},{"damage":0,"enemies":"infinitespire:Voidling","floor":8,"turns":1},{"damage":0,"enemies":"3 Sentries","floor":10,"turns":2},{"damage":0,"enemies":"Lagavulin Event","floor":12,"turns":2},{"damage":0,"enemies":"3 Louse","floor":14,"turns":3},{"damage":18,"enemies":"The Guardian","floor":16,"turns":7},{"damage":0,"enemies":"Shell Parasite","floor":18,"turns":2},{"damage":0,"enemies":"Hiden Room Battle","floor":19,"turns":2},{"damage":0,"enemies":"Cultist and Chosen","floor":21,"turns":2},{"damage":0,"enemies":"HollowMod:Nosk","floor":24,"turns":3},{"damage":0,"enemies":"DemoMod:Veteran_shot_gun_kin_and_bullet_kin","floor":28,"turns":2},{"damage":0,"enemies":"DemoMod:Red_and_blue_shotgun_kin","floor":29,"turns":1},{"damage":8,"enemies":"DemoMod:Veteran_shot_gun_kin_and_blue_shotgun_kin_with_gunsinger","floor":30,"turns":2},{"damage":0,"enemies":"DemoMod:Red_and_blue_shotgun_kin_with_gunsinger","floor":31,"turns":2},{"damage":2,"enemies":"DemoMod:Veteran_shot_gun_kin_and_red_shotgun_kin_with_gunsinger","floor":32,"turns":1},{"damage":0,"enemies":"DemoMod:ResourcefulRat","floor":35,"turns":8},{"damage":0,"enemies":"3 Shapes","floor":37,"turns":1},{"damage":0,"enemies":"Orb Walker","floor":38,"turns":2},{"damage":0,"enemies":"2 Orb Walkers","floor":40,"turns":2},{"damage":0,"enemies":"Jaw Worm Horde","floor":42,"turns":2},{"damage":0,"enemies":"Spire Growth","floor":44,"turns":2},{"damage":0,"enemies":"4 Shapes","floor":47,"turns":2},{"damage":0,"enemies":"Transient","floor":50,"turns":5},{"damage":0,"enemies":"Awakened One","floor":52,"turns":6}],"seed_played":"5684420644011124694","potions_obtained":[{"floor":6,"key":"Milkshake"},{"floor":8,"key":"SpeedPotion"},{"floor":11,"key":"sneckomod:MuddlingPotion"},{"floor":16,"key":"hexamod:EctoCoolerPotion"},{"floor":24,"key":"Guardian:BlockOnCardUsePotion"},{"floor":29,"key":"Block Potion"},{"floor":32,"key":"EssenceOfSteel"},{"floor":38,"key":"SteroidPotion"},{"floor":41,"key":"hexamod:EctoCoolerPotion"}],"is_trial":false,"path_per_floor":["M","T","M","?","$","E","?","M","T","E","?","?","R","M","R_BF","B",null,"M","?","$","M","?","R","E","R","T","R","M","M","M","M","M","R","B","B",null,"M","M","$","?","?","M","$","M","T","?","M","?","R","M","R_BF","B",null],"character_chosen":"HUNTRESS","items_purchased":["Diplopia","DemoMod:AWP","DemoMod:GnawedKey","DemoMod:MeatBun","DemoMod:Purify","DemoMod:EasyReloadBullets+1","DemoMod:Replace","Pear","hubris:FunFungus","DemoMod:AWP","Incubus","StuffTheSpire:OldFever","Orichalcum","DemoMod:Purify","DemoMod:PracticeMakesPerfect","StuffTheSpire:GrapeVine","DemoMod:Unmoved","MerchantsRug","DollysMirror"],"campfire_rested":1,"item_purchase_floors":[0,0,0,0,0,0,0,0,0,5,17,20,20,20,20,39,43,43,43],"current_hp_per_floor":[68,68,63,63,63,51,51,51,51,51,51,51,51,51,51,35,60,54,54,48,48,48,48,50,50,60,60,60,60,46,46,44,44,44,51,60,60,60,60,60,60,60,48,48,48,48,48,48,60,60,60,60],"gold":656,"neow_bonus":"","is_daily":false,"chose_seed":false,"campfire_upgraded":5,"win_rate":0.0,"timestamp":1609357048,"path_taken":["M","?","M","?","$","E","?","M","T","E","?","?","R","?","R_BF","BOSS","M","?","$","M","?","R","E","R","T","R","M","M","M","M","M","R","BOSS","BOSS","M","M","$","?","?","M","$","?","T","?","M","?","R","M","R_BF","BOSS"],"items_purchased_type":["Relic","Card","Relic","Relic","Card","Card","Card","Relic","Relic","Card","Relic","Relic","Relic","Card","Card","Relic","Card","Relic","Relic"],"build_version":"2020-12-22","purchased_purges":4,"victory":true,"max_hp_per_floor":[80,80,80,80,80,80,80,80,80,80,80,80,80,80,80,80,60,60,60,60,60,60,60,60,60,60,60,60,60,60,60,60,60,60,60,60,60,60,60,60,60,60,60,60,60,60,60,60,60,60,60,60],"card_choices":[{"not_picked":["DemoMod:ConditionalReflex","DemoMod:StickyCrossBow"],"picked":"DemoMod:FeignSurrender","floor":1},{"not_picked":["DemoMod:SniperShot","DemoMod:Unmoved","DemoMod:AWP"],"picked":"SKIP","floor":3},{"not_picked":["DemoMod:FeignSurrender","DemoMod:BlackHoleGun"],"picked":"Bomb","floor":6},{"not_picked":["DemoMod:DoubleSwitch","DemoMod:Casey"],"picked":"DemoMod:BattleInHaste","floor":8},{"not_picked":["DemoMod:SkilledReload","DemoMod:Polaris"],"picked":"Bomb","floor":10},{"not_picked":["DemoMod:AWP","DemoMod:PotionOfGunFriendShip"],"picked":"DemoMod:Purify","floor":11},{"not_picked":["DemoMod:ProbeStrike","DemoMod:FullFirepower"],"picked":"DemoMod:HardPowerCard","floor":12},{"not_picked":["DemoMod:AC15","DemoMod:Unity"],"picked":"DemoMod:HungryBullets","floor":14},{"not_picked":["DemoMod:Elimentaler","DemoMod:Desperate"],"picked":"DemoMod:Eureka","floor":16},{"not_picked":["DemoMod:GunstockTap","DemoMod:SAA"],"picked":"DemoMod:FeignSurrender+1","floor":18},{"not_picked":["DemoMod:TeaPot","DemoMod:HighKaliber+1","DemoMod:AC15"],"picked":"SKIP","floor":21},{"not_picked":["DemoMod:Replace","DemoMod:Rummage","DemoMod:BattleInHaste+1"],"picked":"SKIP","floor":24},{"not_picked":["DemoMod:AC15+1","DemoMod:ChanceBullets+1","DemoMod:MegaHand+1"],"picked":"SKIP","floor":28},{"not_picked":["DemoMod:Replace","DemoMod:GunstockTap+1","DemoMod:JK47"],"picked":"SKIP","floor":29},{"not_picked":["DemoMod:HuntsMan","DemoMod:SAA+1"],"picked":"DemoMod:HardPowerCard+1","floor":30},{"not_picked":["DemoMod:HighKaliber","DemoMod:Rummage+1","DemoMod:PracticeMakesPerfect"],"picked":"SKIP","floor":31},{"not_picked":["DemoMod:TripleGun+1","DemoMod:CursedBullets+1","DemoMod:GunShield"],"picked":"SKIP","floor":32},{"not_picked":["DemoMod:PotionOfGunFriendShip+1","DemoMod:LifeOrb"],"picked":"DemoMod:FastSwitch","floor":36},{"not_picked":["DemoMod:DoubleSwitch","DemoMod:TeaPot","DemoMod:PracticeMakesPerfect"],"picked":"SKIP","floor":37},{"not_picked":["DemoMod:DoubleSwitch","DemoMod:BoxingGlove","DemoMod:LifeOrb+1"],"picked":"SKIP","floor":38},{"not_picked":["DemoMod:FastSwitch","DemoMod:DoubleSwitch","DemoMod:EasyReloadBullets"],"picked":"SKIP","floor":42},{"not_picked":["DemoMod:LifeOrb","DemoMod:FastSwitch+1","DemoMod:CursedBullets"],"picked":"SKIP","floor":44},{"not_picked":["DemoMod:Rummage","DemoMod:HardPowerCard+1","DemoMod:PracticeMakesPerfect+1"],"picked":"SKIP","floor":47},{"not_picked":["DemoMod:BattleInHaste+1","DemoMod:BulletBore","DemoMod:Casey+1"],"picked":"SKIP","floor":50}],"player_experience":333214,"relics_obtained":[{"floor":2,"key":"DemoMod:GundromedaStrain"},{"floor":6,"key":"StuffTheSpire:PointBlank"},{"floor":9,"key":"StuffTheSpire:Gunfinga"},{"floor":10,"key":"MealTicket"},{"floor":11,"key":"DemoMod:PoisonVial"},{"floor":19,"key":"DemoMod:BlueGuonStone"},{"floor":19,"key":"DemoMod:LamentConfigurum"},{"floor":24,"key":"infinitespire:EmpoweringShard"},{"floor":36,"key":"DemoMod:RatBoots"},{"floor":36,"key":"DemoMod:ResourcefulSack"},{"floor":36,"key":"DemoMod:PartiallyEatenCheese"},{"floor":36,"key":"DemoMod:ElasticCartridgeClip"},{"floor":40,"key":"hubris:Zylophone"},{"floor":45,"key":"Mummified Hand"}],"event_choices":[{"damage_healed":0,"gold_gain":0,"cards_transformed":["DemoMod:Strike_Huntress"],"player_choice":"Transformed","damage_taken":0,"max_hp_gain":0,"max_hp_loss":0,"event_name":"Transmorgrifier","floor":7,"gold_loss":0,"cards_obtained":["DemoMod:Ejector"]},{"damage_healed":0,"gold_gain":30,"player_choice":"Searched \u00273\u0027 times","damage_taken":0,"relics_obtained":["Shuriken"],"max_hp_gain":0,"max_hp_loss":0,"event_name":"Dead Adventurer","floor":12,"gold_loss":0},{"damage_healed":0,"gold_gain":0,"player_choice":"Fight","damage_taken":0,"max_hp_gain":0,"max_hp_loss":0,"event_name":"HidenRoomEvent","floor":19,"gold_loss":0},{"damage_healed":0,"gold_gain":0,"player_choice":"Trade","damage_taken":0,"relics_obtained":["GremlinMask"],"max_hp_gain":0,"max_hp_loss":0,"event_name":"FaceTrader","floor":22,"gold_loss":0},{"damage_healed":0,"gold_gain":0,"player_choice":"Fight","damage_taken":0,"max_hp_gain":0,"max_hp_loss":0,"event_name":"Mysterious Sphere","floor":40,"gold_loss":0},{"damage_healed":0,"gold_gain":0,"player_choice":"Got Potions","damage_taken":0,"max_hp_gain":0,"max_hp_loss":0,"event_name":"Lab","floor":41,"gold_loss":0},{"cards_removed":["DemoMod:FastSwitch"],"damage_healed":0,"gold_gain":0,"player_choice":"Purged","damage_taken":0,"max_hp_gain":0,"max_hp_loss":0,"event_name":"Purifier","floor":46,"gold_loss":0}],"is_beta":false,"boss_relics":[{"not_picked":["Runic Dome","infinitespire:Cupcake"],"picked":"halation:SmartPhone"},{"not_picked":[]},{"not_picked":[]}],"items_purged_floors":[0,0,20,43],"is_endless":false,"potions_floor_spawned":[6,8,14,16,24,29,31,32,38,40,44,50],"ascension_level":0}}