{"host":"j29osl8nelwi4hyu","time":1609369288,"event":{"mods":["BaseMod","Colored Powertips","Hubris","Infinite Spire","Minty Spire (QoL Compilation)","Replay The Spire","StSLib"],"gold_per_floor":[109,109,109,109,119,147,147,180,204,204,230,240,260,287,287,390,390,407,407,421,336,261,261,276,288,337,337,337],"floor_reached":27,"playtime":1055,"items_purged":[],"score":325,"play_id":"bdf7a355-aedb-484f-919f-4757eccdd05a","local_time":"20201230150128","is_ascension_mode":true,"campfire_choices":[{"data":"ReplayTheSpireMod:Omega Cannon","floor":7.0,"key":"SMITH"},{"floor":10.0,"key":"REST"},{"floor":15.0,"key":"REST"},{"data":"Defragment","floor":23.0,"key":"SMITH"}],"circlet_count":0,"master_deck":["Strike_B","Strike_B+1","Strike_B","Defend_B","Defend_B","Defend_B","Defend_B+1","Zap","Dualcast","ReplayTheSpireMod:Omega Cannon+1","Coolheaded","Defragment+1","Panic Button","BootSequence","Ball Lightning","Leap","Undo","hubris:Prefetch","Amplify","Sweeping Beam+1","Necronomicurse","Turbo","Skim"],"relics":["Cracked Core","hubris:Towel","Regal Pillow","infinitespire:Satchel","Replay:Antivirus Software","Replay:Wax Seal","Simple Rune","hubris:ScarierMask","Necronomicon","Bronze Scales"],"acts_visited":["Exordium","TheCity"],"potions_floor_usage":[27],"damage_taken":[{"damage":7.0,"enemies":"Small Slimes","floor":1.0,"turns":2.0},{"damage":0.0,"enemies":"2 Louse","floor":5.0,"turns":1.0},{"damage":32.0,"enemies":"Gremlin Nob","floor":6.0,"turns":4.0},{"damage":16.0,"enemies":"3 Sentries","floor":8.0,"turns":5.0},{"damage":32.0,"enemies":"Gremlin Nob","floor":11.0,"turns":4.0},{"damage":0.0,"enemies":"Jaw Worm","floor":12.0,"turns":2.0},{"damage":4.0,"enemies":"Red Slaver","floor":13.0,"turns":2.0},{"damage":5.0,"enemies":"3 Sentries","floor":14.0,"turns":5.0},{"damage":33.0,"enemies":"Slime Boss","floor":16.0,"turns":9.0},{"damage":0.0,"enemies":"Chosen","floor":18.0,"turns":6.0},{"damage":0.0,"enemies":"3 Byrds","floor":20.0,"turns":2.0},{"damage":5,"enemies":"Centurion and Healer","floor":24,"turns":3},{"damage":28,"enemies":"Snake Plant","floor":25,"turns":4},{"damage":16,"enemies":"Book of Stabbing","floor":27,"turns":2}],"seed_played":"-1493361431220799038","potions_obtained":[{"floor":5.0,"key":"Languid Potion"},{"floor":11.0,"key":"PotionOfCapacity"},{"floor":12.0,"key":"Elixir"},{"floor":14.0,"key":"Explosive Potion"},{"floor":24,"key":"Energy Potion"},{"floor":25,"key":"BlessingOfTheForge"}],"is_trial":false,"path_per_floor":["M","?","?","?","M","E","R","E","T","R","E","M","M","E","R","B",null,"M","?","M","?","?","R","M","M","T","E"],"character_chosen":"DEFECT","items_purchased":[],"campfire_rested":2,"item_purchase_floors":[],"current_hp_per_floor":[61,61,61,75,75,43,43,27,27,64,32,32,28,23,60,27,63,63,47,47,47,47,47,42,14,14,0,0],"gold":337,"neow_bonus":"ONE_RANDOM_RARE_CARD","is_daily":false,"chose_seed":false,"campfire_upgraded":2,"win_rate":0.0,"timestamp":1609369288,"path_taken":["M","?","?","?","M","E","R","E","T","R","E","M","M","E","R","BOSS","M","?","M","?","?","R","M","M","T","E"],"items_purchased_type":[],"build_version":"2020-12-22","purchased_purges":0,"victory":false,"max_hp_per_floor":[75,75,75,75,75,75,75,75,75,75,75,75,75,75,75,75,75,75,75,75,75,75,75,75,75,75,75,75],"card_choices":[{"not_picked":["Barrage","Sweeping Beam"],"picked":"Coolheaded","floor":1.0},{"not_picked":["Loop","Self Repair"],"picked":"Defragment","floor":5.0},{"not_picked":["Turbo","Recycle"],"picked":"Panic Button","floor":6.0},{"not_picked":["Conserve Battery","Stack"],"picked":"BootSequence","floor":8.0},{"not_picked":["Blizzard","Sweeping Beam"],"picked":"Ball Lightning","floor":11.0},{"not_picked":["Cold Snap","Coolheaded"],"picked":"Leap","floor":12.0},{"not_picked":["ReplayGash","Recycle"],"picked":"Undo","floor":13.0},{"not_picked":["hubris:SpecializedCircuitry","Rip and Tear"],"picked":"hubris:Prefetch","floor":14.0},{"not_picked":["hubris:SpecializedCircuitry","Meteor Strike"],"picked":"Amplify","floor":16.0},{"not_picked":["Stack","Panic Button"],"picked":"Sweeping Beam+1","floor":18.0},{"not_picked":["Sweeping Beam","Gash"],"picked":"Turbo","floor":20.0},{"not_picked":["Blizzard","Hologram","Coolheaded"],"picked":"SKIP","floor":24},{"not_picked":["Reprogram","Barrage"],"picked":"Skim","floor":25}],"player_experience":300900,"relics_obtained":[{"floor":6.0,"key":"Regal Pillow"},{"floor":8.0,"key":"infinitespire:Satchel"},{"floor":9.0,"key":"Replay:Antivirus Software"},{"floor":11.0,"key":"Replay:Wax Seal"},{"floor":14.0,"key":"Simple Rune"},{"floor":19.0,"key":"Necronomicon"}],"event_choices":[{"damage_healed":25.0,"max_hp_gain":0.0,"max_hp_loss":0.0,"gold_gain":0.0,"event_name":"Big Fish","player_choice":"Banana","floor":4.0,"gold_loss":0.0,"damage_taken":0.0},{"damage_healed":0.0,"max_hp_gain":0.0,"max_hp_loss":0.0,"gold_gain":0.0,"event_name":"Cursed Tome","player_choice":"Obtained Book","floor":19.0,"gold_loss":0.0,"damage_taken":16.0},{"damage_healed":0.0,"max_hp_gain":0.0,"max_hp_loss":0.0,"gold_gain":0.0,"event_name":"Addict","player_choice":"Obtained Relic","floor":21.0,"gold_loss":85.0,"damage_taken":0.0,"relics_obtained":["Bronze Scales"]},{"cards_removed":["Strike_B"],"damage_healed":0.0,"max_hp_gain":0.0,"max_hp_loss":0.0,"gold_gain":0.0,"event_name":"Beggar","player_choice":"Gave Gold","floor":22.0,"gold_loss":75.0,"damage_taken":0.0}],"is_beta":false,"boss_relics":[{"not_picked":["hubris:Stopwatch","Fusion Hammer"],"picked":"hubris:ScarierMask"}],"items_purged_floors":[],"is_endless":false,"potions_floor_spawned":[5,11,12,14,24,25],"killed_by":"Book of Stabbing","ascension_level":7}}