{"host":"pyvkqaq4yb2dtxwu","time":1609359205,"event":{"mods":["AchievementEnabler","BaseMod","Colored Map","Colored Powertips","DeckTracker","Minty Spire (QoL Compilation)"],"gold_per_floor":[118,135,145,164,144,172,172,204,230,250,261,186,203,215,215,319,319,330,348,367,385,585,585,615,627,666,698,710,422,440,440,440,538,538,548,567,62,75,75,75,75,125,125,125,142,142,63,93,93,93,93],"floor_reached":50,"playtime":5306,"items_purged":["Strike_G","Strike_G","Strike_G"],"score":531,"play_id":"b00efaca-e6a6-4cf5-9cdf-08a6dbd77c78","local_time":"20201230121325","is_ascension_mode":false,"campfire_choices":[{"floor":7.0,"key":"REST"},{"floor":15.0,"key":"REST"},{"floor":23,"key":"REST"},{"floor":25,"key":"REST"},{"floor":28,"key":"REST"},{"data":"After Image","floor":32,"key":"SMITH"},{"data":"Noxious Fumes","floor":40,"key":"SMITH"},{"data":"After Image","floor":44,"key":"SMITH"},{"floor":46,"key":"REST"},{"floor":49,"key":"REST"}],"circlet_count":0,"master_deck":["Strike_G","Strike_G","Defend_G","Defend_G","Defend_G","Defend_G","Defend_G","Survivor","Neutralize","Glass Knife","Quick Slash","Noxious Fumes+1","Backflip","Outmaneuver","Acrobatics","Glass Knife","PiercingWail","Acrobatics","Adrenaline","After Image+1","Slice","Sucker Punch+1","Bouncing Flask+1","Distraction","Choke+1","Deflect","After Image+1","Tools of the Trade","Acrobatics+1","Tactician","Parasite","Deadly Poison","Enlightenment","Writhe","Escape Plan","Outmaneuver"],"relics":["Ring of the Snake","Orichalcum","Nunchaku","Bag of Marbles","Busted Crown","MawBank","Snake Skull","Oddly Smooth Stone","SlaversCollar","CaptainsWheel","Shovel","Regal Pillow","Smiling Mask"],"acts_visited":["Exordium","TheCity","TheBeyond"],"potions_floor_usage":[24,30,50,50],"damage_taken":[{"damage":0.0,"enemies":"Small Slimes","floor":1.0,"turns":3.0},{"damage":0.0,"enemies":"Cultist","floor":2.0,"turns":3.0},{"damage":0.0,"enemies":"2 Louse","floor":3.0,"turns":3.0},{"damage":8.0,"enemies":"Lots of Slimes","floor":4.0,"turns":4.0},{"damage":24.0,"enemies":"3 Sentries","floor":6.0,"turns":7.0},{"damage":23.0,"enemies":"Lagavulin","floor":8.0,"turns":8.0},{"damage":4.0,"enemies":"Blue Slaver","floor":10.0,"turns":5.0},{"damage":0.0,"enemies":"Large Slime","floor":11.0,"turns":1.0},{"damage":0.0,"enemies":"Looter","floor":13.0,"turns":1.0},{"damage":0.0,"enemies":"3 Louse","floor":14.0,"turns":4.0},{"damage":27.0,"enemies":"Hexaghost","floor":16.0,"turns":11.0},{"damage":4.0,"enemies":"Spheric Guardian","floor":18.0,"turns":6.0},{"damage":1.0,"enemies":"Chosen","floor":19.0,"turns":5.0},{"damage":14.0,"enemies":"3 Cultists","floor":20.0,"turns":6.0},{"damage":28.0,"enemies":"Snake Plant","floor":21.0,"turns":5.0},{"damage":39,"enemies":"Gremlin Leader","floor":24,"turns":7},{"damage":6,"enemies":"Centurion and Healer","floor":27,"turns":6},{"damage":0,"enemies":"Snecko","floor":30,"turns":4},{"damage":22,"enemies":"Automaton","floor":33,"turns":11},{"damage":24,"enemies":"3 Darklings","floor":35,"turns":5},{"damage":3,"enemies":"3 Shapes","floor":36,"turns":5},{"damage":8,"enemies":"Writhing Mass","floor":38,"turns":7},{"damage":0,"enemies":"Mind Bloom Boss Battle","floor":42,"turns":6},{"damage":0,"enemies":"Jaw Worm Horde","floor":45,"turns":4},{"damage":20,"enemies":"Giant Head","floor":48,"turns":9},{"damage":72,"enemies":"Time Eater","floor":50,"turns":10}],"seed_played":"-4114766101346206156","potions_obtained":[{"floor":2.0,"key":"Swift Potion"},{"floor":3.0,"key":"Poison Potion"},{"floor":4.0,"key":"Weak Potion"},{"floor":5.0,"key":"EssenceOfSteel"},{"floor":10.0,"key":"GamblersBrew"},{"floor":19.0,"key":"AttackPotion"},{"floor":20.0,"key":"GamblersBrew"},{"floor":24,"key":"AttackPotion"},{"floor":30,"key":"GhostInAJar"},{"floor":35,"key":"Strength Potion"},{"floor":48,"key":"SpeedPotion"}],"is_trial":false,"path_per_floor":["M","M","M","M","?","E","R","E","T","M","M","$","M","M","R","B",null,"M","M","M","M","?","R","E","R","T","M","R","$","M","?","R","B",null,"M","M","$","M","?","R","?","?","T","R","M","R","$","E","R","B"],"character_chosen":"THE_SILENT","items_purchased":["Deflect","Oddly Smooth Stone","Tactician","CaptainsWheel","Escape Plan"],"campfire_rested":7,"item_purchase_floors":[29,29,37,37,47],"current_hp_per_floor":[70,70,70,62,62,38,59,36,36,32,32,32,32,32,53,26,70,66,65,51,23,23,44,5,26,26,20,41,41,41,41,41,19,70,46,43,43,35,35,35,53,53,53,53,53,70,70,50,70,0,0],"gold":93,"neow_bonus":"ONE_RANDOM_RARE_CARD","is_daily":false,"chose_seed":false,"campfire_upgraded":3,"win_rate":0.0,"timestamp":1609359205,"path_taken":["M","M","M","M","?","E","R","E","T","M","M","?","M","M","R","BOSS","M","M","M","?","?","R","E","R","T","M","R","$","?","?","R","BOSS","M","?","$","M","?","R","?","?","T","R","M","R","?","E","R","BOSS"],"items_purchased_type":["Card","Relic","Card","Relic","Card"],"build_version":"2020-12-22","purchased_purges":3,"victory":false,"max_hp_per_floor":[70,70,70,70,70,70,70,70,70,70,70,70,70,70,70,70,70,70,70,70,70,70,70,70,70,70,70,70,70,70,70,70,70,70,70,70,70,70,70,70,70,70,70,70,70,70,70,70,70,70,70],"card_choices":[{"not_picked":["Sucker Punch","Dash"],"picked":"Quick Slash","floor":1.0},{"not_picked":["Bouncing Flask","Expertise"],"picked":"Noxious Fumes","floor":2.0},{"not_picked":["Blur","Deflect"],"picked":"Backflip","floor":3.0},{"not_picked":["Catalyst","Caltrops"],"picked":"Outmaneuver","floor":4.0},{"not_picked":["Well Laid Plans","Flying Knee"],"picked":"Acrobatics","floor":6.0},{"not_picked":["Heel Hook","Phantasmal Killer"],"picked":"Glass Knife","floor":8.0},{"not_picked":["All Out Attack","Predator","Terror"],"picked":"SKIP","floor":10.0},{"not_picked":["Dagger Throw","Dagger Spray"],"picked":"PiercingWail","floor":11.0},{"not_picked":["Sucker Punch","Quick Slash"],"picked":"Acrobatics","floor":13.0},{"not_picked":["Outmaneuver","Dash"],"picked":"Adrenaline","floor":14.0},{"not_picked":["Doppelganger","Night Terror"],"picked":"After Image","floor":16.0},{"not_picked":["Sucker Punch"],"picked":"SKIP","floor":18.0},{"not_picked":[],"picked":"Slice","floor":19.0},{"not_picked":[],"picked":"Sucker Punch+1","floor":20.0},{"not_picked":[],"picked":"Bouncing Flask+1","floor":21.0},{"not_picked":[],"picked":"Distraction","floor":24},{"not_picked":[],"picked":"Choke+1","floor":27},{"not_picked":["Flying Knee+1"],"picked":"SKIP","floor":30},{"not_picked":[],"picked":"Tools of the Trade","floor":33},{"not_picked":["Dagger Throw+1"],"picked":"SKIP","floor":35},{"not_picked":[],"picked":"Acrobatics+1","floor":36},{"not_picked":[],"picked":"Deadly Poison","floor":38},{"not_picked":[],"picked":"Enlightenment","floor":39},{"not_picked":["Masterful Stab"],"picked":"SKIP","floor":45},{"not_picked":[],"picked":"Outmaneuver","floor":48}],"player_experience":80912,"relics_obtained":[{"floor":6.0,"key":"Orichalcum"},{"floor":8.0,"key":"Nunchaku"},{"floor":9.0,"key":"Bag of Marbles"},{"floor":24,"key":"MawBank"},{"floor":26,"key":"Snake Skull"},{"floor":42,"key":"Shovel"},{"floor":43,"key":"Regal Pillow"},{"floor":48,"key":"Smiling Mask"}],"event_choices":[{"damage_healed":0.0,"max_hp_gain":0.0,"max_hp_loss":0.0,"gold_gain":0.0,"event_name":"The Woman in Blue","player_choice":"Bought 1 Potion","floor":5.0,"gold_loss":0.0,"damage_taken":0.0},{"damage_healed":0.0,"max_hp_gain":0.0,"max_hp_loss":0.0,"gold_gain":200.0,"event_name":"Wheel of Change","player_choice":"Gold","floor":22.0,"gold_loss":0.0,"damage_taken":0.0},{"damage_healed":0,"gold_gain":0,"player_choice":"Copied","damage_taken":0,"max_hp_gain":0,"max_hp_loss":0,"event_name":"Duplicator","floor":31,"gold_loss":0,"cards_obtained":["After Image"]},{"damage_healed":0,"gold_gain":0,"player_choice":"Memory 1","damage_taken":0,"max_hp_gain":0,"max_hp_loss":0,"event_name":"SensoryStone","floor":39,"gold_loss":0},{"damage_healed":18,"gold_gain":0,"player_choice":"Writhe","damage_taken":0,"max_hp_gain":0,"max_hp_loss":0,"event_name":"Winding Halls","floor":41,"gold_loss":0,"cards_obtained":["Writhe"]},{"damage_healed":0,"gold_gain":0,"player_choice":"Fight","damage_taken":0,"max_hp_gain":0,"max_hp_loss":0,"event_name":"MindBloom","floor":42,"gold_loss":0}],"is_beta":false,"boss_relics":[{"not_picked":["Fusion Hammer","Velvet Choker"],"picked":"Busted Crown"},{"not_picked":["Tiny House","Black Star"],"picked":"SlaversCollar"}],"items_purged_floors":[12,29,37],"is_endless":false,"potions_floor_spawned":[2,3,4,10,14,19,20,24,30,35,38,48],"killed_by":"Time Eater","ascension_level":0}}