{"host":"tvwbxqry54t86y0v","time":1609332384,"event":{"mods":["2.2 Compatiblity","A Magickal Journey","Astrologer","BaseMod","Beaked The Cultist","BetterRewards","Block Reminder","Clockwork Mod","Colored Powertips","DeckTracker","Downfall","GungeonMod","Hermit","Hubris","Infinite Spire","Ironclad Rager","Marked Mod","Mimic Mod","Minty Spire (QoL Compilation)","Potionbrewer","Replay The Spire","Shade Mod","Somnambulant","StSLib","The Bug Knight","The Cursed","The Druid","The Elementalist","The Exalted","The Forsaken","The Hierophant","The Jungle","The Marked","The Mystic","The Problem Sleuth","The Runesmith","The Senshi","The Spell Scribe","The Valiant","The Wild Card","TheFirefly","TheHeartMod","Unceasing Turn Reminder","thorton"],"gold_per_floor":[111,161,161,2,21,47,75,75,156,156,190,209,209,220,220,325,325,335,37,37,101,41,41,41,41,65,98,24,51,77,123,123,223,223,280,330,330,345,345,375,375,391,459,419,123,235,280,280],"floor_reached":47,"playtime":2563,"items_purged":[],"score":576,"play_id":"6139b2fa-1f09-4eab-a51e-839b0555d7b5","local_time":"20201230234624","is_ascension_mode":true,"campfire_choices":[{"data":"beaked:Ceremony","floor":8,"key":"SMITH"},{"floor":15,"key":"REST"},{"floor":23,"key":"REST"},{"data":"beaked:ScreechingChant","floor":23,"key":"SMITH"},{"floor":25,"key":"REST"},{"data":"beaked:ScreechingChant","floor":25,"key":"SMITH"},{"floor":32,"key":"REST"},{"data":"beaked:RitualOfBody","floor":32,"key":"SMITH"},{"data":"infinitespire:TheBestDefense","floor":41,"key":"SMITH"}],"circlet_count":0,"master_deck":["beaked:Strike_Y","beaked:Strike_Y","beaked:Strike_Y+1","beaked:Strike_Y+1","beaked:Strike_Y","beaked:Strike_Y","beaked:Defend_Y","beaked:Defend_Y+1","beaked:Defend_Y+1","beaked:Defend_Y+1","beaked:Ceremony+1","beaked:Ceremony+1","beaked:Ceremony+1","hubris:Wrath","beaked:RitualOfBody+1","beaked:ScreechingChant+1","beaked:SacrificialAttack","beaked:Molting","beaked:Overpower","beaked:Windmill","beaked:WarriorSpirit","beaked:DesperateSwing+1","beaked:ScreechingChant+1","Decay","beaked:Insight+1","beaked:MachineSpirit+1","beaked:Insight","infinitespire:TheBestDefense+1","beaked:WarriorSpirit+1","beaked:DarkTribute"],"relics":["beaked:MendingPlumage","Ring of Misfortune","ReplayTheSpireMod:Ring of Challenge","hubris:SphereOfDissonance","Whetstone","Gremlin Horn","Busted Crown","infinitespire:Magic Flask","ReplayTheSpireMod:Shallot","MealTicket","beaked:ThroatLozenge","War Paint","Vajra","Ring of Chaos","Medical Kit","Tiny House","hubris:Icosahedron","Durian","Onion Ring","hubris:TenFootPole","Bromod:ArcaneConsequence"],"acts_visited":["Exordium","TheCity","TheBeyond"],"potions_floor_usage":[9,18,31,33,33,33,38,38],"damage_taken":[{"damage":11,"enemies":"Jaw Worm","floor":1,"turns":5},{"damage":9,"enemies":"Small Slimes","floor":5,"turns":5},{"damage":20,"enemies":"Replay:BlueRogue","floor":6,"turns":5},{"damage":4,"enemies":"2 Louse","floor":7,"turns":5},{"damage":0,"enemies":"2 Fungi Beasts","floor":9,"turns":7},{"damage":20,"enemies":"Lagavulin","floor":11,"turns":5},{"damage":9,"enemies":"2 Fungi Beasts","floor":12,"turns":3},{"damage":19,"enemies":"Blue Slaver","floor":14,"turns":5},{"damage":52,"enemies":"The Guardian","floor":16,"turns":10},{"damage":38,"enemies":"3 Byrds","floor":18,"turns":4},{"damage":37,"enemies":"Spheric Guardian","floor":21,"turns":7},{"damage":24,"enemies":"HollowMod:Nosk","floor":27,"turns":6},{"damage":31,"enemies":"3 Cultists","floor":29,"turns":6},{"damage":31,"enemies":"Replay:Snechameleon","floor":30,"turns":8},{"damage":21,"enemies":"Snecko","floor":31,"turns":7},{"damage":51,"enemies":"Collector","floor":33,"turns":7},{"damage":48,"enemies":"Orb Walker","floor":35,"turns":6},{"damage":28,"enemies":"3 Darklings","floor":38,"turns":6},{"damage":35,"enemies":"Nemesis","floor":40,"turns":7},{"damage":26,"enemies":"Transient","floor":42,"turns":5},{"damage":45,"enemies":"Maw","floor":46,"turns":8},{"damage":42,"enemies":"4 Shapes","floor":47,"turns":3}],"seed_played":"8728032050734835502","potions_obtained":[{"floor":1,"key":"SteroidPotion"},{"floor":5,"key":"LiquidBronze"},{"floor":11,"key":"champ:CounterPotion"},{"floor":12,"key":"potionbrewer:FreezingPotion"},{"floor":29,"key":"potionbrewer:NoxiousPotion"},{"floor":30,"key":"ColorlessPotion"},{"floor":31,"key":"potionbrewer:FreezingPotion"},{"floor":33,"key":"BlessingOfTheForge"},{"floor":35,"key":"Energy Potion"},{"floor":36,"key":"Toxic Potion"},{"floor":40,"key":"potionbrewer:EndurancePotion"}],"is_trial":false,"path_per_floor":["M","?","?","$","M","E","M","R","MIM","?","E","M","?","M","R","B",null,"M","$","T","M","?","R","?","R","T","E","$","M","E","M","R","B",null,"M","AVR","?","M","?","E","R","M","T","?","$","M","M"],"character_chosen":"BEAKED_THE_CULTIST","items_purchased":["beaked:RitualOfBody","beaked:ScreechingChant","infinitespire:Magic Flask","beaked:MachineSpirit","hubris:TenFootPole","Bromod:ArcaneConsequence"],"campfire_rested":4,"item_purchase_floors":[4,4,19,28,45,45],"current_hp_per_floor":[49,49,49,49,49,42,50,50,50,40,35,35,35,30,45,20,50,22,22,22,10,10,25,25,40,40,39,50,34,36,39,50,18,50,21,26,26,41,41,45,45,60,60,60,60,25,0,0],"gold":280,"neow_bonus":"UPGRADE_CARD","is_daily":false,"chose_seed":false,"campfire_upgraded":5,"win_rate":0.0,"timestamp":1609332384,"path_taken":["M","?","?","$","M","E","M","R","MIM","?","E","M","?","?","R","BOSS","M","$","?","?","?","R","?","R","T","E","?","M","E","?","R","BOSS","M","AVR","?","M","?","E","R","M","T","?","$","?","M"],"items_purchased_type":["Card","Card","Relic","Card","Relic","Relic"],"build_version":"2020-12-22","purchased_purges":0,"victory":false,"max_hp_per_floor":[50,50,50,50,50,50,50,50,50,50,50,50,50,50,50,50,50,50,50,50,50,50,50,50,50,50,50,50,50,50,50,50,50,50,50,55,55,55,55,60,60,60,60,60,60,60,60,60],"card_choices":[{"not_picked":["beaked:SurvivalInstinct","beaked:Overexert","beaked:Tweet"],"picked":"SKIP","floor":1},{"not_picked":["beaked:Negation","beaked:WarriorSpirit"],"picked":"beaked:SacrificialAttack","floor":5},{"not_picked":["beaked:Roost","beaked:Negation","beaked:DigDeeper"],"picked":"SKIP","floor":6},{"not_picked":["beaked:SurvivalInstinct","beaked:Tradeoff"],"picked":"beaked:Molting","floor":7},{"not_picked":["beaked:WindBringer","beaked:CursingBlood"],"picked":"beaked:Overpower","floor":9},{"not_picked":["beaked:Replenish","beaked:Flinch"],"picked":"beaked:Windmill","floor":11},{"not_picked":["beaked:Insight","beaked:FeelMyPain"],"picked":"beaked:WarriorSpirit","floor":12},{"not_picked":["beaked:FeelMyPain","beaked:FullHouse"],"picked":"beaked:DesperateSwing","floor":14},{"not_picked":["beaked:FullHouse","beaked:ShadowFade"],"picked":"beaked:ScreechingChant","floor":16},{"not_picked":["beaked:Struggle"],"picked":"SKIP","floor":18},{"not_picked":["beaked:Resilience"],"picked":"SKIP","floor":21},{"not_picked":[],"picked":"beaked:Insight","floor":27},{"not_picked":[],"picked":"beaked:Insight","floor":29},{"not_picked":["beaked:Flinch"],"picked":"SKIP","floor":30},{"not_picked":["beaked:Mantra"],"picked":"SKIP","floor":31},{"not_picked":["beaked:MimicWarrior"],"picked":"SKIP","floor":35},{"not_picked":[],"picked":"beaked:WarriorSpirit+1","floor":38},{"not_picked":[],"picked":"beaked:DarkTribute","floor":40},{"not_picked":["beaked:Molting"],"picked":"SKIP","floor":42},{"not_picked":["beaked:Mantra"],"picked":"SKIP","floor":46}],"player_experience":1082953,"relics_obtained":[{"floor":3,"key":"Ring of Misfortune"},{"floor":3,"key":"ReplayTheSpireMod:Ring of Challenge"},{"floor":6,"key":"hubris:SphereOfDissonance"},{"floor":9,"key":"Whetstone"},{"floor":11,"key":"Gremlin Horn"},{"floor":20,"key":"ReplayTheSpireMod:Shallot"},{"floor":26,"key":"MealTicket"},{"floor":27,"key":"beaked:ThroatLozenge"},{"floor":30,"key":"War Paint"},{"floor":31,"key":"Vajra"},{"floor":40,"key":"Durian"},{"floor":43,"key":"Onion Ring"}],"event_choices":[{"damage_healed":0,"gold_gain":0,"player_choice":"Entered Light","damage_taken":10,"max_hp_gain":0,"max_hp_loss":0,"event_name":"Shining Light","floor":10,"gold_loss":0,"cards_upgraded":["beaked:Ceremony","beaked:Defend_Y"]},{"damage_healed":0,"gold_gain":0,"player_choice":"Smashed Altar","damage_taken":0,"max_hp_gain":0,"max_hp_loss":0,"event_name":"Forgotten Altar","floor":24,"gold_loss":0,"cards_obtained":["Decay"]},{"damage_healed":0,"gold_gain":0,"player_choice":"Upgraded Two","damage_taken":0,"max_hp_gain":0,"max_hp_loss":0,"event_name":"Designer","floor":44,"gold_loss":40,"cards_upgraded":["beaked:Insight","beaked:Defend_Y"]}],"is_beta":false,"boss_relics":[{"not_picked":["Runic Pyramid","beaked:FlawlessSticks"],"picked":"Busted Crown"},{"not_picked":["ReplayTheSpireMod:DimensionalGlitch","Kintsugi"],"picked":"Ring of Chaos"}],"items_purged_floors":[],"is_endless":false,"potions_floor_spawned":[1,5,11,12,14,29,30,31,33,35,40],"killed_by":"4 Shapes","ascension_level":1}}