{"host":"nzm1i0l8mrsm8hd2","time":1609341873,"event":{"mods":["Act Like it!","Aspiration","BaseMod","Conspire","Gensokyo","Minty Spire (QoL Compilation)","Pale of the Ancients","Quick Restart","RumiaBox-露米娅的神秘盒子","Spicy Shops","StSLib","The Alterego"],"gold_per_floor":[110,122,122,122,142,142,142],"floor_reached":6,"playtime":326,"items_purged":[],"score":97,"play_id":"1842c747-d0c7-4643-a4ff-b25eaea3dd1b","local_time":"20201230232433","daily_mods":["Specialized","Heirloom","DeadlyEvents","Elite Swarm"],"is_ascension_mode":true,"campfire_choices":[],"circlet_count":0,"master_deck":["AscendersBane","alterego_mod:Strike","alterego_mod:Strike","alterego_mod:Strike","alterego_mod:Strike","alterego_mod:Defend","alterego_mod:BigMeatyClaws","alterego_mod:BrynhildrsRune","alterego_mod:Cushion","alterego_mod:Cushion","alterego_mod:Cushion","alterego_mod:Cushion","alterego_mod:Cushion","alterego_mod:SakuraLabyrinth","alterego_mod:Clones","alterego_mod:BeGentle"],"relics":["alterego_mod:MasochisticConstitution","Unceasing Top","Baka2","Happy Flower"],"acts_visited":["Exordium"],"potions_floor_usage":[6,6],"damage_taken":[{"damage":9,"enemies":"Gensokyo:Gryphon","floor":1,"turns":6},{"damage":2,"enemies":"Gensokyo:2_Kodama","floor":2,"turns":3},{"damage":6,"enemies":"Gensokyo:3_Fairies","floor":5,"turns":7},{"damage":17,"enemies":"Gensokyo:Cirno","floor":6,"turns":4}],"seed_played":"-2691036888003752495","potions_obtained":[{"floor":1,"key":"AttackPotion"},{"floor":2,"key":"Energy Potion"}],"is_trial":true,"path_per_floor":["M","M","?","?","M","E"],"character_chosen":"The_Alterego","items_purchased":[],"campfire_rested":0,"item_purchase_floors":[],"current_hp_per_floor":[51,50,50,18,13,0,0],"gold":142,"neow_bonus":"","is_daily":false,"chose_seed":false,"campfire_upgraded":0,"win_rate":0.0,"timestamp":1609341873,"path_taken":["M","M","?","?","?","E"],"items_purchased_type":[],"build_version":"2020-12-22","purchased_purges":0,"victory":false,"max_hp_per_floor":[66,67,67,67,68,68,68],"card_choices":[{"not_picked":["alterego_mod:Undulate","alterego_mod:Support"],"picked":"alterego_mod:SakuraLabyrinth","floor":1},{"not_picked":["alterego_mod:Santa","alterego_mod:MagicResistance"],"picked":"alterego_mod:Clones","floor":2},{"not_picked":["alterego_mod:Complex","alterego_mod:1TonWallop"],"picked":"alterego_mod:BeGentle","floor":5}],"player_experience":565299,"relics_obtained":[{"floor":1,"key":"Baka"},{"floor":2,"key":"Baka2"}],"event_choices":[],"is_beta":false,"boss_relics":[],"items_purged_floors":[],"is_endless":false,"potions_floor_spawned":[1,2],"killed_by":"Gensokyo:Cirno","ascension_level":20}}