{"host":"u2qrfxkm3wve0vp3","time":1609335650,"event":{"mods":["BaseMod","GifTheSpireLib","Marisa£®ÏF”Í°°ƒß¿Ì…≥£©","Minty Spire (QoL Compilation)","Quick Restart","Remilia£®¿Ÿ√◊¿Ú—«£©","Shop Mod","StSLib","Td1madao Mod","The Cursed","The Runesmith","The Servant 0.9.4"],"gold_per_floor":[117,128,128,141,154,184,202,202,202,220,231,265,340,340,340,441,441,457,382,382,396,415,415,445,445,498,531,551,551,562,582,582,683,683,700,700,600,611,611,639,639,639,639,639,659,685,697,732,732,732,732,732,57,91,91],"floor_reached":56,"playtime":2956,"items_purged":["TheCursedMod:Strike_TheCursed","TheCursedMod:Defend_TheCursed","TheCursedMod:Strike_TheCursed"],"score":1234,"play_id":"07a00c48-82e6-4b7e-a83b-eed741347890","local_time":"20201230214050","is_ascension_mode":false,"campfire_choices":[{"data":"TheCursedMod:Grudge","floor":8,"key":"SMITH"},{"data":"TheCursedMod:CleanUpWorkshop","floor":15,"key":"SMITH"},{"data":"TheCursedMod:SmokeScreen","floor":23,"key":"SMITH"},{"data":"TheCursedMod:CollectTribute","floor":25,"key":"SMITH"},{"floor":29,"key":"REST"},{"data":"TheCursedMod:HellsGateOpen","floor":32,"key":"SMITH"},{"data":"TheCursedMod:VoidForm","floor":41,"key":"SMITH"},{"floor":44,"key":"RECALL"},{"data":"TheCursedMod:Evocation","floor":49,"key":"SMITH"},{"data":"TheCursedMod:CursedBoomerang","floor":52,"key":"SMITH"}],"circlet_count":0,"master_deck":["TheCursedMod:CursedWand","TheCursedMod:CleanUpWorkshop+1","TheCursedMod:Dregs","TheCursedMod:SpitefulPray+1","TheCursedMod:SmokeScreen+1","TheCursedMod:CollectTribute+1","TheCursedMod:CursedBoomerang+1","TheCursedMod:Grudge+1","TheCursedMod:AbyssShockwave","TheCursedMod:CircleOfAbyss+1","TheCursedMod:CursedSpellbook","TheCursedMod:HellsGateOpen+1","TheCursedMod:DemonSword","TheCursedMod:DemonSword","TheCursedMod:Evocation+1","TheCursedMod:SpitefulPlan","TheCursedMod:HellfireBreathing+1","TheCursedMod:VoidForm+1","TheCursedMod:SoulReap+1","TheCursedMod:Wield","TheCursedMod:LuckyCharm","TheCursedMod:SoulReap","TheCursedMod:ManaCirculation"],"relics":["TheCursedMod:BlackMagic101","White Beast Statue","Sundial","HornCleat","TheCursedMod:FourLeafCloverCharm","Blue Candle","War Paint","Oddly Smooth Stone","Coffee Dripper","Singing Bowl","AntiCross","Juzu Bracelet","Happy Flower","ClockworkSouvenir","Eternal Feather"],"acts_visited":["Exordium","TheCity","TheBeyond","TheEnding"],"potions_floor_usage":[6,12,24,24,33,55,55],"damage_taken":[{"damage":0,"enemies":"Small Slimes","floor":1,"turns":4},{"damage":0,"enemies":"Cultist","floor":2,"turns":3},{"damage":0,"enemies":"Jaw Worm","floor":4,"turns":4},{"damage":0,"enemies":"2 Fungi Beasts","floor":5,"turns":4},{"damage":8,"enemies":"3 Sentries","floor":6,"turns":5},{"damage":0,"enemies":"Lots of Slimes","floor":7,"turns":1},{"damage":4,"enemies":"Blue Slaver","floor":10,"turns":4},{"damage":2,"enemies":"Looter","floor":11,"turns":4},{"damage":9,"enemies":"Lagavulin","floor":12,"turns":6},{"damage":25,"enemies":"Slime Boss","floor":16,"turns":6},{"damage":0,"enemies":"3 Byrds","floor":18,"turns":3},{"damage":0,"enemies":"Spheric Guardian","floor":21,"turns":3},{"damage":1,"enemies":"Snecko","floor":22,"turns":5},{"damage":22,"enemies":"Slavers","floor":24,"turns":5},{"damage":31,"enemies":"Gremlin Leader","floor":27,"turns":6},{"damage":0,"enemies":"3 Cultists","floor":28,"turns":4},{"damage":5,"enemies":"Centurion and Healer","floor":30,"turns":4},{"damage":0,"enemies":"Snake Plant","floor":31,"turns":4},{"damage":7,"enemies":"Champ","floor":33,"turns":5},{"damage":15,"enemies":"3 Shapes","floor":35,"turns":3},{"damage":5,"enemies":"3 Darklings","floor":38,"turns":4},{"damage":13,"enemies":"Reptomancer","floor":40,"turns":4},{"damage":0,"enemies":"Jaw Worm Horde","floor":45,"turns":2},{"damage":13,"enemies":"Sphere and 2 Shapes","floor":47,"turns":3},{"damage":0,"enemies":"Giant Head","floor":48,"turns":4},{"damage":44,"enemies":"Time Eater","floor":50,"turns":7},{"damage":36,"enemies":"Shield and Spear","floor":54,"turns":5},{"damage":21,"enemies":"The Heart","floor":55,"turns":6}],"seed_played":"3146305740832120371","potions_obtained":[{"floor":2,"key":"SkillPotion"},{"floor":4,"key":"BlessingOfTheForge"},{"floor":5,"key":"Ancient Potion"},{"floor":7,"key":"Weak Potion"},{"floor":12,"key":"TheCursedMod:DregsPotion"},{"floor":24,"key":"BlessingOfTheForge"},{"floor":27,"key":"BlessingOfTheForge"},{"floor":28,"key":"Weak Potion"},{"floor":35,"key":"SteroidPotion"},{"floor":40,"key":"PowerPotion"},{"floor":45,"key":"DistilledChaos"}],"is_trial":false,"path_per_floor":["M","M","?","M","M","E","M","R","T","M","M","E","?","?","R","B",null,"M","$","?","M","M","R","E","R","T","E","M","R","M","M","R","B",null,"M","?","$","M","?","E","R","?","T","R","M","T","M","E","R","B",null,"R","$","E","B",null],"character_chosen":"THE_CURSED","items_purchased":["TheCursedMod:LuckyCharm","Happy Flower","ClockworkSouvenir","TheCursedMod:SoulReap","CultistPotion"],"campfire_rested":1,"item_purchase_floors":[53,53,53,53,53],"current_hp_per_floor":[68,68,68,68,68,60,60,60,60,56,54,45,34,34,34,9,68,68,68,68,68,67,67,45,45,45,14,14,34,29,29,29,22,68,53,53,53,56,56,52,52,52,52,52,52,52,41,71,71,27,71,71,71,49,52],"gold":91,"neow_bonus":"REMOVE_TWO","is_daily":false,"chose_seed":false,"campfire_upgraded":8,"win_rate":0.0,"timestamp":1609335650,"path_taken":["M","M","?","M","?","E","M","R","T","M","M","E","?","?","R","BOSS","M","$","?","M","M","R","E","R","T","E","?","R","M","M","R","BOSS","M","?","$","M","?","E","R","?","T","R","?","?","M","E","R","BOSS","R","$","E","BOSS"],"items_purchased_type":["Card","Relic","Relic","Card","Potion"],"build_version":"2020-12-22","purchased_purges":3,"victory":true,"max_hp_per_floor":[68,68,68,68,68,68,68,68,68,68,68,68,68,68,68,68,68,68,68,68,68,68,68,68,68,68,68,68,68,68,68,68,68,68,68,65,65,65,65,67,67,67,67,67,67,67,69,71,71,71,71,71,71,71,71],"card_choices":[{"not_picked":["TheCursedMod:VitalStrike","TheCursedMod:BloodBarrier"],"picked":"TheCursedMod:SpitefulPray","floor":1},{"not_picked":["TheCursedMod:WearCloak","TheCursedMod:FleshFromBone"],"picked":"TheCursedMod:SmokeScreen","floor":2},{"not_picked":["TheCursedMod:CursedShiv","TheCursedMod:SpreadPlague"],"picked":"TheCursedMod:Grudge","floor":4},{"not_picked":["TheCursedMod:CircleOfCorruption","TheCursedMod:SaltUponWound"],"picked":"TheCursedMod:AbyssShockwave","floor":5},{"not_picked":["TheCursedMod:CircleOfFocus","TheCursedMod:RapidMovement","TheCursedMod:Stretching"],"picked":"SKIP","floor":6},{"not_picked":["TheCursedMod:CursedMace","TheCursedMod:TroublousMinions","TheCursedMod:CircleOfCorruption"],"picked":"SKIP","floor":7},{"not_picked":["TheCursedMod:HellsGateOpen","TheCursedMod:CircleOfCorruption"],"picked":"TheCursedMod:CircleOfAbyss","floor":10},{"not_picked":["TheCursedMod:CursedArmor","TheCursedMod:CircleOfFlame"],"picked":"TheCursedMod:CursedSpellbook","floor":11},{"not_picked":["TheCursedMod:SurpriseAttack","TheCursedMod:AbyssShockwave"],"picked":"TheCursedMod:HellsGateOpen","floor":12},{"not_picked":["TheCursedMod:CollectTribute","TheCursedMod:ParallelWorld"],"picked":"TheCursedMod:DemonSword","floor":16},{"not_picked":["TheCursedMod:ReleasedStrength","TheCursedMod:SoulCrush","TheCursedMod:SurpriseAttack"],"picked":"SKIP","floor":18},{"not_picked":["TheCursedMod:CursedBlade","TheCursedMod:WearCloak","TheCursedMod:TroublousMinions"],"picked":"SKIP","floor":21},{"not_picked":["TheCursedMod:TacticalStrike","TheCursedMod:SmokeScreen"],"picked":"TheCursedMod:DemonSword","floor":22},{"not_picked":["TheCursedMod:CursedMace","TheCursedMod:CircleOfFocus"],"picked":"TheCursedMod:Evocation","floor":24},{"not_picked":["TheCursedMod:WearCloak","TheCursedMod:RavingStaff"],"picked":"TheCursedMod:SpitefulPlan","floor":27},{"not_picked":["TheCursedMod:SmokeScreen+1","TheCursedMod:RapidMovement"],"picked":"TheCursedMod:HellfireBreathing+1","floor":28},{"not_picked":["TheCursedMod:CircleOfFlame","TheCursedMod:CursedAmulet","TheCursedMod:CircleOfCorruption"],"picked":"SKIP","floor":30},{"not_picked":["TheCursedMod:BlessingInDisguise+1","TheCursedMod:CircleOfCorruption","TheCursedMod:Stigma"],"picked":"SKIP","floor":31},{"not_picked":["TheCursedMod:ParallelWorld","TheCursedMod:DarkBarrier"],"picked":"TheCursedMod:VoidForm","floor":33},{"not_picked":["TheCursedMod:CursedShiv+1","TheCursedMod:FleshFromBone"],"picked":"TheCursedMod:SoulReap+1","floor":35},{"not_picked":["TheCursedMod:CursedBlade","TheCursedMod:Wield+1","TheCursedMod:AshesToAshes+1"],"picked":"SKIP","floor":38},{"not_picked":["TheCursedMod:Torture","TheCursedMod:Obscuration","TheCursedMod:SpitefulStrike+1"],"picked":"Singing Bowl","floor":40},{"not_picked":["TheCursedMod:WearCloak+1","TheCursedMod:SmokeScreen"],"picked":"TheCursedMod:Wield","floor":45},{"not_picked":["TheCursedMod:CursedShiv+1","TheCursedMod:CursedStaff+1","TheCursedMod:TacticalStrike+1"],"picked":"Singing Bowl","floor":47},{"not_picked":["TheCursedMod:Hemoplague+1","TheCursedMod:ForbiddenAlchemy","TheCursedMod:SpitefulStrike"],"picked":"Singing Bowl","floor":48},{"not_picked":["TheCursedMod:HellfireBreathing+1","TheCursedMod:CircleOfCorruption"],"picked":"TheCursedMod:ManaCirculation","floor":54}],"player_experience":335492,"relics_obtained":[{"floor":6,"key":"White Beast Statue"},{"floor":9,"key":"Sundial"},{"floor":12,"key":"HornCleat"},{"floor":24,"key":"Blue Candle"},{"floor":26,"key":"War Paint"},{"floor":27,"key":"Oddly Smooth Stone"},{"floor":40,"key":"Singing Bowl"},{"floor":43,"key":"AntiCross"},{"floor":48,"key":"Juzu Bracelet"},{"floor":54,"key":"Eternal Feather"}],"event_choices":[{"damage_healed":0,"gold_gain":0,"player_choice":"2 cards matched","damage_taken":0,"max_hp_gain":0,"max_hp_loss":0,"event_name":"Match and Keep!","floor":3,"gold_loss":0,"cards_obtained":["TheCursedMod:CollectTribute","TheCursedMod:CursedBoomerang"]},{"damage_healed":0,"gold_gain":75,"player_choice":"Gather Gold","damage_taken":11,"max_hp_gain":0,"max_hp_loss":0,"event_name":"World of Goop","floor":13,"gold_loss":0},{"cards_removed":["TheCursedMod:Defend_TheCursed"],"damage_healed":0,"gold_gain":0,"player_choice":"Purged","damage_taken":0,"max_hp_gain":0,"max_hp_loss":0,"event_name":"Purifier","floor":14,"gold_loss":0},{"damage_healed":0,"gold_gain":0,"player_choice":"Ignored","damage_taken":0,"max_hp_gain":0,"max_hp_loss":0,"event_name":"Fountain of Cleansing","floor":20,"gold_loss":0},{"damage_healed":0,"gold_gain":0,"player_choice":"Max HP","damage_taken":0,"max_hp_gain":0,"max_hp_loss":3,"event_name":"Winding Halls","floor":36,"gold_loss":0},{"cards_removed":["TheCursedMod:Defend_TheCursed"],"damage_healed":0,"gold_gain":0,"player_choice":"Removed Skill","damage_taken":0,"max_hp_gain":0,"max_hp_loss":0,"event_name":"Falling","floor":39,"gold_loss":0},{"cards_removed":["TheCursedMod:Strike_TheCursed"],"damage_healed":0,"gold_gain":0,"player_choice":"Offered Basic","damage_taken":0,"max_hp_gain":0,"max_hp_loss":0,"event_name":"Bonfire Elementals","floor":42,"gold_loss":0}],"is_beta":false,"boss_relics":[{"not_picked":["Tiny House","Fusion Hammer"],"picked":"TheCursedMod:FourLeafCloverCharm"},{"not_picked":["SlaversCollar","Velvet Choker"],"picked":"Coffee Dripper"}],"items_purged_floors":[19,37,53],"is_endless":false,"potions_floor_spawned":[2,4,5,7,10,11,12,16,18,21,22,24,27,28,30,31,33,35,38,40,45,47,48,54],"ascension_level":0}}