{"host":"gxp0rwo55f0x6g4s","time":1609371039,"event":{"mods":["BaseMod","Colored Powertips","Marisa????????","Minty Spire (QoL Compilation)","Prisma Mod","Replay The Spire","StSLib","The Disciple","The Servant 0.9.4"],"gold_per_floor":[112,162,162,162,194,194,248,248,273,273,273,285,285],"floor_reached":12,"playtime":721,"items_purged":[],"score":78,"play_id":"bb79400d-f290-428c-8f45-89bca91e84d3","local_time":"20201230153039","is_ascension_mode":true,"campfire_choices":[{"data":"DancingSilver","floor":6,"key":"SMITH"},{"data":"KidneyShot","floor":10,"key":"SMITH"}],"circlet_count":0,"master_deck":["Strike_S+1","Strike_S","Strike_S","Defend_S","Defend_S","Defend_S","Defend_S","KidneyShot+1","Exchange","DancingSilver+1","DoubleEdge","Sabotage","Regret"],"relics":["Uniform","Ring of Greed","Smiling Mask","Replay:Bandana","Orichalcum","Mummified Hand","Pet Ghost","Replay:Accelerometer"],"acts_visited":["Exordium"],"potions_floor_usage":[7],"damage_taken":[{"damage":0,"enemies":"Small Slimes","floor":1,"turns":4},{"damage":0,"enemies":"Jaw Worm","floor":5,"turns":6},{"damage":24,"enemies":"Lagavulin","floor":7,"turns":5},{"damage":148,"enemies":"3 Sentries","floor":12,"turns":6}],"seed_played":"-5404402705255227969","potions_obtained":[{"floor":5,"key":"AttackPotion"},{"floor":7,"key":"Weak Potion"}],"is_trial":false,"path_per_floor":["M","?","?","?","M","R","E","?","T","R","T","E"],"character_chosen":"THE_SERVANT","items_purchased":[],"campfire_rested":0,"item_purchase_floors":[],"current_hp_per_floor":[65,65,65,65,65,65,41,41,41,41,41,0,0],"gold":285,"neow_bonus":"RANDOM_EVENT","is_daily":false,"chose_seed":false,"campfire_upgraded":2,"win_rate":0.0,"timestamp":1609371039,"path_taken":["M","?","?","?","?","R","E","?","T","R","?","E"],"items_purchased_type":[],"build_version":"2020-12-22","purchased_purges":0,"victory":false,"max_hp_per_floor":[65,65,65,65,65,65,65,65,65,65,65,65,65],"card_choices":[{"not_picked":["Replace","DualDimension"],"picked":"DancingSilver","floor":1},{"not_picked":["Revamp","Alleviate"],"picked":"DoubleEdge","floor":5},{"not_picked":["TimeWarp","WasteNot"],"picked":"Sabotage","floor":7}],"player_experience":756634,"relics_obtained":[{"floor":2,"key":"Ring of Greed"},{"floor":2,"key":"Smiling Mask"},{"floor":2,"key":"Replay:Bandana"},{"floor":7,"key":"Orichalcum"},{"floor":9,"key":"Pet Ghost"},{"floor":11,"key":"Replay:Accelerometer"}],"event_choices":[{"cards_removed":["Strike_S"],"damage_healed":0,"gold_gain":0,"player_choice":"Forget","damage_taken":0,"max_hp_gain":0,"max_hp_loss":0,"event_name":"Living Wall","floor":0,"gold_loss":0},{"cards_removed":["Delirium"],"damage_healed":0,"gold_gain":0,"player_choice":"Removed Curses","damage_taken":0,"max_hp_gain":0,"max_hp_loss":0,"event_name":"Fountain of Cleansing","floor":4,"gold_loss":0},{"damage_healed":0,"gold_gain":0,"player_choice":"Box","damage_taken":0,"relics_obtained":["Mummified Hand"],"max_hp_gain":0,"max_hp_loss":0,"event_name":"Big Fish","floor":8,"gold_loss":0,"cards_obtained":["Regret"]}],"is_beta":false,"boss_relics":[],"items_purged_floors":[],"is_endless":false,"potions_floor_spawned":[5,7],"killed_by":"3 Sentries","ascension_level":1}}