{"host":"jqbwv9vyd5ud9wcv","time":1609300649,"event":{"mods":["BaseMod","Hermit","Minty Spire (QoL Compilation)","StSLib","The Hierophant","The Runesmith"],"gold_per_floor":[117,135,151,151,48,48,58,58,58,73,91,116,136,22,22,126,126,138,138,155,168,244,272,283,283,283,283,283,294,219,229,229,329,329,342,359,373,373,373],"floor_reached":38,"playtime":2098,"items_purged":[],"score":429,"play_id":"0d659bd2-f0ea-4e72-ba18-e269b6784a1e","local_time":"20201229225729","is_ascension_mode":false,"campfire_choices":[{"data":"hermit:Maintenance","floor":6,"key":"SMITH"},{"data":"hermit:NoHoldsBarred","floor":8,"key":"SMITH"},{"floor":15,"key":"REST"},{"floor":27,"key":"REST"},{"floor":32,"key":"REST"}],"circlet_count":0,"master_deck":["hermit:Strike_Hermit","hermit:Strike_Hermit","hermit:Strike_Hermit","hermit:Strike_Hermit","hermit:Defend_Hermit","hermit:Defend_Hermit","hermit:Defend_Hermit","hermit:Defend_Hermit","hermit:Snapshot","hermit:Covet","hermit:CalledShot","hermit:WideOpen","hermit:NoHoldsBarred+1","hermit:CursedWeapon","hermit:Maintenance+1","hermit:Glare","hermit:Shortfuse","hermit:Feint","hermit:TakeAim","hermit:Misfire","hermit:Grudge","hermit:Brawl","hermit:Adapt","hermit:Roulette+1","hermit:Determination","hermit:ShadowCloak","hermit:Deadeye","hermit:Vantage+1","Writhe","hermit:Coalescence","hermit:Snipe+1","hermit:BlackWind","hermit:BigShot","hermit:Showdown","hermit:WideOpen"],"relics":["hermit:Momento","NeowsBlessing","Unceasing Top","Darkstone Periapt","hermit:Spyglass","Snecko Eye","WarpedTongs","Bottled Tornado","Bag of Preparation","Calipers","White Beast Statue","SlaversCollar"],"acts_visited":["Exordium","TheCity","TheBeyond"],"potions_floor_usage":[12,13,23,24,28,33,33,35,36,37,38],"damage_taken":[{"damage":0,"enemies":"2 Louse","floor":1,"turns":1},{"damage":0,"enemies":"Cultist","floor":2,"turns":1},{"damage":0,"enemies":"Jaw Worm","floor":3,"turns":1},{"damage":8,"enemies":"Exordium Thugs","floor":7,"turns":3},{"damage":0,"enemies":"Lots of Slimes","floor":10,"turns":1},{"damage":0,"enemies":"3 Louse","floor":11,"turns":1},{"damage":13,"enemies":"Gremlin Nob","floor":12,"turns":4},{"damage":13,"enemies":"Gremlin Gang","floor":13,"turns":5},{"damage":46,"enemies":"The Guardian","floor":16,"turns":9},{"damage":6,"enemies":"Shell Parasite","floor":18,"turns":6},{"damage":11,"enemies":"3 Byrds","floor":20,"turns":3},{"damage":4,"enemies":"3 Cultists","floor":21,"turns":3},{"damage":31,"enemies":"Gremlin Leader","floor":23,"turns":8},{"damage":23,"enemies":"Snake Plant","floor":24,"turns":3},{"damage":0,"enemies":"Centurion and Healer","floor":28,"turns":1},{"damage":12,"enemies":"Shelled Parasite and Fungi","floor":29,"turns":4},{"damage":5,"enemies":"Snecko","floor":31,"turns":3},{"damage":46,"enemies":"Collector","floor":33,"turns":8},{"damage":41,"enemies":"3 Darklings","floor":35,"turns":4},{"damage":20,"enemies":"3 Shapes","floor":36,"turns":4},{"damage":4,"enemies":"Jaw Worm Horde","floor":37,"turns":3},{"damage":26,"enemies":"Sphere and 2 Shapes","floor":38,"turns":3}],"seed_played":"-5481712327978749726","potions_obtained":[{"floor":3,"key":"LiquidBronze"},{"floor":10,"key":"SpeedPotion"},{"floor":11,"key":"SpeedPotion"},{"floor":18,"key":"SmokeBomb"},{"floor":21,"key":"hermit:Tonic"},{"floor":23,"key":"hermit:Tonic"},{"floor":29,"key":"Weak Potion"},{"floor":31,"key":"SkillPotion"},{"floor":33,"key":"PowerPotion"},{"floor":35,"key":"BlessingOfTheForge"},{"floor":36,"key":"PowerPotion"},{"floor":37,"key":"Fire Potion"}],"is_trial":false,"path_per_floor":["M","M","M","?","$","R","M","R","T","M","M","E","M","$","R","B",null,"M","?","M","M","T","E","M","?","T","R","M","M","?","M","R","B",null,"M","M","M","M"],"character_chosen":"HERMIT","items_purchased":["hermit:CursedWeapon","hermit:Maintenance","hermit:Grudge","hermit:Brawl"],"campfire_rested":3,"item_purchase_floors":[5,5,14,14],"current_hp_per_floor":[75,75,75,75,75,75,67,67,67,67,67,54,41,41,63,17,75,69,75,64,60,60,29,6,12,12,38,38,26,26,21,47,1,87,46,26,22,0,0],"gold":373,"neow_bonus":"THREE_ENEMY_KILL","is_daily":false,"chose_seed":false,"campfire_upgraded":2,"win_rate":0.0,"timestamp":1609300649,"path_taken":["M","M","M","?","?","R","M","R","T","M","M","E","M","$","R","BOSS","M","?","?","M","?","E","?","?","T","R","M","M","?","?","R","BOSS","M","M","?","M"],"items_purchased_type":["Card","Card","Card","Card"],"build_version":"2020-12-22","purchased_purges":0,"victory":false,"max_hp_per_floor":[75,75,75,75,75,75,75,75,75,75,75,75,75,75,75,75,75,75,81,81,81,81,81,81,87,87,87,87,87,87,87,87,87,87,87,87,87,87,87],"card_choices":[{"not_picked":["hermit:SprayPray","hermit:TakeCover"],"picked":"hermit:CalledShot","floor":1},{"not_picked":["hermit:Enervate","hermit:Coalescence"],"picked":"hermit:WideOpen","floor":2},{"not_picked":["hermit:Roulette","hermit:GhostlyPresence"],"picked":"hermit:NoHoldsBarred","floor":3},{"not_picked":["hermit:WideOpen","hermit:HighCaliber"],"picked":"hermit:Glare","floor":7},{"not_picked":["hermit:CalledShot","hermit:Glare"],"picked":"hermit:Shortfuse","floor":10},{"not_picked":["hermit:Shortfuse","hermit:Snipe"],"picked":"hermit:Feint","floor":11},{"not_picked":["hermit:TrackingShot","hermit:Combo"],"picked":"hermit:TakeAim","floor":12},{"not_picked":["hermit:LowProfile","hermit:Headshot"],"picked":"hermit:Misfire","floor":13},{"not_picked":["hermit:Dissolve","hermit:Gambit"],"picked":"hermit:Adapt","floor":16},{"not_picked":["hermit:PistolWhip","hermit:CalledShot"],"picked":"hermit:Roulette+1","floor":18},{"not_picked":["hermit:BodyArmor+1","hermit:Vantage"],"picked":"hermit:Determination","floor":20},{"not_picked":["hermit:Spite","hermit:Showdown"],"picked":"hermit:ShadowCloak","floor":21},{"not_picked":["hermit:HighCaliber","hermit:Manifest"],"picked":"hermit:Deadeye","floor":23},{"not_picked":["hermit:Glare","hermit:Roulette"],"picked":"hermit:Vantage+1","floor":24},{"not_picked":["hermit:Vantage","hermit:TrackingShot"],"picked":"hermit:Coalescence","floor":29},{"not_picked":["hermit:ShadowCloak","hermit:Manifest"],"picked":"hermit:Snipe+1","floor":31},{"not_picked":["hermit:Reprieve","hermit:Adapt"],"picked":"hermit:BlackWind","floor":33},{"not_picked":["hermit:Quickdraw","hermit:Feint"],"picked":"hermit:BigShot","floor":35},{"not_picked":["hermit:Quickdraw","hermit:HighCaliber"],"picked":"hermit:Showdown","floor":36},{"not_picked":["hermit:HoleUp","hermit:Desperado+1"],"picked":"hermit:WideOpen","floor":37}],"player_experience":8350,"relics_obtained":[{"floor":9,"key":"Darkstone Periapt"},{"floor":12,"key":"hermit:Spyglass"},{"floor":22,"key":"Bottled Tornado"},{"floor":23,"key":"Bag of Preparation"},{"floor":26,"key":"White Beast Statue"}],"event_choices":[{"damage_healed":0,"gold_gain":0,"player_choice":"Gave Potion","damage_taken":0,"relics_obtained":["Unceasing Top"],"max_hp_gain":0,"max_hp_loss":0,"event_name":"WeMeetAgain","floor":4,"gold_loss":0},{"damage_healed":0,"gold_gain":0,"player_choice":"Rummage","damage_taken":0,"relics_obtained":["WarpedTongs"],"max_hp_gain":0,"max_hp_loss":0,"event_name":"Accursed Blacksmith","floor":19,"gold_loss":0,"cards_obtained":["Pain"]},{"damage_healed":0,"gold_gain":0,"player_choice":"Opened","damage_taken":0,"relics_obtained":["Calipers"],"max_hp_gain":0,"max_hp_loss":0,"event_name":"The Mausoleum","floor":25,"gold_loss":0,"cards_obtained":["Writhe"]},{"cards_removed":["Pain"],"damage_healed":0,"gold_gain":0,"player_choice":"Gave Gold","damage_taken":0,"max_hp_gain":0,"max_hp_loss":0,"event_name":"Beggar","floor":30,"gold_loss":75}],"is_beta":false,"boss_relics":[{"not_picked":["Busted Crown","hermit:BartenderGlass"],"picked":"Snecko Eye"},{"not_picked":["Sozu","Coffee Dripper"],"picked":"SlaversCollar"}],"items_purged_floors":[],"is_endless":false,"potions_floor_spawned":[3,10,11,18,21,23,28,29,31,33,35,36,37],"killed_by":"Sphere and 2 Shapes","ascension_level":0}}