{"host":"ab3ipg3fqe03b2ex","time":1609345375,"event":{"mods":["AchievementEnabler","BaseMod","Colored Powertips","Minty Spire (QoL Compilation)","MostiFishMod","Quick Restart","Shop Mod","StSLib","Uncapped","【功能Mod】Neow奖励","【功能Mod】精心准备"],"gold_per_floor":[113,113,132,132,152,152,102,134,134,134,160,174,174,186,186,288,288,302,302,312,324,343,370,385,385,464,494,507,507,507,517,517,620,620,633,645,657,710,83,116,116,116,167,193,103,103,437,98,98,98],"floor_reached":51,"playtime":2075,"items_purged":["Strike_P"],"score":1035,"play_id":"372e25ca-fef7-4eac-8f9b-e656e6105479","local_time":"20201231002255","is_ascension_mode":false,"campfire_choices":[{"data":"Establishment","floor":6.0,"key":"SMITH"},{"data":"MostiFishMod:PathToVictory","floor":10.0,"key":"SMITH"},{"data":"MostiFishMod:LegendTransform","floor":13.0,"key":"SMITH"},{"data":"BowlingBash","floor":15.0,"key":"SMITH"},{"data":"MostiFishMod:Minus","floor":25.0,"key":"SMITH"},{"data":"MostiFishMod:Minus+1","floor":30,"key":"SMITH"},{"data":"MostiFishMod:Minus+2","floor":32,"key":"SMITH"},{"data":"MostiFishMod:Minus+3","floor":42,"key":"SMITH"},{"data":"MostiFishMod:Minus+4","floor":46,"key":"SMITH"},{"data":"MostiFishMod:Minus+5","floor":49,"key":"SMITH"}],"circlet_count":0,"master_deck":["Strike_P+1","Strike_P","Defend_P","Eruption+1","Vigilance+1","BowlingBash+1","FlyingSleeves","Establishment+1","MostiFishMod:PathToVictory+1","MostiFishMod:LegendTransform+1","MostiFishMod:Minus+6","MostiFishMod:PathToVictory","MostiFishMod:StarOceanP","FearNoEvil+1","Apotheosis"],"relics":["RhineSuit","ChiXiaoBlade","Empty Cage","SynthV:TestCard","Shuriken","Singing Bowl","Eternal Feather","GreenFoldingFan","MutagenicStrength","Happy Flower","Letter Opener","Bottled Flame","FeatherPendant","Du-Vu Doll","Bag of Preparation","Ying","Sundial","CaptainsWheel","Bronze Scales","Bag of Marbles","Old Coin","Lantern"],"acts_visited":["Exordium","TheCity","TheBeyond"],"potions_floor_usage":[33,50],"damage_taken":[{"damage":0.0,"enemies":"2 Louse","floor":1.0,"turns":1.0},{"damage":0.0,"enemies":"Small Slimes","floor":3.0,"turns":2.0},{"damage":0.0,"enemies":"Jaw Worm","floor":5.0,"turns":1.0},{"damage":18.0,"enemies":"Lagavulin","floor":8.0,"turns":3.0},{"damage":0.0,"enemies":"Gremlin Nob","floor":11.0,"turns":2.0},{"damage":1.0,"enemies":"Blue Slaver","floor":12.0,"turns":2.0},{"damage":0.0,"enemies":"2 Fungi Beasts","floor":14.0,"turns":2.0},{"damage":21.0,"enemies":"Hexaghost","floor":16.0,"turns":3.0},{"damage":10.0,"enemies":"3 Byrds","floor":18.0,"turns":3.0},{"damage":4.0,"enemies":"Spheric Guardian","floor":20.0,"turns":2.0},{"damage":4.0,"enemies":"Cultist and Chosen","floor":21.0,"turns":2.0},{"damage":4.0,"enemies":"Snecko","floor":22.0,"turns":2.0},{"damage":18.0,"enemies":"Gremlin Leader","floor":23.0,"turns":3.0},{"damage":16.0,"enemies":"Sentry and Sphere","floor":24.0,"turns":3.0},{"damage":24.0,"enemies":"Book of Stabbing","floor":27.0,"turns":3.0},{"damage":28,"enemies":"Centurion and Healer","floor":28,"turns":2},{"damage":4,"enemies":"Cultist and Chosen","floor":31,"turns":2},{"damage":12,"enemies":"Automaton","floor":33,"turns":5},{"damage":2,"enemies":"Orb Walker","floor":35,"turns":1},{"damage":2,"enemies":"3 Shapes","floor":36,"turns":1},{"damage":2,"enemies":"Sphere and 2 Shapes","floor":37,"turns":1},{"damage":10,"enemies":"2 Orb Walkers","floor":38,"turns":3},{"damage":4,"enemies":"Giant Head","floor":40,"turns":2},{"damage":2,"enemies":"Nemesis","floor":44,"turns":1},{"damage":2,"enemies":"Giant Head","floor":47,"turns":1},{"damage":2,"enemies":"Donu and Deca","floor":50,"turns":1}],"seed_played":"6669594302959664853","potions_obtained":[{"floor":1.0,"key":"Fire Potion"},{"floor":11.0,"key":"LiquidMemories"},{"floor":12.0,"key":"Ancient Potion"},{"floor":20.0,"key":"GamblersBrew"},{"floor":24.0,"key":"DuplicationPotion"},{"floor":28,"key":"EssenceOfSteel"},{"floor":36,"key":"Swift Potion"},{"floor":37,"key":"LiquidMemories"}],"is_trial":false,"path_per_floor":["M","?","M","?","M","R","?","E","T","R","E","M","R","M","R","B",null,"M","?","M","M","M","E","M","R","T","E","M","?","R","M","R","B",null,"M","M","M","?","$","E","?","R","T","E","?","R","E","$","R","B",null],"character_chosen":"WATCHER","items_purchased":["Bag of Preparation","Ying","Sundial","Lantern","Apotheosis"],"campfire_rested":0,"item_purchase_floors":[39,39,39,48,48],"current_hp_per_floor":[72,77,77,62,62,62,62,44,44,44,44,45,51,53,59,38,81,83,83,85,87,89,83,79,85,85,71,55,86,92,97,97,95,97,99,101,103,103,103,105,107,107,107,109,109,109,111,111,111,111],"gold":98,"neow_bonus":"BOSS_RELIC","is_daily":false,"chose_seed":false,"campfire_upgraded":10,"win_rate":0.0,"timestamp":1609345375,"path_taken":["M","?","M","?","M","R","?","E","T","R","E","M","R","M","R","BOSS","M","?","M","M","M","E","M","R","T","E","M","?","R","M","R","BOSS","M","M","M","?","$","E","?","R","T","E","?","R","E","$","R","BOSS"],"items_purchased_type":["Relic","Relic","Relic","Relic","Card"],"build_version":"2020-12-22","purchased_purges":1,"victory":true,"max_hp_per_floor":[72,77,77,77,77,77,77,77,77,77,77,79,79,81,81,81,81,83,83,85,87,89,91,93,93,93,93,95,95,95,97,97,97,97,99,101,103,103,103,105,107,107,107,109,109,109,111,111,111,111],"card_choices":[{"not_picked":["Pray","CrushJoints"],"picked":"BowlingBash","floor":1.0},{"not_picked":["ThirdEye","JustLucky","FlurryOfBlows","Crescendo"],"picked":"FlyingSleeves","floor":3.0},{"not_picked":["Wallop","Nirvana","PathToVictory","CutThroughFate"],"picked":"Establishment","floor":5.0},{"not_picked":["FlurryOfBlows","CarveReality","ClearTheMind","EmptyBody"],"picked":"MostiFishMod:PathToVictory","floor":8.0},{"not_picked":["FlyingSleeves","MostiFishMod:Speedup","Evaluate","Consecrate"],"picked":"MostiFishMod:LegendTransform","floor":11.0},{"not_picked":["SandsOfTime","CrushJoints","Sanctity","MostiFishMod:LegendTransform","ThirdEye"],"picked":"Singing Bowl","floor":12.0},{"not_picked":["FlurryOfBlows","WaveOfTheHand","Swivel","ThirdEye","PathToVictory"],"picked":"Singing Bowl","floor":14.0},{"not_picked":["MostiFishMod:ScryFuture","Judgement","Establishment","DevaForm"],"picked":"MostiFishMod:Minus","floor":16.0},{"not_picked":["ThirdEye","PathToVictory","ClearTheMind","Nirvana","EmptyFist"],"picked":"Singing Bowl","floor":18.0},{"not_picked":["SashWhip","Halt","EmptyBody","CutThroughFate","Crescendo+1"],"picked":"Singing Bowl","floor":20.0},{"not_picked":["Consecrate","EmptyBody","Swivel","MostiFishMod:Nomercy+1","Meditate"],"picked":"Singing Bowl","floor":21.0},{"not_picked":["EmptyBody","EmptyMind","Halt","Judgement","CutThroughFate"],"picked":"Singing Bowl","floor":22.0},{"not_picked":["TalkToTheHand","CrushJoints","LikeWater","Protect+1","FollowUp"],"picked":"Singing Bowl","floor":23.0},{"not_picked":["Swivel","Tantrum+1","EmptyMind+1","CutThroughFate","TalkToTheHand+1"],"picked":"Singing Bowl","floor":24.0},{"not_picked":["FlyingSleeves","CrushJoints+1","WaveOfTheHand","SashWhip"],"picked":"MostiFishMod:PathToVictory","floor":27.0},{"not_picked":["Sanctity","WaveOfTheHand","Halt+1","ThirdEye+1","ReachHeaven"],"picked":"Singing Bowl","floor":28},{"not_picked":["PathToVictory+1","MostiFishMod:Clarity","CutThroughFate","CrushJoints+1","Halt"],"picked":"Singing Bowl","floor":31},{"not_picked":["Scrawl","MostiFishMod:Moonprays","Ragnarok","LessonLearned"],"picked":"MostiFishMod:StarOceanP","floor":33},{"not_picked":["MostiFishMod:FlowState+1","JustLucky+1","SandsOfTime+1","ThirdEye+1","EmptyMind+1"],"picked":"Singing Bowl","floor":35},{"not_picked":["Perseverance+1","Weave+1","EmptyFist+1","FollowUp","Halt"],"picked":"Singing Bowl","floor":36},{"not_picked":["SandsOfTime+1","ThirdEye+1","LikeWater+1","Evaluate","BowlingBash+1"],"picked":"Singing Bowl","floor":37},{"not_picked":["MostiFishMod:FlowState+1","CrushJoints","SashWhip+1","Swivel"],"picked":"FearNoEvil+1","floor":38},{"not_picked":["MostiFishMod:Minus","Protect","MostiFishMod:Speedup","FlyingSleeves","Scrawl"],"picked":"Singing Bowl","floor":40},{"not_picked":["Good Instincts","MostiFishMod:KingOfFree","Jack Of All Trades","Blind","Impatience"],"picked":"Singing Bowl","floor":41},{"not_picked":["BowlingBash+1","FollowUp+1","Crescendo","JustLucky","ThirdEye+1"],"picked":"Singing Bowl","floor":44},{"not_picked":["Protect","Collect","SignatureMove+1","Evaluate+1","Halt+1"],"picked":"Singing Bowl","floor":47}],"player_experience":25873,"relics_obtained":[{"floor":1.0,"key":"SynthV:TestCard"},{"floor":8.0,"key":"Shuriken"},{"floor":9.0,"key":"Singing Bowl"},{"floor":11.0,"key":"Eternal Feather"},{"floor":23.0,"key":"Happy Flower"},{"floor":26.0,"key":"Letter Opener"},{"floor":27.0,"key":"Bottled Flame"},{"floor":38,"key":"Du-Vu Doll"},{"floor":40,"key":"CaptainsWheel"},{"floor":43,"key":"Bronze Scales"},{"floor":44,"key":"Bag of Marbles"},{"floor":47,"key":"Old Coin"}],"event_choices":[{"damage_healed":0.0,"max_hp_gain":5.0,"max_hp_loss":0.0,"gold_gain":0.0,"event_name":"Big Fish","player_choice":"Donut","floor":2.0,"gold_loss":0.0,"damage_taken":0.0},{"damage_healed":0.0,"max_hp_gain":0.0,"max_hp_loss":0.0,"gold_gain":0.0,"event_name":"Shining Light","player_choice":"Entered Light","floor":4.0,"gold_loss":0.0,"damage_taken":15.0,"cards_upgraded":["Strike_P","Eruption"]},{"cards_removed":["Defend_P"],"damage_healed":0.0,"max_hp_gain":0.0,"max_hp_loss":0.0,"gold_gain":0.0,"event_name":"The Cleric","player_choice":"Card Removal","floor":7.0,"gold_loss":50.0,"damage_taken":0.0},{"damage_healed":0.0,"max_hp_gain":0.0,"max_hp_loss":0.0,"gold_gain":0.0,"event_name":"Drug Dealer","player_choice":"Inject Mutagens","floor":19.0,"gold_loss":0.0,"damage_taken":0.0,"relics_obtained":["MutagenicStrength"]},{"damage_healed":31,"gold_gain":0,"player_choice":"Heal","damage_taken":0,"max_hp_gain":0,"max_hp_loss":0,"event_name":"The Library","floor":29,"gold_loss":0},{"damage_healed":0,"gold_gain":0,"player_choice":"Fight","damage_taken":0,"max_hp_gain":0,"max_hp_loss":0,"event_name":"Mysterious Sphere","floor":38,"gold_loss":0},{"damage_healed":0,"gold_gain":0,"player_choice":"Memory 1","damage_taken":0,"max_hp_gain":0,"max_hp_loss":0,"event_name":"SensoryStone","floor":41,"gold_loss":0},{"cards_removed":["Strike_P"],"damage_healed":0,"gold_gain":0,"player_choice":"Upgrade and Remove","damage_taken":0,"max_hp_gain":0,"max_hp_loss":0,"event_name":"Designer","floor":45,"gold_loss":90,"cards_upgraded":["Vigilance"]}],"is_beta":false,"boss_relics":[{"not_picked":["SlaversCollar","EE1DDrone"],"picked":"GreenFoldingFan"},{"not_picked":["Cursed Key","FrostBlade"],"picked":"FeatherPendant"}],"items_purged_floors":[39],"is_endless":false,"potions_floor_spawned":[1,11,12,20,24,28,31,36,37,44,47],"ascension_level":0}}