{"host":"n7mxhpjy89lltbhc","time":1609319445,"event":{"mods":["2.2 Compatiblity","Act Like it!","Bard","BaseMod","Better Match","Better Sensory Stone","Better Synergies","Better Third Choice","Better Vampires","BetterRewards","Challenge The Spire","Colored Map","Colored Powertips","Downfall","Gensokyo","Hubris","Infinite Spire","Jedi Mod","Marisa????????","Marked Mod","Minty Spire (QoL Compilation)","Permanent Neow","Rare Cards Sparkle","Relic Sorter","Relic Stats","Replay The Spire","Shop Mod","Small Relic Pack","Spicy Shops","StSLib","Strawberry Spire","The Blue Laboratory","The Disciple","The Servant 0.9.4","Uncapped","Waifu the Spire","Wandering Minibosses","Yakumo Yukari mod","vexMod"],"gold_per_floor":[119,119,119,131,40,74,74,101,128,155,30,50,50,62,62,134,134,147,147,227,238,5,40,66,102,102,116,116],"floor_reached":27,"playtime":1147,"items_purged":["Pain"],"score":566,"play_id":"aa889952-1be6-4e36-b0b6-459c50914906","local_time":"25631230161045","is_ascension_mode":true,"campfire_choices":[{"data":"DoubleSpark","floor":7,"key":"SMITH"}],"circlet_count":0,"master_deck":["AscendersBane","Strike_MRS","Strike_MRS","Strike_MRS","Strike_MRS","Defend_MRS","Defend_MRS","Defend_MRS","MasterSpark+1","UpSweep","FinalSpark","EnergyFlow","infinitespire:Fortify+1","DoubleSpark+1","MachineGunSpark","Acceleration+1","MagicAbsorber","CollectingQuirk","PropBag","ChargingUp","DoubleSpark","EventHorizon","6A+1"],"relics":["MiniHakkero","Orichalcum","Boot","Blue Doll","Ornamental Fan","Ancient Tea Set","Calipers","Gensokyo:LunaticRedEyes","hubris:HollowSoul","Mercury Hourglass","jedi:windupbox","Replay:Bandana","Toxic Egg 2","Mummified Hand"],"acts_visited":["Gensokyo:Gensokyo","TheCity"],"potions_floor_usage":[16,23],"damage_taken":[{"damage":1,"enemies":"Gensokyo:3_Fairies","floor":1,"turns":4},{"damage":3,"enemies":"Gensokyo:Gryphon","floor":4,"turns":4},{"damage":0,"enemies":"Gensokyo:Aya","floor":6,"turns":3},{"damage":5,"enemies":"Gensokyo:Mamizou","floor":8,"turns":5},{"damage":4,"enemies":"Gensokyo:Cirno","floor":10,"turns":6},{"damage":0,"enemies":"Gensokyo:2_Kodama","floor":12,"turns":2},{"damage":0,"enemies":"Gensokyo:LivingMonolith","floor":14,"turns":2},{"damage":4,"enemies":"Gensokyo:Kokoro","floor":16,"turns":5},{"damage":38,"enemies":"Shell Parasite","floor":18,"turns":6},{"damage":8,"enemies":"2 Thieves","floor":20,"turns":3},{"damage":15,"enemies":"Snake Plant","floor":21,"turns":4},{"damage":0,"enemies":"Gremlin Leader","floor":23,"turns":6},{"damage":0,"enemies":"Centurion and Healer","floor":24,"turns":4},{"damage":16,"enemies":"Shelled Parasite and Fungi","floor":25,"turns":3},{"damage":14,"enemies":"strawberrySpire:AncientClocktower","floor":27,"turns":1}],"seed_played":"1242633867855302610","potions_obtained":[{"floor":4,"key":"ShroomBrew"},{"floor":6,"key":"blueLaboratory:HorrorPotion"},{"floor":18,"key":"blueLaboratory:TrueEctoplasm"},{"floor":21,"key":"ColorlessPotion"}],"is_trial":false,"path_per_floor":["M","?","?","M","COS","E","R","E","T","E","?","M","?","M","R_BF","B",null,"M","?","M","M","$","E","M","M","T","E"],"character_chosen":"MARISA","items_purchased":["jedi:windupbox"],"campfire_rested":0,"item_purchase_floors":[22],"current_hp_per_floor":[62,62,45,42,42,42,42,37,37,33,33,33,33,33,54,50,65,27,27,35,20,20,20,20,4,4,0,0],"gold":116,"neow_bonus":"ONE_RANDOM_RARE_CARD","is_daily":false,"chose_seed":false,"campfire_upgraded":1,"win_rate":0.0,"timestamp":1609319445,"path_taken":["M","?","?","?","COS","E","R","E","T","E","?","?","?","M","R_BF","BOSS","M","?","M","?","?","E","M","?","T","E"],"items_purchased_type":["Relic"],"build_version":"2020-12-22","purchased_purges":1,"victory":false,"max_hp_per_floor":[70,70,70,70,70,70,70,70,70,70,70,70,70,70,70,70,70,70,70,70,70,70,70,70,70,70,70,70],"relic_stats":{"counters":[15,64],"Ornamental Fan":[72],"Mummified Hand":[1],"Orichalcum":[66],"Boot":[129],"obtain_stats":[{"AmplifyWand":24,"Calipers":10,"Blue Doll":9,"hubris:HollowSoul":17,"Orichalcum":6,"Boot":8,"Ancient Tea Set":10,"Gensokyo:LunaticRedEyes":13,"Mercury Hourglass":20,"jedi:windupbox":22,"Replay:Bandana":23,"Ornamental Fan":10,"Shuriken":20,"Mummified Hand":27,"MiniHakkero":0,"Kunai":23,"Toxic Egg 2":26},{"AmplifyWand":13,"Calipers":5,"Blue Doll":4,"hubris:HollowSoul":8,"Orichalcum":3,"Boot":4,"Ancient Tea Set":5,"Gensokyo:LunaticRedEyes":6,"Mercury Hourglass":10,"jedi:windupbox":11,"Replay:Bandana":12,"Ornamental Fan":5,"Shuriken":10,"Mummified Hand":15,"MiniHakkero":0,"Kunai":12,"Toxic Egg 2":14},{"AmplifyWand":57,"Calipers":22,"Blue Doll":16,"hubris:HollowSoul":31,"Orichalcum":11,"Boot":16,"Ancient Tea Set":18,"Gensokyo:LunaticRedEyes":24,"Mercury Hourglass":39,"jedi:windupbox":49,"Replay:Bandana":55,"Ornamental Fan":17,"Shuriken":44,"Mummified Hand":64,"MiniHakkero":0,"Kunai":50,"Toxic Egg 2":62}],"Mercury Hourglass":[309]},"card_choices":[{"not_picked":["Orbital","GravityBeat"],"picked":"EnergyFlow","floor":1},{"not_picked":["Replay:Fractal Strike","infinitespire:FutureSight"],"picked":"infinitespire:Fortify","floor":3},{"not_picked":["GravityBeat","GalacticHalo"],"picked":"DoubleSpark","floor":4},{"not_picked":["Orbital","GalacticHalo","NonDirectionalLaser"],"picked":"SKIP","floor":6},{"not_picked":["WitchLeyline","MysteriousBeam","ShootingEcho"],"picked":"SKIP","floor":8},{"not_picked":["DC","DarkSpark"],"picked":"MachineGunSpark","floor":10},{"not_picked":["GalacticHalo+1","IllusionStar+1"],"picked":"Acceleration+1","floor":11},{"not_picked":["MysteriousBeam","GrandCross","EscapeVelocity"],"picked":"SKIP","floor":12},{"not_picked":["Acceleration","IllusionStar"],"picked":"MagicAbsorber","floor":14},{"not_picked":["BlazingStar","BigCrunch"],"picked":"CollectingQuirk","floor":16},{"not_picked":["MilkyWay","MeteoricShower"],"picked":"PropBag","floor":18},{"not_picked":["MilkyWay","GalacticHalo","GrandCross"],"picked":"SKIP","floor":20},{"not_picked":["SporeBomb","AlicesGift"],"picked":"DoubleSpark","floor":21},{"not_picked":["SprinkleStarSeal+1","DarkMatter"],"picked":"EventHorizon","floor":23},{"not_picked":["GalacticHalo","OneTimeOff"],"picked":"6A+1","floor":24},{"not_picked":["PowerUp","ShootingEcho","GrandCross"],"picked":"SKIP","floor":25}],"player_experience":1024721,"relics_obtained":[{"floor":6,"key":"Orichalcum"},{"floor":8,"key":"Boot"},{"floor":9,"key":"Blue Doll"},{"floor":10,"key":"Calipers"},{"floor":23,"key":"Replay:Bandana"},{"floor":26,"key":"Toxic Egg 2"}],"event_choices":[{"damage_healed":0,"gold_gain":0,"player_choice":"2","damage_taken":0,"max_hp_gain":0,"max_hp_loss":0,"event_name":"betterMatch:BetterMatch","floor":11,"gold_loss":0,"cards_obtained":["betterMatch:CommonCard"]},{"damage_healed":0,"gold_gain":0,"cards_transformed":["Defend_MRS"],"player_choice":"Transformed","damage_taken":0,"max_hp_gain":0,"max_hp_loss":0,"event_name":"Transmorgrifier","floor":19,"gold_loss":0,"cards_obtained":["ChargingUp"]}],"is_beta":false,"boss_relics":[{"not_picked":["Runic Dome","Runic Pyramid"],"picked":"hubris:HollowSoul"}],"items_purged_floors":[22],"is_endless":false,"potions_floor_spawned":[4,6,10,12,14,18,21],"killed_by":"strawberrySpire:AncientClocktower","ascension_level":16}}