{"host":"7pe9xwx78c6nlay8","time":1609350835,"event":{"mods":["BaseMod","Minty Spire (QoL Compilation)"],"gold_per_floor":[118,293,183,63,89,124,124,168,219,10,10,51,65,84,84,84,84],"floor_reached":16,"playtime":346,"items_purged":["Doubt","Defend_P"],"score":243,"play_id":"9ea35d58-326c-4899-915e-45b9f98b6fe8","local_time":"20201231015355","is_ascension_mode":true,"campfire_choices":[{"floor":11,"key":"REST"},{"data":"Eruption","floor":15,"key":"SMITH"}],"circlet_count":0,"master_deck":["AscendersBane","Strike_P","Strike_P","Strike_P","Strike_P","Defend_P","Defend_P","Defend_P","Eruption+1","Vigilance","BowlingBash","Consecrate","FollowUp","ThirdEye","FollowUp","BattleHymn","Weave"],"relics":["PureWater","NeowsBlessing","CeramicFish","InkBottle","Regal Pillow","FossilizedHelix","MawBank","Membership Card","Nunchaku"],"acts_visited":["Exordium"],"potions_floor_usage":[8],"damage_taken":[{"damage":0,"enemies":"2 Louse","floor":1,"turns":1},{"damage":0,"enemies":"Small Slimes","floor":5,"turns":1},{"damage":0,"enemies":"Gremlin Nob","floor":6,"turns":1},{"damage":37,"enemies":"Lagavulin","floor":8,"turns":5},{"damage":20,"enemies":"3 Sentries","floor":12,"turns":6},{"damage":0,"enemies":"Cultist","floor":13,"turns":2},{"damage":0,"enemies":"2 Fungi Beasts","floor":14,"turns":2},{"damage":38,"enemies":"The Guardian","floor":16,"turns":7}],"seed_played":"4130149732780761025","potions_obtained":[{"floor":5,"key":"Energy Potion"},{"floor":14,"key":"Energy Potion"}],"is_trial":false,"path_per_floor":["M","?","?","$","M","E","?","E","T","$","R","E","M","M","R","B"],"character_chosen":"WATCHER","items_purchased":["Consecrate","Membership Card","BattleHymn"],"campfire_rested":1,"item_purchase_floors":[4,10,10],"current_hp_per_floor":[61,61,61,61,61,61,54,17,17,17,52,32,32,32,32,0,0],"gold":84,"neow_bonus":"THREE_ENEMY_KILL","is_daily":false,"chose_seed":false,"campfire_upgraded":1,"win_rate":0.0,"timestamp":1609350835,"path_taken":["M","?","?","$","?","E","?","E","T","$","R","E","M","M","R","BOSS"],"items_purchased_type":["Card","Relic","Card"],"build_version":"2020-12-22","purchased_purges":2,"victory":false,"max_hp_per_floor":[68,68,68,68,68,68,68,68,68,68,68,68,68,68,68,68,68],"card_choices":[{"not_picked":["EmptyBody","Crescendo"],"picked":"BowlingBash","floor":1},{"not_picked":["EmptyFist","Halt"],"picked":"FollowUp","floor":5},{"not_picked":["BattleHymn","Prostrate"],"picked":"ThirdEye","floor":6},{"not_picked":["FlurryOfBlows","Halt"],"picked":"FollowUp","floor":8},{"not_picked":["Consecrate","EmptyFist"],"picked":"Weave","floor":12},{"not_picked":["InnerPeace","Study","SignatureMove"],"picked":"SKIP","floor":13},{"not_picked":["Blasphemy","EmptyFist","CrushJoints"],"picked":"SKIP","floor":14}],"player_experience":1578409,"relics_obtained":[{"floor":6,"key":"InkBottle"},{"floor":8,"key":"FossilizedHelix"},{"floor":9,"key":"MawBank"},{"floor":12,"key":"Nunchaku"}],"event_choices":[{"damage_healed":0,"gold_gain":175,"player_choice":"AGREE","damage_taken":0,"max_hp_gain":0,"max_hp_loss":0,"event_name":"Liars Game","floor":2,"gold_loss":0,"cards_obtained":["Doubt"]},{"damage_healed":0,"gold_gain":0,"player_choice":"Paid Gold","damage_taken":0,"relics_obtained":["CeramicFish"],"max_hp_gain":0,"max_hp_loss":0,"event_name":"WeMeetAgain","floor":3,"gold_loss":110},{"damage_healed":0,"gold_gain":0,"player_choice":"Success","damage_taken":7,"relics_obtained":["Regal Pillow"],"max_hp_gain":0,"max_hp_loss":0,"event_name":"Scrap Ooze","floor":7,"gold_loss":0}],"is_beta":false,"boss_relics":[],"items_purged_floors":[4,10],"is_endless":false,"potions_floor_spawned":[5,14],"killed_by":"The Guardian","ascension_level":14}}