{"host":"wbdly04l9mkn9nrc","time":1609317577,"event":{"mods":["AchievementEnabler","BaseMod","BetterRewards","Minty Spire (QoL Compilation)","StSLib","[IsaacMod]ÒÔÈö¼âËþ"],"gold_per_floor":[125,144,171,196,223,223,250,300,300,300,300,300,322,391,391,496,505,529,590,590,890,890,926,926,935,969,987,1016,1041,1078,1087,1087,1200,1200,1224,1233,1233,1233,1233],"floor_reached":40,"playtime":979,"items_purged":["Defend_G","Defend_G","Strike_G","Strike_G","Strike_G","Strike_G","Strike_G","Defend_G","Defend_G","Writhe"],"score":1549,"play_id":"aa40346a-28fb-4de0-9c87-1bdac44c51d9","local_time":"20201230163937","is_ascension_mode":true,"campfire_choices":[{"floor":6.0,"key":"DIG"},{"floor":8.0,"key":"DIG"},{"floor":15.0,"key":"REST"},{"floor":23.0,"key":"DIG"},{"floor":32,"key":"DIG"}],"circlet_count":0,"master_deck":["AscendersBane","Survivor","Neutralize+1","BettingIsNotGood","Backflip+1","Backflip+1","Deadly Poison+1","Bouncing Flask+1","Expertise+1","Well Laid Plans+1","Apotheosis+1","Noxious Fumes+1","Crippling Poison+1","Sucker Punch+1","Doppelganger+1","Wraith Form v2+1","Cleave+1","Armaments+1","Catalyst+1","Finisher+1","Predator+1","Wallop+1","Cloak And Dagger+1","Underhanded Strike+1","Flying Knee+1","Blade Dance+1","Bane+1","Caltrops+1","Pummel+1","Bullet Time+1","Cloak And Dagger+1","SashWhip+1","Dagger Throw+1","SashWhip+1","Underhanded Strike+1","Sanctity+1","Tactician+1","Terror+1","Choke+1","Uppercut+1","CrushJoints+1","Necronomicurse","Catalyst+1","ConjureBlade+1","Madness+1","Infinite Blades+1"],"relics":["Ring of the Snake","HushsDoor","SatanicBible","SteamSale","Membership Card","Shovel","Frozen Egg 2","Question Card","Chaos","BookofShadows","Black Star","Lizard Tail","Torii","Happy Flower","Incense Burner","Toolbox","Charon\u0027s Ashes","Burning Blood","Tough Bandages","TheAbacus","GuppysPaw","Runic Dome","Busted Crown","SlaversCollar","Nuclear Battery","Symbiotic Virus","MyShadow","Akabeko","NineVolt","Omamori","DeathBook","Magic Flower","Mark of Pain","Runic Cube","Toxic Egg 2","Paper Frog","Bird Faced Urn","GuppysHead","CeramicFish","Thread and Needle","Shuriken","WingedGreaves","BlankCard","Cursed Key","MagicMushroom","Meat on the Bone","EdensBlessing","Ice Cream","Bottled Lightning","InkBottle","Kunai","JudasShadow","PrismaticShard","BFFS","DoctorsRemote","Letter Opener","Champion Belt","TuHaoJin","Sling","Boot","Frozen Eye","Dream Catcher","CaptainsWheel","Nunchaku","Medical Kit","HowToJump","Bottled Tornado","Blood Vial","Pen Nib","Ancient Tea Set","Oddly Smooth Stone","Self Forming Clay","Ginger","Habit","Red Skull","HornCleat","TheBible","Molten Egg 2","Matryoshka","Snake Skull","PreservedInsect","FossilizedHelix","Lantern","Gambling Chip","Leech","Peace Pipe","Chemical X","ClockworkSouvenir","Potion Belt","Art of War","Sozu","Toy Ornithopter","Tiny House","WristBlade","The Courier","TwistedFunnel","Red Mask","YumHeart","Juzu Bracelet","Orrery","BookOfRevelations","Bronze Scales","Turnip","Cracked Core","SalivaCoin","Mercury Hourglass","Gremlin Horn","Cables","OrangePellets","DeadEye","Incubus","HandDrill","Necronomicon","Calipers","Eternal Feather","GuppysHairball","Whetstone","Bag of Marbles","Paper Crane","Mummified Hand","War Paint","Centennial Puzzle","Strawberry","D6","Prayer Wheel","Du-Vu Doll","Anchor","RottenBaby","Regal Pillow","Dead Branch","Orichalcum","GnawedLeaf","TungstenRod","Pear"],"acts_visited":["Exordium","TheCity","TheBeyond"],"potions_floor_usage":[],"damage_taken":[{"damage":0.0,"enemies":"2 Louse","floor":1.0,"turns":1.0},{"damage":0.0,"enemies":"Small Slimes","floor":2.0,"turns":1.0},{"damage":0.0,"enemies":"Jaw Worm","floor":4.0,"turns":1.0},{"damage":0.0,"enemies":"3 Louse","floor":13.0,"turns":1.0},{"damage":0.0,"enemies":"Hexaghost","floor":16.0,"turns":2.0},{"damage":0.0,"enemies":"Shell Parasite","floor":18.0,"turns":1.0},{"damage":0.0,"enemies":"Masked Bandits","floor":19.0,"turns":1.0},{"damage":0.0,"enemies":"3 Byrds","floor":28.0,"turns":1.0},{"damage":0.0,"enemies":"Sentry and Sphere","floor":29.0,"turns":1.0},{"damage":0,"enemies":"Champ","floor":33,"turns":2},{"damage":0,"enemies":"3 Shapes","floor":35,"turns":1},{"damage":0,"enemies":"Awakened One","floor":39,"turns":2}],"seed_played":"8655244495650423995","potions_obtained":[{"floor":4.0,"key":"Fruit Juice"}],"is_trial":false,"path_per_floor":["M","M","$","M","$","R","$","R","T","?","?","?","M","?","R","B",null,"M","?","T","?","?","R","?","?","T","$","M","M","?","?","R","B",null,"M","$","$","?","B",null],"character_chosen":"THE_SILENT","items_purchased":["SteamSale","Backflip","Membership Card","Shovel","Backflip","Frozen Egg 2","Question Card","Chaos","BookofShadows","Black Star","Lizard Tail","Torii","Happy Flower","Incense Burner","Toolbox","Charon\u0027s Ashes","Burning Blood","Tough Bandages","TheAbacus","GuppysPaw","Runic Dome","Busted Crown","SlaversCollar","Deadly Poison","Nuclear Battery","Symbiotic Virus","MyShadow","Akabeko","NineVolt","Omamori","DeathBook","Magic Flower","Mark of Pain","Runic Cube","Toxic Egg 2","Paper Frog","Bouncing Flask+1","Bird Faced Urn","GuppysHead","CeramicFish","Thread and Needle","Shuriken","WingedGreaves","BlankCard","Cursed Key","MagicMushroom","Meat on the Bone","Expertise+1","Well Laid Plans+1","EdensBlessing","Ice Cream","Apotheosis+1","Bottled Lightning","InkBottle","Kunai","Noxious Fumes+1","Crippling Poison+1","JudasShadow","PrismaticShard","BFFS","DoctorsRemote","Letter Opener","Champion Belt","TuHaoJin","Sling","Boot","Frozen Eye","Dream Catcher","CaptainsWheel","Nunchaku","Medical Kit","HowToJump","Bottled Tornado","Blood Vial","Pen Nib","Ancient Tea Set","Oddly Smooth Stone","Self Forming Clay","Ginger","Habit","Red Skull","HornCleat","TheBible","Molten Egg 2","Sucker Punch+1","Matryoshka","Snake Skull","PreservedInsect","FossilizedHelix","Lantern","Gambling Chip","Doppelganger+1","Wraith Form v2+1","Leech","Peace Pipe","Catalyst+1","Finisher+1","Predator+1","Chemical X","ClockworkSouvenir","Potion Belt","Cloak And Dagger+1","Underhanded Strike+1","Flying Knee+1","Sozu","Toy Ornithopter","Blade Dance+1","Bane+1","Caltrops+1","Bullet Time+1","Bronze Scales","Turnip","Cracked Core","SalivaCoin","Mercury Hourglass","Gremlin Horn","Cables","OrangePellets","DeadEye","Incubus","Terror+1","Choke+1","HandDrill","GuppysHairball","Whetstone","Bag of Marbles","Paper Crane","Mummified Hand","War Paint","Infinite Blades+1","Centennial Puzzle","Strawberry","D6","Prayer Wheel","Du-Vu Doll","Anchor","RottenBaby","Regal Pillow","Dead Branch","Orichalcum","GnawedLeaf","TungstenRod","Pear"],"campfire_rested":1,"item_purchase_floors":[0,0,0,0,0,0,0,0,0,0,0,0,0,0,0,0,0,0,0,0,0,0,0,0,0,0,0,0,0,0,0,0,0,0,0,0,0,0,0,0,0,0,0,0,0,0,0,0,0,0,0,0,0,0,0,0,0,0,0,0,0,0,0,0,0,0,0,0,0,0,0,0,0,0,0,0,0,0,0,0,0,0,0,0,0,0,0,0,0,0,0,0,0,0,3,3,3,3,3,5,5,5,5,5,7,7,7,7,7,17,27,27,27,27,27,27,27,27,27,27,27,27,27,34,36,36,36,36,36,36,36,36,36,36,37,37,37,37,37,37,37,37,37],"current_hp_per_floor":[64,77,77,77,77,77,77,82,82,82,82,82,82,82,82,87,83,83,83,83,83,80,80,80,80,80,80,83,83,67,67,67,83,73,73,80,90,90,90],"gold":1233,"neow_bonus":"","is_daily":false,"chose_seed":false,"campfire_upgraded":0,"win_rate":0.0,"timestamp":1609317577,"path_taken":["M","M","$","M","$","R","$","R","T","?","?","?","M","?","R","BOSS","M","?","?","?","?","R","?","?","T","$","M","M","?","?","R","BOSS","M","$","$","?","BOSS"],"items_purchased_type":["Relic","Card","Relic","Relic","Card","Relic","Relic","Card","Relic","Relic","Relic","Relic","Relic","Relic","Relic","Relic","Relic","Relic","Relic","Relic","Relic","Relic","Relic","Card","Relic","Relic","Relic","Relic","Relic","Relic","Relic","Relic","Relic","Relic","Relic","Relic","Card","Relic","Relic","Relic","Relic","Relic","Relic","Relic","Relic","Relic","Relic","Card","Card","Relic","Relic","Card","Relic","Relic","Relic","Card","Card","Relic","Relic","Relic","Relic","Relic","Relic","Relic","Relic","Relic","Relic","Relic","Relic","Relic","Relic","Relic","Relic","Relic","Relic","Relic","Relic","Relic","Relic","Relic","Relic","Relic","Relic","Relic","Card","Relic","Relic","Relic","Relic","Relic","Relic","Card","Card","Relic","Relic","Card","Card","Card","Relic","Relic","Relic","Card","Card","Card","Relic","Relic","Card","Card","Card","Card","Relic","Relic","Relic","Relic","Relic","Relic","Relic","Relic","Relic","Relic","Card","Card","Relic","Relic","Relic","Relic","Relic","Relic","Relic","Card","Relic","Relic","Relic","Relic","Relic","Relic","Relic","Relic","Relic","Relic","Relic","Relic","Relic"],"build_version":"2020-12-22","purchased_purges":10,"victory":true,"max_hp_per_floor":[77,77,77,77,77,77,77,82,82,82,82,82,82,82,82,87,83,83,83,83,83,83,83,83,83,83,83,83,83,83,83,83,83,73,73,80,90,90,90],"card_choices":[{"not_picked":[],"picked":"BettingIsNotGood","floor":0.0},{"not_picked":["Combust+1"],"picked":"Cleave+1","floor":1.0},{"not_picked":["Blood for Blood+1"],"picked":"Armaments+1","floor":2.0},{"not_picked":["Sweeping Beam+1"],"picked":"Wallop+1","floor":4.0},{"not_picked":["Distribution+1"],"picked":"Pummel+1","floor":13.0},{"not_picked":["Consume+1"],"picked":"Cloak And Dagger+1","floor":18.0},{"not_picked":["Sucker Punch+1"],"picked":"SashWhip+1","floor":19.0},{"not_picked":["Flame Barrier+1"],"picked":"Dagger Throw+1","floor":23.0},{"not_picked":["Pommel Strike+1"],"picked":"SashWhip+1","floor":23.0},{"not_picked":["Cloak And Dagger+1"],"picked":"Underhanded Strike+1","floor":23.0},{"not_picked":["FlurryOfBlows+1"],"picked":"Sanctity+1","floor":23.0},{"not_picked":["Heatsinks+1"],"picked":"Uppercut+1","floor":28.0},{"not_picked":["Slice+1"],"picked":"CrushJoints+1","floor":29.0},{"not_picked":["Barricade+1"],"picked":"ConjureBlade+1","floor":33},{"not_picked":["Dagger Throw+1"],"picked":"Madness+1","floor":35}],"player_experience":159607,"relics_obtained":[{"floor":6.0,"key":"Art of War"},{"floor":8.0,"key":"Tiny House"},{"floor":9.0,"key":"WristBlade"},{"floor":9.0,"key":"The Courier"},{"floor":19.0,"key":"Red Mask"},{"floor":20.0,"key":"YumHeart"},{"floor":20.0,"key":"Juzu Bracelet"},{"floor":23.0,"key":"Orrery"},{"floor":26.0,"key":"BookOfRevelations"},{"floor":30.0,"key":"Necronomicon"},{"floor":32,"key":"Calipers"}],"event_choices":[{"damage_healed":0.0,"max_hp_gain":0.0,"max_hp_loss":0.0,"gold_gain":0.0,"event_name":"Liars Game","player_choice":"Ignored","floor":10.0,"gold_loss":0.0,"damage_taken":0.0},{"cards_removed":["Defend_G"],"damage_healed":0.0,"max_hp_gain":0.0,"max_hp_loss":0.0,"gold_gain":0.0,"event_name":"Living Wall","player_choice":"Forget","floor":11.0,"gold_loss":0.0,"damage_taken":0.0},{"damage_healed":27.0,"max_hp_gain":0.0,"max_hp_loss":0.0,"gold_gain":0.0,"event_name":"Big Fish","player_choice":"Banana","floor":12.0,"gold_loss":0.0,"damage_taken":0.0},{"damage_healed":0.0,"max_hp_gain":0.0,"max_hp_loss":0.0,"gold_gain":69.0,"event_name":"Golden Wing","player_choice":"Gained Gold","floor":14.0,"gold_loss":0.0,"damage_taken":0.0},{"damage_healed":0.0,"max_hp_gain":0.0,"max_hp_loss":0.0,"gold_gain":0.0,"event_name":"Masked Bandits","player_choice":"Fought Bandits","floor":19.0,"gold_loss":0.0,"damage_taken":0.0},{"damage_healed":0.0,"max_hp_gain":0.0,"max_hp_loss":0.0,"gold_gain":0.0,"event_name":"Designer","player_choice":"Punched","floor":22.0,"gold_loss":0.0,"damage_taken":3.0},{"damage_healed":0.0,"max_hp_gain":0.0,"max_hp_loss":0.0,"gold_gain":0.0,"event_name":"Lab","player_choice":"Got Potions","floor":24.0,"gold_loss":0.0,"damage_taken":0.0},{"damage_healed":0.0,"max_hp_gain":0.0,"max_hp_loss":0.0,"gold_gain":0.0,"event_name":"The Library","player_choice":"Read","floor":25.0,"gold_loss":0.0,"damage_taken":0.0,"cards_obtained":["Tactician"]},{"damage_healed":0.0,"max_hp_gain":0.0,"max_hp_loss":0.0,"gold_gain":0.0,"event_name":"Cursed Tome","player_choice":"Obtained Book","floor":30.0,"gold_loss":0.0,"damage_taken":16.0},{"damage_healed":0,"gold_gain":0,"player_choice":"Copied","damage_taken":0,"max_hp_gain":0,"max_hp_loss":0,"event_name":"Duplicator","floor":31,"gold_loss":0,"cards_obtained":["Catalyst"]},{"damage_healed":0,"gold_gain":0,"player_choice":"Took Portal","damage_taken":0,"max_hp_gain":0,"max_hp_loss":0,"event_name":"SecretPortal","floor":38,"gold_loss":0}],"is_beta":false,"boss_relics":[{"not_picked":["BloodDonationMachine","Unceasing Top"],"picked":"TwistedFunnel"},{"not_picked":[]},{"not_picked":["Astrolabe","Philosopher\u0027s Stone"],"picked":"Eternal Feather"},{"not_picked":[]}],"items_purged_floors":[0,0,0,0,0,0,3,5,7,27],"is_endless":false,"potions_floor_spawned":[4,19,28],"ascension_level":10}}