{"host":"jzjaw782v8gfe8gb","time":1609306049,"event":{"mods":["BaseMod","Better Match","Better Note","Better Third Choice","Minty Spire (QoL Compilation)","StSLib","The Marked"],"gold_per_floor":[114,129,140,140,154,180,180,193,193,204,204,58,58,71,71,170,170,183,201,218,237,253,280,280,280],"floor_reached":24,"playtime":2219,"items_purged":[],"score":224,"play_id":"3bf87700-a9ae-4e2a-81e9-17f4bf15e815","local_time":"20201229212729","is_ascension_mode":false,"campfire_choices":[{"data":"theMarked:Indomitable","floor":11,"key":"SMITH"},{"data":"theMarked:Electrocute","floor":13,"key":"SMITH"},{"data":"theMarked:Defy","floor":15,"key":"SMITH"}],"circlet_count":0,"master_deck":["theMarked:Strike","theMarked:Strike","theMarked:Strike","theMarked:Strike","theMarked:Strike","theMarked:Defend","theMarked:Defend","theMarked:Defend","theMarked:Defend","theMarked:SoldierOfQuellstein","theMarked:Electrocute+1","theMarked:WardOff","theMarked:WardOff","theMarked:Indomitable+1","theMarked:Levitate","theMarked:PowerFlow","theMarked:Defy+1","theMarked:SummonStrength","theMarked:Static","theMarked:HeightenedSenses+1","theMarked:SelfDefenseTraining","theMarked:Aftermath+1","theMarked:MagicAdept"],"relics":["theMarked:ArtifactOfAir","Juzu Bracelet","Blood Vial","WingedGreaves","theMarked:KettuFlask","theMarked:Winder","Black Star","Dead Branch","theMarked:NailFile"],"acts_visited":["Exordium","TheCity"],"potions_floor_usage":[16,16,16,16,16,22,23,23],"damage_taken":[{"damage":5,"enemies":"Small Slimes","floor":1,"turns":3},{"damage":2,"enemies":"2 Louse","floor":2,"turns":3},{"damage":1,"enemies":"Jaw Worm","floor":3,"turns":4},{"damage":0,"enemies":"Exordium Wildlife","floor":5,"turns":3},{"damage":32,"enemies":"Gremlin Nob","floor":6,"turns":5},{"damage":6,"enemies":"Blue Slaver","floor":8,"turns":5},{"damage":0,"enemies":"Red Slaver","floor":10,"turns":4},{"damage":0,"enemies":"Looter","floor":14,"turns":3},{"damage":21,"enemies":"Hexaghost","floor":16,"turns":9},{"damage":20,"enemies":"Spheric Guardian","floor":18,"turns":7},{"damage":0,"enemies":"Shell Parasite","floor":19,"turns":4},{"damage":31,"enemies":"Centurion and Healer","floor":20,"turns":8},{"damage":0,"enemies":"3 Cultists","floor":21,"turns":4},{"damage":19,"enemies":"Cultist and Chosen","floor":22,"turns":6},{"damage":9,"enemies":"Gremlin Leader","floor":23,"turns":6},{"damage":12,"enemies":"Snecko","floor":24,"turns":3}],"seed_played":"-7773135688144309815","potions_obtained":[{"floor":2,"key":"SteroidPotion"},{"floor":8,"key":"EntropicBrew"},{"floor":10,"key":"BlessingOfTheForge"},{"floor":18,"key":"FearPotion"},{"floor":20,"key":"DistilledChaos"},{"floor":22,"key":"BlessingOfTheForge"}],"is_trial":false,"path_per_floor":["M","M","M","?","M","E","?","M","T","M","R","$","R","M","R","B",null,"M","M","M","M","M","E","M"],"character_chosen":"THE_DEFAULT","items_purchased":["theMarked:Winder"],"campfire_rested":0,"item_purchase_floors":[12],"current_hp_per_floor":[65,63,62,44,46,16,21,17,17,19,19,19,19,21,21,17,75,55,57,28,30,13,6,0,0],"gold":280,"neow_bonus":"RANDOM_COMMON_RELIC","is_daily":false,"chose_seed":false,"campfire_upgraded":3,"win_rate":0.0,"timestamp":1609306049,"path_taken":["M","M","M","?","M","E","?","M","T","M","R","$","R","M","R","BOSS","M","M","M","M","M","E","M"],"items_purchased_type":["Relic"],"build_version":"2020-12-22","purchased_purges":0,"victory":false,"max_hp_per_floor":[70,70,70,70,70,70,75,75,75,75,75,75,75,75,75,75,75,75,75,75,75,75,75,75,75],"card_choices":[{"not_picked":["theMarked:ResourceFulStrike","theMarked:MaelstromOfLightning"],"picked":"theMarked:Electrocute","floor":1},{"not_picked":["theMarked:ReduceFriction","theMarked:ShockingTouch"],"picked":"theMarked:WardOff","floor":2},{"not_picked":["theMarked:StartUp","theMarked:Static"],"picked":"theMarked:WardOff","floor":3},{"not_picked":["theMarked:Parkour","theMarked:Polarize"],"picked":"theMarked:Indomitable","floor":5},{"not_picked":["theMarked:Aftermath","theMarked:BanishingStrike"],"picked":"theMarked:Levitate","floor":6},{"not_picked":["theMarked:WastefulAttack","theMarked:Parkour","theMarked:Static"],"picked":"SKIP","floor":8},{"not_picked":["theMarked:Frustration","theMarked:TunnelVision"],"picked":"theMarked:PowerFlow","floor":10},{"not_picked":["theMarked:EmpowerWeapon","theMarked:Panic"],"picked":"theMarked:Defy","floor":14},{"not_picked":["theMarked:SoldierForm","theMarked:DispelDoubt"],"picked":"theMarked:SummonStrength","floor":16},{"not_picked":["theMarked:ChainLightning","theMarked:ParalyzingBlade"],"picked":"theMarked:Static","floor":18},{"not_picked":["theMarked:WastefulAttack","theMarked:BanishingStrike"],"picked":"theMarked:HeightenedSenses+1","floor":19},{"not_picked":["theMarked:BanishingStrike","theMarked:TwofoldDefense"],"picked":"theMarked:SelfDefenseTraining","floor":20},{"not_picked":["theMarked:ResourceFulStrike","theMarked:BanishingStrike"],"picked":"theMarked:Aftermath+1","floor":21},{"not_picked":["theMarked:SwordAndMagic","theMarked:Levitate","theMarked:TwofoldDefense"],"picked":"SKIP","floor":22},{"not_picked":["theMarked:Opportunist","theMarked:ContemptForTheProud"],"picked":"theMarked:MagicAdept","floor":23}],"player_experience":1911285,"relics_obtained":[{"floor":6,"key":"WingedGreaves"},{"floor":9,"key":"theMarked:KettuFlask"},{"floor":23,"key":"Dead Branch"},{"floor":23,"key":"theMarked:NailFile"}],"event_choices":[{"damage_healed":0,"gold_gain":0,"player_choice":"Relic ","damage_taken":18,"max_hp_gain":0,"max_hp_loss":0,"event_name":"betterThird:BetterScrap","floor":4,"gold_loss":0,"cards_obtained":["ConjureBlade"]},{"damage_healed":0,"gold_gain":0,"player_choice":"Donut","damage_taken":0,"max_hp_gain":5,"max_hp_loss":0,"event_name":"Big Fish","floor":7,"gold_loss":0}],"is_beta":false,"boss_relics":[{"not_picked":["theMarked:BronzeBlade","Velvet Choker"],"picked":"Black Star"}],"items_purged_floors":[],"is_endless":false,"potions_floor_spawned":[2,8,10,14,18,20,22],"killed_by":"Snecko","ascension_level":0}}