{"host":"sc0o2qwpf9j16a4i","time":1609287057,"event":{"mods":["AchievementEnabler","BaseMod","BetterRewards","Block Reminder","Colored Map","Colored Powertips","Custom Start","Highlight Path","Minty Spire (QoL Compilation)","Relic Stats"],"gold_per_floor":[110,35,50,70,16,43,43,77,77,91,91,102,120,134,134,212,212,224,235,249,32,42,42,42,42,42,59,59,59,85,85,85,158,158,174,225,225,225,3,30,30,64,64,64,0,17,17,17,17,17,17],"floor_reached":50,"playtime":1835,"items_purged":["Strike_G"],"score":1256,"play_id":"556207ca-2eee-4e6e-9185-3d0063cc534a","local_time":"20201230021057","is_ascension_mode":true,"campfire_choices":[{"floor":7,"key":"REST"},{"data":"Noxious Fumes","floor":15,"key":"SMITH"},{"floor":23,"key":"REST"},{"floor":29,"key":"REST"},{"data":"Envenom","floor":32,"key":"SMITH"},{"floor":41,"key":"REST"},{"floor":49,"key":"RECALL"}],"circlet_count":0,"master_deck":["AscendersBane","Strike_G+1","Defend_G","Defend_G","Defend_G","Defend_G","Neutralize","Well Laid Plans","Dagger Spray+1","Noxious Fumes+1","Escape Plan","Flying Knee","Adrenaline","After Image+1","Catalyst","Backflip","Calculated Gamble","Backflip","Injury","Concentrate","Predator","Envenom+1","PiercingWail","Adrenaline","Footwork","Leg Sweep","Injury","Dodge and Roll","Deflect","Bouncing Flask+1","Backstab","Finesse"],"relics":["Ring of the Snake","Bloody Idol","Whetstone","Gremlin Horn","Akabeko","Cursed Key","Eternal Feather","Ornamental Fan","Runic Pyramid","Bird Faced Urn","Strange Spoon","Bottled Lightning","Gambling Chip","Red Mask"],"acts_visited":["Exordium","TheCity","TheBeyond"],"potions_floor_usage":[6,8,30,33,40,42],"damage_taken":[{"damage":8,"enemies":"2 Louse","floor":1,"turns":5},{"damage":2,"enemies":"Jaw Worm","floor":3,"turns":6},{"damage":3,"enemies":"Small Slimes","floor":4,"turns":5},{"damage":24,"enemies":"Gremlin Nob","floor":6,"turns":4},{"damage":0,"enemies":"Lagavulin","floor":8,"turns":7},{"damage":1,"enemies":"Exordium Thugs","floor":10,"turns":4},{"damage":8,"enemies":"Blue Slaver","floor":12,"turns":3},{"damage":4,"enemies":"Looter","floor":13,"turns":3},{"damage":0,"enemies":"2 Fungi Beasts","floor":14,"turns":1},{"damage":20,"enemies":"The Guardian","floor":16,"turns":13},{"damage":21,"enemies":"3 Byrds","floor":18,"turns":4},{"damage":18,"enemies":"Shell Parasite","floor":19,"turns":6},{"damage":12,"enemies":"Sentry and Sphere","floor":20,"turns":4},{"damage":9,"enemies":"Snake Plant","floor":22,"turns":4},{"damage":9,"enemies":"Snecko","floor":27,"turns":5},{"damage":23,"enemies":"Slavers","floor":30,"turns":4},{"damage":0,"enemies":"Automaton","floor":33,"turns":10},{"damage":0,"enemies":"3 Shapes","floor":35,"turns":1},{"damage":42,"enemies":"2 Orb Walkers","floor":36,"turns":5},{"damage":24,"enemies":"Reptomancer","floor":40,"turns":8},{"damage":32,"enemies":"Nemesis","floor":42,"turns":13},{"damage":0,"enemies":"Orb Walker","floor":46,"turns":4},{"damage":72,"enemies":"Awakened One","floor":50,"turns":4}],"seed_played":"-8285422156595755329","potions_obtained":[{"floor":1,"key":"Poison Potion"},{"floor":6,"key":"SmokeBomb"},{"floor":8,"key":"DuplicationPotion"},{"floor":16,"key":"BlessingOfTheForge"},{"floor":35,"key":"Strength Potion"},{"floor":36,"key":"Energy Potion"},{"floor":40,"key":"GhostInAJar"}],"is_trial":false,"path_per_floor":["M","?","M","M","$","E","R","E","T","M","?","M","M","M","R","B",null,"M","M","M","$","M","R","?","T","T","M","?","R","E","?","R","B",null,"M","?","?","T","$","E","R","E","T","$","?","M","?","$","R","B"],"character_chosen":"THE_SILENT","items_purchased":["AttackPotion","Backflip","Calculated Gamble","Strange Spoon","Dodge and Roll"],"campfire_rested":4,"item_purchase_floors":[5,21,21,39,39],"current_hp_per_floor":[56,56,59,61,61,42,61,66,66,66,59,56,62,66,66,51,62,46,33,26,26,22,41,41,41,41,37,37,66,48,48,60,65,66,66,29,29,29,29,20,54,37,37,37,37,52,42,42,60,0,0],"gold":17,"neow_bonus":"","is_daily":false,"chose_seed":false,"campfire_upgraded":2,"win_rate":0.0,"timestamp":1609287057,"path_taken":["M","?","M","M","$","E","R","E","T","M","?","M","M","M","R","BOSS","M","M","M","$","M","R","?","?","T","M","?","R","E","?","R","BOSS","M","?","?","?","$","E","R","E","T","$","?","M","?","?","R","BOSS"],"items_purchased_type":["Potion","Card","Card","Relic","Card"],"build_version":"2020-12-22","purchased_purges":1,"victory":false,"max_hp_per_floor":[66,66,66,66,66,66,66,66,66,66,66,66,66,66,66,66,66,66,66,66,66,66,66,66,66,66,66,66,66,66,66,66,66,66,66,66,66,66,66,66,66,66,66,66,66,66,66,66,66,66,66],"relic_stats":{"Strange Spoon":[14],"Gremlin Horn":[19,19],"counters":[31,152],"Ornamental Fan":[40],"Bloody Idol":105,"Bird Faced Urn":[36],"Gambling Chip":[5],"Eternal Feather":57,"Whetstone":["Dagger Spray","Strike_G"],"Cursed Key":2,"obtain_stats":[{"Girya":9,"Gremlin Horn":8,"Golden Idol":3,"Eternal Feather":26,"Whetstone":6,"Cursed Key":17,"Akabeko":9,"Strange Spoon":39,"Ornamental Fan":30,"Strawberry":7,"Bloody Idol":0,"Bird Faced Urn":36,"Gambling Chip":42,"Bag of Marbles":2,"Red Mask":45,"Bottled Lightning":40,"Ring of the Snake":0,"Runic Pyramid":34},{"Girya":3,"Gremlin Horn":13,"Golden Idol":1,"Eternal Feather":22,"Whetstone":12,"Cursed Key":18,"Akabeko":13,"Strange Spoon":27,"Ornamental Fan":24,"Strawberry":3,"Bloody Idol":8,"Bird Faced Urn":27,"Gambling Chip":29,"Bag of Marbles":1,"Red Mask":29,"Bottled Lightning":28,"Ring of the Snake":0,"Runic Pyramid":25},{"Girya":11,"Gremlin Horn":56,"Golden Idol":3,"Eternal Feather":98,"Whetstone":49,"Cursed Key":80,"Akabeko":56,"Strange Spoon":123,"Ornamental Fan":107,"Strawberry":11,"Bloody Idol":29,"Bird Faced Urn":123,"Gambling Chip":144,"Bag of Marbles":3,"Red Mask":144,"Bottled Lightning":131,"Ring of the Snake":0,"Runic Pyramid":117}],"Ring of the Snake":[62]},"card_choices":[{"not_picked":["Well Laid Plans","Dodge and Roll"],"picked":"Predator","floor":1},{"not_picked":["Outmaneuver","Acrobatics"],"picked":"Well Laid Plans","floor":3},{"not_picked":["Acrobatics","Blade Dance"],"picked":"Dagger Spray","floor":4},{"not_picked":["Deflect","Catalyst"],"picked":"Noxious Fumes","floor":6},{"not_picked":["Flying Knee","Skewer"],"picked":"Escape Plan","floor":8},{"not_picked":["Dagger Throw","Quick Slash","Grand Finale"],"picked":"SKIP","floor":10},{"not_picked":["Quick Slash","Acrobatics"],"picked":"Flying Knee","floor":12},{"not_picked":["Dagger Spray","Dagger Throw","Dodge and Roll"],"picked":"SKIP","floor":13},{"not_picked":["Caltrops","Quick Slash","Poisoned Stab"],"picked":"SKIP","floor":14},{"not_picked":["Envenom","Grand Finale"],"picked":"Adrenaline","floor":16},{"not_picked":["Accuracy","Prepared","Blade Dance"],"picked":"SKIP","floor":18},{"not_picked":["Quick Slash","Crippling Poison"],"picked":"After Image","floor":19},{"not_picked":["Riddle With Holes","Underhanded Strike"],"picked":"Catalyst","floor":20},{"not_picked":["Underhanded Strike","Dagger Spray"],"picked":"Backflip","floor":22},{"not_picked":["Dodge and Roll","Sucker Punch+1"],"picked":"Concentrate","floor":27},{"not_picked":["Bouncing Flask","Slice"],"picked":"PiercingWail","floor":30},{"not_picked":["Die Die Die","Bullet Time"],"picked":"Adrenaline","floor":33},{"not_picked":["Sucker Punch","Concentrate+1"],"picked":"Footwork","floor":35},{"not_picked":["Backflip","Accuracy"],"picked":"Leg Sweep","floor":36},{"not_picked":["Terror","Riddle With Holes+1"],"picked":"Deflect","floor":40},{"not_picked":["Backflip+1","Skewer+1"],"picked":"Bouncing Flask+1","floor":42},{"not_picked":["Poisoned Stab","Dagger Throw"],"picked":"Backstab","floor":46},{"not_picked":["Madness","Swift Strike"],"picked":"Finesse","floor":47}],"player_experience":425937,"relics_obtained":[{"floor":6,"key":"Whetstone"},{"floor":8,"key":"Gremlin Horn"},{"floor":9,"key":"Akabeko"},{"floor":26,"key":"Eternal Feather"},{"floor":30,"key":"Ornamental Fan"},{"floor":36,"key":"Bird Faced Urn"},{"floor":40,"key":"Bottled Lightning"},{"floor":42,"key":"Gambling Chip"}],"event_choices":[{"cards_removed":["Strike_G"],"damage_healed":0,"gold_gain":0,"player_choice":"Card Removal","damage_taken":0,"max_hp_gain":0,"max_hp_loss":0,"event_name":"The Cleric","floor":2,"gold_loss":75},{"cards_removed":["Strike_G"],"damage_healed":0,"gold_gain":0,"player_choice":"Card Removal","damage_taken":7,"max_hp_gain":0,"max_hp_loss":0,"event_name":"Golden Wing","floor":11,"gold_loss":0},{"damage_healed":0,"gold_gain":0,"player_choice":"Ignored","damage_taken":0,"max_hp_gain":0,"max_hp_loss":0,"event_name":"The Mausoleum","floor":24,"gold_loss":0},{"damage_healed":0,"gold_gain":0,"cards_transformed":["Strike_G","Defend_G"],"player_choice":"Became Test Subject","damage_taken":0,"max_hp_gain":0,"max_hp_loss":0,"event_name":"Drug Dealer","floor":28,"gold_loss":0,"cards_obtained":["Predator","Envenom"]},{"damage_healed":0,"gold_gain":0,"player_choice":"Forge","damage_taken":0,"max_hp_gain":0,"max_hp_loss":0,"event_name":"Accursed Blacksmith","floor":31,"gold_loss":0,"cards_upgraded":["After Image"]},{"damage_healed":0,"gold_gain":0,"player_choice":"Fight","damage_taken":0,"max_hp_gain":0,"max_hp_loss":0,"event_name":"Mysterious Sphere","floor":36,"gold_loss":0},{"cards_removed":["Predator"],"damage_healed":0,"gold_gain":0,"player_choice":"Removed Attack","damage_taken":0,"max_hp_gain":0,"max_hp_loss":0,"event_name":"Falling","floor":37,"gold_loss":0},{"damage_healed":0,"gold_gain":0,"player_choice":"Paid","damage_taken":0,"relics_obtained":["Red Mask"],"max_hp_gain":0,"max_hp_loss":0,"event_name":"Tomb of Lord Red Mask","floor":45,"gold_loss":64},{"damage_healed":0,"gold_gain":0,"player_choice":"Memory 3","damage_taken":10,"max_hp_gain":0,"max_hp_loss":0,"event_name":"SensoryStone","floor":47,"gold_loss":0}],"is_beta":false,"boss_relics":[{"not_picked":["Coffee Dripper","Tiny House"],"picked":"Cursed Key"},{"not_picked":["Runic Dome","Ring of the Serpent"],"picked":"Runic Pyramid"}],"items_purged_floors":[21],"is_endless":false,"potions_floor_spawned":[1,6,8,13,14,16,20,27,35,36,40],"killed_by":"Awakened One","ascension_level":20}}