{"host":"tq7pufgtqftqw8yr","time":1609313940,"event":{"mods":["BaseMod","Downfall","Minty Spire (QoL Compilation)","StSLib"],"gold_per_floor":[0,14,14,30,43,60,86,103,119,119,151,171,171,204,224,224,224,224],"floor_reached":16,"playtime":1909,"items_purged":[],"score":116,"play_id":"9c72fcef-ed0c-4603-95dd-df8635785895","local_time":"20201230153900","is_ascension_mode":false,"campfire_choices":[{"data":"Slimebound:SelfFormingGoo","floor":1,"key":"SMITH"},{"data":"Slimebound:Split","floor":10,"key":"SMITH"},{"data":"Slimebound:SamplingLick","floor":13,"key":"SMITH"}],"circlet_count":0,"master_deck":["Slimebound:Strike_Slimebound","Slimebound:Strike_Slimebound","Slimebound:Tackle","Slimebound:Defend_Slimebound","Slimebound:Defend_Slimebound","Slimebound:Defend_Slimebound","Slimebound:Defend_Slimebound","Slimebound:Split+1","Slimebound:CorrosiveSpit","Slimebound:SelfFormingGoo+1","Slimebound:Schlurp","Slimebound:SamplingLick+1","Slimebound:SlimeTap","Slimebound:FirmFortitude","Slimebound:SplitLeeching","Slimebound:OneTwoCombo","Slimebound:SlimeSpikes","Slimebound:LevelUp","Slimebound:SplitMire"],"relics":["Slimebound:AbsorbEndCombat","Blood Vial","Dream Catcher","Centennial Puzzle"],"acts_visited":["Exordium"],"potions_floor_usage":[8,16,16,16],"damage_taken":[{"damage":7,"enemies":"Small Slimes","floor":2,"turns":3},{"damage":7,"enemies":"Cultist","floor":4,"turns":4},{"damage":10,"enemies":"Jaw Worm","floor":5,"turns":4},{"damage":7,"enemies":"Exordium Wildlife","floor":6,"turns":3},{"damage":19,"enemies":"3 Louse","floor":8,"turns":4},{"damage":9,"enemies":"Blue Slaver","floor":9,"turns":5},{"damage":19,"enemies":"Lagavulin","floor":11,"turns":6},{"damage":8,"enemies":"2 Fungi Beasts","floor":12,"turns":4},{"damage":50,"enemies":"Gremlin Nob","floor":14,"turns":5},{"damage":9,"enemies":"Exordium Wildlife","floor":15,"turns":3},{"damage":52,"enemies":"downfall:Defect","floor":16,"turns":5}],"seed_played":"1562843710466069616","potions_obtained":[{"floor":4,"key":"PowerPotion"},{"floor":6,"key":"PowerPotion"},{"floor":12,"key":"PowerPotion"},{"floor":14,"key":"Energy Potion"},{"floor":15,"key":"SkillPotion"}],"is_trial":false,"path_per_floor":["R","M","?","M","M","M","T","M","M","R","E","M","R","E","M","B"],"character_chosen":"SLIMEBOUND","items_purchased":[],"campfire_rested":0,"item_purchase_floors":[],"current_hp_per_floor":[60,59,59,60,60,60,60,51,56,56,57,60,60,18,25,0,0,0],"gold":224,"neow_bonus":"THREE_RARE_CARDS","is_daily":false,"chose_seed":false,"campfire_upgraded":3,"win_rate":0.0,"timestamp":1609313940,"path_taken":["R","M","?","M","M","M","T","?","M","R","E","?","R","E","M","BOSS"],"items_purchased_type":[],"build_version":"2020-12-22","purchased_purges":0,"victory":false,"max_hp_per_floor":[60,60,60,60,60,60,60,60,60,60,60,60,60,60,60,60,60,60],"card_choices":[{"not_picked":["Slimebound:MassRepurpose","Slimebound:PrepareCrush"],"picked":"Slimebound:SelfFormingGoo","floor":0},{"not_picked":["Slimebound:SplitBruiser","Slimebound:BestDefense"],"picked":"Slimebound:Schlurp","floor":2},{"not_picked":["Slimebound:FormOfPuddle","Slimebound:LeechingTouch"],"picked":"Slimebound:SamplingLick","floor":4},{"not_picked":["Slimebound:RollThrough","Slimebound:GrowthPunch"],"picked":"Slimebound:SlimeTap","floor":5},{"not_picked":["Slimebound:SelfFormingGoo","Slimebound:FinishingTackle","Slimebound:SlimeBrawl"],"picked":"SKIP","floor":6},{"not_picked":["Slimebound:Replication","Slimebound:LivingWall"],"picked":"Slimebound:FirmFortitude","floor":8},{"not_picked":["Slimebound:ViciousTackle","Slimebound:SamplingLick"],"picked":"Slimebound:SplitLeeching","floor":9},{"not_picked":["Slimebound:SlimeBarrage","Slimebound:SlimeSpikes"],"picked":"Slimebound:OneTwoCombo","floor":11},{"not_picked":["Slimebound:GrowthPunch","Slimebound:FinishingTackle"],"picked":"Slimebound:SlimeSpikes","floor":12},{"not_picked":["Slimebound:TongueLash","Slimebound:ViciousTackle"],"picked":"Slimebound:LevelUp","floor":14},{"not_picked":["Slimebound:Schlurp","Slimebound:Equalize"],"picked":"Slimebound:SplitMire","floor":15}],"player_experience":757756,"relics_obtained":[{"floor":7,"key":"Blood Vial"},{"floor":11,"key":"Dream Catcher"},{"floor":14,"key":"Centennial Puzzle"}],"event_choices":[{"cards_removed":["Slimebound:Strike_Slimebound"],"damage_healed":0,"gold_gain":0,"player_choice":"Offered Basic","damage_taken":0,"max_hp_gain":0,"max_hp_loss":0,"event_name":"Bonfire Elementals","floor":3,"gold_loss":0}],"is_beta":false,"boss_relics":[],"items_purged_floors":[],"is_endless":false,"potions_floor_spawned":[4,6,12,14,15],"killed_by":"downfall:Defect","ascension_level":0}}