{"host":"mjmsgaxkb56jw5c5","time":1609363286,"event":{"mods":["AchievementEnabler","Aspiration","BaseMod","Colored Powertips","Conspire","Downfall","Hubris","Minty Spire (QoL Compilation)","Replay The Spire","StSLib","The Jungle"],"gold_per_floor":[116,132,56,74,74,106,106,106,188,188,205,205,205,222,222,222,222,325,325,292,292,69,69,89,89,89,89,89,107,127,127,60,60,60,163,163,180,192,212,36,36,36,36,49,49,49,60,75,4,18,18,18],"floor_reached":53,"playtime":2417,"items_purged":["Poison Darts+1","Heel Hook+1"],"score":1138,"play_id":"1b2fb8b1-56da-4883-9f72-53772e26c31d","local_time":"20201230222126","is_ascension_mode":true,"campfire_choices":[{"data":"Prepared","floor":8,"key":"SMITH"},{"floor":10,"key":"REST"},{"data":"After Image","floor":15,"key":"SMITH"},{"floor":17,"key":"DIG"},{"data":"conspire:DoublingDagger","floor":25,"key":"SMITH"},{"data":"Night Terror","floor":27,"key":"SMITH"},{"data":"Infinite Blades","floor":31,"key":"SMITH"},{"data":"Choke","floor":34,"key":"SMITH"},{"data":"Infinite Blades","floor":42,"key":"SMITH"},{"floor":46,"key":"REST"},{"floor":51,"key":"REST"}],"circlet_count":0,"master_deck":["Strike_G","Defend_G","Defend_G+1","Defend_G","Defend_G+1","Defend_G","Survivor","Neutralize","Poisoned Stab","Prepared+1","conspire:DoublingDagger+1","Cloak And Dagger","After Image+1","conspire:DoublingDagger+1","Night Terror+1","Envenom+1","ReplayTheSpireMod:Shiv Toss+1","Infinite Blades+1","Blade Dance+1","Choke+1","Phantasmal Killer","Infinite Blades+1","expansioncontent:BronzeBeam","ReplayTheSpireMod:The Works+1","ReplayTheSpireMod:Scrap Shanks","Well Laid Plans"],"relics":["Ring of the Snake","Byrd Skull","Pear","Replay:Rubber Ducky","Blue Candle","Astrolabe","aspiration:RitualStick","Pen Nib","aspiration:StickyExplosives_weak","hubris:VirtuousBlindfold","hubris:DisguiseKit"],"acts_visited":["Exordium","TheCity","TheBeyond"],"potions_floor_usage":[6,18,18,29,30,35,35,37,37,47,48,52],"damage_taken":[{"damage":1,"enemies":"conspire:RoseBush","floor":1,"turns":3},{"damage":0,"enemies":"2 Louse","floor":2,"turns":3},{"damage":0,"enemies":"Small Slimes","floor":4,"turns":3},{"damage":11,"enemies":"Replay:BlueRogue","floor":6,"turns":7},{"damage":0,"enemies":"Looter","floor":11,"turns":4},{"damage":1,"enemies":"Blue Slaver","floor":14,"turns":5},{"damage":20,"enemies":"Hexaghost","floor":18,"turns":12},{"damage":15,"enemies":"2 Thieves","floor":20,"turns":5},{"damage":0,"enemies":"conspire:FuzzyDice","floor":24,"turns":8},{"damage":5,"enemies":"Snake Plant","floor":29,"turns":5},{"damage":10,"enemies":"3 Cultists","floor":30,"turns":7},{"damage":8,"enemies":"Pondfish","floor":35,"turns":10},{"damage":34,"enemies":"3 Darklings","floor":37,"turns":6},{"damage":0,"enemies":"Orb Walker","floor":38,"turns":2},{"damage":22,"enemies":"Sphere and 2 Shapes","floor":39,"turns":4},{"damage":0,"enemies":"Spire Growth","floor":44,"turns":4},{"damage":0,"enemies":"Maw","floor":47,"turns":5},{"damage":35,"enemies":"Writhing Mass","floor":48,"turns":4},{"damage":0,"enemies":"Jaw Worm Horde","floor":50,"turns":4},{"damage":1,"enemies":"hubris:GrandSnecko","floor":52,"turns":7}],"seed_played":"-1003828392692565424","potions_obtained":[{"floor":1,"key":"Elixir"},{"floor":2,"key":"LifebloodPotion"},{"floor":4,"key":"SteroidPotion"},{"floor":14,"key":"SpeedPotion"},{"floor":29,"key":"Regen Potion"},{"floor":30,"key":"Swift Potion"},{"floor":33,"key":"conspire:TimeTravelPotion"},{"floor":33,"key":"SpeedPotion"},{"floor":35,"key":"LifebloodPotion"},{"floor":44,"key":"SpeedPotion"},{"floor":47,"key":"Swift Potion"},{"floor":50,"key":"LiquidMemories"}],"is_trial":false,"path_per_floor":["M","M","$","M","?","E","?","R","T","R","M","PTL","PTL","M","R","?","R","B",null,"M","?","$","?","M","R","?","R","T","M","M","R","$","?","R","B",null,"M","M","M","$","?","R","?","M","T","R","M","M","$","M","R","B",null],"character_chosen":"THE_SILENT","items_purchased":["conspire:DoublingDagger","Pen Nib","Choke","Infinite Blades","ReplayTheSpireMod:Scrap Shanks"],"campfire_rested":3,"item_purchase_floors":[3,22,32,40,49],"current_hp_per_floor":[69,69,69,69,55,44,44,44,54,78,78,78,78,77,77,70,70,50,80,65,49,49,49,49,49,49,49,49,44,46,46,46,46,46,38,80,63,63,41,41,41,41,41,41,41,65,65,30,30,30,54,53],"gold":18,"neow_bonus":"TRANSFORM_CARD","is_daily":false,"chose_seed":false,"campfire_upgraded":7,"win_rate":0.0,"timestamp":1609363286,"path_taken":["M","M","$","M","?","E","?","R","T","R","M","PTL","PTL","M","R","?","R","BOSS","M","?","$","?","M","R","?","R","T","M","M","R","$","?","R","BOSS","M","M","M","$","?","R","?","M","T","R","M","M","$","M","R","BOSS"],"items_purchased_type":["Card","Relic","Card","Card","Card"],"build_version":"2020-12-22","purchased_purges":2,"victory":true,"max_hp_per_floor":[70,70,70,70,70,70,70,70,80,80,80,80,80,80,80,80,80,80,80,80,80,80,80,80,80,80,80,80,80,80,80,80,80,80,80,80,80,80,80,80,80,80,80,80,80,80,80,80,80,80,80,80],"card_choices":[{"not_picked":["Flechettes","Dagger Throw","Slice"],"picked":"SKIP","floor":1},{"not_picked":["Cloak And Dagger","hubris:TrickCloak"],"picked":"Prepared","floor":2},{"not_picked":["Distraction","Deadly Poison"],"picked":"Cloak And Dagger","floor":4},{"not_picked":["Slice","Sucker Punch","hubris:SlightOfHand"],"picked":"SKIP","floor":6},{"not_picked":["Deflect","Dodge and Roll"],"picked":"After Image","floor":11},{"not_picked":["Dagger Throw","Bane"],"picked":"conspire:DoublingDagger","floor":14},{"not_picked":["Bullet Time","Grand Finale"],"picked":"Night Terror","floor":18},{"not_picked":["Predator+1","Blade Dance"],"picked":"ReplayTheSpireMod:Shiv Toss+1","floor":20},{"not_picked":["Dagger Throw","Heel Hook","Backstab"],"picked":"SKIP","floor":24},{"not_picked":["Quick Slash","Deadly Poison"],"picked":"Blade Dance+1","floor":29},{"not_picked":["Dodge and Roll+1","Backstab","Slice"],"picked":"SKIP","floor":30},{"not_picked":["Venomology","Replay:Bag of Tricks"],"picked":"Phantasmal Killer","floor":35},{"not_picked":["Outmaneuver+1","Flying Knee+1","Poisoned Stab+1"],"picked":"SKIP","floor":37},{"not_picked":["ReplayTheSpireMod:Shiv Toss","Bane","Well Laid Plans"],"picked":"SKIP","floor":38},{"not_picked":["Bane+1","Cloak And Dagger+1","Well Laid Plans"],"picked":"SKIP","floor":39},{"not_picked":["HandOfGreed","Discovery"],"picked":"expansioncontent:BronzeBeam","floor":41},{"not_picked":["Riddle With Holes","Flechettes","Noxious Fumes+1"],"picked":"SKIP","floor":44},{"not_picked":["Choke","Deflect","Clash"],"picked":"ReplayTheSpireMod:The Works+1","floor":47},{"not_picked":["Dagger Spray","Quick Slash+1","Blur","Uppercut"],"picked":"SKIP","floor":48},{"not_picked":["Acrobatics","ReplayTheSpireMod:Shiv Toss+1","Wild Strike"],"picked":"Well Laid Plans","floor":50}],"player_experience":235342,"relics_obtained":[{"floor":6,"key":"Byrd Skull"},{"floor":9,"key":"Pear"},{"floor":17,"key":"Blue Candle"},{"floor":28,"key":"aspiration:StickyExplosives_weak"},{"floor":45,"key":"hubris:DisguiseKit"}],"event_choices":[{"damage_healed":0,"gold_gain":0,"player_choice":"Entered Light","damage_taken":14,"max_hp_gain":0,"max_hp_loss":0,"event_name":"Shining Light","floor":5,"gold_loss":0,"cards_upgraded":["Defend_G","Defend_G"]},{"damage_healed":0,"gold_gain":0,"player_choice":"Grow","damage_taken":0,"max_hp_gain":0,"max_hp_loss":0,"event_name":"Living Wall","floor":7,"gold_loss":0,"cards_upgraded":["conspire:DoublingDagger"]},{"damage_healed":0,"gold_gain":0,"player_choice":"Success","damage_taken":7,"relics_obtained":["Replay:Rubber Ducky"],"max_hp_gain":0,"max_hp_loss":0,"event_name":"Scrap Ooze","floor":16,"gold_loss":0},{"damage_healed":0,"gold_gain":0,"player_choice":"Got Potions","damage_taken":0,"max_hp_gain":0,"max_hp_loss":0,"event_name":"Lab","floor":33,"gold_loss":0},{"damage_healed":0,"gold_gain":0,"player_choice":"Memory 1","damage_taken":0,"max_hp_gain":0,"max_hp_loss":0,"event_name":"SensoryStone","floor":41,"gold_loss":0},{"damage_healed":0,"gold_gain":0,"player_choice":"Ignored","damage_taken":0,"max_hp_gain":0,"max_hp_loss":0,"event_name":"WeMeetAgain","floor":43,"gold_loss":0}],"is_beta":false,"boss_relics":[{"not_picked":["Honey Jar","aspiration:RitualDagger"],"picked":"Astrolabe"},{"not_picked":["aspiration:IroncladSkillbook","Replay:Fungal Core"],"picked":"hubris:VirtuousBlindfold"}],"items_purged_floors":[22,40],"is_endless":false,"potions_floor_spawned":[1,2,4,14,29,30,35,44,47,50],"ascension_level":4}}