{"host":"apuj0zfpxjdr3iqq","time":1609293973,"event":{"mods":["Arknights The Spire","BaseMod","Better Skull","Better Third Choice","Lobotomy","Minty Spire (QoL Compilation)","Relic Stats","StSLib","SuperFastMode","The Dragon Tamer","The Poker Player","Uncapped","Waifu the Spire"],"gold_per_floor":[109,122,122,142,105,132,149,183,207,223,223,223,223],"floor_reached":12,"playtime":434,"items_purged":[],"score":95,"play_id":"ef69e927-edcb-4130-abe6-9473c597855a","local_time":"20201230110613","is_ascension_mode":true,"campfire_choices":[],"circlet_count":0,"master_deck":["ats:Strike C","ats:Strike G","ats:Strike S","ats:Strike V","ats:Armor Crushing Shot","ats:Defend","ats:Defend","ats:Defend","ats:Defend","ats:Emotion Absorption","ats:Ignite","ats:Ignite","ats:Ignite","ats:Automatic Cover","ats:Rat Pack+1","ats:Charging Defense"],"relics":["Sozu","ats:Originium","Dream Catcher","Regal Pillow","Blood Vial"],"acts_visited":["Exordium"],"potions_floor_usage":[],"damage_taken":[{"damage":1,"enemies":"Jaw Worm","floor":1,"turns":3},{"damage":0,"enemies":"Cultist","floor":2,"turns":3},{"damage":8,"enemies":"2 Louse","floor":4,"turns":2},{"damage":17,"enemies":"3 Sentries","floor":6,"turns":8},{"damage":3,"enemies":"Looter","floor":7,"turns":3},{"damage":25,"enemies":"Gremlin Nob","floor":8,"turns":4},{"damage":0,"enemies":"Blue Slaver","floor":10,"turns":3},{"damage":22,"enemies":"3 Sentries","floor":12,"turns":4}],"seed_played":"1551643416851633476","potions_obtained":[],"is_trial":false,"path_per_floor":["M","M","?","M","$","E","M","E","T","M","?","E"],"character_chosen":"DOCTOR_CLASS","items_purchased":["ats:Automatic Cover"],"campfire_rested":0,"item_purchase_floors":[5],"current_hp_per_floor":[71,71,71,63,63,46,43,18,18,20,20,0,0],"gold":223,"neow_bonus":"BOSS_RELIC","is_daily":false,"chose_seed":false,"campfire_upgraded":0,"win_rate":0.0,"timestamp":1609293973,"path_taken":["M","M","?","M","$","E","M","E","T","?","?","E"],"items_purchased_type":["Card"],"build_version":"2020-12-22","purchased_purges":0,"victory":false,"max_hp_per_floor":[72,72,72,72,72,72,72,72,72,72,72,72,72],"relic_stats":{"Sozu":4,"Blood Vial":4,"Dream Catcher":0,"Regal Pillow":0,"counters":[8,28],"obtain_stats":[{"Sozu":0,"Blood Vial":9,"Dream Catcher":6,"Regal Pillow":8,"ats:Originium":6,"ats:Sanity":0},{"Sozu":0,"Blood Vial":6,"Dream Catcher":4,"Regal Pillow":6,"ats:Originium":4,"ats:Sanity":0},{"Sozu":0,"Blood Vial":21,"Dream Catcher":15,"Regal Pillow":21,"ats:Originium":15,"ats:Sanity":0}]},"card_choices":[{"not_picked":["ats:Shell Defense","ats:Steam Pump"],"picked":"ats:Ignite","floor":1},{"not_picked":["ats:Flexible Camouflage","ats:Childhood Dance"],"picked":"ats:Ignite","floor":2},{"not_picked":["ats:Rapid Magazine","ats:Powerful Strike"],"picked":"ats:Ignite","floor":4},{"not_picked":["ats:Childhood Dance","ats:Flexible Camouflage","ats:Apocalypse"],"picked":"SKIP","floor":6},{"not_picked":["ats:Ignite","ats:Flame Of Heaven","ats:Powerful Strike"],"picked":"SKIP","floor":7},{"not_picked":["ats:Flexible Camouflage","ats:Explosion Area Strengthen"],"picked":"ats:Rat Pack","floor":8},{"not_picked":["ats:Apocalypse","ats:Explosion Area Strengthen"],"picked":"ats:Charging Defense","floor":10}],"player_experience":440974,"relics_obtained":[{"floor":6,"key":"ats:Originium"},{"floor":6,"key":"Dream Catcher"},{"floor":8,"key":"ats:Originium"},{"floor":8,"key":"Regal Pillow"},{"floor":9,"key":"Blood Vial"}],"event_choices":[{"damage_healed":0,"gold_gain":0,"player_choice":"Bought 0 Potions","damage_taken":0,"max_hp_gain":0,"max_hp_loss":0,"event_name":"The Woman in Blue","floor":3,"gold_loss":0},{"damage_healed":0,"gold_gain":0,"player_choice":"Grow","damage_taken":0,"max_hp_gain":0,"max_hp_loss":0,"event_name":"Living Wall","floor":11,"gold_loss":0,"cards_upgraded":["ats:Rat Pack"]}],"is_beta":false,"boss_relics":[],"items_purged_floors":[],"is_endless":false,"potions_floor_spawned":[2,4,6,7],"killed_by":"3 Sentries","ascension_level":1}}