{"host":"bbrtpn53yniy7wad","time":1609304139,"event":{"mods":["AchievementEnabler","BaseMod","Colored Map","Minty Spire (QoL Compilation)","SuperFastMode"],"gold_per_floor":[115,126,144,158,158,158,173,173,218,218,143,169,169,190,190,267,267,277,157,171,181,101,101,136,136,162,188,200,226,261,301,313,411,450,478,510,308,324,343,372,372,404,404,432,476,227,298,394,394,394,394,394,394,73,107,107],"floor_reached":57,"playtime":2718,"items_purged":["Strike_G","Strike_G","Flechettes+1","Predator","Defend_G"],"score":3468,"play_id":"f695e2bf-57a2-4fbd-9137-60fc688b1858","local_time":"20201230135539","is_ascension_mode":true,"campfire_choices":[{"data":"Dagger Throw","floor":6.0,"key":"SMITH"},{"data":"Reflex","floor":8.0,"key":"SMITH"},{"data":"Neutralize","floor":10.0,"key":"SMITH"},{"data":"Backflip","floor":13.0,"key":"SMITH"},{"data":"Prepared","floor":15.0,"key":"SMITH"},{"data":"Well Laid Plans","floor":23.0,"key":"SMITH"},{"floor":25.0,"key":"REST"},{"data":"Acrobatics","floor":32,"key":"SMITH"},{"data":"Concentrate","floor":41,"key":"SMITH"},{"floor":49,"key":"RECALL"},{"data":"Footwork","floor":53,"key":"SMITH"}],"circlet_count":0,"master_deck":["AscendersBane","Defend_G","Survivor","Neutralize+1","Dagger Throw+1","Reflex+1","Prepared+1","Backflip+1","Eviscerate+1","Grand Finale+1","Well Laid Plans+1","Acrobatics+1","Calculated Gamble","Phantasmal Killer","Outmaneuver+1","Backflip+1","Acrobatics","Concentrate+1","Calculated Gamble","Reflex+1","Blur+1","Footwork+1","Concentrate","Tactician"],"relics":["Ring of the Snake","The Courier","Odd Mushroom","Sozu","Nunchaku","CeramicFish","MawBank","SsserpentHead","Astrolabe","Toy Ornithopter","Gremlin Horn","Calipers","InkBottle","Anchor","Lizard Tail","Whetstone","Happy Flower"],"acts_visited":["Exordium","TheCity","TheBeyond","TheEnding"],"potions_floor_usage":[],"damage_taken":[{"damage":0.0,"enemies":"2 Louse","floor":1.0,"turns":3.0},{"damage":4.0,"enemies":"Small Slimes","floor":2.0,"turns":4.0},{"damage":0.0,"enemies":"Cultist","floor":3.0,"turns":4.0},{"damage":2.0,"enemies":"3 Louse","floor":4.0,"turns":3.0},{"damage":13.0,"enemies":"Blue Slaver","floor":7.0,"turns":3.0},{"damage":20.0,"enemies":"3 Sentries","floor":12.0,"turns":9.0},{"damage":0.0,"enemies":"The Mushroom Lair","floor":14.0,"turns":5.0},{"damage":0.0,"enemies":"The Guardian","floor":16.0,"turns":11.0},{"damage":8.0,"enemies":"3 Byrds","floor":18.0,"turns":4.0},{"damage":0.0,"enemies":"Spheric Guardian","floor":20.0,"turns":3.0},{"damage":6.0,"enemies":"Snake Plant","floor":21.0,"turns":3.0},{"damage":0.0,"enemies":"Book of Stabbing","floor":24.0,"turns":3.0},{"damage":22.0,"enemies":"Slavers","floor":27.0,"turns":2.0},{"damage":0.0,"enemies":"Chosen and Byrds","floor":29.0,"turns":3.0},{"damage":0.0,"enemies":"Snecko","floor":30.0,"turns":2.0},{"damage":8,"enemies":"Shelled Parasite and Fungi","floor":31,"turns":2},{"damage":0,"enemies":"Collector","floor":33,"turns":4},{"damage":0,"enemies":"3 Darklings","floor":35,"turns":2},{"damage":0,"enemies":"3 Shapes","floor":36,"turns":2},{"damage":0,"enemies":"Maw","floor":38,"turns":2},{"damage":0,"enemies":"Spire Growth","floor":39,"turns":2},{"damage":0,"enemies":"Nemesis","floor":40,"turns":1},{"damage":0,"enemies":"Giant Head","floor":42,"turns":3},{"damage":0,"enemies":"Sphere and 2 Shapes","floor":44,"turns":1},{"damage":0,"enemies":"Reptomancer","floor":45,"turns":1},{"damage":0,"enemies":"Maw","floor":47,"turns":2},{"damage":0,"enemies":"2 Orb Walkers","floor":48,"turns":2},{"damage":0,"enemies":"Donu and Deca","floor":50,"turns":2},{"damage":0,"enemies":"Time Eater","floor":51,"turns":7},{"damage":0,"enemies":"Shield and Spear","floor":55,"turns":2},{"damage":12,"enemies":"The Heart","floor":56,"turns":6}],"seed_played":"871987128751908311","potions_obtained":[{"floor":7.0,"key":"GamblersBrew"},{"floor":12.0,"key":"Poison Potion"},{"floor":14.0,"key":"AttackPotion"},{"floor":16.0,"key":"ColorlessPotion"}],"is_trial":false,"path_per_floor":["M","M","M","M","?","R","M","R","T","R","?","E","R","?","R","B",null,"M","$","M","M","$","R","E","R","T","E","?","M","M","M","R","B",null,"M","M","$","M","M","E","R","E","T","M","E","$","M","?","R","B","B",null,"R","$","E","B",null],"character_chosen":"THE_SILENT","items_purchased":["Well Laid Plans","Concentrate","Calculated Gamble","Anchor","Tactician","Whetstone"],"campfire_rested":1,"item_purchase_floors":[19,37,37,46,54,54],"current_hp_per_floor":[59,55,55,53,53,53,40,40,40,40,40,20,20,20,20,20,50,42,42,42,36,36,36,36,54,54,32,32,32,32,24,24,24,51,51,51,51,51,51,51,51,51,51,51,51,51,51,51,51,51,51,58,58,58,58,46],"gold":107,"neow_bonus":"REMOVE_TWO","is_daily":false,"chose_seed":false,"campfire_upgraded":9,"win_rate":0.0,"timestamp":1609304139,"path_taken":["M","M","M","M","?","R","M","R","T","R","?","E","R","?","R","BOSS","M","$","M","M","$","R","E","R","T","E","?","M","M","M","R","BOSS","M","M","$","M","M","E","R","E","T","M","E","$","?","?","R","BOSS","BOSS","R","$","E","BOSS"],"items_purchased_type":["Card","Card","Card","Relic","Card","Relic"],"build_version":"2020-12-22","purchased_purges":5,"victory":true,"max_hp_per_floor":[60,60,60,60,60,60,60,60,60,60,60,60,60,60,60,60,60,60,60,60,60,60,60,60,60,60,60,60,60,60,60,60,60,60,60,60,60,60,60,60,60,60,60,60,60,60,60,60,60,60,60,60,60,60,60,60],"card_choices":[{"not_picked":["Bane","Flying Knee"],"picked":"Dagger Throw","floor":1.0},{"not_picked":["Deadly Poison","Flying Knee"],"picked":"Predator","floor":2.0},{"not_picked":["Deadly Poison","Crippling Poison"],"picked":"Reflex","floor":3.0},{"not_picked":["Slice","Backflip"],"picked":"Prepared","floor":4.0},{"not_picked":["PiercingWail","Blade Dance"],"picked":"Backflip","floor":7.0},{"not_picked":["Accuracy","Outmaneuver","Envenom"],"picked":"SKIP","floor":12.0},{"not_picked":["Blade Dance","Cloak And Dagger"],"picked":"Eviscerate","floor":14.0},{"not_picked":["Night Terror","Adrenaline"],"picked":"Grand Finale","floor":16.0},{"not_picked":["Slice","Masterful Stab","Expertise"],"picked":"SKIP","floor":18.0},{"not_picked":["Slice+1","Bane","Backflip"],"picked":"SKIP","floor":20.0},{"not_picked":["Eviscerate","Poisoned Stab","Underhanded Strike"],"picked":"SKIP","floor":21.0},{"not_picked":["Prepared+1","Underhanded Strike","Finisher"],"picked":"SKIP","floor":24.0},{"not_picked":["Eviscerate","Blade Dance","Backstab"],"picked":"SKIP","floor":27.0},{"not_picked":["Dagger Throw","Deadly Poison","Finisher"],"picked":"SKIP","floor":29.0},{"not_picked":["Night Terror","Outmaneuver"],"picked":"Acrobatics","floor":30},{"not_picked":["Flying Knee","Prepared"],"picked":"Calculated Gamble","floor":31},{"not_picked":["Corpse Explosion","Glass Knife"],"picked":"Phantasmal Killer","floor":33},{"not_picked":["Riddle With Holes","Flying Knee+1","Underhanded Strike"],"picked":"SKIP","floor":35},{"not_picked":["Flying Knee+1","Quick Slash"],"picked":"Acrobatics","floor":36},{"not_picked":["Poisoned Stab","Deadly Poison","Riddle With Holes"],"picked":"SKIP","floor":38},{"not_picked":["Choke","Cloak And Dagger"],"picked":"Reflex+1","floor":39},{"not_picked":["Night Terror","Dagger Throw+1","Riddle With Holes+1"],"picked":"SKIP","floor":40},{"not_picked":["Bane","Catalyst+1","Infinite Blades"],"picked":"SKIP","floor":42},{"not_picked":["Deflect+1","Bane"],"picked":"Blur+1","floor":44},{"not_picked":["Deflect+1","Finisher"],"picked":"Footwork","floor":45},{"not_picked":["Deflect","Endless Agony"],"picked":"Concentrate","floor":47},{"not_picked":["Grand Finale","Blade Dance","Deadly Poison"],"picked":"SKIP","floor":55}],"player_experience":1026205,"relics_obtained":[{"floor":12.0,"key":"The Courier"},{"floor":14.0,"key":"Odd Mushroom"},{"floor":24.0,"key":"Nunchaku"},{"floor":26.0,"key":"CeramicFish"},{"floor":27.0,"key":"MawBank"},{"floor":40,"key":"Toy Ornithopter"},{"floor":42,"key":"Gremlin Horn"},{"floor":43,"key":"Calipers"},{"floor":45,"key":"InkBottle"},{"floor":48,"key":"Lizard Tail"},{"floor":55,"key":"Happy Flower"}],"event_choices":[{"damage_healed":0.0,"max_hp_gain":0.0,"max_hp_loss":0.0,"gold_gain":0.0,"event_name":"Liars Game","player_choice":"Ignored","floor":5.0,"gold_loss":0.0,"damage_taken":0.0},{"cards_removed":["Strike_G"],"damage_healed":0.0,"max_hp_gain":0.0,"max_hp_loss":0.0,"gold_gain":0.0,"event_name":"The Cleric","player_choice":"Card Removal","floor":11.0,"gold_loss":75.0,"damage_taken":0.0},{"damage_healed":0.0,"max_hp_gain":0.0,"max_hp_loss":0.0,"gold_gain":0.0,"event_name":"Mushrooms","player_choice":"Fought Mushrooms","floor":14.0,"gold_loss":0.0,"damage_taken":0.0},{"damage_healed":0.0,"max_hp_gain":0.0,"max_hp_loss":0.0,"gold_gain":0.0,"event_name":"FaceTrader","player_choice":"Trade","floor":28.0,"gold_loss":0.0,"damage_taken":0.0,"relics_obtained":["SsserpentHead"]},{"damage_healed":0,"gold_gain":0,"player_choice":"Fight","damage_taken":0,"max_hp_gain":0,"max_hp_loss":0,"event_name":"Mysterious Sphere","floor":48,"gold_loss":0}],"is_beta":false,"boss_relics":[{"not_picked":["Calling Bell","Busted Crown"],"picked":"Sozu"},{"not_picked":["Tiny House","Cursed Key"],"picked":"Astrolabe"}],"items_purged_floors":[19,22,37,46,54],"is_endless":false,"potions_floor_spawned":[7,12,14,16,18,29,30,38,40,44,48],"ascension_level":20}}