{"host":"6dypmz777xraikqf","time":1609295889,"event":{"mods":["AchievementEnabler","BaseMod","BetterRewards","Colored Map","Colored Powertips","Downfall","Highlight Path","Hubris","Infinite Spire","Minty Spire (QoL Compilation)","Replay The Spire","StSLib"],"gold_per_floor":[118,43,43,43,60,60,76,76,155,168,188,363,438,469,469,573,573,585,597,597,597,597,597,597,597,597,597,597,597,450,461,461,566,566,578,595,615,615,635,635,179,193,193,193,193,218,232,33,33,33],"floor_reached":51,"playtime":3126,"items_purged":["Defend_G","Doubt","Strike_G","Strike_G"],"score":825,"play_id":"609da25b-d35f-4efc-86da-38b51cf85c62","local_time":"20201230023809","is_ascension_mode":false,"campfire_choices":[{"data":"Caltrops","floor":6.0,"key":"SMITH"},{"data":"Blur","floor":8.0,"key":"SMITH"},{"floor":15.0,"key":"REST"},{"data":"infinitespire:TheBestDefense","floor":23.0,"key":"SMITH"},{"data":"Footwork","floor":25.0,"key":"SMITH"},{"data":"Noxious Fumes","floor":27.0,"key":"SMITH"},{"data":"Neutralize","floor":29.0,"key":"SMITH"},{"data":"Acrobatics","floor":32.0,"key":"SMITH"},{"data":"ReplayTheSpireMod:??????????????????????","floor":40.0,"key":"SMITH"},{"floor":49,"key":"REST"}],"circlet_count":0,"master_deck":["Defend_G","Defend_G","Defend_G+1","Defend_G","Survivor","Neutralize+1","Blur+1","Caltrops+1","Outmaneuver","Noxious Fumes+1","Footwork+1","Underhanded Strike+1","infinitespire:TheBestDefense+1","Ghostly","Ghostly","Ghostly","Ghostly","Ghostly","ReplayTheSpireMod:Speed Training","Dodge and Roll","hexamod:FirstSeal","Acrobatics+1","Fluid Movement","Injury","ReplayTheSpireMod:??????????????????????+1","Bane+1","infinitespire:TheBestDefense+1","Acrobatics","Caltrops+1","Acrobatics","Hidden Blade+1","Acrobatics"],"relics":["Ring of Fury","Replay:Purple Gloves","Cracked Core","Melange","Empty Cage","Dream Catcher","m_GuardianBlood","Iron Core","hubris:CrystalStatue","Durian","Strange Spoon","Ring of Shattering","Boot","ReplayTheSpireMod:EnergyBall","infinitespire:Chaos"],"acts_visited":["Exordium","TheCity","TheBeyond"],"potions_floor_usage":[50],"damage_taken":[{"damage":0.0,"enemies":"Jaw Worm","floor":1.0,"turns":1.0},{"damage":0.0,"enemies":"Small Slimes","floor":5.0,"turns":1.0},{"damage":0.0,"enemies":"infinitespire:Voidling","floor":7.0,"turns":1.0},{"damage":0.0,"enemies":"Large Slime","floor":10.0,"turns":6.0},{"damage":7.0,"enemies":"3 Louse","floor":11.0,"turns":4.0},{"damage":10.0,"enemies":"Replay:BlueRogue","floor":14.0,"turns":9.0},{"damage":9.0,"enemies":"Hexaghost","floor":16.0,"turns":13.0},{"damage":3.0,"enemies":"Chosen","floor":18.0,"turns":8.0},{"damage":0.0,"enemies":"Spheric Guardian","floor":19.0,"turns":6.0},{"damage":3.0,"enemies":"Cultist and Chosen","floor":31.0,"turns":9.0},{"damage":1.0,"enemies":"Collector","floor":33.0,"turns":12.0},{"damage":0.0,"enemies":"3 Darklings","floor":35.0,"turns":8.0},{"damage":2.0,"enemies":"3 Shapes","floor":36.0,"turns":7.0},{"damage":0.0,"enemies":"Transient","floor":37.0,"turns":5.0},{"damage":4.0,"enemies":"Jaw Worm Horde","floor":39.0,"turns":7.0},{"damage":1.0,"enemies":"Spire Growth","floor":42.0,"turns":9.0},{"damage":6.0,"enemies":"Reptomancer","floor":46.0,"turns":6.0},{"damage":2.0,"enemies":"Transient","floor":47.0,"turns":5.0},{"damage":0.0,"enemies":"infinitespire:Three Voidlings","floor":49.0,"turns":5.0},{"damage":0.0,"enemies":"Nightmare_Alpha","floor":49.0,"turns":12.0},{"damage":0,"enemies":"infinitespire:MassOfShapes","floor":50,"turns":16}],"seed_played":"-4491111603448958839","potions_obtained":[{"floor":1.0,"key":"hexamod:EctoCoolerPotion"},{"floor":7.0,"key":"Cursed Concoction"},{"floor":10.0,"key":"sneckomod:MuddlingPotion"},{"floor":18.0,"key":"LifebloodPotion"},{"floor":31.0,"key":"Adrenaline Potion"},{"floor":33.0,"key":"Elixir"},{"floor":36.0,"key":"Strength Potion"}],"is_trial":false,"path_per_floor":["M","$","?","?","M","R","M","R","T","M","M","?","?","E","R","B",null,"M","M","AVR","?","?","R","?","R","T","R","?","R","$","M","R","B",null,"M","M","M","?","M","R","$","M","T","?","?","E","M","$","R_BF","B",null],"character_chosen":"THE_SILENT","items_purchased":["Acrobatics","Caltrops","Acrobatics","PowerPotion","Medical Kit","infinitespire:Chaos","Acrobatics"],"campfire_rested":2,"item_purchase_floors":[30,41,41,41,41,48,48],"current_hp_per_floor":[70,70,58,58,58,58,58,58,58,58,51,51,40,30,51,42,70,67,67,67,35,35,35,35,35,35,35,35,35,35,35,35,35,35,35,35,35,35,31,31,31,35,35,35,33,47,47,52,52,52],"gold":33,"neow_bonus":"THREE_ENEMY_KILL","is_daily":false,"chose_seed":false,"campfire_upgraded":8,"win_rate":0.0,"timestamp":1609295889,"path_taken":["M","$","?","?","?","R","M","R","T","M","M","?","?","E","R","BOSS","M","M","AVR","?","?","R","?","R","T","R","?","R","$","M","R","BOSS","M","?","M","?","?","R","$","M","T","?","?","E","M","?","R_BF","BOSS"],"items_purchased_type":["Card","Card","Card","Potion","Relic","Relic","Card"],"build_version":"2020-12-22","purchased_purges":4,"victory":true,"max_hp_per_floor":[70,70,70,70,70,70,70,70,70,70,70,70,70,70,70,70,70,70,70,70,35,35,35,35,35,35,35,35,35,35,35,35,35,35,35,35,35,35,35,35,35,35,35,35,33,47,47,52,52,52],"card_choices":[{"not_picked":["ReplayTheSpireMod:Shiv Toss","Dagger Throw"],"picked":"Blur","floor":1.0},{"not_picked":["hubris:TrickCloak","Dagger Spray"],"picked":"Caltrops","floor":5.0},{"not_picked":["Flying Knee","Atom Bomb"],"picked":"Outmaneuver","floor":7.0},{"not_picked":["Deadly Poison","Poisoned Stab"],"picked":"hubris:SlightOfHand","floor":10.0},{"not_picked":["Blade Dance","Caltrops"],"picked":"Noxious Fumes","floor":11.0},{"not_picked":["hubris:Counter","Infinite Blades"],"picked":"Footwork","floor":14.0},{"not_picked":[],"picked":"Underhanded Strike+1","floor":18.0},{"not_picked":["Riddle With Holes"],"picked":"SKIP","floor":19.0},{"not_picked":[],"picked":"Fluid Movement","floor":31.0},{"not_picked":[],"picked":"ReplayTheSpireMod:??????????????????????","floor":34.0},{"not_picked":[],"picked":"Bane+1","floor":35.0},{"not_picked":["Underhanded Strike"],"picked":"SKIP","floor":36.0},{"not_picked":["Skewer"],"picked":"SKIP","floor":37.0},{"not_picked":[],"picked":"Acrobatics","floor":39.0},{"not_picked":[],"picked":"Hidden Blade+1","floor":42.0},{"not_picked":["Sucker Punch+1"],"picked":"SKIP","floor":46.0},{"not_picked":["Toxin Wave"],"picked":"SKIP","floor":47.0}],"player_experience":35653,"relics_obtained":[{"floor":14.0,"key":"ReplayFunnel"},{"floor":26.0,"key":"Matryoshka"},{"floor":43.0,"key":"hubris:SlimyHat"},{"floor":43.0,"key":"Darkstone Periapt"},{"floor":46.0,"key":"Mango"}],"event_choices":[{"damage_healed":0.0,"max_hp_gain":0.0,"max_hp_loss":0.0,"gold_gain":0.0,"event_name":"Scrap Ooze","player_choice":"Success","floor":3.0,"gold_loss":0.0,"damage_taken":12.0,"relics_obtained":["Gambling Chip"]},{"damage_healed":0.0,"max_hp_gain":0.0,"max_hp_loss":0.0,"gold_gain":0.0,"event_name":"FaceTrader","player_choice":"Trade","floor":4.0,"gold_loss":0.0,"damage_taken":0.0,"relics_obtained":["NlothsMask"]},{"damage_healed":0.0,"max_hp_gain":0.0,"max_hp_loss":0.0,"gold_gain":175.0,"event_name":"Liars Game","player_choice":"AGREE","floor":12.0,"gold_loss":0.0,"damage_taken":0.0,"cards_obtained":["Doubt"]},{"damage_healed":0.0,"max_hp_gain":0.0,"max_hp_loss":0.0,"gold_gain":75.0,"event_name":"World of Goop","player_choice":"Gather Gold","floor":13.0,"gold_loss":0.0,"damage_taken":11.0},{"damage_healed":0.0,"max_hp_gain":0.0,"max_hp_loss":35.0,"gold_gain":0.0,"event_name":"Ghosts","player_choice":"Became a Ghost","floor":21.0,"gold_loss":0.0,"damage_taken":0.0,"cards_obtained":["Ghostly","Ghostly","Ghostly","Ghostly","Ghostly"]},{"damage_healed":0.0,"max_hp_gain":0.0,"max_hp_loss":0.0,"gold_gain":0.0,"cards_transformed":["Strike_G","Strike_G"],"event_name":"Drug Dealer","player_choice":"Became Test Subject","floor":22.0,"gold_loss":0.0,"damage_taken":0.0,"cards_obtained":["ReplayTheSpireMod:Speed Training","Dodge and Roll"]},{"damage_healed":0.0,"max_hp_gain":0.0,"max_hp_loss":0.0,"gold_gain":0.0,"event_name":"The Library","player_choice":"Read","floor":24.0,"gold_loss":0.0,"damage_taken":0.0,"cards_obtained":["hexamod:FirstSeal"]},{"damage_healed":0.0,"max_hp_gain":0.0,"max_hp_loss":0.0,"gold_gain":0.0,"event_name":"Duplicator","player_choice":"Copied","floor":38.0,"gold_loss":0.0,"damage_taken":0.0,"cards_obtained":["infinitespire:TheBestDefense"]},{"damage_healed":0.0,"max_hp_gain":0.0,"max_hp_loss":2.0,"gold_gain":0.0,"event_name":"Winding Halls","player_choice":"Max HP","floor":45.0,"gold_loss":0.0,"damage_taken":0.0}],"is_beta":false,"boss_relics":[{"not_picked":["hubris:GrandSneckoEye","Snecko Scales"],"picked":"Busted Crown"},{"not_picked":["ChewingGum","hubris:TerracottaHorce"],"picked":"ReplayTheSpireMod:SealedPack"}],"items_purged_floors":[2,20,30,41],"is_endless":false,"potions_floor_spawned":[1,7,10,18,19,31,33,35,36,46,49],"ascension_level":0}}