{"host":"m4gez01cdgxblqzl","time":1609301391,"event":{"mods":["2.2 Compatiblity","AchievementEnabler","Act Like it!","Aspiration","BaseMod","Better Altar","Better Match","Better Note","Better Sensory Stone","Better Skull","Better Third Choice","BetterRewards","CCEM","Challenge The Spire","Clawfect","Colored Powertips","Conspire","Downfall","GifTheSpireLib","Glutton Mod","Halation","Hermit","Hubris","Infinite Spire","Jedi Mod","Minty Spire (QoL Compilation)","Permanent Neow","READ ME - Guardian Mod","RatMod","Replay The Spire","Shade Mod","Shop Mod","Spicy Shops","Spikes Relics","StSLib","Stuff the Spire","The Blue Laboratory","The Construct","The Jungle","The Problem Sleuth","The Runesmith","The Spell Scribe","Trackpad","Unceasing Turn Reminder","Unknown Chances","everything is the same but u backflip on backflip","vexMod"],"gold_per_floor":[126,152,152,152,2,40,40,62,85,85,104,131,170,189,189,303,303,325,325,325,361,394,394,419,110,110,110,138,138,177,177,177,298,298,329,329,350,376,405,405,42,42,42],"floor_reached":42,"playtime":2992,"items_purged":["Pain","Voices"],"score":780,"play_id":"78d95983-67ba-4e15-979b-194f6f163c41","local_time":"20201229220951","is_ascension_mode":false,"campfire_choices":[{"data":"Bash","floor":7.0,"key":"SMITH"},{"data":"Perfected Strike","floor":15.0,"key":"SMITH"},{"floor":23.0,"key":"REST"},{"floor":32.0,"key":"REST"},{"data":"Life Link","floor":40,"key":"SMITH"}],"circlet_count":0,"master_deck":["conspire:GhostlyStrike","conspire:GhostlyStrike","conspire:GhostlyStrike","conspire:GhostlyStrike","conspire:GhostlyDefend","conspire:GhostlyDefend","conspire:GhostlyDefend","conspire:GhostlyDefend","Bash+1","Wild Strike","Hemokinesis","Wild Strike","Rampage","Perfected Strike+1","Perfected Strike","Rampage","ReplayTheSpireMod:Limb From Limb","Replay:Undeath\u0027s Touch+1","Impatience","Flame Barrier+1","Rage","Life Link+1","Replay:Undeath\u0027s Touch+1","Blood for Blood+1","StuffTheSpire:TitanForm","Voices","vexMod:UltimateCard","Overencumbered","True Grit+1","conspire:GhostlyStrike","conspire:GhostlyStrike","conspire:GhostlyStrike","conspire:GhostlyStrike","conspire:GhostlyDefend","conspire:GhostlyDefend","conspire:GhostlyDefend","conspire:GhostlyDefend","Bash+1","Wild Strike","Hemokinesis","Wild Strike","Rampage","Perfected Strike+1","Perfected Strike","Rampage","ReplayTheSpireMod:Limb From Limb","Replay:Undeath\u0027s Touch+1","Impatience","Flame Barrier+1","Rage","Life Link","Replay:Undeath\u0027s Touch+1","Blood for Blood+1","StuffTheSpire:TitanForm","vexMod:UltimateCard","Overencumbered","True Grit+1","Thunderclap+1","Thunderclap+1","Inflame+1","Clumsy"],"relics":["Burning Blood","Replay:Bandana","halation:PinkSoulGem","CCEMRelics:SpiritsEdge","trackpad:BottledAnger","RollingBoulder","WarpedTongs","halation:Toothbrush","hubris:HollowSoul","Potion Belt","vexMod:MemoryStick","hubris:ChampionShield","hubris:SlimyHat","vexMod:BarristanHead","Replay:Ancient Bell","CCEMRelics:JestersCrown","Paper Frog","aspiration:AnachronicSnailShell","vexMod:RedPlottingStone","halation:Jellyphish"],"acts_visited":["Exordium","Exordium","TheBeyond"],"potions_floor_usage":[],"damage_taken":[{"damage":4.0,"enemies":"Small Slimes","floor":1.0,"turns":4.0},{"damage":7.0,"enemies":"2 Louse","floor":2.0,"turns":2.0},{"damage":16.0,"enemies":"Gremlin Nob","floor":6.0,"turns":4.0},{"damage":2.0,"enemies":"Jaw Worm","floor":8.0,"turns":1.0},{"damage":0.0,"enemies":"3 Louse","floor":11.0,"turns":1.0},{"damage":12.0,"enemies":"Exordium Thugs","floor":12.0,"turns":3.0},{"damage":11.0,"enemies":"Replay:BlueRogue","floor":13.0,"turns":3.0},{"damage":0.0,"enemies":"Red Slaver","floor":14.0,"turns":1.0},{"damage":48.0,"enemies":"Hexaghost","floor":16.0,"turns":7.0},{"damage":5.0,"enemies":"Shell Parasite","floor":18.0,"turns":1.0},{"damage":13.0,"enemies":"theJungle:5_Spyders","floor":21.0,"turns":4.0},{"damage":18.0,"enemies":"theJungle:2_Snecko_Cultists","floor":22.0,"turns":4.0},{"damage":8.0,"enemies":"Snake Plant","floor":24.0,"turns":2.0},{"damage":20.0,"enemies":"theJungle:Lyon","floor":28.0,"turns":4.0},{"damage":50.0,"enemies":"theJungle:2_Phrogs","floor":30.0,"turns":7.0},{"damage":43.0,"enemies":"theJungle:TotemBoss","floor":33.0,"turns":6.0},{"damage":7,"enemies":"Orb Walker","floor":35,"turns":3},{"damage":10,"enemies":"3 Shapes","floor":37,"turns":2},{"damage":14,"enemies":"Jaw Worm Horde","floor":38,"turns":3},{"damage":0,"enemies":"4 Shapes","floor":39,"turns":5}],"seed_played":"8864620593960444751","potions_obtained":[{"floor":6.0,"key":"SpeedPotion"},{"floor":8.0,"key":"Strength Potion"},{"floor":11.0,"key":"GamblersBrew"},{"floor":18.0,"key":"BloodPotion"},{"floor":33.0,"key":"Weak Potion"},{"floor":35,"key":"AttackPotion"},{"floor":38,"key":"Adrenaline Potion"},{"floor":39,"key":"jedi:StrikingPotion"}],"is_trial":false,"path_per_floor":["M","M","?","?","$","E","R","M","T","?","M","M","E","M","R","B",null,"M","?","?","M","M","R","M","$","T","?","M","?","E","?","R","B",null,"M","?","M","M","M","R","$","?"],"character_chosen":"IRONCLAD","items_purchased":["CCEMRelics:SpiritsEdge","Potion Belt","vexMod:MemoryStick","vexMod:RedPlottingStone","halation:Jellyphish"],"campfire_rested":2,"item_purchase_floors":[5,25,25,41,41],"current_hp_per_floor":[80,79,79,79,79,69,69,73,73,73,79,73,68,74,74,32,80,80,72,75,68,56,80,78,81,81,84,70,70,26,26,52,32,89,88,88,84,76,82,82,85,0,0],"gold":42,"neow_bonus":"RANDOM_COMMON_RELIC","is_daily":false,"chose_seed":false,"campfire_upgraded":3,"win_rate":0.0,"timestamp":1609301391,"path_taken":["M","M","?","?","?","E","R","M","T","?","?","?","E","M","R","BOSS","M","?","?","M","?","R","M","$","T","?","M","?","E","?","R","BOSS","M","?","M","?","M","R","?","?"],"items_purchased_type":["Relic","Relic","Relic","Relic","Relic"],"build_version":"2020-12-22","purchased_purges":2,"victory":false,"max_hp_per_floor":[80,80,80,80,80,80,80,80,80,80,80,80,80,80,80,80,80,80,80,83,83,83,83,83,86,86,89,89,89,89,89,89,89,89,89,89,89,89,89,89,92,92,92],"card_choices":[{"not_picked":["jedi:fear","StuffTheSpire:Slingshot"],"picked":"Wild Strike","floor":1.0},{"not_picked":["Warcry","jedi:hate"],"picked":"Hemokinesis","floor":2.0},{"not_picked":["StuffTheSpire:Incineration","Entrench"],"picked":"Wild Strike","floor":6.0},{"not_picked":["jedi:fear","Thunderclap","Anger"],"picked":"Rampage","floor":8.0},{"not_picked":["conspire:Charge","Entrench","Anger"],"picked":"Perfected Strike","floor":11.0},{"not_picked":["Shrug It Off","Headbutt","Anger"],"picked":"Perfected Strike","floor":12.0},{"not_picked":["Berserk","Warcry","Anger"],"picked":"Rampage","floor":13.0},{"not_picked":["Headbutt","True Grit","Anger"],"picked":"ReplayTheSpireMod:Limb From Limb","floor":14.0},{"not_picked":["Juggernaut","Fiend Fire","Brutality"],"picked":"Anger","floor":16.0},{"not_picked":["Entrench+1","ReplayTheSpireMod:Strike From Hell","Anger"],"picked":"Replay:Undeath\u0027s Touch+1","floor":18.0},{"not_picked":["Body Slam+1","Flex","Anger"],"picked":"Flame Barrier+1","floor":21.0},{"not_picked":["Twin Strike+1","Headbutt+1","Anger"],"picked":"Rage","floor":22.0},{"not_picked":["jedi:strikingstrike","Rampage","Anger"],"picked":"Life Link","floor":24.0},{"not_picked":["Carnage","Thunderclap","Anger+1"],"picked":"Replay:Undeath\u0027s Touch+1","floor":28.0},{"not_picked":["True Grit","Rupture+1","Anger"],"picked":"Blood for Blood+1","floor":30.0},{"not_picked":["Hemogenesis","Juggernaut","Anger+1"],"picked":"StuffTheSpire:TitanForm","floor":33.0},{"not_picked":["Languid","Looming Evil","Shame"],"picked":"Voices","floor":34},{"not_picked":["conspire:NecroticWound","hubris:Envy","Sickly"],"picked":"vexMod:UltimateCard","floor":34},{"not_picked":["hubris:Wrath","Spreading Infection","Doubt"],"picked":"Overencumbered","floor":34},{"not_picked":["Bloodletting+1","StuffTheSpire:RockThrow","Anger+1"],"picked":"True Grit+1","floor":35},{"not_picked":["Disarm+1","BarbarianYell","Anger"],"picked":"Thunderclap+1","floor":37},{"not_picked":["ReplayTheSpireMod:Corrosion Curse","StuffTheSpire:Slingshot","Anger+1"],"picked":"Thunderclap+1","floor":38},{"not_picked":["Entrench+1","jedi:fear+1","Anger"],"picked":"Inflame+1","floor":39}],"player_experience":29395,"relics_obtained":[{"floor":6.0,"key":"trackpad:BottledAnger"},{"floor":9.0,"key":"RollingBoulder"},{"floor":13.0,"key":"halation:Toothbrush"},{"floor":26.0,"key":"hubris:ChampionShield"},{"floor":30.0,"key":"vexMod:BarristanHead"}],"event_choices":[{"damage_healed":0.0,"max_hp_gain":0.0,"max_hp_loss":0.0,"gold_gain":0.0,"event_name":"conspire:LoneGhost","player_choice":"Agree","floor":3.0,"gold_loss":0.0,"damage_taken":0.0},{"damage_healed":0.0,"max_hp_gain":0.0,"max_hp_loss":0.0,"gold_gain":0.0,"event_name":"Accursed Blacksmith","player_choice":"Rummage","floor":10.0,"gold_loss":0.0,"damage_taken":0.0,"relics_obtained":["WarpedTongs"],"cards_obtained":["Pain"]},{"damage_healed":0.0,"max_hp_gain":0.0,"max_hp_loss":0.0,"gold_gain":0.0,"event_name":"Wheel of Change","player_choice":"Damaged","floor":19.0,"gold_loss":0.0,"damage_taken":8.0},{"damage_healed":0.0,"max_hp_gain":0.0,"max_hp_loss":0.0,"gold_gain":0.0,"cards_transformed":["conspire:GhostlyStrike"],"event_name":"Transmorgrifier","player_choice":"Transformed","floor":20.0,"gold_loss":0.0,"damage_taken":0.0,"cards_obtained":["Impatience"]},{"cards_removed":["Anger"],"damage_healed":0.0,"max_hp_gain":0.0,"max_hp_loss":0.0,"gold_gain":0.0,"event_name":"WeMeetAgain","player_choice":"Gave Card","floor":27.0,"gold_loss":0.0,"damage_taken":0.0,"relics_obtained":["hubris:SlimyHat"]},{"cards_removed":["Impatience"],"damage_healed":0.0,"max_hp_gain":0.0,"max_hp_loss":0.0,"gold_gain":0.0,"event_name":"betterNote:BetterNote","player_choice":"Give","floor":29.0,"gold_loss":0.0,"damage_taken":0.0,"cards_obtained":["Decay"]}],"is_beta":false,"boss_relics":[{"not_picked":["halation:MonkeysPaw","aspiration:RunesmithSkillbook"],"picked":"hubris:HollowSoul"},{"not_picked":["conspire:RoyalGoblet","Astrolabe"],"picked":"Replay:Ancient Bell"},{"not_picked":["rat:KircheisShard","aspiration:TomeofQuesting"],"picked":"CCEMRelics:JestersCrown"},{"not_picked":["hubris:MobiusCoin","Letter Opener"],"picked":"Paper Frog"},{"not_picked":["SuspiciousGoo","Bird Faced Urn"],"picked":"aspiration:AnachronicSnailShell"}],"items_purged_floors":[25,41],"is_endless":false,"potions_floor_spawned":[6,8,11,18,24,33,35,38,39],"ascension_level":0}}