{"host":"z9grmtg2w0nmz8n1","time":1609307110,"event":{"mods":["Aspiration","Bard","BaseMod","Beaked The Cultist","Better Altar","Better Match","Better Note","Better Sensory Stone","Better Skull","Better Third Choice","BetterRewards","CCEM","Colored Map","Conspire","Downfall","GifTheSpireLib","Googly Eyes","Halation","Hermit","Highlight Path","Hubris","Hunter ??","Jedi Mod","Jorbs\u0027s Wanderer Trilogy","Mad Scientist","Marisa????????","Minty Spire (QoL Compilation)","Permanent Neow","Replay The Spire","Shade Mod","Shop Mod","Spicy Shops","StSLib","Stuff the Spire","The Bug Knight","The Construct","The Necromancer","The Runesmith","The Witch"],"gold_per_floor":[114,131,131,147,147,181,192,218,245,258,258,258,273,308,308,404,404,422,347,347,362,385,385,413,432,459,484,484,166,201,217,217,314,314,324,342,360,377,377,377],"floor_reached":39,"playtime":2471,"items_purged":["Strike_B"],"score":537,"play_id":"9fc0cf25-4684-4fc1-9bab-f6345561c1e8","local_time":"20201230034510","is_ascension_mode":true,"campfire_choices":[{"floor":11,"key":"REST"},{"floor":15,"key":"REST"},{"floor":23,"key":"RECALL"},{"data":"Leap","floor":32,"key":"SMITH"}],"circlet_count":0,"master_deck":["Strike_B","Strike_B","Defend_B","Defend_B","Defend_B","Defend_B","Zap","Dualcast","Leap+1","BootSequence","Specialist+1","Go for the Eyes","Gash","Leap","FTL","Swift Strike","Sweeping Beam","Scrape+1","conspire:Banana","Gash","Defragment+1","All For One","Streamline+1","Gash+1"],"relics":["Cracked Core","Replay:Mystery Machine","StuffTheSpire:OldFever","halation:TwoAmDonut","Tiny Chest","ReplayTheSpireMod:Ring of Exchange","aspiration:EmptySkull","aspiration:FutureDiary","CultistMask","Bottled Flame","Strawberry","jedi:purplefairy","StuffTheSpire:Rhapsscallions","Sozu"],"acts_visited":["Exordium","TheCity","TheBeyond"],"potions_floor_usage":[10,14,14,16,18,30,30,31,33,33],"damage_taken":[{"damage":0,"enemies":"Small Slimes","floor":1,"turns":3},{"damage":4,"enemies":"2 Louse","floor":2,"turns":3},{"damage":0,"enemies":"Jaw Worm","floor":4,"turns":3},{"damage":24,"enemies":"3 Sentries","floor":6,"turns":7},{"damage":11,"enemies":"Exordium Wildlife","floor":7,"turns":4},{"damage":31,"enemies":"Gremlin Nob","floor":8,"turns":5},{"damage":0,"enemies":"Looter","floor":10,"turns":3},{"damage":0,"enemies":"2 Fungi Beasts","floor":13,"turns":3},{"damage":9,"enemies":"3 Sentries","floor":14,"turns":9},{"damage":30,"enemies":"Slime Boss","floor":16,"turns":11},{"damage":6,"enemies":"Chosen","floor":18,"turns":6},{"damage":4,"enemies":"Spheric Guardian","floor":21,"turns":3},{"damage":43,"enemies":"Slavers","floor":24,"turns":7},{"damage":10,"enemies":"Snecko","floor":25,"turns":5},{"damage":16,"enemies":"Book of Stabbing","floor":27,"turns":6},{"damage":0,"enemies":"Gremlin Leader","floor":30,"turns":6},{"damage":0,"enemies":"Cultist and Chosen","floor":31,"turns":5},{"damage":24,"enemies":"conspire:MysteriousRune","floor":33,"turns":8},{"damage":12,"enemies":"3 Darklings","floor":35,"turns":5},{"damage":22,"enemies":"3 Shapes","floor":36,"turns":5},{"damage":18,"enemies":"Maw","floor":37,"turns":7},{"damage":8,"enemies":"Transient","floor":38,"turns":5},{"damage":39,"enemies":"Writhing Mass","floor":39,"turns":4}],"seed_played":"1993385109425460472","potions_obtained":[{"floor":6,"key":"Elixir"},{"floor":8,"key":"EssenceOfDarkness"},{"floor":10,"key":"SkillPotion"},{"floor":13,"key":"Adrenaline Potion"},{"floor":14,"key":"BlessingOfTheForge"},{"floor":27,"key":"Strength Potion"},{"floor":30,"key":"jedi:StrikingPotion"},{"floor":31,"key":"jedi:tentaclejuice"}],"is_trial":false,"path_per_floor":["M","M","?","M","?","E","M","E","T","M","R","?","M","E","R","B",null,"M","?","?","M","T","R","E","M","T","E","?","$","E","M","R","B",null,"M","M","M","M","M"],"character_chosen":"DEFECT","items_purchased":["LifebloodPotion","conspire:Banana"],"campfire_rested":2,"item_purchase_floors":[29,29],"current_hp_per_floor":[75,71,71,71,71,47,36,5,5,5,27,27,27,18,40,10,75,69,69,69,65,65,65,22,12,19,3,3,3,7,20,30,7,88,77,56,39,32,0,0],"gold":377,"neow_bonus":"RANDOM_COMMON_RELIC","is_daily":false,"chose_seed":false,"campfire_upgraded":1,"win_rate":0.0,"timestamp":1609307110,"path_taken":["M","M","?","M","?","E","M","E","T","M","R","?","M","E","R","BOSS","M","?","?","M","?","R","E","?","T","E","?","$","E","M","R","BOSS","M","M","M","M","M"],"items_purchased_type":["Potion","Card"],"build_version":"2020-12-22","purchased_purges":1,"victory":false,"max_hp_per_floor":[75,75,75,75,75,75,75,75,75,75,75,75,75,75,75,75,75,75,75,75,75,75,75,75,75,82,82,82,82,86,87,87,88,88,89,90,91,92,93,93],"card_choices":[{"not_picked":["StuffTheSpire:LoadUp","Fusion"],"picked":"Leap","floor":1},{"not_picked":["Genetic Algorithm","Turbo"],"picked":"BootSequence","floor":2},{"not_picked":["Panache","Madness"],"picked":"Specialist","floor":3},{"not_picked":["Cold Snap","Conserve Battery"],"picked":"Go for the Eyes","floor":4},{"not_picked":["jedi:spotbugs","aspiration:Polymerization"],"picked":"Gash","floor":6},{"not_picked":["jedi:BurstLightning","Hologram"],"picked":"Leap","floor":7},{"not_picked":["Rebound","jedi:spotbugs"],"picked":"FTL","floor":8},{"not_picked":["ReplayTheSpireMod:System Scan","BasicCrystalCard","Coolheaded"],"picked":"SKIP","floor":10},{"not_picked":["Self Repair","Stack","Cold Snap"],"picked":"SKIP","floor":13},{"not_picked":["jedi:meditation","StuffTheSpire:SnapShoot","Redo"],"picked":"SKIP","floor":14},{"not_picked":["Chill","ReplayTheSpireMod:System Scan","Barrage+1"],"picked":"SKIP","floor":18},{"not_picked":["Enlightenment","expansioncontent:DonusPower"],"picked":"Swift Strike","floor":19},{"not_picked":["Stack","Thunder Strike","Compile Driver"],"picked":"SKIP","floor":21},{"not_picked":["StuffTheSpire:ForEach","Redo+1","Panic Button"],"picked":"SKIP","floor":24},{"not_picked":["StuffTheSpire:ForEach","Redo+1","Panic Button"],"picked":"SKIP","floor":24},{"not_picked":["jedi:blockon","conspire:SharedLibrary"],"picked":"Sweeping Beam","floor":25},{"not_picked":["StuffTheSpire:Purify","conspire:Rain"],"picked":"Scrape","floor":27},{"not_picked":["StuffTheSpire:Plugnplay","Panic Button"],"picked":"Gash","floor":30},{"not_picked":["ReplayTheSpireMod:System Scan","Hello World"],"picked":"Defragment+1","floor":31},{"not_picked":["Buffer","jedi:meditation"],"picked":"All For One","floor":33},{"not_picked":["Rebound","Redo+1"],"picked":"Streamline+1","floor":35},{"not_picked":["Cold Snap","Steam+1","Crystallizer+1"],"picked":"SKIP","floor":36},{"not_picked":["Hologram+1","Force Field+1"],"picked":"Gash+1","floor":37},{"not_picked":["Hologram+1","ReplayTheSpireMod:Reroute Power+1","StuffTheSpire:LoadUp"],"picked":"SKIP","floor":38}],"player_experience":748529,"relics_obtained":[{"floor":6,"key":"StuffTheSpire:OldFever"},{"floor":8,"key":"halation:TwoAmDonut"},{"floor":9,"key":"Tiny Chest"},{"floor":12,"key":"ReplayTheSpireMod:Ring of Exchange"},{"floor":14,"key":"aspiration:EmptySkull"},{"floor":24,"key":"Bottled Flame"},{"floor":26,"key":"Strawberry"},{"floor":27,"key":"jedi:purplefairy"},{"floor":30,"key":"StuffTheSpire:Rhapsscallions"}],"event_choices":[{"damage_healed":0,"gold_gain":1,"player_choice":"1","damage_taken":0,"max_hp_gain":0,"max_hp_loss":0,"event_name":"betterStone:BetterStone","floor":3,"gold_loss":0},{"damage_healed":0,"gold_gain":0,"player_choice":"1","damage_taken":0,"max_hp_gain":0,"max_hp_loss":0,"event_name":"betterMatch:BetterMatch","floor":19,"gold_loss":0,"cards_obtained":["betterMatch:UncommonCard","betterMatch:ColorlessUncommonCard","betterMatch:CommonCard"]},{"damage_healed":0,"gold_gain":0,"player_choice":"Trade","damage_taken":0,"relics_obtained":["CultistMask"],"max_hp_gain":0,"max_hp_loss":0,"event_name":"FaceTrader","floor":20,"gold_loss":0},{"damage_healed":0,"gold_gain":0,"player_choice":"Upgraded","damage_taken":0,"max_hp_gain":0,"max_hp_loss":0,"event_name":"Upgrade Shrine","floor":28,"gold_loss":0,"cards_upgraded":["Scrape"]}],"is_beta":false,"boss_relics":[{"not_picked":["conspire:RunicOctahedron","CCEMRelics:WrappedPresent"],"picked":"aspiration:FutureDiary"},{"not_picked":["hubris:HollowSoul","Runic Dome"],"picked":"Sozu"}],"items_purged_floors":[29],"is_endless":false,"potions_floor_spawned":[6,8,10,13,14,27,30,31,35,37,38],"killed_by":"Writhing Mass","ascension_level":1}}