{"host":"hyrsuayny3efwwum","time":1609302775,"event":{"mods":["BaseMod","Bestiary","Colored Map","Highlight Path","Minty Spire (QoL Compilation)","Relic Stats","StSLib"],"gold_per_floor":[360,198,198,222,243,243,281,456,505,505,543,578,21,35,35,131,131,149,162,87,105,26,26,57,71,117,117,130,130,163,181,181,279,279,293,10,26,26,51,51,94,107,157,200,200,117,141,164,164,164,164,164,18,61,61,61],"floor_reached":55,"playtime":6659,"items_purged":["Doubt"],"score":1523,"play_id":"68a7528f-95b8-4f28-8369-b86248a112dd","local_time":"20201229233255","is_ascension_mode":true,"campfire_choices":[{"data":"Streamline","floor":6.0,"key":"SMITH"},{"data":"Rip and Tear","floor":10.0,"key":"SMITH"},{"data":"Glacier","floor":15.0,"key":"SMITH"},{"data":"Hyperbeam","floor":23.0,"key":"SMITH"},{"data":"Seek","floor":27.0,"key":"SMITH"},{"data":"Go for the Eyes","floor":32.0,"key":"SMITH"},{"data":"Hologram","floor":40.0,"key":"SMITH"},{"floor":45.0,"key":"RECALL"},{"data":"Seek","floor":49.0,"key":"SMITH"},{"data":"Steam Power","floor":52,"key":"SMITH"}],"circlet_count":0,"master_deck":["AscendersBane","Zap","Dualcast","Streamline+1","Glacier+1","Self Repair","Gash","Rip and Tear+1","Rebound","Leap","Core Surge","Beam Cell","Hyperbeam+1","Core Surge","Gash","Stack","BootSequence","Go for the Eyes+1","Gash","Seek+1","Gash","Reprogram","Undo","Skim","Loop","All For One","Biased Cognition","Beam Cell","Scrape","Aggregate","Conserve Battery+1","Stack","Compile Driver+1","Hologram+1","Seek+1","Steam Power+1","Steam Power","Steam","Compile Driver","Trip","Chrysalis","Coolheaded+1","Undo","Hologram","Turbo","Dark Shackles"],"relics":["Cracked Core","Golden Idol","Anchor","Ancient Tea Set","StoneCalendar","Odd Mushroom","Orrery","Akabeko","Pandora\u0027s Box","Gambling Chip","Blood Vial","Lizard Tail","Coffee Dripper","Vajra","Bottled Flame","Calipers","Nunchaku","HornCleat"],"acts_visited":["Exordium","TheCity","TheBeyond","TheEnding"],"potions_floor_usage":[55,55],"damage_taken":[{"damage":14.0,"enemies":"Small Slimes","floor":1.0,"turns":3.0},{"damage":3.0,"enemies":"2 Louse","floor":4.0,"turns":3.0},{"damage":2.0,"enemies":"Jaw Worm","floor":5.0,"turns":3.0},{"damage":16.0,"enemies":"Lagavulin","floor":7.0,"turns":6.0},{"damage":7.0,"enemies":"3 Sentries","floor":11.0,"turns":10.0},{"damage":13.0,"enemies":"The Mushroom Lair","floor":12.0,"turns":6.0},{"damage":0.0,"enemies":"Gremlin Gang","floor":14.0,"turns":2.0},{"damage":6.0,"enemies":"Hexaghost","floor":16.0,"turns":7.0},{"damage":0.0,"enemies":"Chosen","floor":18.0,"turns":2.0},{"damage":15.0,"enemies":"2 Thieves","floor":19.0,"turns":3.0},{"damage":17.0,"enemies":"Centurion and Healer","floor":21.0,"turns":4.0},{"damage":8.0,"enemies":"Slavers","floor":24.0,"turns":5.0},{"damage":0.0,"enemies":"Snecko","floor":25.0,"turns":2.0},{"damage":7.0,"enemies":"Shelled Parasite and Fungi","floor":28.0,"turns":3.0},{"damage":0.0,"enemies":"Gremlin Leader","floor":30.0,"turns":4.0},{"damage":0.0,"enemies":"Centurion and Healer","floor":31.0,"turns":2.0},{"damage":48.0,"enemies":"Collector","floor":33.0,"turns":8.0},{"damage":5.0,"enemies":"3 Darklings","floor":35.0,"turns":3.0},{"damage":0.0,"enemies":"3 Shapes","floor":37.0,"turns":4.0},{"damage":15.0,"enemies":"Spire Growth","floor":39.0,"turns":3.0},{"damage":8.0,"enemies":"Reptomancer","floor":41.0,"turns":6.0},{"damage":0.0,"enemies":"Writhing Mass","floor":42.0,"turns":3.0},{"damage":38.0,"enemies":"Giant Head","floor":44.0,"turns":7.0},{"damage":0.0,"enemies":"4 Shapes","floor":47.0,"turns":2.0},{"damage":0.0,"enemies":"3 Darklings","floor":48.0,"turns":4.0},{"damage":0.0,"enemies":"Donu and Deca","floor":50.0,"turns":8.0},{"damage":0,"enemies":"Shield and Spear","floor":54,"turns":5},{"damage":72,"enemies":"The Heart","floor":55,"turns":5}],"seed_played":"253090441445091203","potions_obtained":[{"floor":1.0,"key":"EssenceOfSteel"},{"floor":11.0,"key":"EssenceOfSteel"},{"floor":21.0,"key":"SpeedPotion"},{"floor":24.0,"key":"Energy Potion"},{"floor":25.0,"key":"Block Potion"},{"floor":31.0,"key":"FearPotion"},{"floor":39.0,"key":"Fire Potion"},{"floor":44.0,"key":"Strength Potion"},{"floor":48.0,"key":"DistilledChaos"}],"is_trial":false,"path_per_floor":["M","$","?","M","M","R","E","?","T","R","E","?","$","M","R","B",null,"M","M","?","M","$","R","E","M","T","R","M","?","E","M","R","B",null,"M","$","M","?","M","R","E","M","T","E","R","?","M","M","R","B",null,"R","$","E","B"],"character_chosen":"DEFECT","items_purchased":["Glacier","AttackPotion","Self Repair","Orrery","FearPotion","BootSequence","Akabeko","Go for the Eyes","Scrape","Vajra","Steam Power","Steam","SteroidPotion","Dark Shackles"],"campfire_rested":0,"item_purchase_floors":[2,2,2,13,13,13,13,13,22,36,36,36,53,53],"current_hp_per_floor":[32,32,32,36,41,41,32,32,32,32,32,26,26,26,26,27,56,63,55,55,45,45,45,37,44,44,44,39,33,42,44,44,40,60,64,64,66,56,50,50,51,53,53,24,24,24,26,35,35,44,61,61,61,63,0,0],"gold":61,"neow_bonus":"TWO_FIFTY_GOLD","is_daily":false,"chose_seed":false,"campfire_upgraded":9,"win_rate":0.0,"timestamp":1609302775,"path_taken":["M","$","?","M","M","R","E","?","T","R","E","?","$","M","R","BOSS","M","M","?","M","$","R","E","M","T","R","M","?","E","?","R","BOSS","M","$","M","?","M","R","E","M","T","E","R","?","?","M","R","BOSS","R","$","E","BOSS"],"items_purchased_type":["Card","Potion","Card","Relic","Potion","Card","Relic","Card","Card","Relic","Card","Card","Potion","Card"],"build_version":"2020-12-22","purchased_purges":1,"victory":false,"max_hp_per_floor":[71,71,66,66,66,66,66,66,66,66,66,66,66,66,66,66,66,66,66,66,66,66,66,66,66,66,66,66,66,66,66,66,66,66,66,66,66,66,66,66,66,66,66,66,66,66,66,66,66,66,66,66,66,66,66,66],"relic_stats":{"Blood Vial":30,"Lizard Tail":33,"Nunchaku":[11],"counters":[28,123],"Golden Idol":178,"Gambling Chip":[41],"StoneCalendar":[141],"Pandora\u0027s Box":["Gash","Reprogram","Undo","Redo","Skim","Loop","All For One","Biased Cognition"],"obtain_stats":[{"Calipers":44,"Golden Idol":3,"Vajra":36,"StoneCalendar":11,"Odd Mushroom":12,"Ancient Tea Set":9,"Akabeko":13,"Blood Vial":26,"Anchor":7,"Lizard Tail":30,"Bottled Flame":41,"Nunchaku":46,"HornCleat":54,"Gambling Chip":24,"Orrery":13,"Pandora\u0027s Box":17,"Coffee Dripper":34,"Cracked Core":0},{"Calipers":23,"Golden Idol":1,"Vajra":18,"StoneCalendar":5,"Odd Mushroom":6,"Ancient Tea Set":4,"Akabeko":6,"Blood Vial":13,"Anchor":4,"Lizard Tail":15,"Bottled Flame":21,"Nunchaku":23,"HornCleat":27,"Gambling Chip":12,"Orrery":6,"Pandora\u0027s Box":8,"Coffee Dripper":17,"Cracked Core":0},{"Calipers":99,"Golden Idol":3,"Vajra":76,"StoneCalendar":25,"Odd Mushroom":31,"Ancient Tea Set":15,"Akabeko":31,"Blood Vial":56,"Anchor":15,"Lizard Tail":63,"Bottled Flame":89,"Nunchaku":99,"HornCleat":118,"Gambling Chip":54,"Orrery":31,"Pandora\u0027s Box":40,"Coffee Dripper":73,"Cracked Core":0}]},"card_choices":[{"not_picked":["Stack","Hologram"],"picked":"Streamline","floor":1.0},{"not_picked":["Turbo","Streamline"],"picked":"Gash","floor":4.0},{"not_picked":["Ball Lightning","Stack"],"picked":"Rip and Tear","floor":5.0},{"not_picked":["Steam","Buffer"],"picked":"Rebound","floor":7.0},{"not_picked":["Compile Driver","Sweeping Beam"],"picked":"Leap","floor":11.0},{"not_picked":["Cold Snap","Auto Shields"],"picked":"Core Surge","floor":12.0},{"not_picked":["Coolheaded","Streamline"],"picked":"Beam Cell","floor":13.0},{"not_picked":["Rebound","Redo"],"picked":"Hyperbeam","floor":13.0},{"not_picked":["Streamline","Storm"],"picked":"Core Surge","floor":13.0},{"not_picked":["Storm","Go for the Eyes"],"picked":"Gash","floor":13.0},{"not_picked":["Turbo","Barrage"],"picked":"Stack","floor":13.0},{"not_picked":["Barrage","Blizzard"],"picked":"Gash","floor":14.0},{"not_picked":["Electrodynamics","Rainbow"],"picked":"Seek","floor":16.0},{"not_picked":["Consume","Streamline"],"picked":"Beam Cell","floor":18.0},{"not_picked":["Double Energy","Coolheaded","Gash"],"picked":"SKIP","floor":19.0},{"not_picked":["Lockon","Ball Lightning","Sunder"],"picked":"SKIP","floor":21.0},{"not_picked":["Hello World","FTL"],"picked":"Aggregate","floor":24.0},{"not_picked":["Streamline","Cold Snap"],"picked":"Conserve Battery+1","floor":25.0},{"not_picked":["Sweeping Beam","Consume"],"picked":"Stack","floor":28.0},{"not_picked":["Steam","Blizzard"],"picked":"Compile Driver+1","floor":30.0},{"not_picked":["Leap","Chill"],"picked":"Hologram","floor":31.0},{"not_picked":["Biased Cognition","Thunder Strike"],"picked":"Seek","floor":33.0},{"not_picked":["Rip and Tear","Barrage"],"picked":"Steam Power","floor":35.0},{"not_picked":["Gash","Loop+1"],"picked":"Compile Driver","floor":37.0},{"not_picked":["Panacea","Blind"],"picked":"Trip","floor":38.0},{"not_picked":["Panacea","HandOfGreed"],"picked":"Chrysalis","floor":38.0},{"not_picked":["Sweeping Beam+1","Storm","Beam Cell"],"picked":"SKIP","floor":39.0},{"not_picked":["Steam","Force Field"],"picked":"Coolheaded+1","floor":41.0},{"not_picked":["Gash+1","Beam Cell","Hello World"],"picked":"SKIP","floor":42.0},{"not_picked":["Barrage","Electrodynamics"],"picked":"Undo","floor":44.0},{"not_picked":["Ball Lightning","Loop+1"],"picked":"Hologram","floor":47.0},{"not_picked":["Melter","Heatsinks"],"picked":"Turbo","floor":48.0},{"not_picked":["Sweeping Beam","Gash+1","Coolheaded"],"picked":"SKIP","floor":54},{"not_picked":["Sweeping Beam","Gash+1","Coolheaded"],"picked":"SKIP","floor":54}],"player_experience":760640,"relics_obtained":[{"floor":7.0,"key":"Anchor"},{"floor":9.0,"key":"Ancient Tea Set"},{"floor":11.0,"key":"StoneCalendar"},{"floor":12.0,"key":"Odd Mushroom"},{"floor":24.0,"key":"Gambling Chip"},{"floor":26.0,"key":"Blood Vial"},{"floor":30.0,"key":"Lizard Tail"},{"floor":41.0,"key":"Bottled Flame"},{"floor":44.0,"key":"Calipers"},{"floor":54,"key":"HornCleat"}],"event_choices":[{"damage_healed":0.0,"max_hp_gain":0.0,"max_hp_loss":5.0,"gold_gain":0.0,"event_name":"Golden Idol","player_choice":"Lose Max HP","floor":3.0,"gold_loss":0.0,"damage_taken":0.0,"relics_obtained":["Golden Idol"]},{"damage_healed":0.0,"max_hp_gain":0.0,"max_hp_loss":0.0,"gold_gain":175.0,"event_name":"Liars Game","player_choice":"AGREE","floor":8.0,"gold_loss":0.0,"damage_taken":0.0,"cards_obtained":["Doubt"]},{"damage_healed":0.0,"max_hp_gain":0.0,"max_hp_loss":0.0,"gold_gain":0.0,"event_name":"Mushrooms","player_choice":"Fought Mushrooms","floor":12.0,"gold_loss":0.0,"damage_taken":0.0},{"cards_removed":["Redo"],"damage_healed":0.0,"max_hp_gain":0.0,"max_hp_loss":0.0,"gold_gain":0.0,"event_name":"Beggar","player_choice":"Gave Gold","floor":20.0,"gold_loss":75.0,"damage_taken":0.0},{"damage_healed":0.0,"max_hp_gain":0.0,"max_hp_loss":0.0,"gold_gain":0.0,"event_name":"Wheel of Change","player_choice":"Damaged","floor":29.0,"gold_loss":0.0,"damage_taken":6.0},{"damage_healed":0.0,"max_hp_gain":0.0,"max_hp_loss":0.0,"gold_gain":0.0,"event_name":"SensoryStone","player_choice":"Memory 3","floor":38.0,"gold_loss":0.0,"damage_taken":10.0},{"damage_healed":0.0,"max_hp_gain":0.0,"max_hp_loss":0.0,"gold_gain":0.0,"event_name":"WeMeetAgain","player_choice":"Paid Gold","floor":46.0,"gold_loss":83.0,"damage_taken":0.0,"relics_obtained":["Nunchaku"]}],"is_beta":false,"boss_relics":[{"not_picked":["Cursed Key","Velvet Choker"],"picked":"Pandora\u0027s Box"},{"not_picked":["Tiny House","Empty Cage"],"picked":"Coffee Dripper"}],"items_purged_floors":[13],"is_endless":false,"potions_floor_spawned":[1,5,11,21,24,25,28,31,39,44,48],"killed_by":"The Heart","ascension_level":14}}