{"host":"ohysexhjt9sgbosk","time":1609363800,"event":{"mods":["BaseMod","Colored Map","Colored Powertips","Curses Come First","Evolution","Minty Spire (QoL Compilation)","Rare Cards Sparkle","StSLib"],"gold_per_floor":[110,129,129,141,157,188,188,215,215,230,249,266,299,374,374,474,474,485,585,100,120,43,43,43,55,107,126,142,159,172,15,15,111,111,123,134,108,108,108],"floor_reached":38,"playtime":3949,"items_purged":[],"score":467,"play_id":"ef2827f6-2bba-426e-8f61-f2e3484c162f","local_time":"20201230143000","is_ascension_mode":false,"campfire_choices":[{"floor":7,"key":"REST"},{"floor":15,"key":"REST"},{"data":"Envenom","floor":23,"key":"SMITH"},{"floor":32,"key":"REST"}],"circlet_count":0,"master_deck":["Bane","Strike_G","Strike_G","Strike_G","Strike_G","Defend_G","Defend_G","Defend_G","Defend_G","Defend_G","Survivor","Neutralize","Backstab","Slice","Backflip","Blade Dance","Flying Knee","Dodge and Roll","Sucker Punch","Noxious Fumes","Infinite Blades","Blade Dance","Dagger Spray","Envenom+1","Flying Knee","Tactician","Crippling Poison+1","Endless Agony","Terror","Slice","Outmaneuver","Deflect+1","Deadly Poison","After Image","Backflip+1","Bane","Slice"],"relics":["Ring of the Snake","EVO:Axolotl","Ornamental Fan","Boot","Odd Mushroom","Kunai","Potion Belt","HoveringKite","Ice Cream","Medical Kit","Omamori","Bronze Scales","Coffee Dripper"],"acts_visited":["Exordium","TheCity","TheBeyond"],"potions_floor_usage":[12,16,16,16,16,21,28,29],"damage_taken":[{"damage":0,"enemies":"Jaw Worm","floor":1,"turns":4},{"damage":0,"enemies":"Small Slimes","floor":2,"turns":2},{"damage":0,"enemies":"2 Louse","floor":4,"turns":2},{"damage":0,"enemies":"Exordium Thugs","floor":5,"turns":5},{"damage":22,"enemies":"Gremlin Nob","floor":6,"turns":5},{"damage":10,"enemies":"The Mushroom Lair","floor":8,"turns":4},{"damage":0,"enemies":"Blue Slaver","floor":10,"turns":3},{"damage":0,"enemies":"Large Slime","floor":11,"turns":4},{"damage":8,"enemies":"Lots of Slimes","floor":12,"turns":2},{"damage":2,"enemies":"3 Sentries","floor":13,"turns":6},{"damage":0,"enemies":"Slime Boss","floor":16,"turns":7},{"damage":6,"enemies":"Shell Parasite","floor":18,"turns":4},{"damage":2,"enemies":"3 Byrds","floor":21,"turns":4},{"damage":8,"enemies":"Centurion and Healer","floor":25,"turns":5},{"damage":0,"enemies":"Snecko","floor":27,"turns":4},{"damage":20,"enemies":"Snake Plant","floor":28,"turns":4},{"damage":9,"enemies":"Centurion and Healer","floor":29,"turns":6},{"damage":0,"enemies":"Shelled Parasite and Fungi","floor":30,"turns":6},{"damage":28,"enemies":"Champ","floor":33,"turns":10},{"damage":55,"enemies":"3 Shapes","floor":35,"turns":4},{"damage":14,"enemies":"3 Darklings","floor":36,"turns":7},{"damage":7,"enemies":"Jaw Worm Horde","floor":38,"turns":2}],"seed_played":"-4865884996903353298","potions_obtained":[{"floor":6,"key":"LiquidBronze"},{"floor":8,"key":"Fire Potion"},{"floor":11,"key":"PowerPotion"},{"floor":12,"key":"EssenceOfSteel"},{"floor":13,"key":"Dexterity Potion"},{"floor":18,"key":"Poison Potion"},{"floor":27,"key":"DuplicationPotion"},{"floor":28,"key":"Energy Potion"},{"floor":33,"key":"Strength Potion"},{"floor":36,"key":"Strength Potion"}],"is_trial":false,"path_per_floor":["M","M","?","M","M","E","R","?","T","M","M","M","E","?","R","B",null,"M","?","$","M","$","R","?","M","T","M","M","M","M","$","R","B",null,"M","M","$","M"],"character_chosen":"THE_SILENT","items_purchased":["Ice Cream","Tactician","Medical Kit","Endless Agony","Bronze Scales","Slice"],"campfire_rested":3,"item_purchase_floors":[20,20,20,22,31,37],"current_hp_per_floor":[70,70,63,63,63,41,62,52,52,52,52,44,42,31,52,52,70,64,64,64,62,62,62,62,54,54,54,34,25,25,25,46,18,70,15,1,1,0,0],"gold":108,"neow_bonus":"THREE_CARDS","is_daily":false,"chose_seed":false,"campfire_upgraded":1,"win_rate":0.0,"timestamp":1609363800,"path_taken":["M","M","?","M","M","E","R","?","T","M","M","M","E","?","R","BOSS","M","?","$","M","?","R","?","M","T","M","?","M","M","$","R","BOSS","M","M","$","M"],"items_purchased_type":["Relic","Card","Relic","Card","Relic","Card"],"build_version":"2020-12-22","purchased_purges":0,"victory":false,"max_hp_per_floor":[70,70,70,70,70,70,70,70,70,70,70,70,70,70,70,70,70,70,70,70,70,70,70,70,70,70,70,70,70,70,70,70,70,70,70,70,70,70,70],"card_choices":[{"not_picked":["Quick Slash","Tactician"],"picked":"Backstab","floor":0},{"not_picked":["Dagger Spray","Bane"],"picked":"Slice","floor":1},{"not_picked":["Prepared","Dash"],"picked":"Backflip","floor":2},{"not_picked":["Dagger Spray","Expertise"],"picked":"Blade Dance","floor":4},{"not_picked":["Phantasmal Killer","Bane"],"picked":"Flying Knee","floor":5},{"not_picked":["Slice","Riddle With Holes"],"picked":"Dodge and Roll","floor":6},{"not_picked":["Dagger Throw","PiercingWail"],"picked":"Sucker Punch","floor":8},{"not_picked":["Riddle With Holes","Backflip"],"picked":"Noxious Fumes","floor":10},{"not_picked":["Flying Knee","Slice"],"picked":"Infinite Blades","floor":11},{"not_picked":["Skewer","Outmaneuver"],"picked":"Blade Dance","floor":12},{"not_picked":["Distraction","Tactician"],"picked":"Dagger Spray","floor":13},{"not_picked":["Night Terror","Unload"],"picked":"Envenom","floor":16},{"not_picked":["Predator","Dodge and Roll"],"picked":"Flying Knee","floor":18},{"not_picked":["Flying Knee","Expertise+1"],"picked":"Crippling Poison+1","floor":21},{"not_picked":["Dagger Spray","Quick Slash"],"picked":"Terror","floor":25},{"not_picked":["Acrobatics","Dagger Spray"],"picked":"Slice","floor":27},{"not_picked":["Sucker Punch","Tactician+1"],"picked":"Outmaneuver","floor":28},{"not_picked":["Dash","Outmaneuver"],"picked":"Deflect+1","floor":29},{"not_picked":["Flying Knee+1","Tactician"],"picked":"Deadly Poison","floor":30},{"not_picked":["Doppelganger","Malaise"],"picked":"After Image","floor":33},{"not_picked":["Bane","Crippling Poison+1"],"picked":"Backflip+1","floor":35},{"not_picked":["Acrobatics","Tactician"],"picked":"Bane","floor":36}],"player_experience":57650,"relics_obtained":[{"floor":6,"key":"Boot"},{"floor":8,"key":"Odd Mushroom"},{"floor":9,"key":"Kunai"},{"floor":13,"key":"Potion Belt"},{"floor":26,"key":"Omamori"}],"event_choices":[{"damage_healed":0,"gold_gain":0,"player_choice":"Success","damage_taken":7,"relics_obtained":["Ornamental Fan"],"max_hp_gain":0,"max_hp_loss":0,"event_name":"Scrap Ooze","floor":3,"gold_loss":0},{"damage_healed":0,"gold_gain":0,"player_choice":"Fought Mushrooms","damage_taken":0,"max_hp_gain":0,"max_hp_loss":0,"event_name":"Mushrooms","floor":8,"gold_loss":0},{"damage_healed":0,"gold_gain":75,"player_choice":"Gather Gold","damage_taken":11,"max_hp_gain":0,"max_hp_loss":0,"event_name":"World of Goop","floor":14,"gold_loss":0},{"damage_healed":0,"gold_gain":100,"player_choice":"Pray","damage_taken":0,"max_hp_gain":0,"max_hp_loss":0,"event_name":"Golden Shrine","floor":19,"gold_loss":0},{"damage_healed":0,"gold_gain":0,"player_choice":"Ignored","damage_taken":0,"max_hp_gain":0,"max_hp_loss":0,"event_name":"Ghosts","floor":24,"gold_loss":0}],"is_beta":false,"boss_relics":[{"not_picked":["Philosopher\u0027s Stone","Snecko Eye"],"picked":"HoveringKite"},{"not_picked":["Empty Cage","Astrolabe"],"picked":"Coffee Dripper"}],"items_purged_floors":[],"is_endless":false,"potions_floor_spawned":[6,8,11,12,13,18,27,28,33,36],"killed_by":"Jaw Worm Horde","ascension_level":0}}