{"host":"t8l92xzjkmihtain","time":1609317704,"event":{"mods":["AchievementEnabler","BaseMod","Colored Map","Minty Spire (QoL Compilation)","Rare Cards Sparkle","SuperFastMode","everything is the same but u backflip on backflip"],"gold_per_floor":[115,127,127,127,52,81,81,170,170,170,199,149,175,187,187,187,187],"floor_reached":16,"playtime":447,"items_purged":["Regret"],"score":174,"play_id":"8d4e61ff-504e-4ef3-b4d4-20f8491ab534","local_time":"20201230174144","is_ascension_mode":true,"campfire_choices":[{"data":"Warcry","floor":7,"key":"SMITH"},{"data":"Anger","floor":10,"key":"SMITH"},{"floor":15,"key":"REST"}],"circlet_count":0,"master_deck":["Strike_R","Strike_R","Strike_R","Strike_R","Strike_R","Defend_R","Defend_R","Defend_R","Defend_R","Perfected Strike","Warcry+1","Impervious","Anger+1","Anger","Flex"],"relics":["Burning Blood","NeowsBlessing","Ginger","Bottled Lightning","Kunai","HornCleat","Bronze Scales","Ancient Tea Set","Happy Flower"],"acts_visited":["Exordium"],"potions_floor_usage":[8],"damage_taken":[{"damage":0,"enemies":"Cultist","floor":1,"turns":1},{"damage":0,"enemies":"Small Slimes","floor":2,"turns":1},{"damage":0,"enemies":"Gremlin Nob","floor":6,"turns":1},{"damage":25,"enemies":"3 Sentries","floor":8,"turns":9},{"damage":10,"enemies":"Gremlin Nob","floor":11,"turns":4},{"damage":33,"enemies":"Lagavulin","floor":13,"turns":5},{"damage":12,"enemies":"Jaw Worm","floor":14,"turns":2},{"damage":47,"enemies":"The Guardian","floor":16,"turns":6}],"seed_played":"-6261142030081770976","potions_obtained":[{"floor":1,"key":"ColorlessPotion"},{"floor":13,"key":"ElixirPotion"}],"is_trial":false,"path_per_floor":["M","M","?","?","$","E","R","E","T","R","E","?","E","M","R","B"],"character_chosen":"IRONCLAD","items_purchased":[],"campfire_rested":1,"item_purchase_floors":[],"current_hp_per_floor":[80,80,73,73,73,79,79,60,60,60,56,56,29,23,47,0,0],"gold":187,"neow_bonus":"THREE_ENEMY_KILL","is_daily":false,"chose_seed":false,"campfire_upgraded":2,"win_rate":0.0,"timestamp":1609317704,"path_taken":["M","M","?","?","?","E","R","E","T","R","E","?","E","?","R","BOSS"],"items_purchased_type":[],"build_version":"2020-12-22","purchased_purges":1,"victory":false,"max_hp_per_floor":[80,80,80,80,80,80,80,80,80,80,80,80,80,80,80,80,80],"card_choices":[{"not_picked":["Searing Blow","Iron Wave"],"picked":"Perfected Strike","floor":1},{"not_picked":["Thunderclap","Wild Strike"],"picked":"Warcry","floor":2},{"not_picked":["Bludgeon","Pummel"],"picked":"Impervious","floor":6},{"not_picked":["Iron Wave","Havoc"],"picked":"Anger","floor":8},{"not_picked":["Thunderclap","True Grit"],"picked":"Anger","floor":11},{"not_picked":["Metallicize","Wild Strike"],"picked":"Flex","floor":13},{"not_picked":["Anger","True Grit","Whirlwind"],"picked":"SKIP","floor":14}],"player_experience":32683,"relics_obtained":[{"floor":6,"key":"Bottled Lightning"},{"floor":8,"key":"Kunai"},{"floor":9,"key":"HornCleat"},{"floor":11,"key":"Bronze Scales"},{"floor":13,"key":"Happy Flower"}],"event_choices":[{"cards_removed":["Bash"],"damage_healed":0,"gold_gain":0,"player_choice":"Card Removal","damage_taken":7,"max_hp_gain":0,"max_hp_loss":0,"event_name":"Golden Wing","floor":3,"gold_loss":0},{"damage_healed":0,"gold_gain":0,"player_choice":"Box","damage_taken":0,"relics_obtained":["Ginger"],"max_hp_gain":0,"max_hp_loss":0,"event_name":"Big Fish","floor":4,"gold_loss":0,"cards_obtained":["Regret"]},{"damage_healed":0,"gold_gain":0,"player_choice":"Paid Gold","damage_taken":0,"relics_obtained":["Ancient Tea Set"],"max_hp_gain":0,"max_hp_loss":0,"event_name":"WeMeetAgain","floor":12,"gold_loss":50}],"is_beta":false,"boss_relics":[],"items_purged_floors":[5],"is_endless":false,"potions_floor_spawned":[1,13],"killed_by":"The Guardian","ascension_level":3}}