{"host":"m6aaltr68g9tvoay","time":1609300598,"event":{"mods":["AchievementEnabler","BaseMod","Colored Map","Minty Spire (QoL Compilation)","StSLib"],"gold_per_floor":[117,117,117,128,146,146,181,181,204,230,255,276,85,123,123,206,206,206,206],"floor_reached":18,"playtime":515,"items_purged":[],"score":323,"play_id":"86360a51-6bd9-45f2-9429-46fdb5e946b7","local_time":"20201229195638","is_ascension_mode":true,"campfire_choices":[{"data":"Whirlwind","floor":6.0,"key":"SMITH"},{"data":"Uppercut","floor":8.0,"key":"SMITH"},{"data":"Clothesline","floor":15,"key":"SMITH"}],"circlet_count":0,"master_deck":["AscendersBane","Strike_R","Strike_R","Strike_R","Strike_R","Defend_R","Defend_R","Defend_R","Defend_R","Bash","Whirlwind+1","Thunderclap","Clothesline+1","Uppercut+1","Impervious","Rupture","Brutality"],"relics":["Burning Blood","CeramicFish","MawBank","Membership Card","Mango","SacredBark"],"acts_visited":["Exordium","TheCity"],"potions_floor_usage":[16,16],"damage_taken":[{"damage":4.0,"enemies":"Small Slimes","floor":1.0,"turns":3.0},{"damage":0.0,"enemies":"2 Louse","floor":4.0,"turns":3.0},{"damage":4.0,"enemies":"Cultist","floor":5.0,"turns":4.0},{"damage":30.0,"enemies":"Lagavulin","floor":7.0,"turns":6.0},{"damage":0.0,"enemies":"3 Louse","floor":10.0,"turns":1.0},{"damage":0.0,"enemies":"Large Slime","floor":11.0,"turns":3.0},{"damage":24.0,"enemies":"Gremlin Nob","floor":14.0,"turns":4.0},{"damage":65,"enemies":"Hexaghost","floor":16,"turns":13},{"damage":73,"enemies":"Shell Parasite","floor":18,"turns":8}],"seed_played":"5946015236120389400","potions_obtained":[{"floor":5.0,"key":"SneckoOil"},{"floor":7.0,"key":"Dexterity Potion"},{"floor":14.0,"key":"DistilledChaos"},{"floor":16,"key":"ElixirPotion"}],"is_trial":false,"path_per_floor":["M","?","?","M","M","R","E","R","T","M","M","?","$","E","R","B",null,"M"],"character_chosen":"IRONCLAD","items_purchased":["Membership Card","Regen Potion"],"campfire_rested":0,"item_purchase_floors":[13,13],"current_hp_per_floor":[70,70,70,75,75,75,51,51,51,57,63,63,63,59,59,12,70,0,0],"gold":206,"neow_bonus":"THREE_CARDS","is_daily":false,"chose_seed":false,"campfire_upgraded":3,"win_rate":0.0,"timestamp":1609300598,"path_taken":["M","?","?","M","M","R","E","R","T","M","M","?","$","E","R","BOSS","M"],"items_purchased_type":["Relic","Potion"],"build_version":"2020-12-22","purchased_purges":0,"victory":false,"max_hp_per_floor":[75,75,75,75,75,75,75,75,75,75,75,75,75,89,89,89,89,89,89],"card_choices":[{"not_picked":["Havoc","Perfected Strike"],"picked":"Whirlwind","floor":0.0},{"not_picked":["Heavy Blade","Evolve"],"picked":"Thunderclap","floor":1.0},{"not_picked":["Hemokinesis","Pommel Strike"],"picked":"Clothesline","floor":4.0},{"not_picked":["Headbutt","Sword Boomerang"],"picked":"Uppercut","floor":5.0},{"not_picked":["Body Slam","Havoc","Heavy Blade"],"picked":"SKIP","floor":7.0},{"not_picked":["Iron Wave","Thunderclap","Sword Boomerang"],"picked":"SKIP","floor":10.0},{"not_picked":["Heavy Blade","Warcry","Sword Boomerang"],"picked":"SKIP","floor":11.0},{"not_picked":["Burning Pact","Reckless Charge"],"picked":"Rupture","floor":14.0},{"not_picked":["Berserk","Corruption"],"picked":"Brutality","floor":16}],"player_experience":1317394,"relics_obtained":[{"floor":7.0,"key":"CeramicFish"},{"floor":9.0,"key":"MawBank"},{"floor":14.0,"key":"Mango"}],"event_choices":[{"damage_healed":0.0,"max_hp_gain":0.0,"max_hp_loss":0.0,"gold_gain":0.0,"event_name":"Liars Game","player_choice":"Ignored","floor":2.0,"gold_loss":0.0,"damage_taken":0.0},{"damage_healed":0.0,"max_hp_gain":0.0,"max_hp_loss":0.0,"gold_gain":0.0,"event_name":"Golden Wing","player_choice":"Ignored","floor":3.0,"gold_loss":0.0,"damage_taken":0.0},{"damage_healed":0.0,"max_hp_gain":0.0,"max_hp_loss":0.0,"gold_gain":0.0,"cards_transformed":["Strike_R"],"event_name":"Transmorgrifier","player_choice":"Transformed","floor":12.0,"gold_loss":0.0,"damage_taken":0.0,"cards_obtained":["Impervious"]}],"is_beta":false,"boss_relics":[{"not_picked":["Ectoplasm","Runic Dome"],"picked":"SacredBark"}],"items_purged_floors":[],"is_endless":false,"potions_floor_spawned":[5,7,14,16],"killed_by":"Shell Parasite","ascension_level":18}}