{"host":"b5k9dtspx1cjm4w0","time":1609367484,"event":{"mods":["AchievementEnabler","BaseMod","Better Third Choice","Colored Map","Colored Powertips","Highlight Path","Minty Spire (QoL Compilation)","Permanent Neow","Quick Restart","Relic Stats","StSLib"],"gold_per_floor":[118,118,118,131,145,145,155,175,175,246,64,83,106,106,106,208,208,227,227,35,35,53,53,80,17,44,134,161,173,173],"floor_reached":29,"playtime":698,"items_purged":["Strike_R"],"score":233,"play_id":"92892963-4608-4eb8-9051-e8820a8cb739","local_time":"20201230223124","is_ascension_mode":false,"campfire_choices":[{"data":"Whirlwind","floor":6,"key":"SMITH"},{"data":"Limit Break","floor":15,"key":"SMITH"},{"data":"Inflame","floor":23,"key":"SMITH"}],"circlet_count":0,"master_deck":["Strike_R+1","Strike_R+1","Strike_R","Defend_R","Defend_R","Defend_R","Defend_R","Bash+1","Infernal Blade+1","Regret","Whirlwind+1","Inflame+1","Spot Weakness","Inflame+1","Armaments","Combust+1","Limit Break+1","Reaper","Sword Boomerang+1","Rupture+1","Shrug It Off","Pummel","Inflame+1","Havoc+1"],"relics":["Burning Blood","Du-Vu Doll","Turnip","Frozen Egg 2","Whetstone","Runic Dome","Pen Nib","The Courier","Letter Opener","MawBank","Bottled Flame"],"acts_visited":["Exordium","TheCity"],"potions_floor_usage":[16,24,24],"damage_taken":[{"damage":5,"enemies":"Small Slimes","floor":1,"turns":4},{"damage":0,"enemies":"2 Louse","floor":4,"turns":1},{"damage":0,"enemies":"Cultist","floor":5,"turns":2},{"damage":6,"enemies":"Exordium Thugs","floor":7,"turns":3},{"damage":0,"enemies":"2 Fungi Beasts","floor":8,"turns":1},{"damage":7,"enemies":"Blue Slaver","floor":12,"turns":2},{"damage":41,"enemies":"Hexaghost","floor":16,"turns":6},{"damage":14,"enemies":"Spheric Guardian","floor":18,"turns":3},{"damage":15,"enemies":"Shell Parasite","floor":22,"turns":4},{"damage":61,"enemies":"Slavers","floor":24,"turns":4},{"damage":12,"enemies":"Centurion and Healer","floor":28,"turns":2},{"damage":23,"enemies":"Snake Plant","floor":29,"turns":2}],"seed_played":"4564532286985923601","potions_obtained":[{"floor":7,"key":"Weak Potion"},{"floor":8,"key":"PowerPotion"},{"floor":18,"key":"BlessingOfTheForge"}],"is_trial":false,"path_per_floor":["M","?","?","M","M","R","M","M","T","?","$","M","T","?","R","B",null,"M","?","$","?","M","R","E","$","T","T","M","M"],"character_chosen":"IRONCLAD","items_purchased":["Inflame+1","Armaments","Rupture+1","Pen Nib","Inflame+1"],"campfire_rested":0,"item_purchase_floors":[11,11,20,20,25],"current_hp_per_floor":[72,58,58,64,70,70,70,72,72,72,72,71,71,71,71,36,72,64,64,64,64,71,71,16,16,16,16,10,0,0],"gold":173,"neow_bonus":"ONE_RARE_RELIC","is_daily":false,"chose_seed":false,"campfire_upgraded":3,"win_rate":0.0,"timestamp":1609367484,"path_taken":["M","?","?","M","M","R","M","M","T","?","$","M","?","?","R","BOSS","M","?","?","?","M","R","E","$","T","?","M","?"],"items_purchased_type":["Card","Card","Card","Relic","Card"],"build_version":"2020-12-22","purchased_purges":1,"victory":false,"max_hp_per_floor":[72,72,72,72,72,72,72,72,72,72,72,72,72,72,72,72,72,72,72,72,72,72,72,72,72,72,72,72,72,72],"relic_stats":{"counters":[12,34],"Turnip":[7],"Pen Nib":[1],"Whetstone":["Strike_R","Strike_R"],"Letter Opener":[0],"MawBank":36,"obtain_stats":[{"Du-Vu Doll":0,"Runic Dome":17,"Bottled Flame":27,"Turnip":3,"Pen Nib":20,"The Courier":21,"Whetstone":13,"Letter Opener":24,"Frozen Egg 2":9,"MawBank":26,"Burning Blood":0},{"Du-Vu Doll":0,"Runic Dome":7,"Bottled Flame":10,"Turnip":1,"Pen Nib":8,"The Courier":8,"Whetstone":6,"Letter Opener":10,"Frozen Egg 2":5,"MawBank":10,"Burning Blood":0},{"Du-Vu Doll":0,"Runic Dome":19,"Bottled Flame":30,"Turnip":4,"Pen Nib":22,"The Courier":22,"Whetstone":13,"Letter Opener":30,"Frozen Egg 2":11,"MawBank":30,"Burning Blood":0}],"Burning Blood":61},"card_choices":[{"not_picked":["Twin Strike","Wild Strike"],"picked":"Infernal Blade","floor":1},{"not_picked":["Carnage","Twin Strike"],"picked":"Whirlwind","floor":4},{"not_picked":["Entrench","Perfected Strike","Thunderclap"],"picked":"SKIP","floor":5},{"not_picked":["Fiend Fire","Heavy Blade"],"picked":"Inflame","floor":7},{"not_picked":["Blood for Blood","Rampage"],"picked":"Spot Weakness","floor":8},{"not_picked":["Shrug It Off","Wild Strike"],"picked":"Combust+1","floor":12},{"not_picked":["Bludgeon","Offering"],"picked":"Reaper","floor":16},{"not_picked":["Power Through","Pommel Strike"],"picked":"Sword Boomerang+1","floor":18},{"not_picked":["Whirlwind","True Grit"],"picked":"Shrug It Off","floor":22},{"not_picked":["Rampage","Juggernaut+1"],"picked":"Pummel","floor":24},{"not_picked":["Thunderclap+1","Wild Strike"],"picked":"Havoc+1","floor":28}],"player_experience":1618657,"relics_obtained":[{"floor":9,"key":"Frozen Egg 2"},{"floor":13,"key":"Whetstone"},{"floor":24,"key":"Letter Opener"},{"floor":26,"key":"MawBank"},{"floor":27,"key":"Bottled Flame"}],"event_choices":[{"damage_healed":72,"gold_gain":0,"player_choice":"Upgrade","damage_taken":14,"max_hp_gain":0,"max_hp_loss":72,"event_name":"betterThird:BetterShining","floor":2,"gold_loss":0,"cards_upgraded":["Bash","Infernal Blade"]},{"damage_healed":0,"gold_gain":0,"player_choice":"Box","damage_taken":0,"relics_obtained":["Turnip"],"max_hp_gain":0,"max_hp_loss":0,"event_name":"Big Fish","floor":3,"gold_loss":0,"cards_obtained":["Regret"]},{"damage_healed":0,"gold_gain":71,"player_choice":"Gained Gold","damage_taken":0,"max_hp_gain":0,"max_hp_loss":0,"event_name":"Golden Wing","floor":10,"gold_loss":0},{"damage_healed":0,"gold_gain":0,"cards_transformed":["Strike_R"],"player_choice":"Transformed","damage_taken":0,"max_hp_gain":0,"max_hp_loss":0,"event_name":"Transmorgrifier","floor":14,"gold_loss":0,"cards_obtained":["Limit Break"]},{"damage_healed":0,"gold_gain":0,"player_choice":"Ignored","damage_taken":0,"max_hp_gain":0,"max_hp_loss":0,"event_name":"NoteForYourself","floor":19,"gold_loss":0},{"damage_healed":0,"gold_gain":0,"player_choice":"Opened","damage_taken":0,"relics_obtained":["The Courier"],"max_hp_gain":0,"max_hp_loss":0,"event_name":"The Mausoleum","floor":21,"gold_loss":0}],"is_beta":false,"boss_relics":[{"not_picked":["Ectoplasm","Fusion Hammer"],"picked":"Runic Dome"}],"items_purged_floors":[11],"is_endless":false,"potions_floor_spawned":[7,8,18],"killed_by":"Snake Plant","ascension_level":0}}