{"host":"9gtygu6gzehwcx2u","time":1609343814,"event":{"mods":["AchievementEnabler","BaseMod","Better Note","Hermit","Minty Spire (QoL Compilation)","Relic Stats","Spicy Shops","StSLib"],"gold_per_floor":[116,116,198,198,215,215,245,262,337,27,57,107,132,132,132,228,228,241,258,278,56,68,68,68,87,169,169,21,54,54,85,85,85,85],"floor_reached":33,"playtime":1276,"items_purged":[],"score":352,"play_id":"36b8c39b-3eb4-47df-b655-96e756bd93f5","local_time":"20201230075654","is_ascension_mode":true,"campfire_choices":[{"data":"Anger","floor":6,"key":"SMITH"},{"floor":15,"key":"REST"},{"floor":23,"key":"REST"},{"floor":30,"key":"REST"},{"floor":32,"key":"REST"}],"circlet_count":0,"master_deck":["Strike_R+1","Strike_R","Strike_R","Strike_R","Strike_R","Defend_R","Defend_R","Defend_R","Defend_R","Bash+1","Headbutt","Anger+1","Iron Wave+1","Heavy Blade","Pommel Strike","Sword Boomerang","Fiend Fire","CurseOfTheBell","Inflame+1","Inflame+1","Anger+1","Flex","Uppercut","Thunderclap","RitualDagger","Carnage+1","Twin Strike","Warcry+1","Flex","Evolve+1"],"relics":["Burning Blood","Dream Catcher","Shuriken","Matryoshka","Red Skull","Frozen Egg 2","StoneCalendar","Dead Branch","Bag of Preparation","Toy Ornithopter","Calling Bell","Strawberry","Question Card","Peace Pipe","Oddly Smooth Stone","Bottled Flame","Whetstone","Pen Nib","Happy Flower"],"acts_visited":["Exordium","TheCity"],"potions_floor_usage":[16,16,29,33,33],"damage_taken":[{"damage":8,"enemies":"Jaw Worm","floor":1,"turns":5},{"damage":6,"enemies":"2 Louse","floor":5,"turns":3},{"damage":16,"enemies":"Gremlin Nob","floor":7,"turns":3},{"damage":11,"enemies":"Small Slimes","floor":8,"turns":3},{"damage":35,"enemies":"Lagavulin","floor":11,"turns":4},{"damage":1,"enemies":"Exordium Wildlife","floor":14,"turns":2},{"damage":37,"enemies":"Hexaghost","floor":16,"turns":9},{"damage":14,"enemies":"Spheric Guardian","floor":18,"turns":3},{"damage":7,"enemies":"Chosen","floor":19,"turns":3},{"damage":18,"enemies":"Snecko","floor":20,"turns":4},{"damage":24,"enemies":"Snake Plant","floor":22,"turns":2},{"damage":33,"enemies":"Chosen and Byrds","floor":25,"turns":5},{"damage":64,"enemies":"Slavers","floor":29,"turns":5},{"damage":38,"enemies":"Book of Stabbing","floor":31,"turns":3},{"damage":50,"enemies":"Collector","floor":33,"turns":3}],"seed_played":"8244187831849618760","potions_obtained":[{"floor":1,"key":"CultistPotion"},{"floor":5,"key":"DuplicationPotion"},{"floor":7,"key":"PowerPotion"},{"floor":22,"key":"Ancient Potion"},{"floor":25,"key":"Weak Potion"},{"floor":29,"key":"SpeedPotion"}],"is_trial":false,"path_per_floor":["M","?","T","?","M","R","E","M","T","$","E","?","T","M","R","B",null,"M","M","M","$","M","R","?","M","T","?","$","E","R","E","R","B"],"character_chosen":"IRONCLAD","items_purchased":["StoneCalendar","Oddly Smooth Stone","Flex","Whetstone"],"campfire_rested":4,"item_purchase_floors":[10,21,21,28],"current_hp_per_floor":[78,78,78,78,78,78,68,63,63,63,34,34,34,39,63,42,87,79,78,66,66,48,74,68,41,41,70,70,17,43,11,37,0,0],"gold":85,"neow_bonus":"RANDOM_COMMON_RELIC","is_daily":false,"chose_seed":false,"campfire_upgraded":1,"win_rate":0.0,"timestamp":1609343814,"path_taken":["M","?","?","?","M","R","E","M","T","$","E","?","?","M","R","BOSS","M","M","M","$","M","R","?","M","T","?","?","E","R","E","R","BOSS"],"items_purchased_type":["Relic","Relic","Card","Relic"],"build_version":"2020-12-22","purchased_purges":0,"victory":false,"max_hp_per_floor":[80,80,80,80,80,80,80,80,80,80,80,80,80,80,80,80,87,87,87,87,87,87,87,87,87,87,87,87,87,87,87,87,87,87],"relic_stats":{"Happy Flower":[1],"counters":[15,57],"Dead Branch":[24],"StoneCalendar":[52],"Pen Nib":[1],"Bag of Preparation":[20],"Whetstone":["Strike_R","Iron Wave"],"Question Card":10,"Burning Blood":84,"Peace Pipe":0,"Dream Catcher":4,"Shuriken":[18],"obtain_stats":[{"Happy Flower":31,"Dead Branch":11,"Oddly Smooth Stone":21,"StoneCalendar":10,"Pen Nib":29,"Bag of Preparation":13,"Whetstone":28,"Frozen Egg 2":9,"Question Card":17,"Burning Blood":0,"Calling Bell":17,"Peace Pipe":17,"Dream Catcher":0,"Bottled Flame":26,"Matryoshka":7,"Shuriken":3,"Strawberry":17,"Red Skull":9,"Toy Ornithopter":13},{"Happy Flower":14,"Dead Branch":5,"Oddly Smooth Stone":10,"StoneCalendar":4,"Pen Nib":13,"Bag of Preparation":5,"Whetstone":12,"Frozen Egg 2":4,"Question Card":7,"Burning Blood":0,"Calling Bell":7,"Peace Pipe":7,"Dream Catcher":0,"Bottled Flame":12,"Matryoshka":3,"Shuriken":1,"Strawberry":7,"Red Skull":4,"Toy Ornithopter":5},{"Happy Flower":54,"Dead Branch":18,"Oddly Smooth Stone":39,"StoneCalendar":14,"Pen Nib":51,"Bag of Preparation":18,"Whetstone":46,"Frozen Egg 2":14,"Question Card":29,"Burning Blood":0,"Calling Bell":29,"Peace Pipe":29,"Dream Catcher":0,"Bottled Flame":46,"Matryoshka":11,"Shuriken":5,"Strawberry":29,"Red Skull":14,"Toy Ornithopter":18}],"Toy Ornithopter":25},"card_choices":[{"not_picked":["Sentinel","Reckless Charge"],"picked":"Headbutt","floor":1},{"not_picked":["Rupture","Reckless Charge"],"picked":"Anger","floor":5},{"not_picked":["Searing Blow","True Grit"],"picked":"Iron Wave","floor":7},{"not_picked":["Sword Boomerang","Entrench"],"picked":"Heavy Blade","floor":8},{"not_picked":["Warcry","Corruption+1"],"picked":"Pommel Strike","floor":11},{"not_picked":["Armaments","Iron Wave","Cleave"],"picked":"SKIP","floor":14},{"not_picked":["Perfected Strike","Feed"],"picked":"Sword Boomerang","floor":15},{"not_picked":["Berserk+1","Offering"],"picked":"Fiend Fire","floor":16},{"not_picked":["Thunderclap","Ghostly Armor","Headbutt+1"],"picked":"Inflame+1","floor":18},{"not_picked":["Reckless Charge","Havoc","Metallicize+1"],"picked":"Inflame+1","floor":19},{"not_picked":["Ghostly Armor","Twin Strike+1","Warcry"],"picked":"Anger+1","floor":20},{"not_picked":["Feel No Pain+1","Thunderclap","Iron Wave"],"picked":"Uppercut","floor":22},{"not_picked":["Armaments","Fiend Fire","Feel No Pain+1"],"picked":"Thunderclap","floor":23},{"not_picked":["Ghostly Armor","Warcry","Burning Pact"],"picked":"Carnage+1","floor":25},{"not_picked":["Rage","Rupture+1","Reckless Charge"],"picked":"Twin Strike","floor":29},{"not_picked":["Clothesline","Feed","True Grit+1"],"picked":"Warcry+1","floor":30},{"not_picked":["Dark Embrace+1","Corruption+1","Heavy Blade"],"picked":"Flex","floor":31},{"not_picked":["Hemokinesis","Clothesline","Cleave"],"picked":"Evolve+1","floor":32}],"player_experience":86416,"relics_obtained":[{"floor":3,"key":"Shuriken"},{"floor":7,"key":"Matryoshka"},{"floor":9,"key":"Red Skull"},{"floor":9,"key":"Frozen Egg 2"},{"floor":11,"key":"Dead Branch"},{"floor":13,"key":"Bag of Preparation"},{"floor":13,"key":"Toy Ornithopter"},{"floor":17,"key":"Strawberry"},{"floor":17,"key":"Question Card"},{"floor":17,"key":"Peace Pipe"},{"floor":26,"key":"Bottled Flame"},{"floor":29,"key":"Pen Nib"},{"floor":31,"key":"Happy Flower"}],"event_choices":[{"damage_healed":0,"gold_gain":0,"player_choice":"Grow","damage_taken":0,"max_hp_gain":0,"max_hp_loss":0,"event_name":"Living Wall","floor":2,"gold_loss":0,"cards_upgraded":["Bash"]},{"damage_healed":0,"gold_gain":0,"player_choice":"Leave","damage_taken":0,"max_hp_gain":0,"max_hp_loss":0,"event_name":"The Cleric","floor":4,"gold_loss":0},{"damage_healed":0,"gold_gain":50,"player_choice":"Gained Gold","damage_taken":0,"max_hp_gain":0,"max_hp_loss":0,"event_name":"Golden Wing","floor":12,"gold_loss":0},{"damage_healed":0,"gold_gain":0,"player_choice":"Joined the Cult","damage_taken":6,"max_hp_gain":0,"max_hp_loss":0,"event_name":"Nest","floor":24,"gold_loss":0,"cards_obtained":["RitualDagger"]},{"damage_healed":29,"gold_gain":0,"player_choice":"Heal","damage_taken":0,"max_hp_gain":0,"max_hp_loss":0,"event_name":"The Library","floor":27,"gold_loss":0}],"is_beta":false,"boss_relics":[{"not_picked":["Black Star","Astrolabe"],"picked":"Calling Bell"}],"items_purged_floors":[],"is_endless":false,"potions_floor_spawned":[1,5,7,22,25,29],"killed_by":"Collector","ascension_level":4}}