{"host":"g7trc0x2teqyd8ye","time":1609360612,"event":{"mods":["BaseMod","Key Reminder","Minty Spire (QoL Compilation)","Relic Stats"],"gold_per_floor":[111,36,36,36,36,36,54,85,85,109,149,174,218,237,237,320,320,344,324,324,369,26,62,62,104,104,130,130,158,73,28,28,28,28],"floor_reached":33,"playtime":1401,"items_purged":["Shame"],"score":601,"play_id":"88082a4c-68d0-43c8-a05d-9956dec6dfd7","local_time":"20201230213652","is_ascension_mode":true,"campfire_choices":[{"data":"Apotheosis","floor":6,"key":"SMITH"},{"floor":15,"key":"REST"},{"floor":24,"key":"REST"},{"floor":28,"key":"REST"},{"floor":32,"key":"REST"}],"circlet_count":0,"master_deck":["AscendersBane","Defend_R","Defend_R","Defend_R","Defend_R","Bash","Apotheosis+1","Intimidate","Sentinel","Flex","Body Slam","Twin Strike","Dropkick","Feel No Pain","Thunderclap","Iron Wave+1","Anger","Reaper","Metallicize","Metallicize+1","Bite","Bite","Bite","Bite","Bite+1","Offering","Rage","Warcry","Feel No Pain"],"relics":["Burning Blood","Bronze Scales","CeramicFish","Anchor","Gremlin Horn","keyreminder:keyreminder","Mark of Pain","TungstenRod","Smiling Mask","Orichalcum","Whetstone","MawBank"],"acts_visited":["Exordium","TheCity"],"potions_floor_usage":[11,13,13,23,25,27,33],"damage_taken":[{"damage":3,"enemies":"Cultist","floor":1,"turns":5},{"damage":4,"enemies":"Jaw Worm","floor":7,"turns":4},{"damage":29,"enemies":"Gremlin Nob","floor":8,"turns":4},{"damage":6,"enemies":"2 Louse","floor":10,"turns":3},{"damage":12,"enemies":"Lagavulin","floor":11,"turns":6},{"damage":7,"enemies":"Lots of Slimes","floor":12,"turns":5},{"damage":18,"enemies":"3 Sentries","floor":13,"turns":6},{"damage":0,"enemies":"Gremlin Gang","floor":14,"turns":1},{"damage":29,"enemies":"Hexaghost","floor":16,"turns":9},{"damage":0,"enemies":"3 Byrds","floor":18,"turns":2},{"damage":5,"enemies":"2 Thieves","floor":19,"turns":4},{"damage":70,"enemies":"Gremlin Leader","floor":23,"turns":8},{"damage":48,"enemies":"Slavers","floor":25,"turns":7},{"damage":19,"enemies":"Shelled Parasite and Fungi","floor":27,"turns":5},{"damage":32,"enemies":"Snake Plant","floor":29,"turns":6},{"damage":63,"enemies":"Collector","floor":33,"turns":6}],"seed_played":"5070948392361542792","potions_obtained":[{"floor":1,"key":"LiquidBronze"},{"floor":8,"key":"ColorlessPotion"},{"floor":11,"key":"AttackPotion"},{"floor":18,"key":"Block Potion"},{"floor":23,"key":"GamblersBrew"},{"floor":25,"key":"DuplicationPotion"}],"is_trial":false,"path_per_floor":["M","$","?","?","?","R","M","E","T","M","E","M","E","M","R","B",null,"M","M","?","?","$","E","R","E","T","M","R","M","?","$","R","B"],"character_chosen":"IRONCLAD","items_purchased":["TungstenRod","AttackPotion"],"campfire_rested":4,"item_purchase_floors":[22,31],"current_hp_per_floor":[71,71,71,76,76,76,78,55,55,55,49,48,36,42,66,43,71,77,80,57,57,57,16,33,16,16,19,36,22,22,22,39,0,0],"gold":28,"neow_bonus":"RANDOM_COLORLESS_2","is_daily":false,"chose_seed":false,"campfire_upgraded":1,"win_rate":0.0,"timestamp":1609360612,"path_taken":["M","$","?","?","?","R","M","E","T","M","E","?","E","M","R","BOSS","M","?","?","?","$","E","R","E","T","M","R","M","?","?","R","BOSS"],"items_purchased_type":["Relic","Potion"],"build_version":"2020-12-22","purchased_purges":1,"victory":false,"max_hp_per_floor":[75,75,75,80,80,80,80,80,80,80,80,80,80,80,80,80,80,80,80,85,59,59,59,59,59,59,59,59,59,59,59,59,59,59],"relic_stats":{"Gremlin Horn":[15,15],"counters":[16,81],"Bronze Scales":[292],"CeramicFish":153,"Whetstone":["Bite","Iron Wave"],"Orichalcum":[6],"Smiling Mask":0,"MawBank":12,"obtain_stats":[{"keyreminder:keyreminder":13,"Anchor":11,"Gremlin Horn":13,"Bronze Scales":8,"CeramicFish":9,"Mark of Pain":17,"Whetstone":26,"Orichalcum":25,"Smiling Mask":23,"MawBank":30,"Burning Blood":0,"TungstenRod":22},{"keyreminder:keyreminder":7,"Anchor":5,"Gremlin Horn":7,"Bronze Scales":3,"CeramicFish":3,"Mark of Pain":9,"Whetstone":13,"Orichalcum":13,"Smiling Mask":12,"MawBank":15,"Burning Blood":0,"TungstenRod":11},{"keyreminder:keyreminder":33,"Anchor":22,"Gremlin Horn":33,"Bronze Scales":13,"CeramicFish":13,"Mark of Pain":43,"Whetstone":64,"Orichalcum":64,"Smiling Mask":57,"MawBank":75,"Burning Blood":0,"TungstenRod":49}],"Burning Blood":89,"TungstenRod":31},"card_choices":[{"not_picked":["Chrysalis","Magnetism"],"picked":"Apotheosis","floor":0},{"not_picked":["Pommel Strike","Battle Trance"],"picked":"Intimidate","floor":1},{"not_picked":["Flex","Headbutt"],"picked":"Body Slam","floor":7},{"not_picked":["Sever Soul","Juggernaut"],"picked":"Twin Strike","floor":8},{"not_picked":["Whirlwind","Sword Boomerang"],"picked":"Dropkick","floor":10},{"not_picked":["Reckless Charge","Headbutt"],"picked":"Feel No Pain","floor":11},{"not_picked":["Whirlwind","Power Through"],"picked":"Thunderclap","floor":12},{"not_picked":["Power Through","Pommel Strike"],"picked":"Iron Wave","floor":13},{"not_picked":["Iron Wave","Dark Embrace"],"picked":"Anger","floor":14},{"not_picked":["Brutality","Berserk"],"picked":"Reaper","floor":16},{"not_picked":["Body Slam+1","Iron Wave"],"picked":"Metallicize","floor":18},{"not_picked":["Cleave","Twin Strike"],"picked":"Metallicize+1","floor":19},{"not_picked":["True Grit+1","Wild Strike"],"picked":"Offering","floor":23},{"not_picked":["Heavy Blade","Body Slam"],"picked":"Rage","floor":25},{"not_picked":["Havoc","Pommel Strike"],"picked":"Warcry","floor":27},{"not_picked":["Headbutt","Bloodletting"],"picked":"Feel No Pain","floor":29}],"player_experience":830674,"relics_obtained":[{"floor":8,"key":"Bronze Scales"},{"floor":9,"key":"CeramicFish"},{"floor":11,"key":"Anchor"},{"floor":13,"key":"Gremlin Horn"},{"floor":23,"key":"Smiling Mask"},{"floor":25,"key":"Orichalcum"},{"floor":26,"key":"Whetstone"}],"event_choices":[{"damage_healed":0,"gold_gain":0,"cards_transformed":["Strike_R"],"player_choice":"Change","damage_taken":0,"max_hp_gain":0,"max_hp_loss":0,"event_name":"Living Wall","floor":3,"gold_loss":0,"cards_obtained":["Sentinel"]},{"damage_healed":0,"gold_gain":0,"player_choice":"Donut","damage_taken":0,"max_hp_gain":5,"max_hp_loss":0,"event_name":"Big Fish","floor":4,"gold_loss":0},{"damage_healed":0,"gold_gain":0,"cards_transformed":["Strike_R"],"player_choice":"Transformed","damage_taken":0,"max_hp_gain":0,"max_hp_loss":0,"event_name":"Transmorgrifier","floor":5,"gold_loss":0,"cards_obtained":["Flex"]},{"damage_healed":0,"gold_gain":0,"player_choice":"Shed Blood","damage_taken":28,"max_hp_gain":5,"max_hp_loss":0,"event_name":"Forgotten Altar","floor":20,"gold_loss":0},{"damage_healed":0,"gold_gain":0,"player_choice":"Became a vampire","damage_taken":0,"max_hp_gain":0,"max_hp_loss":26,"event_name":"Vampires","floor":21,"gold_loss":0,"cards_obtained":["Bite","Bite","Bite","Bite","Bite"]},{"damage_healed":0,"gold_gain":0,"player_choice":"Obtained Relic","damage_taken":0,"relics_obtained":["MawBank"],"max_hp_gain":0,"max_hp_loss":0,"event_name":"Addict","floor":30,"gold_loss":85}],"is_beta":false,"boss_relics":[{"not_picked":["Black Star","SacredBark"],"picked":"Mark of Pain"}],"items_purged_floors":[2],"is_endless":false,"potions_floor_spawned":[1,8,11,18,23,25],"killed_by":"Collector","ascension_level":18}}