{"host":"bf9sa99gaumonoeu","time":1609360912,"event":{"mods":["AchievementEnabler","BaseMod","Colored Map","Downfall","Friendly Minions","Marisa????????","Minty Spire (QoL Compilation)","Replay The Spire","StSLib","The Cursed","The Disciple","The Servant 0.9.4"],"gold_per_floor":[363,0,17,29,47,47,66,80,80,98,123,23,23,41,41,41,41],"floor_reached":16,"playtime":987,"items_purged":["ReplayTheSpireMod:Restless Dread","Strike_G"],"score":207,"play_id":"30dc8143-8a6d-4a29-b1fd-2445ba1f7c16","local_time":"20201230184152","is_ascension_mode":true,"campfire_choices":[{"data":"Dagger Spray","floor":6,"key":"SMITH"},{"floor":15,"key":"REST"}],"circlet_count":0,"master_deck":["AscendersBane","Strike_G","Strike_G","Strike_G","Strike_G","Defend_G","Defend_G","Defend_G","Defend_G","Defend_G","Survivor","Neutralize","Acrobatics","Footwork","Dagger Spray+1","Backflip","Sucker Punch","Dodge and Roll","Wraith Form v2","Slice"],"relics":["Ring of the Snake","Iron Hammer","Lizard Tail","Dream Catcher"],"acts_visited":["Exordium"],"potions_floor_usage":[11,11,16],"damage_taken":[{"damage":0,"enemies":"2 Louse","floor":1,"turns":4},{"damage":0,"enemies":"Jaw Worm","floor":3,"turns":7},{"damage":0,"enemies":"Small Slimes","floor":4,"turns":5},{"damage":9,"enemies":"Red Slaver","floor":5,"turns":8},{"damage":0,"enemies":"2 Fungi Beasts","floor":7,"turns":3},{"damage":6,"enemies":"3 Louse","floor":8,"turns":4},{"damage":2,"enemies":"Red Slaver","floor":10,"turns":4},{"damage":22,"enemies":"Gremlin Nob","floor":11,"turns":4},{"damage":2,"enemies":"2 Fungi Beasts","floor":14,"turns":4},{"damage":86,"enemies":"The Guardian","floor":16,"turns":20}],"seed_played":"2257684138737786198","potions_obtained":[{"floor":4,"key":"champ:CounterPotion"},{"floor":5,"key":"PowerPotion"},{"floor":14,"key":"Fire Potion"}],"is_trial":false,"path_per_floor":["M","$","M","M","M","R","M","M","T","M","E","$","?","M","R","B"],"character_chosen":"THE_SILENT","items_purchased":["Iron Hammer"],"campfire_rested":1,"item_purchase_floors":[2],"current_hp_per_floor":[59,59,59,59,50,50,50,44,44,42,20,20,20,18,37,0,0],"gold":41,"neow_bonus":"TWO_FIFTY_GOLD","is_daily":false,"chose_seed":false,"campfire_upgraded":1,"win_rate":0.0,"timestamp":1609360912,"path_taken":["M","$","M","M","M","R","M","M","T","M","E","$","?","M","R","BOSS"],"items_purchased_type":["Relic"],"build_version":"2020-12-22","purchased_purges":2,"victory":false,"max_hp_per_floor":[66,66,66,66,66,66,66,66,66,66,66,66,66,66,66,66,66],"card_choices":[{"not_picked":["ReplayTheSpireMod:Shiv Toss","Deflect"],"picked":"Acrobatics","floor":1},{"not_picked":["Replay:Poison Smokescreen","Quick Slash"],"picked":"Footwork","floor":3},{"not_picked":["Slice","Hidden Blade"],"picked":"Dagger Spray","floor":4},{"not_picked":["Dagger Throw","Deflect"],"picked":"Backflip","floor":5},{"not_picked":["ReplayTheSpireMod:Tripwire","Dagger Throw","Accuracy"],"picked":"SKIP","floor":7},{"not_picked":["Acrobatics","Prepared"],"picked":"Sucker Punch","floor":8},{"not_picked":["Slice","ReplayTheSpireMod:Shiv Toss"],"picked":"Dodge and Roll","floor":10},{"not_picked":["ReplayTheSpireMod:Shiv Toss","ReplayTheSpireMod:Tripwire"],"picked":"Wraith Form v2","floor":11},{"not_picked":["ReplayTheSpireMod:Tripwire","Blade Dance","Flying Knee"],"picked":"SKIP","floor":14},{"not_picked":["Toxin Wave","ReplayTheSpireMod:Exploit Weakness"],"picked":"Slice","floor":15}],"player_experience":598592,"relics_obtained":[{"floor":9,"key":"Lizard Tail"},{"floor":11,"key":"Dream Catcher"}],"event_choices":[{"damage_healed":0,"gold_gain":0,"player_choice":"Ignored","damage_taken":0,"max_hp_gain":0,"max_hp_loss":0,"event_name":"Liars Game","floor":13,"gold_loss":0}],"is_beta":false,"boss_relics":[],"items_purged_floors":[2,12],"is_endless":false,"potions_floor_spawned":[4,5,8,14],"killed_by":"The Guardian","ascension_level":19}}