{"host":"q8niu1x2pgv94o1d","time":1609363236,"event":{"mods":["AchievementEnabler","BaseMod","Colored Map","Colored Powertips","Minty Spire (QoL Compilation)","StSLib"],"gold_per_floor":[119,129,129,147,160,185,110,128,128,51,51,80,97,123,123,123,123],"floor_reached":16,"playtime":1473,"items_purged":["Pain"],"score":224,"play_id":"e14bad07-8e64-474c-a29a-7854b68075a5","local_time":"20201230222036","is_ascension_mode":true,"campfire_choices":[{"data":"All Out Attack","floor":11.0,"key":"SMITH"},{"floor":15.0,"key":"REST"}],"circlet_count":0,"master_deck":["AscendersBane","Strike_G","Strike_G","Strike_G","Strike_G","Strike_G","Defend_G","Defend_G","Defend_G","Defend_G","Defend_G","Survivor","Neutralize+1","Crippling Poison","Poisoned Stab","PiercingWail","All Out Attack+1","Calculated Gamble","Cloak And Dagger"],"relics":["Ring of the Snake","WarpedTongs","CaptainsWheel","Matryoshka","Bottled Lightning","Odd Mushroom"],"acts_visited":["Exordium"],"potions_floor_usage":[16],"damage_taken":[{"damage":1.0,"enemies":"Cultist","floor":1.0,"turns":5.0},{"damage":1.0,"enemies":"Small Slimes","floor":2.0,"turns":5.0},{"damage":6.0,"enemies":"Jaw Worm","floor":4.0,"turns":4.0},{"damage":3.0,"enemies":"Looter","floor":5.0,"turns":3.0},{"damage":12.0,"enemies":"Lagavulin","floor":6.0,"turns":8.0},{"damage":8.0,"enemies":"Large Slime","floor":8.0,"turns":7.0},{"damage":22.0,"enemies":"Gremlin Nob","floor":12.0,"turns":5.0},{"damage":0.0,"enemies":"2 Fungi Beasts","floor":13.0,"turns":3.0},{"damage":0.0,"enemies":"The Mushroom Lair","floor":14.0,"turns":3.0},{"damage":28,"enemies":"Slime Boss","floor":16,"turns":9}],"seed_played":"-6417816924244319170","potions_obtained":[{"floor":1.0,"key":"Strength Potion"},{"floor":2.0,"key":"Dexterity Potion"},{"floor":12.0,"key":"Block Potion"},{"floor":14.0,"key":"Explosive Potion"}],"is_trial":false,"path_per_floor":["M","M","?","M","M","E","$","M","T","$","R","E","M","?","R","B"],"character_chosen":"THE_SILENT","items_purchased":["All Out Attack"],"campfire_rested":1,"item_purchase_floors":[10],"current_hp_per_floor":[58,57,57,51,48,36,36,28,28,28,28,6,6,6,25,0,0],"gold":123,"neow_bonus":"UPGRADE_CARD","is_daily":false,"chose_seed":false,"campfire_upgraded":1,"win_rate":0.0,"timestamp":1609363236,"path_taken":["M","?","?","M","M","E","$","M","T","?","R","E","M","?","R","BOSS"],"items_purchased_type":["Card"],"build_version":"2020-12-22","purchased_purges":1,"victory":false,"max_hp_per_floor":[66,66,66,66,66,66,66,66,66,66,66,66,66,66,66,66,66],"card_choices":[{"not_picked":["Tactician","PiercingWail"],"picked":"Crippling Poison","floor":1.0},{"not_picked":["Finisher","Backflip"],"picked":"Poisoned Stab","floor":2.0},{"not_picked":["Slice","Acrobatics","Underhanded Strike"],"picked":"SKIP","floor":4.0},{"not_picked":["Prepared","Outmaneuver","A Thousand Cuts"],"picked":"SKIP","floor":5.0},{"not_picked":["Bane","Endless Agony"],"picked":"PiercingWail","floor":6.0},{"not_picked":["Concentrate","Riddle With Holes","Infinite Blades"],"picked":"SKIP","floor":8.0},{"not_picked":["Poisoned Stab","Riddle With Holes"],"picked":"Calculated Gamble","floor":12.0},{"not_picked":["Underhanded Strike","Bane","Calculated Gamble"],"picked":"SKIP","floor":13.0},{"not_picked":["Prepared","Deflect"],"picked":"Cloak And Dagger","floor":14.0}],"player_experience":1705289,"relics_obtained":[{"floor":6.0,"key":"CaptainsWheel"},{"floor":9.0,"key":"Matryoshka"},{"floor":12.0,"key":"Bottled Lightning"},{"floor":14.0,"key":"Odd Mushroom"}],"event_choices":[{"damage_healed":0.0,"max_hp_gain":0.0,"max_hp_loss":0.0,"gold_gain":0.0,"event_name":"Accursed Blacksmith","player_choice":"Rummage","floor":3.0,"gold_loss":0.0,"damage_taken":0.0,"relics_obtained":["WarpedTongs"],"cards_obtained":["Pain"]},{"damage_healed":0.0,"max_hp_gain":0.0,"max_hp_loss":0.0,"gold_gain":0.0,"event_name":"Mushrooms","player_choice":"Fought Mushrooms","floor":14.0,"gold_loss":0.0,"damage_taken":0.0}],"is_beta":false,"boss_relics":[],"items_purged_floors":[7],"is_endless":false,"potions_floor_spawned":[1,2,12,13,14],"killed_by":"Slime Boss","ascension_level":20}}