{"host":"74rphcgmhz43g39u","time":1609348950,"event":{"mods":["Act Like it!","BaseMod","Colored Powertips","Gensokyo","Marisa£®ÏF”Í°°ƒß¿Ì…≥£©","Minty Spire (QoL Compilation)","Quick Restart","Reimu£®≤©¿ˆ¡È√Œ£©","Remilia£®¿Ÿ√◊¿Ú—«£©","StSLib"],"gold_per_floor":[365,377,394,72,85,85,101,101,183,218,218,232,262,274,274,350,350,370,383,383,383,308,343,356,356,382,392,492,87,98,98,98,171,171,181,194,234,274,286,315,346,346,428,328,328,358,358,413,413,473,473],"floor_reached":52,"playtime":4983,"items_purged":["Strike_RM","Strike_RM"],"score":2297,"play_id":"b28b94d3-d95e-451c-8d72-7ee284c53d53","local_time":"20201231012230","is_ascension_mode":true,"campfire_choices":[{"data":"RedMoon","floor":6.0,"key":"SMITH"},{"data":"BloodyHallows","floor":8.0,"key":"SMITH"},{"data":"GlobalNightmare","floor":11.0,"key":"SMITH"},{"data":"SuperhumanBloodyKnife","floor":15.0,"key":"SMITH"},{"data":"BloodyCatastrophe","floor":25.0,"key":"SMITH"},{"data":"Gensokyo:TurboGranny","floor":32.0,"key":"SMITH"},{"data":"CurseOfVladTepes","floor":42.0,"key":"SMITH"},{"data":"SuperhumanBloodyKnife","floor":45.0,"key":"SMITH"},{"data":"DemonKingCradle","floor":49,"key":"SMITH"}],"circlet_count":0,"master_deck":["AscendersBane","Strike_RM","Defend_RM","Defend_RM","Defend_RM","RedMoon+1","ScarletShoot","BloodyHallows+1","Ultimatum+1","BadLadyScramble","VampireFantasy","UltimateOffering+1","GlobalNightmare+1","TricksterDevil","SuperhumanBloodyKnife+1","ForbiddenFruit","TransientEternity","BloodyCatastrophe+1","BloodAndWine+1","Stigmanizer+1","SuperhumanBloodyKnife+1","Gensokyo:TurboGranny+1","EquivalentExchange","UnderTheZenith+1","FavorOfDestiny+1","CurseOfVladTepes+1","SuperhumanBloodyKnife+1","ScarletDream","DemonKingCradle+1"],"relics":["ScarletHat","Orrery","Bag of Marbles","Incense Burner","Toy Ornithopter","Du-Vu Doll","Akabeko","SacredBark","Shuriken","Whetstone","TypeBBloodRedTea","Turnip","Medical Kit","OrangePellets","Mastiff:ReiMu","APieceOfRedMist","Vajra","Gambling Chip","Pantograph","Bottled Lightning","MealTicket"],"acts_visited":["Exordium","Gensokyo:Gensokyo","Gensokyo:Gensokyoer"],"potions_floor_usage":[48,50,51],"damage_taken":[{"damage":0.0,"enemies":"Gensokyo:2_Kodama","floor":1.0,"turns":3.0},{"damage":0.0,"enemies":"Gensokyo:3_Fairies","floor":2.0,"turns":8.0},{"damage":0.0,"enemies":"Gensokyo:Python","floor":3.0,"turns":2.0},{"damage":0.0,"enemies":"Gensokyo:LivingMonolith","floor":5.0,"turns":3.0},{"damage":9.0,"enemies":"Gensokyo:VengefulSpirit","floor":7.0,"turns":5.0},{"damage":8.0,"enemies":"Gensokyo:Aya","floor":10.0,"turns":5.0},{"damage":0.0,"enemies":"Gensokyo:5_Fairies","floor":12.0,"turns":11.0},{"damage":19.0,"enemies":"Gensokyo:Mamizou","floor":13.0,"turns":7.0},{"damage":16.0,"enemies":"Gensokyo:2_Rabbits","floor":14.0,"turns":6.0},{"damage":42.0,"enemies":"Gensokyo:Kokoro","floor":16.0,"turns":7.0},{"damage":5.0,"enemies":"Gensokyo:CosmicMonolith","floor":18.0,"turns":3.0},{"damage":41.0,"enemies":"Gensokyo:3_Dogs","floor":19.0,"turns":8.0},{"damage":25.0,"enemies":"Gensokyo:Koishi","floor":23.0,"turns":7.0},{"damage":0.0,"enemies":"Gensokyo:3_Gloops","floor":24.0,"turns":4.0},{"damage":8.0,"enemies":"Gensokyo:Monolith_and_Dog","floor":27.0,"turns":5.0},{"damage":22.0,"enemies":"Gensokyo:Monolith_and_Dog","floor":28.0,"turns":7.0},{"damage":5.0,"enemies":"Gensokyo:Mirror_and_Dog","floor":30.0,"turns":6.0},{"damage":12.0,"enemies":"Gensokyo:Kaguya","floor":33.0,"turns":7.0},{"damage":8.0,"enemies":"Gensokyo:3_Bats","floor":35.0,"turns":7.0},{"damage":1.0,"enemies":"Gensokyo:3_Boulders","floor":36.0,"turns":4.0},{"damage":33.0,"enemies":"Gensokyo:Sharpion","floor":37.0,"turns":5.0},{"damage":38.0,"enemies":"Gensokyo:SeedOfUnknown","floor":38.0,"turns":5.0},{"damage":24.0,"enemies":"Gensokyo:4_Bats","floor":39.0,"turns":4.0},{"damage":54.0,"enemies":"Gensokyo:Marisa","floor":40.0,"turns":5.0},{"damage":12.0,"enemies":"Gensokyo:3_Boulders","floor":41.0,"turns":2.0},{"damage":19.0,"enemies":"Gensokyo:Doremy","floor":46.0,"turns":4.0},{"damage":35,"enemies":"Gensokyo:Kasen","floor":48,"turns":4},{"damage":22,"enemies":"Gensokyo:Yuyuko","floor":50,"turns":5},{"damage":99,"enemies":"Gensokyo:Shinki","floor":51,"turns":22}],"seed_played":"5029565555457114378","potions_obtained":[{"floor":2.0,"key":"Fire Potion"},{"floor":3.0,"key":"Fruit Juice"},{"floor":7.0,"key":"Dexterity Potion"},{"floor":10.0,"key":"Explosive Potion"},{"floor":19.0,"key":"Strength Potion"},{"floor":19.0,"key":"ZuzhouPotion:ReiMu"},{"floor":24.0,"key":"EntropicBrew"},{"floor":35.0,"key":"SteroidPotion"},{"floor":41.0,"key":"Swift Potion"},{"floor":48,"key":"ColorlessPotion"}],"is_trial":false,"path_per_floor":["M","M","M","COS","M","R","M","R","T","E","R","M","E","M","R","B",null,"M","M","?","?","$","E","M","R","T","M","?","COS","M","?","R","B",null,"M","M","M","M","M","E","M","R","T","$","R","E","?","E","R","B","B",null],"character_chosen":"REMILIA","items_purchased":[],"campfire_rested":0,"item_purchase_floors":[],"current_hp_per_floor":[45,45,47,47,47,47,38,38,38,38,38,55,42,35,35,7,54,49,38,38,38,38,20,25,25,25,21,6,6,9,9,9,16,57,65,70,68,36,37,34,38,38,38,38,38,35,35,31,31,31,71],"gold":473,"neow_bonus":"TWO_FIFTY_GOLD","is_daily":false,"chose_seed":false,"campfire_upgraded":9,"win_rate":0.0,"timestamp":1609348950,"path_taken":["M","M","M","COS","M","R","M","R","T","E","R","M","E","M","R","BOSS","M","M","?","?","$","E","M","R","T","M","?","COS","?","?","R","BOSS","M","M","M","M","M","E","M","R","T","$","R","E","?","E","R","BOSS","BOSS"],"items_purchased_type":[],"build_version":"2020-12-22","purchased_purges":2,"victory":true,"max_hp_per_floor":[70,70,70,70,70,70,70,70,70,70,70,70,70,70,70,70,70,70,80,80,80,80,80,80,80,80,80,80,80,80,71,71,71,71,71,71,71,71,71,71,71,71,71,71,71,71,71,71,71,71,71],"card_choices":[{"not_picked":["NightDance","HunterOfTheNight"],"picked":"ChainGang","floor":1.0},{"not_picked":["EmergencyRegeneration","UnderTheZenith","AfternoonTea"],"picked":"SKIP","floor":2.0},{"not_picked":["UnstableMagic","VampirishNight","NightDance"],"picked":"SKIP","floor":3.0},{"not_picked":["ForbiddenFruit","BombardNight"],"picked":"BloodyHallows","floor":4.0},{"not_picked":["EternalNight","FavorOfDestiny"],"picked":"Ultimatum","floor":4.0},{"not_picked":["Septette","LeisurelyOfLord"],"picked":"BadLadyScramble","floor":4.0},{"not_picked":["BlasphemousPunishment","ScarletImprint"],"picked":"VampireFantasy","floor":4.0},{"not_picked":["BadLadyScramble","ChainGang"],"picked":"UltimateOffering","floor":5.0},{"not_picked":["MastersStateliness","BloodHunter"],"picked":"GlobalNightmare","floor":7.0},{"not_picked":["UnstableMagic","ScarletDevil"],"picked":"TricksterDevil","floor":10.0},{"not_picked":["NightLord","TwelveNightmare","ScarletDevil"],"picked":"SKIP","floor":12.0},{"not_picked":["StarOfDavid","ReincarnationDial","ChainGang"],"picked":"SKIP","floor":13.0},{"not_picked":["StarOfDavid","DevilSight","NightDance"],"picked":"SKIP","floor":13.0},{"not_picked":["RedRainbow","VampireClaw"],"picked":"SuperhumanBloodyKnife","floor":14.0},{"not_picked":["LeisurelyOfLord","VampireSweep"],"picked":"ForbiddenFruit","floor":14.0},{"not_picked":["RedRainbow","NightDance"],"picked":"BlasphemousPunishment+1","floor":18.0},{"not_picked":["EndlessAdversity","BloodHunter","VampireKiss+1"],"picked":"SKIP","floor":19.0},{"not_picked":["ScarletImprint+1","DiffusionOfMisfortune"],"picked":"BloodyCatastrophe","floor":23.0},{"not_picked":["BombardNight","AfternoonTea"],"picked":"BloodAndWine","floor":24.0},{"not_picked":["BlasphemousPunishment+1","Stigmanizer","EndlessAdversity+1"],"picked":"SKIP","floor":24.0},{"not_picked":["BlasphemousPunishment+1","Stigmanizer","EndlessAdversity+1"],"picked":"SKIP","floor":24.0},{"not_picked":["BlasphemousPunishment","NightDance"],"picked":"Stigmanizer+1","floor":27.0},{"not_picked":["ScarletDevilSign","BlasphemousPunishment"],"picked":"SuperhumanBloodyKnife","floor":28.0},{"not_picked":["AfternoonTea","LeisurelyOfLord","RedRainbow"],"picked":"SKIP","floor":30.0},{"not_picked":["Gensokyo:LochNessMonster","Gensokyo:Doppelganger"],"picked":"Gensokyo:TurboGranny","floor":31.0},{"not_picked":["BloodySeventeenLaser","ScarletCoffin"],"picked":"EquivalentExchange","floor":33.0},{"not_picked":["RedMagic","RedNightlessCastle"],"picked":"UnderTheZenith+1","floor":35.0},{"not_picked":["UnderTheZenith+1","MastersStateliness","RedRainbow"],"picked":"SKIP","floor":35.0},{"not_picked":["Maim","VampireFantasy","Stigmanizer+1"],"picked":"SKIP","floor":36.0},{"not_picked":["ScarletDevil","MillenniumVampire"],"picked":"FavorOfDestiny+1","floor":37.0},{"not_picked":["CharismaGuard","BloodyTrap"],"picked":"CurseOfVladTepes","floor":38.0},{"not_picked":["EndlessAdversity+1","Maim"],"picked":"SuperhumanBloodyKnife+1","floor":39.0},{"not_picked":["MastersStateliness","BombardNight","BlasphemousPunishment"],"picked":"SKIP","floor":39.0},{"not_picked":["ScarletDream","VampireKiss","EndlessAdversity"],"picked":"SKIP","floor":40.0},{"not_picked":["VampireFantasy","BloodHunter+1"],"picked":"ScarletDream","floor":41.0},{"not_picked":["VampirishNight","BombardNight","UnderTheZenith+1"],"picked":"SKIP","floor":41.0},{"not_picked":["BombardNight","RedRainbow+1"],"picked":"DemonKingCradle","floor":46.0},{"not_picked":["UnderTheZenith+1","UnstableMagic","Stigmanizer+1"],"picked":"SKIP","floor":46.0},{"not_picked":["UnderTheZenith","EndlessAdversity","BombardNight"],"picked":"SKIP","floor":48}],"player_experience":1078906,"relics_obtained":[{"floor":10.0,"key":"Toy Ornithopter"},{"floor":13.0,"key":"Akabeko"},{"floor":23.0,"key":"Shuriken"},{"floor":26.0,"key":"Whetstone"},{"floor":28.0,"key":"TypeBBloodRedTea"},{"floor":28.0,"key":"Turnip"},{"floor":40.0,"key":"Gambling Chip"},{"floor":43.0,"key":"Pantograph"},{"floor":46.0,"key":"Bottled Lightning"},{"floor":48,"key":"MealTicket"}],"event_choices":[],"is_beta":false,"boss_relics":[{"not_picked":["Fusion Hammer","Busted Crown"],"picked":"SacredBark"},{"not_picked":["Philosopher\u0027s Stone","Sozu"],"picked":"APieceOfRedMist"}],"items_purged_floors":[22,44],"is_endless":false,"potions_floor_spawned":[2,3,7,10,19,23,24,35,41,46,48],"ascension_level":20}}