{"host":"sav7uxregyirlf69","time":1609302397,"event":{"mods":["AchievementEnabler","BaseMod","Colored Map","DeckTracker","Keyboard Shortcuts","Minty Spire (QoL Compilation)","READ ME - Guardian Mod","StSLib","SuperFastMode"],"gold_per_floor":[118,118,135,154,134,134,59,89,89,105,180,180,54,69,69,69,69],"floor_reached":16,"playtime":203,"items_purged":["Strike_G"],"score":204,"play_id":"bbd66330-0905-45e6-92fc-02de5a79d957","local_time":"20201230132637","is_ascension_mode":true,"campfire_choices":[{"data":"Eviscerate","floor":6,"key":"SMITH"},{"floor":12,"key":"REST"},{"data":"Calculated Gamble","floor":15,"key":"SMITH"}],"circlet_count":0,"master_deck":["AscendersBane","Strike_G","Strike_G","Strike_G","Strike_G","Defend_G","Defend_G","Defend_G","Defend_G","Defend_G","Survivor","Neutralize","All Out Attack","Dagger Throw","Eviscerate+1","Noxious Fumes","Terror","Backstab","Calculated Gamble+1","Acrobatics","Reflex"],"relics":["Ring of the Snake","NeowsBlessing","Blue Candle","The Courier","Orrery"],"acts_visited":["Exordium"],"potions_floor_usage":[8,10,16],"damage_taken":[{"damage":0,"enemies":"Jaw Worm","floor":1,"turns":1},{"damage":0,"enemies":"Cultist","floor":3,"turns":1},{"damage":0,"enemies":"Small Slimes","floor":4,"turns":1},{"damage":20,"enemies":"Exordium Thugs","floor":5,"turns":5},{"damage":22,"enemies":"3 Sentries","floor":8,"turns":7},{"damage":3,"enemies":"Lots of Slimes","floor":10,"turns":3},{"damage":1,"enemies":"Blue Slaver","floor":14,"turns":2},{"damage":22,"enemies":"The Guardian","floor":16,"turns":4}],"seed_played":"6133118476254517671","potions_obtained":[{"floor":4,"key":"LiquidBronze"},{"floor":8,"key":"DistilledChaos"},{"floor":14,"key":"SkillPotion"}],"is_trial":false,"path_per_floor":["M","?","M","M","M","R","$","E","T","M","?","R","$","M","R","B"],"character_chosen":"THE_SILENT","items_purchased":["Orrery"],"campfire_rested":1,"item_purchase_floors":[13],"current_hp_per_floor":[59,59,59,59,39,39,39,17,17,14,3,22,22,21,21,0,0],"gold":69,"neow_bonus":"THREE_ENEMY_KILL","is_daily":false,"chose_seed":false,"campfire_upgraded":2,"win_rate":0.0,"timestamp":1609302397,"path_taken":["M","?","?","M","M","R","$","E","T","M","?","R","?","M","R","BOSS"],"items_purchased_type":["Relic"],"build_version":"2020-12-22","purchased_purges":1,"victory":false,"max_hp_per_floor":[66,66,66,66,66,66,66,66,66,66,66,66,66,66,66,66,66],"card_choices":[{"not_picked":["Cloak And Dagger","Sucker Punch","PiercingWail"],"picked":"SKIP","floor":1},{"not_picked":["Endless Agony","Outmaneuver"],"picked":"All Out Attack","floor":3},{"not_picked":["Skewer","Outmaneuver"],"picked":"Dagger Throw","floor":4},{"not_picked":["Dagger Throw","Leg Sweep"],"picked":"Eviscerate","floor":5},{"not_picked":["Predator","Dodge and Roll"],"picked":"Noxious Fumes","floor":8},{"not_picked":["Noxious Fumes","Slice"],"picked":"Terror","floor":10},{"not_picked":["Dagger Spray","Slice"],"picked":"Backstab","floor":13},{"not_picked":["Underhanded Strike","Blade Dance"],"picked":"Calculated Gamble","floor":13},{"not_picked":["Sucker Punch","Underhanded Strike"],"picked":"Acrobatics","floor":13},{"not_picked":["Deflect","Backstab"],"picked":"Reflex","floor":14}],"player_experience":1065629,"relics_obtained":[{"floor":8,"key":"Blue Candle"},{"floor":9,"key":"The Courier"}],"event_choices":[{"damage_healed":0,"gold_gain":0,"player_choice":"Ignored","damage_taken":0,"max_hp_gain":0,"max_hp_loss":0,"event_name":"WeMeetAgain","floor":2,"gold_loss":0},{"damage_healed":0,"gold_gain":75,"player_choice":"Gather Gold","damage_taken":11,"max_hp_gain":0,"max_hp_loss":0,"event_name":"World of Goop","floor":11,"gold_loss":0}],"is_beta":false,"boss_relics":[],"items_purged_floors":[7],"is_endless":false,"potions_floor_spawned":[4,8,14],"killed_by":"The Guardian","ascension_level":20}}