{"host":"ujyomg7d1f18u2we","time":1609295052,"event":{"mods":["AchievementEnabler","AlwaysNeverKeys","Aspiration","BaseMod","Colored Map","DeckTracker","Gremlin Skip","Highlight Path","Hubris","Minty Spire (QoL Compilation)","Quick Restart","Random Character Button","StSLib"],"gold_per_floor":[112,187,187,203,8,8,38,38,63,76,86,86,86,100,100,203,203,215,66,86,99,99,99,132,132,178,178,196,146,159,159,159],"floor_reached":31,"playtime":651,"items_purged":[],"score":280,"play_id":"5cdc210d-d27f-4ebd-b431-52c37da82478","local_time":"20201229232412","is_ascension_mode":false,"campfire_choices":[{"data":"Dualcast","floor":6,"key":"SMITH"},{"floor":8,"key":"REST"},{"floor":12,"key":"REST"},{"data":"Genetic Algorithm","floor":15,"key":"SMITH"},{"floor":23,"key":"REST"},{"floor":25,"key":"REST"}],"circlet_count":0,"master_deck":["Strike_B","Strike_B","Strike_B","Defend_B","Defend_B","Defend_B","Defend_B","Zap","Dualcast+1","Gash","Gash","Genetic Algorithm+1","Ball Lightning","Echo Form","Go for the Eyes+1","Decay","Ghostly Armor","Clash","Stack"],"relics":["Cracked Core","DataDisk","Strawberry","Lantern","Vajra","hubris:DisguiseKit","Fusion Hammer","PreservedInsect","Blood Vial","Orichalcum"],"acts_visited":["Exordium","TheCity"],"potions_floor_usage":[7,7,18,24,24,28],"damage_taken":[{"damage":8,"enemies":"Jaw Worm","floor":1,"turns":3},{"damage":2,"enemies":"2 Louse","floor":4,"turns":2},{"damage":9,"enemies":"3 Sentries","floor":7,"turns":6},{"damage":6,"enemies":"Cultist","floor":10,"turns":3},{"damage":5,"enemies":"Exordium Thugs","floor":11,"turns":3},{"damage":2,"enemies":"Red Slaver","floor":14,"turns":3},{"damage":35,"enemies":"The Guardian","floor":16,"turns":8},{"damage":23,"enemies":"3 Byrds","floor":18,"turns":4},{"damage":20,"enemies":"Shell Parasite","floor":20,"turns":5},{"damage":15,"enemies":"Centurion and Healer","floor":21,"turns":6},{"damage":0,"enemies":"Gremlin Leader","floor":24,"turns":6},{"damage":19,"enemies":"3 Cultists","floor":28,"turns":6},{"damage":34,"enemies":"Sentry and Sphere","floor":30,"turns":6},{"damage":27,"enemies":"Snake Plant","floor":31,"turns":4}],"seed_played":"5045504833098393261","potions_obtained":[{"floor":4,"key":"ColorlessPotion"},{"floor":7,"key":"Strength Potion"},{"floor":10,"key":"DuplicationPotion"},{"floor":14,"key":"Energy Potion"},{"floor":21,"key":"EssenceOfSteel"},{"floor":24,"key":"Swift Potion"}],"is_trial":false,"path_per_floor":["M","?","?","M","$","R","E","R","T","M","M","R","T","M","R","B",null,"M","$","M","M","?","R","E","R","T","?","M","?","M","M"],"character_chosen":"DEFECT","items_purchased":["Strawberry","Dexterity Potion","PreservedInsect"],"campfire_rested":4,"item_purchase_floors":[5,5,19],"current_hp_per_floor":[67,56,56,54,61,61,52,76,76,70,65,82,82,80,80,45,82,59,59,39,24,24,48,48,72,72,72,55,55,23,0,0],"gold":159,"neow_bonus":"RANDOM_COMMON_RELIC","is_daily":false,"chose_seed":false,"campfire_upgraded":2,"win_rate":0.0,"timestamp":1609295052,"path_taken":["M","?","?","M","$","R","E","R","T","M","?","R","?","M","R","BOSS","M","?","M","M","?","R","E","R","T","?","?","?","?","M"],"items_purchased_type":["Relic","Potion","Relic"],"build_version":"2020-12-22","purchased_purges":0,"victory":false,"max_hp_per_floor":[75,75,75,75,82,82,82,82,82,82,82,82,82,82,82,82,82,82,82,82,82,82,82,82,82,82,82,82,82,82,82,82],"card_choices":[{"not_picked":["Reinforced Body","Stack"],"picked":"Gash","floor":1},{"not_picked":["Stack","Rip and Tear"],"picked":"Gash","floor":4},{"not_picked":["Coolheaded","Chill","Storm"],"picked":"SKIP","floor":7},{"not_picked":["Coolheaded","Compile Driver","Sunder"],"picked":"SKIP","floor":10},{"not_picked":["Hologram","Reprogram"],"picked":"Genetic Algorithm","floor":11},{"not_picked":["Capacitor","Stack","Iron Wave"],"picked":"Ball Lightning","floor":14},{"not_picked":["Thunder Strike","Reboot","Reaper"],"picked":"Echo Form","floor":16},{"not_picked":["Streamline","Rebound+1","Cold Snap+1","Hemokinesis"],"picked":"SKIP","floor":18},{"not_picked":["aspiration:Polymerization","Ball Lightning","Barrage","Sever Soul"],"picked":"SKIP","floor":20},{"not_picked":["Hologram+1","White Noise","Sever Soul"],"picked":"Go for the Eyes+1","floor":21},{"not_picked":["Hyperbeam","Turbo","Ball Lightning+1"],"picked":"Ghostly Armor","floor":24},{"not_picked":["Streamline","Sunder","White Noise+1"],"picked":"Clash","floor":28},{"not_picked":["Hologram+1","Coolheaded+1","Impervious"],"picked":"Stack","floor":30}],"player_experience":1567717,"relics_obtained":[{"floor":7,"key":"Lantern"},{"floor":9,"key":"Vajra"},{"floor":13,"key":"hubris:DisguiseKit"},{"floor":24,"key":"Blood Vial"},{"floor":26,"key":"Orichalcum"}],"event_choices":[{"damage_healed":0,"gold_gain":75,"player_choice":"Gather Gold","damage_taken":11,"max_hp_gain":0,"max_hp_loss":0,"event_name":"World of Goop","floor":2,"gold_loss":0},{"cards_removed":["Strike_B"],"damage_healed":0,"gold_gain":0,"player_choice":"Offered Basic","damage_taken":0,"max_hp_gain":0,"max_hp_loss":0,"event_name":"Bonfire Elementals","floor":3,"gold_loss":0},{"damage_healed":0,"gold_gain":0,"player_choice":"Smashed Altar","damage_taken":0,"max_hp_gain":0,"max_hp_loss":0,"event_name":"Forgotten Altar","floor":22,"gold_loss":0,"cards_obtained":["Decay"]},{"damage_healed":0,"gold_gain":0,"player_choice":"Bet on Murderer","damage_taken":0,"max_hp_gain":0,"max_hp_loss":0,"event_name":"The Joust","floor":29,"gold_loss":50}],"is_beta":false,"boss_relics":[{"not_picked":["Runic Dome","aspiration:Stellarator"],"picked":"Fusion Hammer"}],"items_purged_floors":[],"is_endless":false,"potions_floor_spawned":[4,7,10,14,21,24],"killed_by":"Snake Plant","ascension_level":0}}