{"host":"1sep654oresgee70","time":1609288882,"event":{"mods":["2.2 Compatiblity","Aspiration","BaseMod","Better Altar","Better Match","Better Note","Better Sensory Stone","Better Skull","Better Third Choice","Better Vampires","Better-Laid Plans","BetterRewards","Block Reminder","Conspire","Curses Come First","Displayed Cursed Tome","Gold Saver","Hubris","Infinite Spire","Minty Spire (QoL Compilation)","Potion Indicator Mod","Red Circlet Mod","Replay The Spire","Shop Mod","Spicy Shops","StSLib","Thieving Mod","Transform Curses","UnlockEverythingMod"],"gold_per_floor":[626,626,10,30,55,99,99,134,158,181,209,238,266,266,266,371,371,393,416,32,59,68,108,36,36,36],"floor_reached":25,"playtime":1458,"items_purged":[],"score":270,"play_id":"5248fa59-1350-466e-a5a1-533585f6c192","local_time":"20201230014122","is_ascension_mode":true,"campfire_choices":[{"floor":7,"key":"RECALL"},{"floor":15,"key":"REST"}],"circlet_count":0,"master_deck":["Strike_G","Strike_G","Strike_G","Strike_G","Strike_G","Defend_G","Defend_G","Defend_G","Defend_G","Defend_G","Survivor","Neutralize","Prepared","Sickly","After Image+1","Endless Agony","Predator","Underhanded Strike","Dagger Throw","Sneak Up","ReplayTheSpireMod:The Works","Backflip","Bouncing Flask","Catalyst","Dagger Throw","Die Die Die","Cloak And Dagger","Sucker Punch+1","Bullet Time","Disarm+1","ReplaySolidLightProjector","Slice+1","Deep Breath"],"relics":["Ring of the Snake","aspiration:Nostalgia","Sizzling Blood","ReplayTheSpireMod:CursedCoin","Paper Crane","conspire:TopHat","ClockworkSouvenir","CeramicFish","Iron Hammer","Pantograph","aspiration:Lifesprig","aspiration:IroncladSkillbook","Replay:Wax Seal","WingedGreaves","Nunchaku"],"acts_visited":["Exordium","TheCity"],"potions_floor_usage":[8,12,16,16,19,23,23],"damage_taken":[{"damage":6,"enemies":"Jaw Worm","floor":1,"turns":5},{"damage":0,"enemies":"Cultist","floor":4,"turns":3},{"damage":8,"enemies":"Small Slimes","floor":5,"turns":4},{"damage":5,"enemies":"Lagavulin","floor":6,"turns":6},{"damage":5,"enemies":"Replay:BlueRogue","floor":8,"turns":5},{"damage":4,"enemies":"Exordium Wildlife","floor":10,"turns":5},{"damage":0,"enemies":"Blue Slaver","floor":11,"turns":4},{"damage":3,"enemies":"Lots of Slimes","floor":12,"turns":5},{"damage":10,"enemies":"3 Louse","floor":13,"turns":3},{"damage":37,"enemies":"Fading Forest","floor":16,"turns":11},{"damage":12,"enemies":"Spheric Guardian","floor":18,"turns":4},{"damage":11,"enemies":"3 Byrds","floor":19,"turns":5},{"damage":26,"enemies":"Cultist and Chosen","floor":21,"turns":7},{"damage":36,"enemies":"Book of Stabbing","floor":23,"turns":6},{"damage":77,"enemies":"Gremlin Leader","floor":25,"turns":6}],"seed_played":"2199049439325623457","potions_obtained":[{"floor":1,"key":"infinitespire:BlackPotion"},{"floor":2,"key":"Strength Potion"},{"floor":2,"key":"Regen Potion"},{"floor":11,"key":"Block Potion"},{"floor":12,"key":"CultistPotion"},{"floor":13,"key":"FairyPotion"},{"floor":16,"key":"Adrenaline Potion"},{"floor":18,"key":"FearPotion"},{"floor":19,"key":"Energy Potion"},{"floor":23,"key":"SpeedPotion"}],"is_trial":false,"path_per_floor":["M","?","$","M","M","E","R","E","T","M","M","M","M","?","R","B",null,"M","M","$","M","?","E","$","E"],"character_chosen":"THE_SILENT","items_purchased":["ReplayTheSpireMod:CursedCoin","Paper Crane","After Image","Endless Agony","conspire:TopHat","ClockworkSouvenir","CeramicFish","Predator","Replay:Wax Seal","Bullet Time","WingedGreaves","Deep Breath"],"campfire_rested":1,"item_purchase_floors":[3,3,3,3,3,3,3,3,20,20,20,24],"current_hp_per_floor":[72,72,72,74,70,69,69,68,68,68,72,73,67,67,74,51,74,70,67,67,49,49,21,21,0,0],"gold":36,"neow_bonus":"NOSTALGIA","is_daily":false,"chose_seed":false,"campfire_upgraded":0,"win_rate":0.0,"timestamp":1609288882,"path_taken":["M","?","$","M","M","E","R","E","T","M","?","M","M","?","R","BOSS","M","M","$","M","?","E","?","E"],"items_purchased_type":["Relic","Relic","Card","Card","Relic","Relic","Relic","Card","Relic","Card","Relic","Card"],"build_version":"2020-12-22","purchased_purges":0,"victory":false,"max_hp_per_floor":[74,74,74,74,74,74,74,74,74,74,74,74,74,74,74,74,74,74,74,74,74,74,74,74,74,74],"card_choices":[{"not_picked":["hubris:SlightOfHand","Outmaneuver"],"picked":"Prepared","floor":1},{"not_picked":["Bouncing Flask","Dagger Throw"],"picked":"Underhanded Strike","floor":4},{"not_picked":["PiercingWail","Prepared"],"picked":"Dagger Throw","floor":5},{"not_picked":["Concentrate","ReplayTheSpireMod:Tripwire"],"picked":"Sneak Up","floor":6},{"not_picked":["Concentrate","Backflip"],"picked":"ReplayTheSpireMod:The Works","floor":8},{"not_picked":["Underhanded Strike","Expertise"],"picked":"Backflip","floor":10},{"not_picked":["Wraith Form v2","Well Laid Plans"],"picked":"Bouncing Flask","floor":11},{"not_picked":["Dodge and Roll","hubris:SlightOfHand"],"picked":"Catalyst","floor":12},{"not_picked":["Setup","Quick Slash"],"picked":"Dagger Throw","floor":13},{"not_picked":["Burst","A Thousand Cuts"],"picked":"Die Die Die","floor":16},{"not_picked":["Dodge and Roll","Abandon","ReplayTheSpireMod:Corrosion Curse"],"picked":"Cloak And Dagger","floor":18},{"not_picked":["Dropkick+1","Wild Strike","Dodge and Roll"],"picked":"Sucker Punch+1","floor":19},{"not_picked":["Dodge and Roll","hubris:ReadiedAction","Deadly Poison+1"],"picked":"Disarm+1","floor":21},{"not_picked":["Expertise","Deadly Poison","True Grit"],"picked":"Slice+1","floor":23}],"player_experience":2406647,"relics_obtained":[{"floor":6,"key":"Iron Hammer"},{"floor":8,"key":"Pantograph"},{"floor":9,"key":"aspiration:Lifesprig"},{"floor":23,"key":"Nunchaku"}],"event_choices":[{"damage_healed":0,"gold_gain":0,"player_choice":"Got Potions","damage_taken":0,"max_hp_gain":0,"max_hp_loss":0,"event_name":"Lab","floor":2,"gold_loss":0},{"damage_healed":0,"gold_gain":0,"player_choice":"Grow","damage_taken":0,"max_hp_gain":0,"max_hp_loss":0,"event_name":"Living Wall","floor":14,"gold_loss":0,"cards_upgraded":["After Image"]},{"cards_removed":["After Image"],"damage_healed":0,"gold_gain":0,"player_choice":"Take \u0026 Give","damage_taken":0,"max_hp_gain":0,"max_hp_loss":0,"event_name":"betterNote:BetterNote","floor":22,"gold_loss":0,"cards_obtained":["ReplaySolidLightProjector"]}],"is_beta":false,"boss_relics":[{"not_picked":["hubris:Stopwatch","Sozu"],"picked":"aspiration:IroncladSkillbook"}],"items_purged_floors":[],"is_endless":false,"potions_floor_spawned":[1,4,11,12,13,16,18,19,23],"killed_by":"Gremlin Leader","ascension_level":3}}