{"host":"of0s4io1nhspfcuu","time":1609352786,"event":{"mods":["ATMod(阿瑾Mod)","Act Like it!","Ascension Reborn","BaseMod","Better Vampires","CapriCore","Gensokyo","Minty Spire (QoL Compilation)","MostiFishMod","Pale of the Ancients","Prisma Mod","RumiaBox-露米娅的神秘盒子","Ryuuou龙王","StSLib","Waifu the Spire","noobMod","【遗物卡牌】REMEMod","篝火指南"],"gold_per_floor":[109,109,34,34,134,134,34,34,58,75,75,75,126,56,56,157,157,171,171,182,251,10,10,260,314,338,377,436,179,228,289,289,444,444,733,733,827,827,827,936,996,180,256,316,174,216,276,276,276,326],"floor_reached":51,"playtime":4078,"items_purged":["Clumsy","PrismaMod:ChloeCommonAttack+1"],"score":935,"play_id":"07140066-767f-48cd-9b89-6e0a56871d54","local_time":"20201231022626","daily_mods":["Heirloom","Time Dilation","Flight"],"is_ascension_mode":true,"campfire_choices":[{"data":"PrismaMod:ChloeAnyRareTrace","floor":6.0,"key":"SMITH"},{"data":"PrismaMod:ChloeDiscardRecovery","floor":8.0,"key":"SMITH"},{"data":"MostiFishMod:Culaccino","floor":15.0,"key":"SMITH"},{"data":"PrismaMod:ChloeUnlimitedBladeWorks","floor":23.0,"key":"SMITH"},{"data":"PrismaMod:ChloeUnlimitedBladeWorks","floor":32.0,"key":"SMITH"},{"data":"PrismaMod:ChloeAnyPowerTrace","floor":49,"key":"SMITH"}],"circlet_count":0,"master_deck":["PrismaMod:ChloeCommonAttack+1","PrismaMod:ChloeCommonAttack+1","PrismaMod:ChloeCommonDefend+1","PrismaMod:ChloeCommonDefend+1","PrismaMod:ChloeCommonDefend+1","PrismaMod:ChloeCommonDefend+1","PrismaMod:ChloeCommonDefend+1","PrismaMod:ChloeCheapDefend+1","AT_FamilyPortrait+1","PrismaMod:ChloeDiscardRecovery+1","PrismaMod:ChloeRuleBreaker","PrismaMod:ChloeAnyRareTrace+1","PrismaMod:ChloeGaeBolg+1","PrismaMod:ChloeUnlimitedBladeWorks+1","PrismaMod:ChloeCheapAttackTwo","PrismaMod:ChloeUnlimitedBladeWorks+1","PrismaMod:ChloeCheapAttackTwo","PrismaMod:ChloeExhaustOne+1","PrismaMod:ChloeCheapDefend+1","PrismaMod:ChloeHalloween+1","PrismaMod:ChloeExcalibur","PrismaMod:ChloeAnyUncommonTrace","PrismaMod:ChloeCheapDefendTwo+1","PrismaMod:ChloeUnlimitedBladeWorks","PrismaMod:ChloeCheapDefendTwo","PrismaMod:ChloeDemonicTutor","PrismaMod:ChloeAnyPowerTrace+1","PrismaMod:ChloeReshuffleDiscard","PrismaMod:ChloeExhaustTwo","PrismaMod:ChloeRhongomyniad+1"],"relics":["PrismaMod:PrismaTraceOn","DaveBox","ice","REME_ComplimentaryCards","AT_ATBox","RhineSuit","Du-Vu Doll","SynthV:TestCard","Gensokyo:NagashiBinaDoll","AT_DeathDance","Tiny Chest","Gensokyo:Mercy","REME_ChargedStone","Mummified Hand","MagicDraw1","AT_MibuBalloonWealth","Vajra","Pear","SynthV","Akabeko","ShadowXiaoBlade","AT_RedTearstoneRing","AT_BladeRuinedKing","Blood Vial","BirthdayGift-Icosahedron","Blue Candle","Centennial Puzzle","BirthdayGift-Tetrahedron","MagicDraw2"],"acts_visited":["Gensokyo:Gensokyo","Gensokyo:Gensokyoer","Gensokyo:Gensokyoest"],"potions_floor_usage":[],"damage_taken":[{"damage":0.0,"enemies":"Gensokyo:2_Kodama","floor":1.0,"turns":2.0},{"damage":0.0,"enemies":"Gensokyo:Python","floor":10.0,"turns":1.0},{"damage":12.0,"enemies":"Gensokyo:Kokoro","floor":16.0,"turns":8.0},{"damage":13.0,"enemies":"Gensokyo:3_Dogs","floor":18.0,"turns":4.0},{"damage":3.0,"enemies":"Gensokyo:Chomper","floor":20.0,"turns":3.0},{"damage":0.0,"enemies":"Gensokyo:Swordslinger","floor":27.0,"turns":2.0},{"damage":8.0,"enemies":"Gensokyo:Tenshi","floor":28.0,"turns":3.0},{"damage":6.0,"enemies":"Gensokyo:Mirror_and_Dog","floor":31.0,"turns":2.0},{"damage":16.0,"enemies":"Gensokyo:Eiki","floor":33.0,"turns":6.0},{"damage":3.0,"enemies":"Gensokyo:AncientGuardian","floor":35.0,"turns":2.0},{"damage":0.0,"enemies":"Gensokyo:3_Boulders","floor":37.0,"turns":3.0},{"damage":6.0,"enemies":"Gensokyo:Kasen","floor":40.0,"turns":3.0},{"damage":0.0,"enemies":"Gensokyo:Doremy","floor":41.0,"turns":1.0},{"damage":0.0,"enemies":"Gensokyo:Marisa","floor":44.0,"turns":2.0},{"damage":0,"enemies":"Gensokyo:Sharpion","floor":46,"turns":1},{"damage":0,"enemies":"Gensokyo:Dusk_and_Dawn","floor":47,"turns":1},{"damage":3,"enemies":"Gensokyo:Shinki","floor":50,"turns":3}],"seed_played":"-1744344672265949136","potions_obtained":[{"floor":10.0,"key":"ColorlessPotion"},{"floor":16.0,"key":"PowerPotion"},{"floor":18.0,"key":"Strength Potion"},{"floor":47,"key":"ColorlessPotion"}],"is_trial":true,"path_per_floor":["M","?","$","?","?","R","?","R","T","M","?","$","T","?","R","B",null,"M","?","M","T","$","R","?","T","T","M","E","COS","T","M","R","B",null,"M","?","M","T","?","E","E","$","T","E","COS","M","M","T","R","B",null],"character_chosen":"CHLOE","items_purchased":["MagicDraw1","BirthdayGift-Icosahedron"],"campfire_rested":0,"item_purchase_floors":[22,42],"current_hp_per_floor":[75,75,75,75,75,75,75,75,75,75,75,75,75,75,75,63,75,62,62,59,59,59,59,59,59,59,59,61,61,61,55,55,39,85,82,82,82,82,82,76,76,76,76,79,79,82,85,85,85,83],"gold":326,"neow_bonus":"","is_daily":false,"chose_seed":false,"campfire_upgraded":6,"win_rate":0.0,"timestamp":1609352786,"path_taken":["M","?","?","?","?","R","?","R","T","?","?","?","?","?","R","BOSS","M","?","?","?","?","R","?","?","T","M","E","COS","?","?","R","BOSS","M","?","?","?","?","E","E","?","T","E","COS","M","?","?","R","BOSS"],"items_purchased_type":["Relic","Relic"],"build_version":"2020-12-22","purchased_purges":2,"victory":true,"max_hp_per_floor":[75,75,75,75,75,75,75,75,75,75,75,75,75,75,75,75,75,75,75,75,75,75,75,75,75,75,75,85,85,85,85,85,85,85,85,85,85,85,85,85,85,85,85,85,85,85,85,85,85,85],"card_choices":[{"not_picked":["PrismaMod:ChloeCommonAOEAttack","PrismaMod:ChloeCheapAttackTwo"],"picked":"PrismaMod:ChloeDiscardRecovery","floor":1.0},{"not_picked":["PrismaMod:ChloeMordred","PrismaMod:ChloeRitsuka","PrismaMod:ChloeUncommonAOEAttack","PrismaMod:ChloeUncommonAttack"],"picked":"PrismaMod:ChloeRuleBreaker","floor":4.0},{"not_picked":["PrismaMod:ChloeCheapDefendTwo","PrismaMod:ChloeDiscardRecovery","PrismaMod:ChloeCheapAttackTwo","PrismaMod:ChloeExhaustOne"],"picked":"PrismaMod:ChloeAnyRareTrace","floor":4.0},{"not_picked":["PrismaMod:ChloeCheapDefend","PrismaMod:ChloeExhaustOne","PrismaMod:ChloeCommonAOEAttack","PrismaMod:ChloeCheapAttackTwo"],"picked":"PrismaMod:ChloeGaeBolg","floor":10.0},{"not_picked":["PrismaMod:ChloeHalloween","PrismaMod:ChloeCarnivalDefend","PrismaMod:ChloeAnyRareTrace","PrismaMod:ChloeGreatTracePools"],"picked":"PrismaMod:ChloeUnlimitedBladeWorks","floor":16.0},{"not_picked":["PrismaMod:ChloeCheapDefendTwo","PrismaMod:ChloeExhaustOne","PrismaMod:ChloeDiscardRecovery","PrismaMod:ChloeMaid"],"picked":"PrismaMod:ChloeCheapAttackTwo","floor":18.0},{"not_picked":["PrismaMod:ChloeCommonAOEAttack","PrismaMod:ChloeUncommonAOEAttack","PrismaMod:ChloeDiscardRecovery","PrismaMod:ChloeCheapDefend"],"picked":"PrismaMod:ChloeCheapAttackTwo","floor":20.0},{"not_picked":["PrismaMod:ChloeDiscardRecovery","PrismaMod:ChloeCheapAttack","PrismaMod:ChloeCheapAttackTwo","PrismaMod:ChloeCheapDefendTwo"],"picked":"PrismaMod:ChloeExhaustOne+1","floor":27.0},{"not_picked":["PrismaMod:ChloeCheapAttackTwo+1","PrismaMod:ChloeMaid","PrismaMod:ChloeUncommonAOEAttack","PrismaMod:ChloeUncommonDefend"],"picked":"PrismaMod:ChloeCheapDefend+1","floor":28.0},{"not_picked":["PrismaMod:ChloeCommonAOEAttack+1","PrismaMod:ChloeCheapDefendTwo+1","PrismaMod:ChloeUncommonAttack+1","PrismaMod:ChloeDiscardRecovery+1"],"picked":"PrismaMod:ChloeHalloween+1","floor":31.0},{"not_picked":["PrismaMod:ChloeChristmas","PrismaMod:ChloeCheapDefend","PrismaMod:ChloeCheapAttack","PrismaMod:ChloeGaeBolg"],"picked":"PrismaMod:ChloeExcalibur","floor":31.0},{"not_picked":["PrismaMod:ChloeUnlimitedBladeWorks","PrismaMod:ChloeAnyCommonTrace","PrismaMod:ChloeCarnivalAOEAttack","PrismaMod:ChloeAnyAttackTrace"],"picked":"PrismaMod:ChloeAnyUncommonTrace","floor":33.0},{"not_picked":["PrismaMod:ChloeChristmas+1","PrismaMod:ChloeCheapAttack","PrismaMod:ChloeExhaustOne","PrismaMod:ChloeDiscardRecovery"],"picked":"PrismaMod:ChloeCheapDefendTwo+1","floor":35.0},{"not_picked":["PrismaMod:ChloeDevil","PrismaMod:ChloeCarnivalDefend","PrismaMod:ChloeReshuffleDiscard","PrismaMod:ChloeAnyUncommonTrace"],"picked":"PrismaMod:ChloeUnlimitedBladeWorks","floor":37.0},{"not_picked":["PrismaMod:ChloeAnyCommonTrace","PrismaMod:ChloeMaid+1","PrismaMod:ChloeCheapAttack+1","PrismaMod:ChloeExhaustOne"],"picked":"PrismaMod:ChloeCheapDefendTwo","floor":37.0},{"not_picked":["PrismaMod:ChloeDiscardRecovery","PrismaMod:ChloeExhaustOne+1","PrismaMod:ChloeCheapAttackTwo","PrismaMod:ChloeExhaustTwo"],"picked":"PrismaMod:ChloeDemonicTutor","floor":40.0},{"not_picked":["PrismaMod:ChloeDiscardRecovery+1","PrismaMod:ChloeCommonAOEAttack+1","PrismaMod:ChloeCheapAttackTwo","PrismaMod:ChloeCheapAttack"],"picked":"PrismaMod:ChloeAnyPowerTrace","floor":41.0},{"not_picked":["PrismaMod:ChloeCaladbolg","PrismaMod:ChloeUnlimitedBladeWorks","PrismaMod:ChloeCheapDefend","PrismaMod:ChloeCheapAttack+1"],"picked":"PrismaMod:ChloeReshuffleDiscard","floor":44.0},{"not_picked":["PrismaMod:ChloeCheapAttackTwo","PrismaMod:ChloeEyeOfTheEuryale+1","PrismaMod:ChloeDiscardRecovery+1","PrismaMod:ChloeRuleBreaker"],"picked":"PrismaMod:ChloeExhaustTwo","floor":46},{"not_picked":["PrismaMod:ChloeDiscardRecovery+1","PrismaMod:ChloeCheapDefend","PrismaMod:ChloeCommonAOEAttack","PrismaMod:ChloeCheapAttack+1"],"picked":"PrismaMod:ChloeRhongomyniad+1","floor":47}],"player_experience":51880,"relics_obtained":[{"floor":1.0,"key":"SynthV:TestCard"},{"floor":9.0,"key":"Tiny Chest"},{"floor":13.0,"key":"AT_ArchangelStaff"},{"floor":21.0,"key":"Mummified Hand"},{"floor":25.0,"key":"AT_MibuBalloonWealth"},{"floor":26.0,"key":"Vajra"},{"floor":28.0,"key":"Pear"},{"floor":30.0,"key":"Akabeko"},{"floor":38.0,"key":"AT_RedTearstoneRing"},{"floor":40.0,"key":"AT_BladeRuinedKing"},{"floor":41.0,"key":"Blood Vial"},{"floor":43.0,"key":"Blue Candle"},{"floor":44.0,"key":"Centennial Puzzle"},{"floor":48,"key":"MagicDraw2"}],"event_choices":[],"is_beta":false,"boss_relics":[{"not_picked":["FrostBlade","SacredBark"],"picked":"REME_ChargedStone"},{"not_picked":["ChiXiaoBlade","Snecko Eye"],"picked":"ShadowXiaoBlade"}],"items_purged_floors":[3,42],"is_endless":false,"potions_floor_spawned":[10,16,18,20,35,40,47],"ascension_level":0}}