{"host":"873t0y8ybyo38pfq","time":1609372532,"event":{"mods":["BaseMod","Bestiary","Colored Map","Colored Powertips","Highlight Path","Minty Spire (QoL Compilation)","Quick Restart","RNG Fix","Rare Cards Sparkle","Relic Stats","StSLib"],"gold_per_floor":[214,214,230,246,246,246,275,289,314,314,333,351,0,29,29,134,134,144,176,191,205,31,31,49,76,76,76,92,103,103,103,103,198,198,212,223,223,243,243,243,38,50,50,82,97,97,97],"floor_reached":46,"playtime":1904,"items_purged":["Strike_B","Strike_B"],"score":666,"play_id":"90ee4e5e-f284-451c-b252-c4758c200a37","local_time":"20201230185532","is_ascension_mode":true,"campfire_choices":[{"data":"Chaos","floor":6,"key":"SMITH"},{"floor":15,"key":"REST"},{"data":"Self Repair","floor":23,"key":"SMITH"},{"data":"Echo Form","floor":30,"key":"SMITH"},{"data":"Defragment","floor":32,"key":"SMITH"},{"data":"Rainbow","floor":40,"key":"SMITH"}],"circlet_count":0,"master_deck":["Strike_B+1","Strike_B+1","Defend_B+1","Defend_B+1","Defend_B+1","Defend_B+1","Zap+1","Dualcast","Darkness","Chaos+1","Darkness","BootSequence","Darkness","Conserve Battery","Conserve Battery","Lockon","Echo Form+1","Defragment+1","Glacier","Coolheaded","Self Repair+1","Doom and Gloom","Coolheaded+1","Coolheaded","Hologram","Rainbow+1","Redo+1","Hologram+1","Secret Technique","Glacier+1","Capacitor","Fission","Doom and Gloom+1","Parasite","Pain","Defragment+1","Self Repair+1"],"relics":["Cracked Core","Unceasing Top","Centennial Puzzle","OrangePellets","Cables","Coffee Dripper","Red Mask","Bottled Tornado","Mummified Hand","Cursed Key","Orrery","Juzu Bracelet"],"acts_visited":["Exordium","TheCity","TheBeyond"],"potions_floor_usage":[16,19,19,19,19,19,21,24,25,25,28,42,42,44],"damage_taken":[{"damage":6,"enemies":"Small Slimes","floor":1,"turns":5},{"damage":1,"enemies":"2 Louse","floor":3,"turns":3},{"damage":1,"enemies":"Cultist","floor":4,"turns":3},{"damage":36,"enemies":"Gremlin Nob","floor":7,"turns":4},{"damage":9,"enemies":"3 Louse","floor":8,"turns":4},{"damage":0,"enemies":"Exordium Wildlife","floor":11,"turns":3},{"damage":0,"enemies":"Looter","floor":12,"turns":3},{"damage":8,"enemies":"Lagavulin","floor":14,"turns":6},{"damage":0,"enemies":"Hexaghost","floor":16,"turns":5},{"damage":0,"enemies":"Chosen","floor":18,"turns":3},{"damage":9,"enemies":"Masked Bandits","floor":19,"turns":3},{"damage":4,"enemies":"Spheric Guardian","floor":20,"turns":3},{"damage":39,"enemies":"3 Cultists","floor":21,"turns":7},{"damage":3,"enemies":"Shelled Parasite and Fungi","floor":24,"turns":6},{"damage":15,"enemies":"Book of Stabbing","floor":25,"turns":4},{"damage":0,"enemies":"Snecko","floor":28,"turns":3},{"damage":1,"enemies":"Centurion and Healer","floor":29,"turns":5},{"damage":28,"enemies":"Collector","floor":33,"turns":12},{"damage":0,"enemies":"3 Shapes","floor":35,"turns":4},{"damage":0,"enemies":"Orb Walker","floor":36,"turns":2},{"damage":24,"enemies":"Jaw Worm Horde","floor":38,"turns":5},{"damage":0,"enemies":"Writhing Mass","floor":42,"turns":4},{"damage":76,"enemies":"Giant Head","floor":44,"turns":10},{"damage":14,"enemies":"Spire Growth","floor":45,"turns":5},{"damage":14,"enemies":"Reptomancer","floor":46,"turns":3}],"seed_played":"5026949031603371446","potions_obtained":[{"floor":7,"key":"FocusPotion"},{"floor":12,"key":"EntropicBrew"},{"floor":16,"key":"DistilledChaos"},{"floor":19,"key":"Weak Potion"},{"floor":21,"key":"Weak Potion"},{"floor":24,"key":"Energy Potion"},{"floor":25,"key":"PowerPotion"},{"floor":35,"key":"Fire Potion"},{"floor":38,"key":"Regen Potion"}],"is_trial":false,"path_per_floor":["M","?","M","M","?","R","E","M","T","?","M","M","$","E","R","B",null,"M","?","M","M","$","R","M","E","T","?","M","M","R","?","R","B",null,"M","M","?","M","?","R","$","M","T","E","M","E"],"character_chosen":"DEFECT","items_purchased":["OrangePellets","Conserve Battery","LiquidMemories","Self Repair","Orrery","SpeedPotion"],"campfire_rested":1,"item_purchase_floors":[13,13,13,22,41,41],"current_hp_per_floor":[69,74,73,72,56,56,20,11,11,11,11,11,11,3,27,27,80,80,71,67,28,28,28,35,30,30,15,25,34,34,34,34,16,85,85,85,85,71,61,61,61,83,83,17,13,0,0],"gold":97,"neow_bonus":"HUNDRED_GOLD","is_daily":false,"chose_seed":false,"campfire_upgraded":5,"win_rate":0.0,"timestamp":1609372532,"path_taken":["M","?","M","M","?","R","E","M","T","?","M","?","$","E","R","BOSS","M","?","?","M","$","R","M","E","T","?","?","M","R","?","R","BOSS","M","M","?","M","?","R","$","?","T","E","M","E"],"items_purchased_type":["Relic","Card","Potion","Card","Relic","Potion"],"build_version":"2020-12-22","purchased_purges":2,"victory":false,"max_hp_per_floor":[75,80,80,80,80,80,80,80,80,80,80,80,80,80,80,80,80,80,80,80,80,80,80,80,80,80,85,85,85,85,85,85,85,85,85,85,85,85,85,85,85,85,85,85,85,85,85],"relic_stats":{"OrangePellets":[3],"Centennial Puzzle":[36],"counters":[25,115],"Mummified Hand":[29],"Juzu Bracelet":0,"Cursed Key":1,"obtain_stats":[{"OrangePellets":13,"Centennial Puzzle":9,"Mummified Hand":26,"Orrery":41,"Coffee Dripper":17,"Red Mask":19,"Juzu Bracelet":44,"Bottled Tornado":25,"Cracked Core":0,"Cursed Key":34,"Unceasing Top":7,"Cables":14},{"OrangePellets":7,"Centennial Puzzle":5,"Mummified Hand":15,"Orrery":21,"Coffee Dripper":9,"Red Mask":11,"Juzu Bracelet":23,"Bottled Tornado":15,"Cracked Core":0,"Cursed Key":18,"Unceasing Top":4,"Cables":8},{"OrangePellets":25,"Centennial Puzzle":19,"Mummified Hand":62,"Orrery":93,"Coffee Dripper":36,"Red Mask":42,"Juzu Bracelet":107,"Bottled Tornado":62,"Cracked Core":0,"Cursed Key":82,"Unceasing Top":15,"Cables":31}],"Unceasing Top":[50],"Cables":[69,18,19,27,5]},"card_choices":[{"not_picked":["Chill","Turbo","Streamline"],"picked":"SKIP","floor":1},{"not_picked":["Leap","Barrage"],"picked":"Darkness","floor":3},{"not_picked":["Barrage","Rip and Tear"],"picked":"Chaos","floor":4},{"not_picked":["Rebound","Force Field"],"picked":"Darkness","floor":7},{"not_picked":["Melter","Hyperbeam"],"picked":"BootSequence","floor":8},{"not_picked":["Rebound","Recycle"],"picked":"Darkness","floor":11},{"not_picked":["Loop","Hologram"],"picked":"Conserve Battery","floor":12},{"not_picked":["Steam","Reprogram"],"picked":"Lockon","floor":14},{"not_picked":["Meteor Strike","Creative AI"],"picked":"Echo Form","floor":16},{"not_picked":["Gash","Compile Driver","Steam+1"],"picked":"SKIP","floor":18},{"not_picked":["Lockon+1","Conserve Battery+1"],"picked":"Defragment","floor":19},{"not_picked":["Leap","Double Energy"],"picked":"Glacier","floor":20},{"not_picked":["Compile Driver","Aggregate+1"],"picked":"Coolheaded","floor":21},{"not_picked":["Barrage","Defragment+1"],"picked":"Doom and Gloom","floor":24},{"not_picked":["Hello World","Go for the Eyes"],"picked":"Coolheaded+1","floor":25},{"not_picked":["Recycle+1","Barrage"],"picked":"Coolheaded","floor":28},{"not_picked":["Barrage","Compile Driver"],"picked":"Hologram","floor":29},{"not_picked":["Creative AI","Multi-Cast"],"picked":"Rainbow","floor":33},{"not_picked":["Rebound","Cold Snap+1"],"picked":"Redo+1","floor":35},{"not_picked":["Leap+1","FTL+1"],"picked":"Hologram+1","floor":36},{"not_picked":["Sunder","Chill","Stack+1"],"picked":"SKIP","floor":38},{"not_picked":["Trip","Mind Blast"],"picked":"Secret Technique","floor":39},{"not_picked":["Conserve Battery","Rip and Tear"],"picked":"Glacier+1","floor":41},{"not_picked":["Compile Driver+1","Redo+1"],"picked":"Capacitor","floor":41},{"not_picked":["Ball Lightning","Go for the Eyes+1"],"picked":"Fission","floor":41},{"not_picked":["Amplify","Lockon"],"picked":"Doom and Gloom+1","floor":41},{"not_picked":["Conserve Battery","Redo","Turbo+1"],"picked":"SKIP","floor":42},{"not_picked":["Chill+1","Compile Driver"],"picked":"Defragment+1","floor":44},{"not_picked":["Gash+1","Sweeping Beam+1"],"picked":"Self Repair+1","floor":45}],"player_experience":1436283,"relics_obtained":[{"floor":7,"key":"Unceasing Top"},{"floor":9,"key":"Centennial Puzzle"},{"floor":14,"key":"Cables"},{"floor":19,"key":"Red Mask"},{"floor":25,"key":"Bottled Tornado"},{"floor":26,"key":"Mummified Hand"},{"floor":44,"key":"Juzu Bracelet"}],"event_choices":[{"damage_healed":0,"gold_gain":0,"player_choice":"Donut","damage_taken":0,"max_hp_gain":5,"max_hp_loss":0,"event_name":"Big Fish","floor":2,"gold_loss":0},{"damage_healed":0,"gold_gain":0,"player_choice":"Entered Light","damage_taken":16,"max_hp_gain":0,"max_hp_loss":0,"event_name":"Shining Light","floor":5,"gold_loss":0,"cards_upgraded":["Zap","Defend_B"]},{"damage_healed":0,"gold_gain":0,"player_choice":"Fled","damage_taken":0,"max_hp_gain":0,"max_hp_loss":0,"event_name":"Scrap Ooze","floor":10,"gold_loss":0},{"damage_healed":0,"gold_gain":0,"player_choice":"Fought Bandits","damage_taken":0,"max_hp_gain":0,"max_hp_loss":0,"event_name":"Masked Bandits","floor":19,"gold_loss":0},{"damage_healed":0,"gold_gain":0,"player_choice":"Shed Blood","damage_taken":20,"max_hp_gain":5,"max_hp_loss":0,"event_name":"Forgotten Altar","floor":27,"gold_loss":0},{"damage_healed":0,"gold_gain":0,"player_choice":"Simplicity","damage_taken":0,"max_hp_gain":0,"max_hp_loss":0,"event_name":"Back to Basics","floor":31,"gold_loss":0,"cards_upgraded":["Strike_B","Strike_B","Defend_B","Defend_B","Defend_B"]},{"damage_healed":0,"gold_gain":0,"player_choice":"Ignored","damage_taken":0,"max_hp_gain":0,"max_hp_loss":0,"event_name":"SecretPortal","floor":37,"gold_loss":0},{"damage_healed":0,"gold_gain":0,"player_choice":"Memory 3","damage_taken":10,"max_hp_gain":0,"max_hp_loss":0,"event_name":"SensoryStone","floor":39,"gold_loss":0}],"is_beta":false,"boss_relics":[{"not_picked":["Calling Bell","Fusion Hammer"],"picked":"Coffee Dripper"},{"not_picked":["Tiny House","Pandora\u0027s Box"],"picked":"Cursed Key"}],"items_purged_floors":[13,22],"is_endless":false,"potions_floor_spawned":[7,12,14,16,19,21,24,25,35,38],"killed_by":"Reptomancer","ascension_level":4}}