{"host":"jl15pmpb41l0mhji","time":1609364857,"event":{"mods":["2.2 Compatiblity","AchievementEnabler","BaseMod","Better Altar","Better Match","Better Note","Better Sensory Stone","Better Skull","Better Third Choice","Better Vampires","Colored Map","Displayed Cursed Tome","Emptier Cage","Hermit","Highlight Path","Minty Spire (QoL Compilation)","Permanent Neow","Random Character Button","Relic Stats","StSLib","The Hierophant"],"gold_per_floor":[113,113,38,38,3,29,29,40,66,66,86,103,103,120,120,125,125],"floor_reached":16,"playtime":536,"items_purged":[],"score":188,"play_id":"c7076b1b-7b3f-4f52-8584-1e54b9fad0a3","local_time":"20201230154737","is_ascension_mode":true,"campfire_choices":[{"data":"hermit:Horror","floor":13,"key":"SMITH"},{"data":"hermit:PistolWhip","floor":15,"key":"SMITH"}],"circlet_count":0,"master_deck":["AscendersBane","hermit:Strike_Hermit+1","hermit:Strike_Hermit","hermit:Strike_Hermit+1","hermit:Defend_Hermit","hermit:Defend_Hermit","hermit:Defend_Hermit","hermit:Snapshot","hermit:Covet","hermit:SprayPray","hermit:PistolWhip+1","hermit:HeroicBravado","hermit:Gestalt","hermit:Scavenge","hermit:Horror+1","hermit:LowProfile"],"relics":["hermit:Momento","NeowsBlessing","Oddly Smooth Stone","GremlinMask","Vajra"],"acts_visited":["Exordium"],"potions_floor_usage":[12,14,16],"damage_taken":[{"damage":0,"enemies":"Cultist","floor":1,"turns":1},{"damage":0,"enemies":"Gremlin Nob","floor":6,"turns":1},{"damage":0,"enemies":"2 Louse","floor":8,"turns":1},{"damage":0,"enemies":"Small Slimes","floor":11,"turns":3},{"damage":9,"enemies":"3 Louse","floor":12,"turns":2},{"damage":25,"enemies":"Lots of Slimes","floor":14,"turns":4},{"damage":32,"enemies":"The Guardian","floor":16,"turns":9}],"seed_played":"-4378333904732743338","potions_obtained":[{"floor":1,"key":"GamblersBrew"},{"floor":6,"key":"FearPotion"},{"floor":11,"key":"PowerPotion"}],"is_trial":false,"path_per_floor":["M","?","$","?","?","E","?","M","T","?","M","M","R","M","R","B"],"character_chosen":"HERMIT","items_purchased":["hermit:PistolWhip"],"campfire_rested":0,"item_purchase_floors":[3],"current_hp_per_floor":[68,53,53,46,64,64,64,64,64,64,64,55,55,30,30,0,0],"gold":125,"neow_bonus":"THREE_ENEMY_KILL","is_daily":false,"chose_seed":false,"campfire_upgraded":2,"win_rate":0.0,"timestamp":1609364857,"path_taken":["M","?","$","?","?","E","?","?","T","?","M","M","R","M","R","BOSS"],"items_purchased_type":["Card"],"build_version":"2020-12-22","purchased_purges":0,"victory":false,"max_hp_per_floor":[75,75,75,75,75,75,75,75,75,75,75,75,75,75,75,75,75],"relic_stats":{"counters":[7,21],"obtain_stats":[{"NeowsBlessing":0,"Oddly Smooth Stone":6,"Vajra":9,"GremlinMask":7,"hermit:Momento":0},{"NeowsBlessing":0,"Oddly Smooth Stone":2,"Vajra":3,"GremlinMask":2,"hermit:Momento":0},{"NeowsBlessing":0,"Oddly Smooth Stone":2,"Vajra":3,"GremlinMask":2,"hermit:Momento":0}]},"card_choices":[{"not_picked":["hermit:Roulette","hermit:Manifest"],"picked":"hermit:SprayPray","floor":1},{"not_picked":["hermit:Quickdraw","hermit:Glare"],"picked":"hermit:HeroicBravado","floor":6},{"not_picked":["hermit:GoldenBullet","hermit:ShadowCloak"],"picked":"hermit:Gestalt","floor":8},{"not_picked":["hermit:TakeAim","hermit:LowProfile"],"picked":"hermit:Scavenge","floor":11},{"not_picked":["hermit:Combo","hermit:Showdown"],"picked":"hermit:Horror","floor":12},{"not_picked":["hermit:Desperado","hermit:Malice"],"picked":"hermit:LowProfile","floor":14}],"player_experience":1659101,"relics_obtained":[{"floor":6,"key":"Oddly Smooth Stone"},{"floor":9,"key":"Vajra"}],"event_choices":[{"damage_healed":68,"gold_gain":0,"player_choice":"Upgrade","damage_taken":15,"max_hp_gain":0,"max_hp_loss":75,"event_name":"betterThird:BetterShining","floor":2,"gold_loss":0,"cards_upgraded":["hermit:Strike_Hermit","hermit:Strike_Hermit"]},{"cards_removed":["hermit:Strike_Hermit"],"damage_healed":0,"gold_gain":0,"player_choice":"Card Removal","damage_taken":7,"max_hp_gain":0,"max_hp_loss":0,"event_name":"Golden Wing","floor":4,"gold_loss":0},{"damage_healed":18,"gold_gain":0,"player_choice":"Healed","damage_taken":0,"max_hp_gain":0,"max_hp_loss":0,"event_name":"The Cleric","floor":5,"gold_loss":35},{"damage_healed":0,"gold_gain":0,"player_choice":"Trade","damage_taken":0,"relics_obtained":["GremlinMask"],"max_hp_gain":0,"max_hp_loss":0,"event_name":"FaceTrader","floor":7,"gold_loss":0},{"cards_removed":["hermit:Defend_Hermit"],"damage_healed":0,"gold_gain":0,"player_choice":"Purged","damage_taken":0,"max_hp_gain":0,"max_hp_loss":0,"event_name":"Purifier","floor":10,"gold_loss":0}],"is_beta":false,"boss_relics":[],"items_purged_floors":[],"is_endless":false,"potions_floor_spawned":[1,6,11],"killed_by":"The Guardian","ascension_level":10}}