{"host":"cjhtzh7tp54jdfyv","time":1609289949,"event":{"mods":["AchievementEnabler","BaseMod","Colored Map","Colored Powertips","Curses Come First","DeckTracker","Filter the Spire","Hermit","Minty Spire (QoL Compilation)","RNG Fix","Relic Sorter","Relic Stats","StSLib","The Cursed","The Disciple","The Marked","UnlockEverythingMod","Waifu the Spire","ojb\u0027s Better Paths Mod","ojb\u0027s Info Mod"],"gold_per_floor":[111,127,127,51,63,63,88,100,179,179,197,197,214,239,239,239,239],"floor_reached":16,"playtime":974,"items_purged":[],"score":224,"play_id":"928d2af6-4c3f-403e-874b-32017d67a997","local_time":"20201229195909","is_ascension_mode":true,"campfire_choices":[{"data":"TheCursedMod:OutForBlood","floor":6,"key":"SMITH"},{"data":"TheCursedMod:AbyssShockwave","floor":10,"key":"SMITH"},{"floor":12,"key":"REST"},{"data":"TheCursedMod:SpitefulPlan","floor":15,"key":"SMITH"}],"circlet_count":0,"master_deck":["AscendersBane","TheCursedMod:Strike_TheCursed","TheCursedMod:Strike_TheCursed","TheCursedMod:Strike_TheCursed","TheCursedMod:Strike_TheCursed","TheCursedMod:Defend_TheCursed","TheCursedMod:Defend_TheCursed","TheCursedMod:Defend_TheCursed","TheCursedMod:Defend_TheCursed","TheCursedMod:CursedWand","TheCursedMod:CleanUpWorkshop","TheCursedMod:Dregs","Parasite","TheCursedMod:OutForBlood+1","TheCursedMod:CursedMace","TheCursedMod:Mangle","TheCursedMod:CleanUpWorkshop","TheCursedMod:AbyssShockwave+1","TheCursedMod:Wield","TheCursedMod:SurpriseAttack","TheCursedMod:TacticalStrike+1","TheCursedMod:VitalStrike+1","TheCursedMod:SpitefulPlan+1"],"relics":["TheCursedMod:BlackMagic101","Gambling Chip","Molten Egg 2","Lantern"],"acts_visited":["Exordium"],"potions_floor_usage":[7,14,16],"damage_taken":[{"damage":4,"enemies":"2 Louse","floor":1,"turns":5},{"damage":7,"enemies":"Small Slimes","floor":2,"turns":5},{"damage":0,"enemies":"Jaw Worm","floor":5,"turns":3},{"damage":14,"enemies":"3 Sentries","floor":7,"turns":3},{"damage":8,"enemies":"Red Slaver","floor":8,"turns":5},{"damage":3,"enemies":"Blue Slaver","floor":11,"turns":4},{"damage":6,"enemies":"Exordium Wildlife","floor":13,"turns":2},{"damage":32,"enemies":"Gremlin Nob","floor":14,"turns":4},{"damage":19,"enemies":"Hexaghost","floor":16,"turns":7}],"seed_played":"3132178293786053261","potions_obtained":[{"floor":1,"key":"LiquidMemories"},{"floor":2,"key":"ColorlessPotion"},{"floor":14,"key":"Energy Potion"}],"is_trial":false,"path_per_floor":["M","M","?","$","M","R","E","M","T","R","M","R","M","E","R","B"],"character_chosen":"THE_CURSED","items_purchased":["TheCursedMod:AbyssShockwave"],"campfire_rested":1,"item_purchase_floors":[4],"current_hp_per_floor":[60,53,53,53,53,53,39,31,31,31,28,49,43,11,11,0,0],"gold":239,"neow_bonus":"THREE_RARE_CARDS","is_daily":false,"chose_seed":false,"campfire_upgraded":3,"win_rate":0.0,"timestamp":1609289949,"path_taken":["M","M","?","$","M","R","E","M","T","R","M","R","M","E","R","BOSS"],"items_purchased_type":["Card"],"build_version":"2020-12-22","purchased_purges":0,"victory":false,"max_hp_per_floor":[71,71,71,71,71,71,71,71,71,71,71,71,71,71,71,71,71],"relic_stats":{"counters":[9,38],"Gambling Chip":[17],"obtain_stats":[{"TheCursedMod:BlackMagic101":0,"Lantern":14,"Gambling Chip":7,"Molten Egg 2":9},{"TheCursedMod:BlackMagic101":0,"Lantern":8,"Gambling Chip":4,"Molten Egg 2":5},{"TheCursedMod:BlackMagic101":0,"Lantern":31,"Gambling Chip":16,"Molten Egg 2":21}]},"card_choices":[{"not_picked":["TheCursedMod:CursedRelics","TheCursedMod:VoidForm"],"picked":"TheCursedMod:OutForBlood","floor":0},{"not_picked":["TheCursedMod:TroublousMinions","TheCursedMod:SmokeScreen"],"picked":"TheCursedMod:CursedMace","floor":1},{"not_picked":["TheCursedMod:CursedBoomerang","TheCursedMod:WearCloak"],"picked":"TheCursedMod:Mangle","floor":2},{"not_picked":["TheCursedMod:Obscuration","TheCursedMod:Evocation"],"picked":"TheCursedMod:Wield","floor":5},{"not_picked":["TheCursedMod:CursedRelics","TheCursedMod:CursedMace","TheCursedMod:Stretching"],"picked":"SKIP","floor":7},{"not_picked":["TheCursedMod:CursedAmulet","TheCursedMod:CircleOfFlame"],"picked":"TheCursedMod:SurpriseAttack","floor":8},{"not_picked":["TheCursedMod:SaltUponWound","TheCursedMod:Torture"],"picked":"TheCursedMod:TacticalStrike+1","floor":11},{"not_picked":["TheCursedMod:CircleOfCorruption","TheCursedMod:CursedBlade+1"],"picked":"TheCursedMod:VitalStrike+1","floor":13},{"not_picked":["TheCursedMod:FleshFromBone","TheCursedMod:RavingStaff+1"],"picked":"TheCursedMod:SpitefulPlan","floor":14}],"player_experience":4502191,"relics_obtained":[{"floor":7,"key":"Gambling Chip"},{"floor":9,"key":"Molten Egg 2"},{"floor":14,"key":"Lantern"}],"event_choices":[{"damage_healed":0,"gold_gain":0,"player_choice":"1 cards matched","damage_taken":0,"max_hp_gain":0,"max_hp_loss":0,"event_name":"Match and Keep!","floor":3,"gold_loss":0,"cards_obtained":["TheCursedMod:CleanUpWorkshop"]}],"is_beta":false,"boss_relics":[],"items_purged_floors":[],"is_endless":false,"potions_floor_spawned":[1,2,14],"killed_by":"Hexaghost","ascension_level":20}}