{"host":"7pe9xwx78c6nlay8","time":1609319204,"event":{"mods":["BaseMod","Minty Spire (QoL Compilation)"],"gold_per_floor":[115,115,126,3,3,3,3,22,22,22,35,47,82,96,96,168,168,180,180,180,180,180,180,180],"floor_reached":23,"playtime":542,"items_purged":[],"score":431,"play_id":"a2396b58-fdd5-42ef-8d1f-6fd4a28ee892","local_time":"20201230170644","is_ascension_mode":true,"campfire_choices":[{"data":"Eruption","floor":6,"key":"SMITH"},{"data":"PathToVictory","floor":10,"key":"SMITH"},{"data":"BattleHymn","floor":15,"key":"SMITH"}],"circlet_count":0,"master_deck":["AscendersBane","Defend_P","Eruption+1","Vigilance","Prostrate","ThirdEye","Nirvana+1","ThirdEye","PathToVictory+1","ThirdEye","BattleHymn+1","Bite","Bite","Bite","Bite","Bite","Devotion","MentalFortress","PathToVictory"],"relics":["PureWater","NeowsBlessing","Question Card","GoldenEye","Philosopher\u0027s Stone"],"acts_visited":["Exordium","TheCity"],"potions_floor_usage":[2,13,13,14],"damage_taken":[{"damage":0,"enemies":"Jaw Worm","floor":1,"turns":1},{"damage":0,"enemies":"Cultist","floor":3,"turns":1},{"damage":0,"enemies":"Small Slimes","floor":8,"turns":2},{"damage":6,"enemies":"Looter","floor":11,"turns":4},{"damage":14,"enemies":"Exordium Wildlife","floor":12,"turns":6},{"damage":5,"enemies":"3 Sentries","floor":13,"turns":5},{"damage":2,"enemies":"Large Slime","floor":14,"turns":5},{"damage":0,"enemies":"Slime Boss","floor":16,"turns":7},{"damage":24,"enemies":"3 Byrds","floor":18,"turns":4},{"damage":41,"enemies":"Book of Stabbing","floor":23,"turns":3}],"seed_played":"1857268298574625732","potions_obtained":[{"floor":1,"key":"Swift Potion"},{"floor":2,"key":"Fruit Juice"},{"floor":2,"key":"Explosive Potion"},{"floor":12,"key":"Block Potion"},{"floor":14,"key":"Fruit Juice"}],"is_trial":false,"path_per_floor":["M","?","M","$","?","R","?","M","T","R","M","M","E","M","R","B",null,"M","?","?","?","?","E"],"character_chosen":"WATCHER","items_purchased":["Nirvana","ThirdEye"],"campfire_rested":0,"item_purchase_floors":[4,4],"current_hp_per_floor":[61,66,66,66,66,66,59,59,59,59,53,39,34,37,37,37,68,44,44,44,35,35,0,0],"gold":180,"neow_bonus":"THREE_ENEMY_KILL","is_daily":false,"chose_seed":false,"campfire_upgraded":3,"win_rate":0.0,"timestamp":1609319204,"path_taken":["M","?","M","?","?","R","?","M","T","R","M","?","E","M","R","BOSS","M","?","?","?","?","E"],"items_purchased_type":["Card","Card"],"build_version":"2020-12-22","purchased_purges":0,"victory":false,"max_hp_per_floor":[68,73,73,73,73,73,73,73,73,73,73,73,73,78,78,78,78,78,54,54,59,59,59,59],"card_choices":[{"not_picked":["Meditate","Conclude"],"picked":"Prostrate","floor":1},{"not_picked":["WaveOfTheHand","Perseverance"],"picked":"ThirdEye","floor":3},{"not_picked":["Prostrate","FollowUp"],"picked":"PathToVictory","floor":8},{"not_picked":["ClearTheMind","CrushJoints","Evaluate"],"picked":"ThirdEye","floor":11},{"not_picked":["Establishment","Prostrate","Sanctity"],"picked":"BattleHymn","floor":12},{"not_picked":["SashWhip","SignatureMove","Halt","ClearTheMind"],"picked":"SKIP","floor":13},{"not_picked":["EmptyMind","ClearTheMind","DeceiveReality","Crescendo"],"picked":"SKIP","floor":14},{"not_picked":["Conclude","Worship","Consecrate","Adaptation"],"picked":"SKIP","floor":18}],"player_experience":1576160,"relics_obtained":[{"floor":9,"key":"Question Card"},{"floor":13,"key":"GoldenEye"}],"event_choices":[{"damage_healed":0,"gold_gain":0,"player_choice":"Got Potions","damage_taken":0,"max_hp_gain":0,"max_hp_loss":0,"event_name":"Lab","floor":2,"gold_loss":0},{"damage_healed":0,"gold_gain":0,"player_choice":"Grow","damage_taken":0,"max_hp_gain":0,"max_hp_loss":0,"event_name":"Living Wall","floor":5,"gold_loss":0,"cards_upgraded":["Nirvana"]},{"cards_removed":["Defend_P"],"damage_healed":0,"gold_gain":0,"player_choice":"Card Removal","damage_taken":7,"max_hp_gain":0,"max_hp_loss":0,"event_name":"Golden Wing","floor":7,"gold_loss":0},{"damage_healed":0,"gold_gain":0,"player_choice":"Became a vampire","damage_taken":0,"max_hp_gain":0,"max_hp_loss":24,"event_name":"Vampires","floor":19,"gold_loss":0,"cards_obtained":["Bite","Bite","Bite","Bite","Bite"]},{"damage_healed":0,"gold_gain":0,"cards_transformed":["Defend_P","Defend_P"],"player_choice":"Became Test Subject","damage_taken":0,"max_hp_gain":0,"max_hp_loss":0,"event_name":"Drug Dealer","floor":20,"gold_loss":0,"cards_obtained":["Devotion","MentalFortress"]},{"damage_healed":0,"gold_gain":0,"player_choice":"Shed Blood","damage_taken":14,"max_hp_gain":5,"max_hp_loss":0,"event_name":"Forgotten Altar","floor":21,"gold_loss":0},{"damage_healed":0,"gold_gain":0,"player_choice":"Read","damage_taken":0,"max_hp_gain":0,"max_hp_loss":0,"event_name":"The Library","floor":22,"gold_loss":0,"cards_obtained":["PathToVictory"]}],"is_beta":false,"boss_relics":[{"not_picked":["Tiny House","SacredBark"],"picked":"Philosopher\u0027s Stone"}],"items_purged_floors":[],"is_endless":false,"potions_floor_spawned":[1,12,14],"killed_by":"Book of Stabbing","ascension_level":14}}