{"host":"5fasz840ryq7obdf","time":1609339782,"event":{"mods":["AchievementEnabler","BaseMod","Bestiary","Better Altar","Better Skull","Better Third Choice","BetterRewards","Block Reminder","Colored Powertips","Curses Come First","Downfall","Highlight Path","Minty Spire (QoL Compilation)","Quick Restart","Relic Sorter","Relic Stats","Shop Mod","Spicy Shops","StSLib","SuperFastMode"],"gold_per_floor":[99,117,117,133,233,233,258,283,317,336,368,384,384,394,408,509,509,509,527,546,576,591,605,605,605,605,605],"floor_reached":25,"playtime":2606,"items_purged":[],"score":215,"play_id":"24e2f552-d89b-4fde-b516-6f77da539ac8","local_time":"20201230144942","is_ascension_mode":false,"campfire_choices":[{"data":"Guardian:CurlUp","floor":1.0,"key":"SMITH"},{"floor":6,"key":"REST"},{"data":"Guardian:FastForward","floor":13,"key":"SMITH"},{"data":"Guardian:Emergency","floor":18,"key":"SMITH"}],"circlet_count":0,"master_deck":["Guardian:CurlUp+1","Guardian:TwinSlam","Guardian:WalkerClaw+1","Guardian:ShieldCharger","Guardian:Recover","Guardian:TemporalStrike","Guardian:DonusPower","Guardian:FastForward+1","Guardian:TimeBomb","Guardian:Emergency+1","Guardian:TimeBomb","Guardian:ExploitGems","Guardian:SphericShield","Guardian:Repulse","Guardian:Preprogram","Guardian:MultiBeam","Guardian:DecasProtection","Guardian:Gem_Cyan","Guardian:BronzeArmor+1","Guardian:Incinerate+1","Guardian:Gem_Crimson"],"relics":["Guardian:ModeShifter","Omamori","Oddly Smooth Stone","Potion Belt","Orichalcum","Pandora\u0027s Box","Red Mask","Akabeko"],"acts_visited":["Exordium","TheCity"],"potions_floor_usage":[11,15,16,16,16],"damage_taken":[{"damage":0.0,"enemies":"2 Louse","floor":2.0,"turns":2.0},{"damage":5.0,"enemies":"Small Slimes","floor":4.0,"turns":4.0},{"damage":56,"enemies":"downfall:Heads","floor":5,"turns":9},{"damage":10,"enemies":"Lagavulin","floor":9,"turns":8},{"damage":5,"enemies":"Jaw Worm","floor":10,"turns":3},{"damage":2,"enemies":"Gremlin Nob","floor":11,"turns":5},{"damage":1,"enemies":"Large Slime","floor":12,"turns":4},{"damage":5,"enemies":"Blue Slaver","floor":14,"turns":4},{"damage":10,"enemies":"Gremlin Gang","floor":15,"turns":5},{"damage":18,"enemies":"downfall:Silent","floor":16,"turns":14},{"damage":10,"enemies":"Shell Parasite","floor":19,"turns":4},{"damage":2,"enemies":"3 Byrds","floor":20,"turns":2},{"damage":28,"enemies":"Masked Bandits","floor":21,"turns":4},{"damage":15,"enemies":"Snecko","floor":22,"turns":7},{"damage":31,"enemies":"Centurion and Healer","floor":23,"turns":7},{"damage":4,"enemies":"3 Cultists","floor":25,"turns":2}],"seed_played":"1081988605097475509","potions_obtained":[{"floor":2.0,"key":"BlessingOfTheForge"},{"floor":9,"key":"SpeedPotion"},{"floor":12,"key":"PowerPotion"},{"floor":14,"key":"Block Potion"},{"floor":15,"key":"SkillPotion"},{"floor":21,"key":"champ:CounterPotion"}],"is_trial":false,"path_per_floor":["R","M","?","M","?","R","T","T","E","M","E","M","R","M","M","B",null,"R","M","M","?","M","M","T","M"],"character_chosen":"GUARDIAN","items_purchased":[],"campfire_rested":1,"item_purchase_floors":[],"current_hp_per_floor":[88,88,88,83,27,53,53,53,43,38,36,35,35,30,20,2,88,88,78,76,48,33,2,2,0,0,0],"gold":605,"neow_bonus":"TEN_PERCENT_HP_BONUS","is_daily":false,"chose_seed":false,"campfire_upgraded":3,"win_rate":0.0,"timestamp":1609339782,"path_taken":["R","M","?","M","?","R","T","?","E","M","E","M","R","M","M","BOSS","R","M","M","?","M","M","T","M"],"items_purchased_type":[],"build_version":"2020-12-22","purchased_purges":0,"victory":false,"max_hp_per_floor":[88,88,88,88,88,88,88,88,88,88,88,88,88,88,88,88,88,88,88,88,88,88,88,88,88,88,88],"relic_stats":{"counters":[16,83],"Pandora\u0027s Box":["Guardian:Gem_Crimson","Guardian:SphericShield","Guardian:Repulse","Guardian:Preprogram","Guardian:MultiBeam"],"Orichalcum":[54],"obtain_stats":[{"Potion Belt":9,"Guardian:ModeShifter":0,"Oddly Smooth Stone":8,"Pandora\u0027s Box":17,"Omamori":7,"Red Mask":21,"Orichalcum":11,"Akabeko":24},{"Potion Belt":4,"Guardian:ModeShifter":0,"Oddly Smooth Stone":3,"Pandora\u0027s Box":10,"Omamori":3,"Red Mask":13,"Orichalcum":6,"Akabeko":15},{"Potion Belt":23,"Guardian:ModeShifter":0,"Oddly Smooth Stone":15,"Pandora\u0027s Box":57,"Omamori":15,"Red Mask":67,"Orichalcum":31,"Akabeko":81}]},"card_choices":[{"not_picked":["Guardian:PrismaticBarrier","Guardian:Gem_Lightblue"],"picked":"Guardian:WalkerClaw","floor":2.0},{"not_picked":["Guardian:Reroute","Guardian:Incinerate"],"picked":"Guardian:ShieldCharger","floor":4.0},{"not_picked":["Guardian:SpikerProtocol","Guardian:TimeBomb"],"picked":"Guardian:Gem_Red","floor":5},{"not_picked":["Guardian:SpikerProtocol","Guardian:TimeSifter"],"picked":"Guardian:TemporalStrike","floor":9},{"not_picked":["Guardian:Suspension","Guardian:Harden"],"picked":"Guardian:DonusPower","floor":10},{"not_picked":["Guardian:Reroute","Guardian:BronzeArmor"],"picked":"Guardian:FastForward","floor":11},{"not_picked":["Guardian:SentryBeam","Guardian:Suspension"],"picked":"Guardian:TimeBomb","floor":12},{"not_picked":["Guardian:ShieldCharger","Guardian:Gem_Red"],"picked":"Guardian:Emergency","floor":14},{"not_picked":["Guardian:RollAttack","Guardian:CrystalBeam"],"picked":"Guardian:TimeBomb","floor":15},{"not_picked":["Guardian:AncientConstruct","Guardian:RevengeProtocol"],"picked":"Guardian:ExploitGems","floor":16},{"not_picked":["Guardian:PiercingHide","Guardian:ShieldCharger"],"picked":"Guardian:DecasProtection","floor":19},{"not_picked":["Guardian:GuardianWhirl","Guardian:Gem_Fragmented"],"picked":"Guardian:Gem_Cyan","floor":20},{"not_picked":["Guardian:PiercingHide","Guardian:MultiBeam"],"picked":"Guardian:BronzeArmor+1","floor":21},{"not_picked":["Guardian:BronzeOrb","Guardian:Suspension"],"picked":"Guardian:Incinerate+1","floor":22},{"not_picked":["Guardian:ChargeUp","Guardian:Suspension"],"picked":"Guardian:Gem_Crimson","floor":23}],"player_experience":1293128,"relics_obtained":[{"floor":7,"key":"Omamori"},{"floor":8,"key":"Oddly Smooth Stone"},{"floor":9,"key":"Potion Belt"},{"floor":11,"key":"Orichalcum"},{"floor":21,"key":"Red Mask"},{"floor":24,"key":"Akabeko"}],"event_choices":[{"damage_healed":0,"gold_gain":0,"player_choice":"Fought Bandits","damage_taken":0,"max_hp_gain":0,"max_hp_loss":0,"event_name":"Masked Bandits","floor":21,"gold_loss":0}],"is_beta":false,"boss_relics":[{"not_picked":["Sozu","Empty Cage"],"picked":"Pandora\u0027s Box"}],"items_purged_floors":[],"is_endless":false,"potions_floor_spawned":[2,9,12,14,15,21],"killed_by":"3 Cultists","ascension_level":0}}