{"host":"r428wgyz1934czl7","time":1609334727,"event":{"mods":["Act Like it!","BaseMod","Bestiary","Better Altar","Better Match","Better Note","Better Sensory Stone","Better Skull","Better Third Choice","CCEM","CapriCore","Displayed Cursed Tome","Duelist Mod","Elementarium","GifTheSpireLib","Infinite Spire","Jorbs\u0027s Wanderer Trilogy","Menagerie","Minty Spire (QoL Compilation)","MostiFishMod","Prisma Mod","Robot Space Explorer","Spicy Shops","StSLib","Stuff the Spire","The Alterego","The Animator","The Dragon Tamer","The Gatherer","The Immortal","The Poker Player","WarShipGirlsR/??¤Ö¤kR mod","vexMod"],"gold_per_floor":[119,119,27,27,102,102,152,327,350,350,27,27,41,57,57,180,180,205,229,279,204,217,217,233,233,260,260,280,260,260,72,72,195,195,213,213,269,292,292,292,292,292,367,382,398,429,449,473,473,473,473,473],"floor_reached":50,"playtime":2497,"items_purged":["Doubt"],"score":533,"play_id":"b06131c7-358c-4b36-8da0-0494ccc40bf8","local_time":"20201230212527","is_ascension_mode":false,"metric_token":2131,"campfire_choices":[{"data":"DTMod:MasterPlan","floor":6,"key":"SMITH"},{"floor":10,"key":"RECALL"},{"data":"DTMod:BalancedStrike","floor":12,"key":"SMITH"},{"data":"DTMod:BuildUp","floor":15,"key":"SMITH"},{"data":"DTMod:HeadStart","floor":23,"key":"SMITH"},{"data":"DTMod:SwitchingTactic","floor":25,"key":"SMITH"},{"data":"DTMod:Harmonize","floor":27,"key":"SMITH"},{"data":"DTMod:HeatWave","floor":30,"key":"SMITH"},{"data":"Deep Breath","floor":32,"key":"SMITH"},{"floor":40,"key":"REST"},{"data":"DTMod:Harmonize","floor":42,"key":"SMITH"},{"data":"DTMod:DarkBreath","floor":49,"key":"SMITH"}],"dtmod_dragon_data":[11,50,1,2,8,5],"circlet_count":0,"master_deck":["DTMod:Strike","DTMod:Strike","DTMod:Strike","DTMod:Strike","DTMod:DoubleHit","DTMod:TargetDefense","DTMod:TargetDefense","DTMod:TargetDefense","DTMod:TargetDefense","DTMod:SwitchingTactic+1","DTMod:MasterPlan+1","vexMod:EmailVexCard","DTMod:QuickFly","DTMod:BalancedStrike+1","DTMod:HeatWave+1","DTMod:BuildUp+1","DTMod:HeadStart+1","DTMod:Hide","DTMod:TauntingStrike","DTMod:ComboAttack","DTMod:TagTeam","DTMod:Harmonize+1","DTMod:Punisher","DTMod:Training+1","DTMod:ComboAttack+1","DTMod:MagicField","DTMod:Harmonize+1","DTMod:DarkBreath+1","DTMod:ShieldDrain","DTMod:OpeningTactic","DTMod:ComboAttack","DTMod:ForkedFire+1","DTMod:FierySynthesis","DTMod:MaximumCharge+1","Parasite","DTMod:PurifyingFlame+1"],"relics":["DTMod:PactStone","DaveBox","NeowsBlessing","SynthV:TestCard","Golden Idol","ArrowTower","CCEMRelics:SpiritsEdge","Oddly Smooth Stone","GreenFoldingFan","Vajra","JellyFishMachine","Nunchaku","CCEMRelics:OldTooth","ImprovedEquipment","DTMod:DragonFood"],"acts_visited":["Exordium","TheCity","TheBeyond"],"potions_floor_usage":[28,33,50,50,50],"damage_taken":[{"damage":0,"enemies":"2 Louse","floor":1,"turns":2},{"damage":0,"enemies":"Small Slimes","floor":13,"turns":1},{"damage":0,"enemies":"infinitespire:Voidling","floor":14,"turns":1},{"damage":4,"enemies":"Hexaghost","floor":16,"turns":8},{"damage":0,"enemies":"Spheric Guardian","floor":18,"turns":1},{"damage":1,"enemies":"3 Byrds","floor":19,"turns":3},{"damage":3,"enemies":"3 Cultists","floor":22,"turns":4},{"damage":3,"enemies":"Cultist and Chosen","floor":24,"turns":4},{"damage":1,"enemies":"Shelled Parasite and Fungi","floor":28,"turns":3},{"damage":16,"enemies":"Automaton","floor":33,"turns":7},{"damage":13,"enemies":"3 Shapes","floor":35,"turns":4},{"damage":3,"enemies":"2 Orb Walkers","floor":37,"turns":4},{"damage":3,"enemies":"3 Darklings","floor":38,"turns":4},{"damage":8,"enemies":"Sphere and 2 Shapes","floor":44,"turns":3},{"damage":11,"enemies":"4 Shapes","floor":45,"turns":3},{"damage":21,"enemies":"Reptomancer","floor":46,"turns":5},{"damage":0,"enemies":"Spire Growth","floor":47,"turns":2},{"damage":1,"enemies":"Writhing Mass","floor":48,"turns":3},{"damage":50,"enemies":"Awakened One","floor":50,"turns":7}],"seed_played":"8547488314559143109","potions_obtained":[{"floor":1,"key":"Regen Potion"},{"floor":19,"key":"Swift Potion"},{"floor":22,"key":"Block Potion"},{"floor":29,"key":"Swift Potion"},{"floor":37,"key":"BlessingOfTheForge"},{"floor":47,"key":"DuplicationPotion"}],"is_trial":false,"path_per_floor":["M","?","$","?","?","R","T","?","T","R","$","R","M","M","R","B",null,"M","M","?","?","M","R","M","R","T","R","M","?","R","$","R","B",null,"M","AVR","?","M","?","R","?","R","T","M","M","E","M","M","R","B"],"character_chosen":"THE_DT","items_purchased":["vexMod:EmailVexCard","DTMod:QuickFly","DTMod:BalancedStrike","Oddly Smooth Stone","Deep Breath","DTMod:MagicField"],"campfire_rested":1,"item_purchase_floors":[3,11,11,11,31,31],"current_hp_per_floor":[45,42,42,42,31,31,31,31,31,31,31,31,31,31,31,27,42,42,42,42,42,42,42,42,42,42,42,42,42,42,42,42,41,42,39,39,42,42,42,42,42,42,42,42,41,30,40,42,42,0,0,0],"gold":473,"neow_bonus":"THREE_ENEMY_KILL","is_daily":false,"chose_seed":false,"campfire_upgraded":10,"win_rate":0.0,"timestamp":1609334727,"path_taken":["M","?","$","?","?","R","?","?","T","R","?","R","M","M","R","BOSS","M","?","?","?","?","R","M","R","T","R","?","?","R","?","R","BOSS","M","AVR","?","M","?","R","?","R","T","M","M","E","M","M","R","BOSS"],"items_purchased_type":["Card","Card","Card","Relic","Card","Card"],"build_version":"2020-12-22","purchased_purges":1,"victory":false,"max_hp_per_floor":[45,42,42,42,42,42,42,42,42,42,42,42,42,42,42,42,42,42,42,42,42,42,42,42,42,42,42,42,42,42,42,42,42,42,42,42,42,42,42,42,42,42,42,42,42,42,42,42,42,42,42,42],"card_choices":[{"not_picked":["DTMod:MaximumCharge","DTMod:Astonish"],"picked":"DTMod:MasterPlan","floor":1},{"not_picked":["DTMod:BlueScale","DTMod:BizarreTactic","DTMod:BreakAttack","DTMod:Feint"],"picked":"DTMod:HeatWave","floor":13},{"not_picked":["DTMod:FlameSlash","DTMod:Weaken","DTMod:MasterPlan","DTMod:BreakAttack"],"picked":"DTMod:BuildUp","floor":14},{"not_picked":["DTMod:ExcessFootwork","DTMod:TriAttack","DTMod:Prediction","DTMod:SealedStrike"],"picked":"DTMod:HeadStart","floor":16},{"not_picked":["DTMod:ComboAttack+1","DTMod:BalancedStrike","DTMod:LastStand","DTMod:RecklessFlurry+1"],"picked":"DTMod:Hide","floor":18},{"not_picked":["DTMod:Haste","DTMod:BurningEnergy+1","DTMod:BuildUp","DTMod:BizarreTactic"],"picked":"DTMod:TauntingStrike","floor":19},{"not_picked":["DTMod:BlazingStrike","DTMod:Cover","DTMod:Weaken","DTMod:BreakAttack"],"picked":"DTMod:ComboAttack","floor":21},{"not_picked":["DTMod:BurningForce","DTMod:TauntingStrike","DTMod:SneakAttack","DTMod:BlueScale"],"picked":"DTMod:TagTeam","floor":21},{"not_picked":["DTMod:EchoTactic","DTMod:Inferno","DTMod:HeadStart","DTMod:StunTrap"],"picked":"DTMod:Harmonize","floor":21},{"not_picked":["DTMod:Weaken+1","DTMod:BuildUp","DTMod:BurningEnergy","DTMod:Coolant"],"picked":"DTMod:Punisher","floor":22},{"not_picked":["DTMod:BlazingStrike","DTMod:QuickFly","DTMod:MagicField","DTMod:BuildUp+1"],"picked":"DTMod:Training+1","floor":24},{"not_picked":["DTMod:Punisher","DTMod:QuickFly","DTMod:FlameSlash","DTMod:MaximumCharge"],"picked":"DTMod:ComboAttack+1","floor":28},{"not_picked":["DTMod:SealedStrike","DTMod:ResonanceForm","DTMod:FierySynthesis","DTMod:GearUp"],"picked":"DTMod:Harmonize","floor":33},{"not_picked":["DTMod:WarmUp+1","DTMod:HeatWave","DTMod:Cover","DTMod:BreakAttack"],"picked":"DTMod:DarkBreath","floor":35},{"not_picked":["DTMod:MasterPlan+1","DTMod:Threaten","DTMod:Conduct+1","DTMod:Adaptation"],"picked":"DTMod:ShieldDrain","floor":37},{"not_picked":["DTMod:BreakAttack","DTMod:Weaken","DTMod:BurningEnergy","DTMod:Threaten+1"],"picked":"DTMod:OpeningTactic","floor":38},{"not_picked":["DTMod:BlazingStrike+1","DTMod:LastStand","DTMod:Cover","DTMod:HeatWave+1"],"picked":"DTMod:ComboAttack","floor":44},{"not_picked":["DTMod:BurningForce+1","DTMod:CleansingStrike+1","DTMod:WarmUp","DTMod:BurningEnergy"],"picked":"DTMod:ForkedFire+1","floor":45},{"not_picked":["DTMod:CleansingStrike","DTMod:ComboAttack","DTMod:Training","DTMod:Cover+1"],"picked":"DTMod:FierySynthesis","floor":46},{"not_picked":["DTMod:GhostSkin","DTMod:DeepFocus","DTMod:CleansingStrike","DTMod:Threaten+1"],"picked":"DTMod:MaximumCharge+1","floor":47},{"not_picked":["DTMod:Cover+1","DTMod:Threaten+1","DTMod:Haste+1","DTMod:FlameSlash+1"],"picked":"DTMod:PurifyingFlame+1","floor":48}],"player_experience":169461,"relics_obtained":[{"floor":1,"key":"SynthV:TestCard"},{"floor":7,"key":"CCEMRelics:SpiritsEdge"},{"floor":26,"key":"Vajra"},{"floor":37,"key":"CCEMRelics:OldTooth"},{"floor":43,"key":"ImprovedEquipment"},{"floor":46,"key":"DTMod:DragonFood"}],"event_choices":[{"damage_healed":0,"gold_gain":0,"player_choice":"Lose Max HP","damage_taken":0,"relics_obtained":["Golden Idol"],"max_hp_gain":0,"max_hp_loss":3,"event_name":"Golden Idol","floor":2,"gold_loss":0},{"damage_healed":0,"gold_gain":75,"player_choice":"Gold","damage_taken":11,"max_hp_gain":0,"max_hp_loss":0,"event_name":"betterThird:BetterGoop","floor":5,"gold_loss":0},{"damage_healed":0,"gold_gain":175,"player_choice":"AGREE","damage_taken":152,"max_hp_gain":0,"max_hp_loss":0,"event_name":"betterThird:BetterSerpent","floor":8,"gold_loss":0},{"damage_healed":0,"gold_gain":100,"player_choice":"Bet on Murderer","damage_taken":0,"max_hp_gain":0,"max_hp_loss":0,"event_name":"The Joust","floor":20,"gold_loss":50},{"damage_healed":0,"gold_gain":0,"player_choice":"1","damage_taken":0,"max_hp_gain":0,"max_hp_loss":0,"event_name":"betterMatch:BetterMatch","floor":21,"gold_loss":0,"cards_obtained":["betterMatch:CommonCard","betterMatch:UncommonCard","betterMatch:RareCard"]},{"damage_healed":0,"gold_gain":0,"player_choice":"Bought 1 Potion","damage_taken":0,"max_hp_gain":0,"max_hp_loss":0,"event_name":"The Woman in Blue","floor":29,"gold_loss":0},{"damage_healed":0,"gold_gain":0,"player_choice":"Fight","damage_taken":0,"max_hp_gain":0,"max_hp_loss":0,"event_name":"Mysterious Sphere","floor":37,"gold_loss":0},{"damage_healed":0,"gold_gain":0,"player_choice":"Ignored","damage_taken":0,"max_hp_gain":0,"max_hp_loss":0,"event_name":"Tomb of Lord Red Mask","floor":39,"gold_loss":0},{"cards_removed":["Deep Breath"],"damage_healed":0,"gold_gain":0,"player_choice":"Removed Skill","damage_taken":0,"max_hp_gain":0,"max_hp_loss":0,"event_name":"Falling","floor":41,"gold_loss":0}],"is_beta":false,"boss_relics":[{"not_picked":["Snecko Eye","StuffTheSpire:Kangaroo"],"picked":"GreenFoldingFan"},{"not_picked":["HaiYi:Twilight","Tiny House"],"picked":"JellyFishMachine"}],"items_purged_floors":[11],"is_endless":false,"potions_floor_spawned":[1,19,22,37,38,46,47],"killed_by":"Awakened One","ascension_level":0}}