{"host":"y89x8uui45kcjy42","time":1609330856,"event":{"mods":["2.2 Compatiblity","BaseMod","CapriCore","Colored Map","Colored Powertips","Custom Start","Friendly Minions","Highlight Path","Keyboard Shortcuts","Minty Spire (QoL Compilation)","Relic Stats","Slay the Relics Exporter","StSLib","SuperFastMode","Waifu the Spire"],"gold_per_floor":[115,115,125,50,50,75,75,94,94,94,114,126,139,159,159,231,231,249,249,265,284,284,284,298,298,373,409,435,360,360,360],"floor_reached":30,"playtime":871,"items_purged":[],"score":558,"play_id":"40580a0e-6707-4e27-b0d7-3b4a98946d01","local_time":"20201230212056","is_ascension_mode":true,"campfire_choices":[{"data":"Dualcast","floor":7,"key":"SMITH"},{"data":"Zap","floor":10,"key":"SMITH"},{"data":"Coolheaded","floor":15,"key":"SMITH"},{"data":"Echo Form","floor":23,"key":"SMITH"},{"data":"Capacitor","floor":25,"key":"SMITH"}],"circlet_count":0,"master_deck":["AscendersBane","Strike_B+1","Strike_B+1","Strike_B+1","Defend_B+1","Defend_B","Defend_B","Zap+1","Dualcast+1","Hologram","Coolheaded+1","Consume+1","Seek+1","Undo+1","Coolheaded+1","Chill+1","Echo Form+1","Capacitor+1","Buffer","Double Energy+1"],"relics":["Cracked Core","NeowsBlessing","Toxic Egg 2","Oddly Smooth Stone","Inserter","Inserter","Coffee Dripper","WarpedTongs","Whetstone","WristBlade","Letter Opener","CeramicFish"],"acts_visited":["Exordium","TheCity"],"potions_floor_usage":[8,21,30,30],"damage_taken":[{"damage":0,"enemies":"Cultist","floor":1,"turns":1},{"damage":0,"enemies":"2 Louse","floor":3,"turns":1},{"damage":0,"enemies":"3 Sentries","floor":6,"turns":1},{"damage":7,"enemies":"Jaw Worm","floor":8,"turns":2},{"damage":5,"enemies":"Exordium Wildlife","floor":11,"turns":4},{"damage":13,"enemies":"3 Louse","floor":12,"turns":2},{"damage":2,"enemies":"Looter","floor":13,"turns":3},{"damage":0,"enemies":"2 Fungi Beasts","floor":14,"turns":5},{"damage":16,"enemies":"The Guardian","floor":16,"turns":9},{"damage":14,"enemies":"Chosen","floor":18,"turns":6},{"damage":0,"enemies":"Spheric Guardian","floor":20,"turns":5},{"damage":22,"enemies":"Cultist and Chosen","floor":21,"turns":9},{"damage":9,"enemies":"Snake Plant","floor":24,"turns":6},{"damage":30,"enemies":"Book of Stabbing","floor":27,"turns":6},{"damage":19,"enemies":"Shelled Parasite and Fungi","floor":28,"turns":6},{"damage":28,"enemies":"Slavers","floor":30,"turns":2}],"seed_played":"8640158634077618021","potions_obtained":[{"floor":1,"key":"FearPotion"},{"floor":12,"key":"BlessingOfTheForge"},{"floor":14,"key":"LiquidBronze"},{"floor":16,"key":"EssenceOfDarkness"},{"floor":21,"key":"LiquidMemories"}],"is_trial":false,"path_per_floor":["M","?","M","?","$","E","R","M","T","R","M","M","M","M","R","B",null,"M","?","M","M","?","R","M","R","T","E","M","?","E"],"character_chosen":"DEFECT","items_purchased":[],"campfire_rested":0,"item_purchase_floors":[],"current_hp_per_floor":[64,43,43,43,43,43,43,36,36,36,31,18,16,16,16,55,67,53,33,33,11,11,11,2,2,2,46,27,27,0,0],"gold":360,"neow_bonus":"THREE_ENEMY_KILL","is_daily":false,"chose_seed":false,"campfire_upgraded":5,"win_rate":0.0,"timestamp":1609330856,"path_taken":["M","?","M","?","?","E","R","M","T","R","M","M","M","M","R","BOSS","M","?","M","M","?","R","M","R","T","E","M","?","E"],"items_purchased_type":[],"build_version":"2020-12-22","purchased_purges":0,"victory":false,"max_hp_per_floor":[71,71,71,71,71,71,71,71,71,71,71,71,71,71,71,71,71,71,76,76,76,76,76,76,76,76,76,76,76,76,76],"relic_stats":{"Inserter":[49],"counters":[16,68],"CeramicFish":18,"Whetstone":["Strike_B","Strike_B"],"Letter Opener":[85],"obtain_stats":[{"Inserter":14,"NeowsBlessing":0,"WristBlade":24,"CeramicFish":27,"Oddly Smooth Stone":9,"Coffee Dripper":17,"Whetstone":24,"Letter Opener":26,"Toxic Egg 2":6,"Cracked Core":0,"WarpedTongs":24},{"Inserter":8,"NeowsBlessing":0,"WristBlade":13,"CeramicFish":14,"Oddly Smooth Stone":4,"Coffee Dripper":9,"Whetstone":13,"Letter Opener":13,"Toxic Egg 2":3,"Cracked Core":0,"WarpedTongs":13},{"Inserter":16,"NeowsBlessing":0,"WristBlade":54,"CeramicFish":60,"Oddly Smooth Stone":5,"Coffee Dripper":28,"Whetstone":54,"Letter Opener":54,"Toxic Egg 2":3,"Cracked Core":0,"WarpedTongs":54}],"WarpedTongs":[9]},"card_choices":[{"not_picked":["Steam Power","Steam"],"picked":"Hologram","floor":1},{"not_picked":["Turbo","Fusion"],"picked":"Coolheaded","floor":3},{"not_picked":["BootSequence+1","Steam+1"],"picked":"Consume+1","floor":6},{"not_picked":["Ball Lightning","Undo+1"],"picked":"Seek+1","floor":8},{"not_picked":["Hologram+1","Skim+1"],"picked":"Undo+1","floor":11},{"not_picked":["Hologram+1","Turbo+1","Stack+1"],"picked":"SKIP","floor":12},{"not_picked":["Self Repair","Conserve Battery+1"],"picked":"Coolheaded+1","floor":13},{"not_picked":["Reprogram+1","Leap+1"],"picked":"Chill+1","floor":14},{"not_picked":["Fission+1","Reboot+1"],"picked":"Echo Form","floor":16},{"not_picked":["Go for the Eyes+1","Coolheaded+1","Cold Snap"],"picked":"SKIP","floor":18},{"not_picked":["Gash","Ball Lightning","Stack+1"],"picked":"SKIP","floor":20},{"not_picked":["Auto Shields+1","Ball Lightning","Steam+1"],"picked":"SKIP","floor":21},{"not_picked":["Streamline","Sweeping Beam"],"picked":"Capacitor","floor":24},{"not_picked":["Barrage","Steam+1"],"picked":"Buffer","floor":27},{"not_picked":["Fusion+1","Compile Driver"],"picked":"Double Energy+1","floor":28}],"player_experience":528777,"relics_obtained":[{"floor":6,"key":"Toxic Egg 2"},{"floor":9,"key":"Oddly Smooth Stone"},{"floor":26,"key":"Letter Opener"},{"floor":27,"key":"CeramicFish"}],"event_choices":[{"damage_healed":0,"gold_gain":0,"player_choice":"Entered Light","damage_taken":21,"max_hp_gain":0,"max_hp_loss":0,"event_name":"Shining Light","floor":2,"gold_loss":0,"cards_upgraded":["Strike_B","Defend_B"]},{"cards_removed":["Strike_B"],"damage_healed":0,"gold_gain":0,"player_choice":"Card Removal","damage_taken":0,"max_hp_gain":0,"max_hp_loss":0,"event_name":"The Cleric","floor":4,"gold_loss":75},{"damage_healed":0,"gold_gain":0,"player_choice":"Shed Blood","damage_taken":25,"max_hp_gain":5,"max_hp_loss":0,"event_name":"Forgotten Altar","floor":19,"gold_loss":0},{"damage_healed":0,"gold_gain":0,"player_choice":"Ignored","damage_taken":0,"max_hp_gain":0,"max_hp_loss":0,"event_name":"Vampires","floor":22,"gold_loss":0},{"cards_removed":["Defend_B"],"damage_healed":0,"gold_gain":0,"player_choice":"Gave Gold","damage_taken":0,"max_hp_gain":0,"max_hp_loss":0,"event_name":"Beggar","floor":29,"gold_loss":75}],"is_beta":false,"boss_relics":[{"not_picked":["Fusion Hammer","Black Star"],"picked":"Coffee Dripper"}],"items_purged_floors":[],"is_endless":false,"potions_floor_spawned":[1,12,14,16,21,28],"killed_by":"Slavers","ascension_level":20}}