{"host":"idmgg8r816nmas40","time":1609317691,"event":{"mods":["AchievementEnabler","AlwaysNeverKeys","BaseMod","BetterRewards","Block Reminder","Colored Map","Colored Powertips","DeckTracker","Googly Eyes","Highlight Path","Hubris","Infinite Spire","Minty Spire (QoL Compilation)","Quick Restart","Relic Stats","Replay The Spire","Shop Mod","StSLib","SuperFastMode","Synergy Search","Transform Curses"],"gold_per_floor":[112,112,124,124,138,170,170,170,170],"floor_reached":8,"playtime":251,"items_purged":[],"score":106,"play_id":"fab36ced-3b7b-4c58-a153-9840fac7009c","local_time":"20201230014131","is_ascension_mode":true,"campfire_choices":[{"floor":7,"key":"REST"}],"circlet_count":0,"master_deck":["AscendersBane","Strike_B","Strike_B","Strike_B","Defend_B","Defend_B+1","Defend_B","Defend_B","Zap","Dualcast","Sweeping Beam","Conserve Battery+1","Loop"],"relics":["Burning Blood","infinitespire:SolderingIron","ClockworkSouvenir","Quantum Egg","Lee\u0027s Waffle","infinitespire:Cubic Diamond","War Paint"],"acts_visited":["Exordium"],"potions_floor_usage":[5,6],"damage_taken":[{"damage":7,"enemies":"Cultist","floor":1,"turns":4},{"damage":0,"enemies":"Jaw Worm","floor":3,"turns":4},{"damage":3,"enemies":"2 Louse","floor":5,"turns":4},{"damage":65,"enemies":"Gremlin Nob","floor":6,"turns":6},{"damage":44,"enemies":"3 Sentries","floor":8,"turns":7}],"seed_played":"-8281838121251160976","potions_obtained":[{"floor":1,"key":"Block Potion"},{"floor":3,"key":"Dexterity Potion"}],"is_trial":false,"path_per_floor":["M","?","M","?","M","E","R","E"],"character_chosen":"DEFECT","items_purchased":["infinitespire:SolderingIron","ClockworkSouvenir","Quantum Egg","Lee\u0027s Waffle"],"campfire_rested":1,"item_purchase_floors":[0,0,0,0],"current_hp_per_floor":[71,71,71,71,74,15,38,0,0],"gold":170,"neow_bonus":"","is_daily":false,"chose_seed":false,"campfire_upgraded":0,"win_rate":0.0,"timestamp":1609317691,"path_taken":["M","?","?","?","M","E","R","E"],"items_purchased_type":["Relic","Relic","Relic","Relic"],"build_version":"2020-12-22","purchased_purges":0,"victory":false,"max_hp_per_floor":[78,78,78,78,78,78,78,78,78],"relic_stats":{"Lee\u0027s Waffle":14,"counters":[88,386],"War Paint":["Conserve Battery","Defend_B"],"obtain_stats":[{"Ice Cream":0,"Replay:Accelerometer":0,"hubris:BallOfYels":0,"Calipers":9,"CeramicFish":32,"infinitespire:Cubic Diamond":3,"Raider\u0027s Mask":0,"Boot":53,"Sling":0,"Blood Vial":28,"infinitespire:ShieldingShard":17,"Replay:Frozen Program":0,"infinitespire:SolderingIron":0,"Sundial":2,"Strawberry":46,"infinitespire:Golems Mask":0,"Prayer Wheel":16,"Replay:Bottled Flurry":37,"Kunai":54,"MerchantsRug":0,"Pear":21,"hubris:Teleporter":0,"Ring of Hypnosis":2,"Happy Flower":0,"Blue Candle":27,"Oddly Smooth Stone":0,"hubris:SphereOfDissonance":26,"Replay:Kaleidoscope":6,"War Paint":6,"Question Card":0,"Cables":17,"WarpedTongs":36,"Du-Vu Doll":0,"OrangePellets":0,"SlaversCollar":34,"Replay:Baseball":21,"Shuriken":0,"infinitespire:Lychee Nut":17,"Bronze Scales":17,"MutagenicStrength":20,"hubris:TenFootPole":0,"Black Star":34,"ReplayTheSpireMod:TigerMarble":0,"Mirror":11,"Symbiotic Virus":12,"infinitespire:PuzzleCube":0,"Pocketwatch":0,"Solar Panel":6,"Lantern":12,"Regal Pillow":2,"Replay:PocketPolymizer":0,"StoneCalendar":17,"Juzu Bracelet":17,"Replay:Multitool":0,"Bag of Preparation":0,"Sizzling Blood":3,"hubris:SlimyHat":0,"Burning Blood":4,"ClockworkSouvenir":0,"Dream Catcher":26,"Replay:Bandana":5,"Shovel":8,"Pantograph":42,"Tiny Chest":24,"hubris:CuriousFeather":38,"Cracked Core":0,"infinitespire:Chaos":0,"Potion Belt":9,"Lee\u0027s Waffle":0,"BargainBundle":0,"Inserter":17,"Golden Idol":3,"hubris:64BitClover":26,"Quantum Egg":0,"infinitespire:EmptyRelic":0,"Thread and Needle":0,"Geode":3,"infinitespire:Lucky Rock":30,"Orichalcum":10,"hubris:Towel":36,"Frozen Egg 2":9,"MawBank":40,"Nuclear Battery":38,"Calling Bell":0,"Peace Pipe":0,"Cauldron":53,"Busted Crown":0,"Orrery":46,"Art of War":43,"Durian":14,"Membership Card":22,"ReplayTheSpireMod:Ring of Challenge":29,"Toy Ornithopter":6,"hubris:OldNail":9,"ReplayTheSpireMod:ShopPack":0},{"Ice Cream":63,"Replay:Accelerometer":26,"hubris:BallOfYels":71,"Calipers":51,"CeramicFish":59,"infinitespire:Cubic Diamond":64,"Raider\u0027s Mask":83,"Boot":24,"Sling":26,"Blood Vial":15,"infinitespire:ShieldingShard":53,"Replay:Frozen Program":63,"infinitespire:SolderingIron":83,"Sundial":1,"Strawberry":23,"infinitespire:Golems Mask":26,"Prayer Wheel":33,"Replay:Bottled Flurry":61,"Kunai":25,"MerchantsRug":68,"Pear":35,"hubris:Teleporter":68,"Ring of Hypnosis":42,"Happy Flower":68,"Blue Candle":15,"Oddly Smooth Stone":0,"hubris:SphereOfDissonance":37,"Replay:Kaleidoscope":29,"War Paint":87,"Question Card":0,"Cables":11,"WarpedTongs":18,"Du-Vu Doll":46,"OrangePellets":3,"SlaversCollar":17,"Replay:Baseball":55,"Shuriken":3,"infinitespire:Lychee Nut":53,"Bronze Scales":53,"MutagenicStrength":55,"hubris:TenFootPole":26,"Black Star":60,"ReplayTheSpireMod:TigerMarble":83,"Mirror":51,"Symbiotic Virus":77,"infinitespire:PuzzleCube":46,"Pocketwatch":68,"Solar Panel":44,"Lantern":9,"Regal Pillow":47,"Replay:PocketPolymizer":71,"StoneCalendar":11,"Juzu Bracelet":11,"Replay:Multitool":26,"Bag of Preparation":46,"Sizzling Blood":64,"hubris:SlimyHat":83,"Burning Blood":85,"ClockworkSouvenir":83,"Dream Catcher":14,"Replay:Bandana":28,"Shovel":51,"Pantograph":22,"Tiny Chest":37,"hubris:CuriousFeather":61,"Cracked Core":0,"infinitespire:Chaos":68,"Potion Belt":7,"Lee\u0027s Waffle":3,"BargainBundle":71,"Inserter":33,"Golden Idol":5,"hubris:64BitClover":57,"Quantum Egg":83,"infinitespire:EmptyRelic":68,"Thread and Needle":41,"Geode":27,"infinitespire:Lucky Rock":39,"Orichalcum":8,"hubris:Towel":61,"Frozen Egg 2":74,"MawBank":20,"Nuclear Battery":61,"Calling Bell":0,"Peace Pipe":0,"Cauldron":24,"Busted Crown":68,"Orrery":23,"Art of War":22,"Durian":32,"Membership Card":13,"ReplayTheSpireMod:Ring of Challenge":58,"Toy Ornithopter":7,"hubris:OldNail":30,"ReplayTheSpireMod:ShopPack":68},{"Ice Cream":289,"Replay:Accelerometer":152,"hubris:BallOfYels":325,"Calipers":243,"CeramicFish":272,"infinitespire:Cubic Diamond":292,"Raider\u0027s Mask":362,"Boot":141,"Sling":152,"Blood Vial":78,"infinitespire:ShieldingShard":253,"Replay:Frozen Program":289,"infinitespire:SolderingIron":362,"Sundial":4,"Strawberry":132,"infinitespire:Golems Mask":152,"Prayer Wheel":176,"Replay:Bottled Flurry":282,"Kunai":146,"MerchantsRug":311,"Pear":188,"hubris:Teleporter":311,"Ring of Hypnosis":213,"Happy Flower":311,"Blue Candle":78,"Oddly Smooth Stone":0,"hubris:SphereOfDissonance":194,"Replay:Kaleidoscope":161,"War Paint":379,"Question Card":0,"Cables":57,"WarpedTongs":101,"Du-Vu Doll":227,"OrangePellets":20,"SlaversCollar":94,"Replay:Baseball":258,"Shuriken":20,"infinitespire:Lychee Nut":253,"Bronze Scales":253,"MutagenicStrength":258,"hubris:TenFootPole":152,"Black Star":279,"ReplayTheSpireMod:TigerMarble":362,"Mirror":243,"Symbiotic Virus":342,"infinitespire:PuzzleCube":227,"Pocketwatch":311,"Solar Panel":221,"Lantern":45,"Regal Pillow":229,"Replay:PocketPolymizer":325,"StoneCalendar":57,"Juzu Bracelet":57,"Replay:Multitool":152,"Bag of Preparation":227,"Sizzling Blood":292,"hubris:SlimyHat":362,"Burning Blood":370,"ClockworkSouvenir":362,"Dream Catcher":71,"Replay:Bandana":157,"Shovel":243,"Pantograph":125,"Tiny Chest":194,"hubris:CuriousFeather":282,"Cracked Core":0,"infinitespire:Chaos":311,"Potion Belt":35,"Lee\u0027s Waffle":20,"BargainBundle":325,"Inserter":181,"Golden Idol":28,"hubris:64BitClover":266,"Quantum Egg":362,"infinitespire:EmptyRelic":311,"Thread and Needle":210,"Geode":155,"infinitespire:Lucky Rock":202,"Orichalcum":41,"hubris:Towel":282,"Frozen Egg 2":332,"MawBank":113,"Nuclear Battery":282,"Calling Bell":0,"Peace Pipe":0,"Cauldron":141,"Busted Crown":311,"Orrery":132,"Art of War":125,"Durian":172,"Membership Card":66,"ReplayTheSpireMod:Ring of Challenge":269,"Toy Ornithopter":35,"hubris:OldNail":164,"ReplayTheSpireMod:ShopPack":311}],"Burning Blood":12},"card_choices":[{"not_picked":["Coolheaded","Redo"],"picked":"Sweeping Beam","floor":1},{"not_picked":["BootSequence","Leap"],"picked":"Loop","floor":3},{"not_picked":["Panic Button","hubris:SpecializedCircuitry","Go for the Eyes"],"picked":"SKIP","floor":5},{"not_picked":["ReplayTheSpireMod:Reroute Power","Turbo","Reinforced Body"],"picked":"SKIP","floor":6}],"player_experience":1013341,"relics_obtained":[{"floor":6,"key":"War Paint"}],"event_choices":[{"damage_healed":0,"gold_gain":0,"cards_transformed":["Strike_B"],"player_choice":"Transformed","damage_taken":0,"max_hp_gain":0,"max_hp_loss":0,"event_name":"Transmorgrifier","floor":2,"gold_loss":0,"cards_obtained":["Conserve Battery"]}],"is_beta":false,"boss_relics":[],"items_purged_floors":[],"is_endless":false,"potions_floor_spawned":[1,3],"killed_by":"3 Sentries","ascension_level":18}}