{"host":"p9t7qd83igtcp2bh","time":1609307216,"event":{"mods":["2.2 Compatiblity","AchievementEnabler","BaseMod","Colored Map","Colored Powertips","Custom Start","DeckTracker","Keyboard Shortcuts","Minty Spire (QoL Compilation)","Permanent Neow","StSLib","SuperFastMode","everything is the same but u backflip on backflip"],"gold_per_floor":[11,11,36,36,36,36,66,66,66,97,97,97],"floor_reached":11,"playtime":183,"items_purged":[],"score":118,"play_id":"6d3da81a-c801-47b0-9538-b35af6ae6c82","local_time":"20201230144656","is_ascension_mode":true,"campfire_choices":[{"data":"Eviscerate","floor":6,"key":"SMITH"},{"data":"Neutralize","floor":8,"key":"SMITH"}],"circlet_count":0,"master_deck":["AscendersBane","Strike_G+1","Strike_G","Strike_G","Strike_G","Defend_G","Defend_G","Defend_G+1","Defend_G","Survivor","Neutralize+1","Quick Slash","Eviscerate+1","Dagger Spray"],"relics":["Ring of the Snake","Golden Idol","Paper Crane","Boot","Odd Mushroom"],"acts_visited":["Exordium"],"potions_floor_usage":[],"damage_taken":[{"damage":0,"enemies":"Cultist","floor":1,"turns":4},{"damage":1,"enemies":"Small Slimes","floor":3,"turns":3},{"damage":24,"enemies":"The Mushroom Lair","floor":10,"turns":5},{"damage":12,"enemies":"3 Sentries","floor":11,"turns":4}],"seed_played":"-315311842202632205","potions_obtained":[{"floor":10,"key":"SteroidPotion"}],"is_trial":false,"path_per_floor":["M","?","M","?","$","R","?","R","T","?","E"],"character_chosen":"THE_SILENT","items_purchased":[],"campfire_rested":0,"item_purchase_floors":[],"current_hp_per_floor":[59,59,58,40,40,40,40,40,40,16,4,4],"gold":97,"neow_bonus":"REMOVE_TWO","is_daily":false,"chose_seed":false,"campfire_upgraded":2,"win_rate":0.0,"timestamp":1609307216,"path_taken":["M","?","M","?","?","R","?","R","T","?","E"],"items_purchased_type":[],"build_version":"2020-12-22","purchased_purges":0,"victory":false,"max_hp_per_floor":[66,60,60,60,60,60,60,60,60,60,60,60],"card_choices":[{"not_picked":["Underhanded Strike","Deadly Poison"],"picked":"Quick Slash","floor":1},{"not_picked":["Quick Slash","Terror"],"picked":"Eviscerate","floor":3},{"not_picked":["Deadly Poison","Endless Agony"],"picked":"Dagger Spray","floor":10}],"player_experience":584584,"relics_obtained":[{"floor":9,"key":"Boot"},{"floor":10,"key":"Odd Mushroom"}],"event_choices":[{"damage_healed":0,"gold_gain":0,"player_choice":"Lose Max HP","damage_taken":0,"relics_obtained":["Golden Idol"],"max_hp_gain":0,"max_hp_loss":6,"event_name":"Golden Idol","floor":2,"gold_loss":0},{"damage_healed":0,"gold_gain":0,"player_choice":"Entered Light","damage_taken":18,"max_hp_gain":0,"max_hp_loss":0,"event_name":"Shining Light","floor":4,"gold_loss":0,"cards_upgraded":["Defend_G","Strike_G"]},{"damage_healed":0,"gold_gain":30,"player_choice":"Searched \u00272\u0027 times","damage_taken":0,"relics_obtained":["Paper Crane"],"max_hp_gain":0,"max_hp_loss":0,"event_name":"Dead Adventurer","floor":7,"gold_loss":0},{"damage_healed":0,"gold_gain":0,"player_choice":"Fought Mushrooms","damage_taken":0,"max_hp_gain":0,"max_hp_loss":0,"event_name":"Mushrooms","floor":10,"gold_loss":0}],"is_beta":false,"boss_relics":[],"items_purged_floors":[],"is_endless":false,"potions_floor_spawned":[10],"killed_by":"3 Sentries","ascension_level":20}}