{"host":"h4lp0eeso8a0ssq0","time":1609289831,"event":{"mods":["2.2 Compatiblity","AchievementEnabler","Astrologer","BaseMod","CapriCore","Colored Map","Downfall","Hermit","Lobotomy","Marisa£¨Ùöéë¡¡Øª×âÞÞ£©","Minty Spire (QoL Compilation)","StSLib","SuperFastMode","The Cursed","The Hierophant","The Immortal"],"gold_per_floor":[20,20,44,44,44,69,94,19,19,0,0,14,14,34,34,163,163,163,163,163,163,163,163,163,163,163,163,163,163,163,163,163,163,163,163,163,163,163,163,163,163,163,163,163,163,163,163,163,163,163,163,163,163,63,63,63],"floor_reached":57,"playtime":1679,"items_purged":["MokouMod:Strike","MokouMod:Strike"],"score":1347,"play_id":"558ee115-1416-44d3-b9d5-2962014e7549","local_time":"20201230095711","is_ascension_mode":false,"campfire_choices":[{"floor":13.0,"key":"REST"},{"data":"MokouMod:Defend","floor":15.0,"key":"SMITH"},{"floor":23.0,"key":"REST"},{"floor":25.0,"key":"REST"},{"floor":32.0,"key":"REST"},{"floor":41.0,"key":"REST"},{"floor":44.0,"key":"REST"},{"floor":47,"key":"RECALL"},{"floor":49,"key":"REST"},{"data":"MokouMod:Defend","floor":53,"key":"SMITH"}],"circlet_count":17,"master_deck":["MokouMod:Strike","MokouMod:Strike","MokouMod:Defend+1","MokouMod:Defend+1","MokouMod:Defend+1","MokouMod:Defend+1","MokouMod:Extinguish+1","MokouMod:PhoenixFeathers"],"relics":["MokouMod:PhoenixFeather","Golden Idol","StoneCalendar","Du-Vu Doll","Eternal Feather","Unceasing Top","Girya","Torii","Ectoplasm","Prayer Wheel","Mango","Gambling Chip","Ginger","Lizard Tail","Shovel","Circlet","Happy Flower","Sozu","CatCart","Gremlin Horn","Orichalcum"],"acts_visited":["Exordium","TheCity","TheBeyond","TheEnding"],"potions_floor_usage":[],"damage_taken":[{"damage":0.0,"enemies":"2 Louse","floor":1.0,"turns":3.0},{"damage":7.0,"enemies":"Small Slimes","floor":3.0,"turns":11.0},{"damage":9.0,"enemies":"Jaw Worm","floor":6.0,"turns":6.0},{"damage":27.0,"enemies":"3 Louse","floor":7.0,"turns":6.0},{"damage":22.0,"enemies":"Lots of Slimes","floor":12.0,"turns":5.0},{"damage":0.0,"enemies":"Large Slime","floor":14.0,"turns":5.0},{"damage":27.0,"enemies":"Slime Boss","floor":16.0,"turns":6.0},{"damage":5.0,"enemies":"3 Byrds","floor":18.0,"turns":4.0},{"damage":1.0,"enemies":"Shell Parasite","floor":19.0,"turns":4.0},{"damage":13.0,"enemies":"Snake Plant","floor":20.0,"turns":4.0},{"damage":14.0,"enemies":"Snecko","floor":21.0,"turns":4.0},{"damage":21.0,"enemies":"Centurion and Healer","floor":22.0,"turns":6.0},{"damage":2.0,"enemies":"Slavers","floor":24.0,"turns":3.0},{"damage":58.0,"enemies":"Cultist and Chosen","floor":27.0,"turns":7.0},{"damage":1.0,"enemies":"3 Cultists","floor":28.0,"turns":4.0},{"damage":0.0,"enemies":"Centurion and Healer","floor":29.0,"turns":4.0},{"damage":20.0,"enemies":"Gremlin Leader","floor":30.0,"turns":4.0},{"damage":0.0,"enemies":"Sentry and Sphere","floor":31.0,"turns":3.0},{"damage":24.0,"enemies":"Collector","floor":33.0,"turns":3.0},{"damage":32.0,"enemies":"3 Shapes","floor":35.0,"turns":7.0},{"damage":22.0,"enemies":"Orin","floor":36.0,"turns":4.0},{"damage":35.0,"enemies":"3 Darklings","floor":37.0,"turns":4.0},{"damage":32.0,"enemies":"Transient","floor":39.0,"turns":3.0},{"damage":37.0,"enemies":"4 Shapes","floor":40.0,"turns":6.0},{"damage":8.0,"enemies":"Jaw Worm Horde","floor":42.0,"turns":3.0},{"damage":8,"enemies":"Spire Growth","floor":46,"turns":3},{"damage":0,"enemies":"Giant Head","floor":48,"turns":3},{"damage":58,"enemies":"Donu and Deca","floor":50,"turns":5},{"damage":0,"enemies":"Shield and Spear","floor":55,"turns":2},{"damage":67,"enemies":"The Heart","floor":56,"turns":4}],"seed_played":"-6849290044148938161","potions_obtained":[{"floor":1.0,"key":"SpeedPotion"},{"floor":6.0,"key":"Fruit Juice"},{"floor":7.0,"key":"FearPotion"},{"floor":12.0,"key":"EssenceOfSteel"},{"floor":21.0,"key":"Block Potion"},{"floor":24.0,"key":"Explosive Potion"},{"floor":27.0,"key":"FearPotion"},{"floor":29.0,"key":"SpeedPotion"}],"is_trial":false,"path_per_floor":["M","?","M","?","?","M","M","$","T","?","?","M","R","M","R","B",null,"M","M","M","M","M","R","E","R","T","M","M","M","E","M","R","B",null,"M","?","M","?","M","M","R","M","T","R","?","M","R","E","R","B",null,null,"R","$","E","B",null],"character_chosen":"MKU","items_purchased":[],"campfire_rested":7,"item_purchase_floors":[],"current_hp_per_floor":[75,69,62,48,48,44,17,17,17,17,17,16,44,44,50,23,74,69,82,69,55,34,66,64,88,88,30,29,29,9,9,41,17,88,56,34,44,44,12,22,51,43,43,72,72,64,67,67,88,30,30,88,88,88,88,21],"gold":63,"neow_bonus":"THREE_RARE_CARDS","is_daily":false,"chose_seed":false,"campfire_upgraded":2,"win_rate":0.0,"timestamp":1609289831,"path_taken":["M","?","M","?","?","M","M","$","T","?","?","M","R","M","R","BOSS","M","M","M","M","M","R","E","R","T","M","?","M","E","M","R","BOSS","M","?","M","?","M","?","R","M","T","R","?","M","R","E","R","BOSS","R","$","E","BOSS"],"items_purchased_type":[],"build_version":"2020-12-22","purchased_purges":2,"victory":true,"max_hp_per_floor":[75,69,69,69,69,74,74,74,74,74,74,74,74,74,74,74,74,74,88,88,88,88,88,88,88,88,88,88,88,88,88,88,88,88,88,88,88,88,88,88,88,88,88,88,88,88,88,88,88,88,88,88,88,88,88,88],"card_choices":[{"not_picked":["MokouMod:Geothermal","MokouMod:ResonatingAura"],"picked":"MokouMod:Extinguish","floor":0.0},{"not_picked":["MokouMod:ResonanceReactor","MokouMod:Ember"],"picked":"MokouMod:PhoenixFeathers","floor":1.0},{"not_picked":["MokouMod:IllusoryBattlefield","MokouMod:InfernalWave","MokouMod:BlazingComet"],"picked":"SKIP","floor":3.0},{"not_picked":["MokouMod:TemporalFireSeal","MokouMod:ResoluteFlare","MokouMod:BlazingComet"],"picked":"SKIP","floor":6.0},{"not_picked":["MokouMod:IgneousBlow","MokouMod:Sear","MokouMod:BlazingComet"],"picked":"SKIP","floor":7.0},{"not_picked":["MokouMod:EnchantingBambooForest","MokouMod:BlazingComet","MokouMod:RisingSunBarrier"],"picked":"SKIP","floor":12.0},{"not_picked":["MokouMod:SearingShot","MokouMod:RoaringFlare","MokouMod:ResoluteFlare"],"picked":"SKIP","floor":14.0},{"not_picked":["MokouMod:BurningDraft+1","MokouMod:Ember","MokouMod:ResoluteFlare"],"picked":"SKIP","floor":18.0},{"not_picked":["MokouMod:Stoke","MokouMod:UncontrollableSolarReaction","MokouMod:RoaringFlare"],"picked":"SKIP","floor":19.0},{"not_picked":["MokouMod:FlareStarter","MokouMod:ShiftIgnition","MokouMod:ScorchingColumn"],"picked":"SKIP","floor":19.0},{"not_picked":["MokouMod:SearingShot","MokouMod:BurningDraft","MokouMod:IndiscriminateIgnition+1"],"picked":"SKIP","floor":20.0},{"not_picked":["MokouMod:DanceofFlames","MokouMod:Refresh","MokouMod:Singe"],"picked":"SKIP","floor":20.0},{"not_picked":["MokouMod:SacredFire","MokouMod:InfernalWave+1","MokouMod:IgnitionBarrier"],"picked":"SKIP","floor":21.0},{"not_picked":["MokouMod:IndiscriminateIgnition","MokouMod:FujiyamaVolcano","MokouMod:InfernalWave"],"picked":"SKIP","floor":21.0},{"not_picked":["MokouMod:IgnitionBarrier","MokouMod:Ember","MokouMod:Afterburner"],"picked":"SKIP","floor":22.0},{"not_picked":["MokouMod:UncontrollableSolarReaction","MokouMod:IndiscriminateIgnition+1","MokouMod:InfernalWave"],"picked":"SKIP","floor":22.0},{"not_picked":["MokouMod:ResonatingAura","MokouMod:ScorchingColumn","MokouMod:WarmUp"],"picked":"SKIP","floor":24.0},{"not_picked":["MokouMod:ShiftIgnition","MokouMod:BlazingComet","MokouMod:FlickeringFlame"],"picked":"SKIP","floor":27.0},{"not_picked":["MokouMod:HeartofFire","MokouMod:Refresh+1","MokouMod:InfernalWave"],"picked":"SKIP","floor":27.0},{"not_picked":["MokouMod:BlazingComet","MokouMod:HeatCyclone","MokouMod:IndiscriminateIgnition"],"picked":"SKIP","floor":28.0},{"not_picked":["MokouMod:Sear","MokouMod:ScorchingColumn","MokouMod:ResoluteFlare+1"],"picked":"SKIP","floor":28.0},{"not_picked":["MokouMod:Trailblazer","MokouMod:ImperishableFlame+1","MokouMod:ShiftIgnition+1"],"picked":"SKIP","floor":29.0},{"not_picked":["MokouMod:Meltdown","MokouMod:ImperishableFlame","MokouMod:IndiscriminateIgnition"],"picked":"SKIP","floor":29.0},{"not_picked":["MokouMod:IndiscriminateIgnition","MokouMod:InfernalWave","MokouMod:HeartofFire"],"picked":"SKIP","floor":30.0},{"not_picked":["MokouMod:FlickeringFlame","MokouMod:Singe","MokouMod:FlareStarter"],"picked":"SKIP","floor":31.0},{"not_picked":["MokouMod:Ventilation","MokouMod:EternalBurstReactor+1","MokouMod:FlareStarter+1"],"picked":"SKIP","floor":31.0},{"not_picked":["MokouMod:Overheat","MokouMod:ScorchingColumn","MokouMod:ScorchedEarth"],"picked":"SKIP","floor":35.0},{"not_picked":["MokouMod:Overheat+1","MokouMod:IgnitionBlast+1","MokouMod:Refresh+1"],"picked":"SKIP","floor":35.0},{"not_picked":["MokouMod:HeartofFire","MokouMod:ThermalPressure","MokouMod:InfernalWave"],"picked":"SKIP","floor":37.0},{"not_picked":["MokouMod:BurningHiddenBullet","MokouMod:Stoke","MokouMod:UncontrollableSolarReaction+1"],"picked":"SKIP","floor":37.0},{"not_picked":["MokouMod:IllusoryBattlefield+1","MokouMod:TemporalFireSeal","MokouMod:ProfanedFlare"],"picked":"SKIP","floor":39.0},{"not_picked":["MokouMod:Overheat","MokouMod:EternalBurstReactor+1","MokouMod:FujiyamaVolcano+1"],"picked":"SKIP","floor":39.0},{"not_picked":["MokouMod:UncontrollableSolarReaction","MokouMod:ResonanceReactor","MokouMod:BlazingComet+1"],"picked":"SKIP","floor":40.0},{"not_picked":["MokouMod:Ember","MokouMod:ControlledCombustion+1","MokouMod:ScorchedEarth"],"picked":"SKIP","floor":40.0},{"not_picked":["MokouMod:Stoke","MokouMod:HeartofFire+1","MokouMod:ExplosiveFlame"],"picked":"SKIP","floor":42.0},{"not_picked":["MokouMod:FujiyamaVolcano","MokouMod:Ember","MokouMod:BurningDraft"],"picked":"SKIP","floor":42.0},{"not_picked":["MokouMod:FlareStarter+1","MokouMod:Wildfire","MokouMod:Afterburner"],"picked":"SKIP","floor":46},{"not_picked":["MokouMod:IndiscriminateIgnition","MokouMod:FlareStarter+1","MokouMod:ScorchingColumn+1"],"picked":"SKIP","floor":46},{"not_picked":["MokouMod:FujiyamaVolcano","MokouMod:CrimsonArmoury+1","MokouMod:Trailblazer"],"picked":"SKIP","floor":48},{"not_picked":["MokouMod:FlickeringFlame+1","MokouMod:IllusoryBattlefield+1","MokouMod:AdaptivePyromancy"],"picked":"SKIP","floor":55}],"player_experience":41503,"relics_obtained":[{"floor":3.0,"key":"StoneCalendar"},{"floor":6.0,"key":"Du-Vu Doll"},{"floor":9.0,"key":"Eternal Feather"},{"floor":12.0,"key":"Unceasing Top"},{"floor":14.0,"key":"Girya"},{"floor":16.0,"key":"Torii"},{"floor":18.0,"key":"Prayer Wheel"},{"floor":19.0,"key":"Mango"},{"floor":20.0,"key":"Gambling Chip"},{"floor":21.0,"key":"Ginger"},{"floor":22.0,"key":"Lizard Tail"},{"floor":24.0,"key":"Shovel"},{"floor":24.0,"key":"Circlet"},{"floor":27.0,"key":"Circlet"},{"floor":28.0,"key":"Circlet"},{"floor":29.0,"key":"Circlet"},{"floor":30.0,"key":"Circlet"},{"floor":30.0,"key":"Happy Flower"},{"floor":31.0,"key":"Circlet"},{"floor":33.0,"key":"Circlet"},{"floor":35.0,"key":"Circlet"},{"floor":36.0,"key":"CatCart"},{"floor":36.0,"key":"Circlet"},{"floor":37.0,"key":"Circlet"},{"floor":39.0,"key":"Circlet"},{"floor":40.0,"key":"Circlet"},{"floor":42.0,"key":"Circlet"},{"floor":43.0,"key":"Gremlin Horn"},{"floor":46,"key":"Circlet"},{"floor":48,"key":"Circlet"},{"floor":48,"key":"Circlet"},{"floor":55,"key":"Circlet"},{"floor":55,"key":"Orichalcum"}],"event_choices":[{"damage_healed":0.0,"max_hp_gain":0.0,"max_hp_loss":6.0,"gold_gain":0.0,"event_name":"Golden Idol","player_choice":"Lose Max HP","floor":2.0,"gold_loss":0.0,"damage_taken":0.0,"relics_obtained":["Golden Idol"]},{"damage_healed":0.0,"max_hp_gain":0.0,"max_hp_loss":0.0,"gold_gain":0.0,"event_name":"Shining Light","player_choice":"Entered Light","floor":4.0,"gold_loss":0.0,"damage_taken":14.0,"cards_upgraded":["MokouMod:Defend","MokouMod:Extinguish"]},{"cards_removed":["MokouMod:Strike"],"damage_healed":0.0,"max_hp_gain":0.0,"max_hp_loss":0.0,"gold_gain":0.0,"event_name":"Living Wall","player_choice":"Forget","floor":5.0,"gold_loss":0.0,"damage_taken":0.0},{"damage_healed":0.0,"max_hp_gain":0.0,"max_hp_loss":0.0,"gold_gain":0.0,"event_name":"World of Goop","player_choice":"Left Gold","floor":10.0,"gold_loss":19.0,"damage_taken":0.0},{"damage_healed":0.0,"max_hp_gain":0.0,"max_hp_loss":0.0,"gold_gain":0.0,"event_name":"Accursed Blacksmith","player_choice":"Forge","floor":11.0,"gold_loss":0.0,"damage_taken":0.0,"cards_upgraded":["MokouMod:Defend"]},{"damage_healed":0.0,"max_hp_gain":0.0,"max_hp_loss":0.0,"gold_gain":0.0,"event_name":"OrinTheCat","player_choice":"Fight","floor":36.0,"gold_loss":0.0,"damage_taken":0.0},{"cards_removed":["MokouMod:HeatSpark"],"damage_healed":0.0,"max_hp_gain":0.0,"max_hp_loss":0.0,"gold_gain":0.0,"event_name":"Wheel of Change","player_choice":"Card Removal","floor":38.0,"gold_loss":0.0,"damage_taken":0.0},{"damage_healed":0.0,"max_hp_gain":0.0,"max_hp_loss":0.0,"gold_gain":0.0,"event_name":"Mysterious Sphere","player_choice":"Ignored","floor":45.0,"gold_loss":0.0,"damage_taken":0.0}],"is_beta":false,"boss_relics":[{"not_picked":["Cursed Key","Black Star"],"picked":"Ectoplasm"},{"not_picked":["Snecko Eye","Tiny House"],"picked":"Sozu"}],"items_purged_floors":[8,54],"is_endless":false,"potions_floor_spawned":[1,6,7,12,21,24,27,29,40,46,55],"ascension_level":0}}