{"host":"6j8r4uax2c577qhw","time":1609312415,"event":{"mods":["2.2 Compatiblity","BaseMod","BetterRewards","Colored Map","Downfall","Highlight Path","Hubris","Infinite Spire","MarisaÅiñ∂âJÅ@ñÇóùçπÅj","Minty Spire (QoL Compilation)","Replay The Spire","Reworked Bosses","StSLib","The Animator"],"gold_per_floor":[16,26,26,45,61,96,96,111,111,127,127,143,143,158,158,158,158],"floor_reached":16,"playtime":1247,"items_purged":[],"score":127,"play_id":"93febd3b-860c-4976-b72c-7b33fe4de431","local_time":"20201230161335","is_ascension_mode":true,"campfire_choices":[{"data":"MilkyWay","floor":7,"key":"SMITH"},{"data":"UpSweep","floor":13,"key":"SMITH"},{"floor":15,"key":"REST"}],"circlet_count":0,"master_deck":["Strike_MRS","Strike_MRS","Strike_MRS","Strike_MRS","Defend_MRS","Defend_MRS","Defend_MRS","Defend_MRS","MasterSpark","UpSweep+1","MilkyWay+1","RefractionSpark","MachineGunSpark","GalacticHalo","NonDirectionalLaser","DoubleSpark"],"relics":["MiniHakkero","hubris:Spice","ReplayTheSpireMod:Lightbulb"],"acts_visited":["Exordium"],"potions_floor_usage":[6,10,16],"damage_taken":[{"damage":0,"enemies":"Cultist","floor":1,"turns":3},{"damage":4,"enemies":"Jaw Worm","floor":2,"turns":3},{"damage":0,"enemies":"Small Slimes","floor":4,"turns":3},{"damage":9,"enemies":"2 Fungi Beasts","floor":5,"turns":4},{"damage":10,"enemies":"3 Sentries","floor":6,"turns":5},{"damage":10,"enemies":"Exordium Wildlife","floor":8,"turns":3},{"damage":11,"enemies":"Exordium Thugs","floor":10,"turns":4},{"damage":0,"enemies":"Looter","floor":12,"turns":1},{"damage":0,"enemies":"Large Slime","floor":14,"turns":2},{"damage":64,"enemies":"Fading Forest","floor":16,"turns":9}],"seed_played":"2649263357561685850","potions_obtained":[{"floor":2,"key":"FearPotion"},{"floor":3,"key":"Dexterity Potion"},{"floor":3,"key":"Death Potion"},{"floor":8,"key":"Dexterity Potion"},{"floor":12,"key":"Swift Potion"}],"is_trial":false,"path_per_floor":["M","M","?","M","M","E","R","M","T","M","?","M","R","M","R","B"],"character_chosen":"MARISA","items_purchased":[],"campfire_rested":1,"item_purchase_floors":[],"current_hp_per_floor":[83,79,79,79,70,60,60,50,50,39,39,39,39,39,63,0,0],"gold":158,"neow_bonus":"ONE_RARE_RELIC","is_daily":false,"chose_seed":false,"campfire_upgraded":2,"win_rate":0.0,"timestamp":1609312415,"path_taken":["M","M","?","?","?","E","R","M","T","M","?","M","R","M","R","BOSS"],"items_purchased_type":[],"build_version":"2020-12-22","purchased_purges":0,"victory":false,"max_hp_per_floor":[83,83,83,83,83,83,83,83,83,83,83,83,83,83,83,83,83],"card_choices":[{"not_picked":["Acceleration","GalacticHalo"],"picked":"MilkyWay","floor":1},{"not_picked":["ShootingEcho","EarthLightRay"],"picked":"RefractionSpark","floor":2},{"not_picked":["WitchLeyline","MilkyWay"],"picked":"MachineGunSpark","floor":4},{"not_picked":["MysteriousBeam","Acceleration","MilkyWay"],"picked":"SKIP","floor":5},{"not_picked":["OrrerysSun","BinaryStars"],"picked":"GalacticHalo","floor":6},{"not_picked":["SprinkleStarSeal","EarthLightRay","DragonMeteor"],"picked":"SKIP","floor":8},{"not_picked":["GalacticHalo","Orbital","Robbery"],"picked":"SKIP","floor":10},{"not_picked":["ManaConvection","EventHorizon"],"picked":"NonDirectionalLaser","floor":12},{"not_picked":["IllusionStar","ChargingUp"],"picked":"DoubleSpark","floor":14}],"player_experience":796754,"relics_obtained":[{"floor":6,"key":"ReplayTheSpireMod:Lightbulb"}],"event_choices":[{"damage_healed":0,"gold_gain":0,"player_choice":"Got Potions","damage_taken":0,"max_hp_gain":0,"max_hp_loss":0,"event_name":"Lab","floor":3,"gold_loss":0},{"damage_healed":0,"gold_gain":0,"player_choice":"Ignored","damage_taken":0,"max_hp_gain":0,"max_hp_loss":0,"event_name":"Liars Game","floor":11,"gold_loss":0}],"is_beta":false,"boss_relics":[],"items_purged_floors":[],"is_endless":false,"potions_floor_spawned":[2,8,12],"killed_by":"Fading Forest","ascension_level":4}}