{"host":"hhqi7w94rsi31r70","time":1609308250,"event":{"mods":["Act Like it!","BaseMod","Colored Map","GifTheSpireLib","Hallownest","Highlight Path","Minty Spire (QoL Compilation)","Robot Space Explorer","Shade Mod","StSLib","The Hierophant","The Saiyan","The Servant 0.9.4","[地精首领爬塔]The Maniac"],"gold_per_floor":[117,117,42,60,60,60,94,94,94,116,129,129,129,129,129,259,259,282,298,319,319,63,63,84,84,84,84,97,196,70,89,89,210,210,210],"floor_reached":34,"playtime":2612,"items_purged":["Strike_S","Defend_S+1","Strike_S+1"],"score":478,"play_id":"e5614250-a15f-4aed-a43f-8eb9ebfc381e","local_time":"20201230140410","is_ascension_mode":true,"campfire_choices":[{"data":"KidneyShot","floor":6.0,"key":"SMITH"},{"data":"FastForward","floor":8.0,"key":"SMITH"},{"data":"Solidify","floor":13.0,"key":"SMITH"},{"floor":15.0,"key":"REST"},{"data":"Luminosity","floor":23.0,"key":"SMITH"},{"data":"SilverBlades","floor":27.0,"key":"SMITH"},{"data":"Starlight","floor":32.0,"key":"SMITH"}],"circlet_count":0,"master_deck":["Strike_S+1","Strike_S+1","Defend_S+1","Defend_S+1","KidneyShot+1","Exchange","FastForward+1","Rearm","Solidify+1","Rearm","Dilation","ShiftingGears","Defy+1","Luminosity+1","BottledTime","SilverBlades+1","Moonlight","Starlight+1","SurpressingFire","FlawlessForm"],"relics":["Uniform","NeowsBlessing","NlothsMask","Whetstone","Odd Mushroom","KneeBrace","Golden Idol","Runic Pyramid","Membership Card","MutagenicStrength","Ancient Tea Set"],"acts_visited":["Exordium","TheCity"],"potions_floor_usage":[],"damage_taken":[{"damage":0.0,"enemies":"Jaw Worm","floor":1.0,"turns":1.0},{"damage":0.0,"enemies":"Cultist","floor":4.0,"turns":1.0},{"damage":1.0,"enemies":"3 Sentries","floor":7.0,"turns":2.0},{"damage":13.0,"enemies":"The Mushroom Lair","floor":10.0,"turns":4.0},{"damage":1.0,"enemies":"Small Slimes","floor":11.0,"turns":3.0},{"damage":35.0,"enemies":"The Guardian","floor":16.0,"turns":19.0},{"damage":0.0,"enemies":"Shell Parasite","floor":18.0,"turns":8.0},{"damage":2.0,"enemies":"Chosen","floor":19.0,"turns":7.0},{"damage":53.0,"enemies":"Snecko","floor":20.0,"turns":20.0},{"damage":0.0,"enemies":"Shelled Parasite and Fungi","floor":24.0,"turns":8.0},{"damage":6.0,"enemies":"Centurion and Healer","floor":28.0,"turns":5.0},{"damage":0.0,"enemies":"Snake Plant","floor":31.0,"turns":4.0},{"damage":0.0,"enemies":"Collector","floor":33.0,"turns":13.0}],"seed_played":"910149498415315435","potions_obtained":[{"floor":4.0,"key":"Dexterity Potion"},{"floor":11.0,"key":"Weak Potion"},{"floor":16.0,"key":"Strength Potion"},{"floor":19.0,"key":"Fire Potion"},{"floor":28.0,"key":"Block Potion"},{"floor":31.0,"key":"AttackPotion"},{"floor":33.0,"key":"Block Potion"}],"is_trial":false,"path_per_floor":["M","?","$","M","?","R","E","R","T","?","M","T","R","?","R","B",null,"M","M","M","?","$","R","M","?","T","R","M","?","$","M","R","B",null],"character_chosen":"THE_SERVANT","items_purchased":["Membership Card","Luminosity","BottledTime","Starlight","SurpressingFire"],"campfire_rested":1,"item_purchase_floors":[22,22,22,30,30],"current_hp_per_floor":[65,65,65,65,58,58,57,57,57,44,43,43,43,27,46,11,65,65,63,10,10,10,10,10,10,10,10,4,4,4,4,4,4,4,4],"gold":210,"neow_bonus":"THREE_ENEMY_KILL","is_daily":false,"chose_seed":false,"campfire_upgraded":6,"win_rate":0.0,"timestamp":1609308250,"path_taken":["M","?","$","?","?","R","E","R","T","?","M","?","R","?","R","BOSS","M","M","M","?","$","R","M","?","T","R","M","?","?","M","R","BOSS"],"items_purchased_type":["Relic","Card","Card","Card","Card"],"build_version":"2020-12-22","purchased_purges":3,"victory":false,"max_hp_per_floor":[65,65,65,65,65,65,65,65,65,65,65,65,65,65,65,65,65,65,65,65,65,65,65,65,65,65,65,65,65,65,65,65,65,65,65],"card_choices":[{"not_picked":["SpecialFormula","DoubleEdge"],"picked":"FastForward","floor":1.0},{"not_picked":["Alleviate","Unruled","Revamp"],"picked":"SKIP","floor":4.0},{"not_picked":["Potential","TimeTheft"],"picked":"Rearm","floor":7.0},{"not_picked":["Potential","ShatteredReality"],"picked":"Solidify","floor":10.0},{"not_picked":["ShatteredReality","TimeWarp"],"picked":"Rearm","floor":11.0},{"not_picked":["Deny","FlawlessForm"],"picked":"Dilation","floor":16.0},{"not_picked":["Deadline","TimeWarp+1"],"picked":"ShiftingGears","floor":18.0},{"not_picked":["Ricochet","Alleviate+1","Potential+1"],"picked":"SKIP","floor":19.0},{"not_picked":["DualDimension","Hightail"],"picked":"Defy+1","floor":20.0},{"not_picked":["ShatteredReality","Alleviate"],"picked":"SilverBlades","floor":24.0},{"not_picked":["Reset","BottledTime"],"picked":"Moonlight","floor":28.0},{"not_picked":["Comet","FastForward","Foresight"],"picked":"SKIP","floor":31.0},{"not_picked":["SoulSculpture","TrueSight"],"picked":"FlawlessForm","floor":33.0}],"player_experience":505172,"relics_obtained":[{"floor":7.0,"key":"Whetstone"},{"floor":10.0,"key":"Odd Mushroom"},{"floor":12.0,"key":"KneeBrace"},{"floor":26.0,"key":"Ancient Tea Set"}],"event_choices":[{"damage_healed":0.0,"max_hp_gain":0.0,"max_hp_loss":0.0,"gold_gain":0.0,"event_name":"FaceTrader","player_choice":"Trade","floor":2.0,"gold_loss":0.0,"damage_taken":0.0,"relics_obtained":["NlothsMask"]},{"cards_removed":["Defend_S"],"damage_healed":0.0,"max_hp_gain":0.0,"max_hp_loss":0.0,"gold_gain":0.0,"event_name":"Golden Wing","player_choice":"Card Removal","floor":5.0,"gold_loss":0.0,"damage_taken":7.0},{"damage_healed":0.0,"max_hp_gain":0.0,"max_hp_loss":0.0,"gold_gain":0.0,"event_name":"Mushrooms","player_choice":"Fought Mushrooms","floor":10.0,"gold_loss":0.0,"damage_taken":0.0},{"damage_healed":0.0,"max_hp_gain":0.0,"max_hp_loss":0.0,"gold_gain":0.0,"event_name":"Golden Idol","player_choice":"Take Damage","floor":14.0,"gold_loss":0.0,"damage_taken":16.0,"relics_obtained":["Golden Idol"]},{"damage_healed":0.0,"max_hp_gain":0.0,"max_hp_loss":0.0,"gold_gain":0.0,"event_name":"Back to Basics","player_choice":"Simplicity","floor":21.0,"gold_loss":0.0,"damage_taken":0.0,"cards_upgraded":["Strike_S","Defend_S","Defend_S","Defend_S"]},{"damage_healed":0.0,"max_hp_gain":0.0,"max_hp_loss":0.0,"gold_gain":0.0,"event_name":"Drug Dealer","player_choice":"Inject Mutagens","floor":25.0,"gold_loss":0.0,"damage_taken":0.0,"relics_obtained":["MutagenicStrength"]},{"damage_healed":0.0,"max_hp_gain":0.0,"max_hp_loss":0.0,"gold_gain":99.0,"event_name":"Nest","player_choice":"Stole From Cult","floor":29.0,"gold_loss":0.0,"damage_taken":0.0}],"is_beta":false,"boss_relics":[{"not_picked":["Cursed Key","Coffee Dripper"],"picked":"Runic Pyramid"}],"items_purged_floors":[3,22,30],"is_endless":false,"potions_floor_spawned":[4,11,16,19,28,31,33],"ascension_level":4}}