{"host":"dhyczjm99amxd3qx","time":1609365726,"event":{"mods":["BaseMod","Colored Map","Googly Eyes","Highlight Path","Minty Spire (QoL Compilation)","Quick Restart","StSLib"],"gold_per_floor":[219,169,169,182,69,94,94,123,123,151,151,166,186,199,199,298,298,311,342,355,355,51,51,66,80,80,80,109,109,109,119,119,119,119],"floor_reached":33,"playtime":2409,"items_purged":["Strike_R"],"score":419,"play_id":"0d037e23-6281-4fd8-83c0-957c2037b225","local_time":"20201230170206","is_ascension_mode":true,"campfire_choices":[{"data":"Carnage","floor":7.0,"key":"SMITH"},{"data":"Seeing Red","floor":11.0,"key":"SMITH"},{"data":"Disarm","floor":15.0,"key":"SMITH"},{"data":"Offering","floor":23.0,"key":"SMITH"},{"data":"Metallicize","floor":27.0,"key":"SMITH"},{"data":"Immolate","floor":29.0,"key":"SMITH"},{"data":"Inflame","floor":32.0,"key":"SMITH"}],"circlet_count":0,"master_deck":["Strike_R","Strike_R","Strike_R+1","Strike_R+1","Defend_R","Defend_R","Defend_R","Bash","Dropkick","Seeing Red+1","Thunderclap","Carnage+1","Shrug It Off","Disarm+1","Offering+1","Iron Wave","Metallicize+1","Immolate+1","Inflame+1"],"relics":["Burning Blood","Prayer Wheel","Happy Flower","Toy Ornithopter","Letter Opener","Regal Pillow","Coffee Dripper","Red Mask","Lantern","Darkstone Periapt","Whetstone"],"acts_visited":["Exordium","TheCity"],"potions_floor_usage":[33,33],"damage_taken":[{"damage":0.0,"enemies":"Small Slimes","floor":1.0,"turns":3.0},{"damage":5.0,"enemies":"2 Louse","floor":4.0,"turns":3.0},{"damage":40.0,"enemies":"Lagavulin","floor":6.0,"turns":4.0},{"damage":16.0,"enemies":"Gremlin Nob","floor":8.0,"turns":3.0},{"damage":15.0,"enemies":"Lagavulin","floor":10.0,"turns":6.0},{"damage":0.0,"enemies":"Cultist","floor":12.0,"turns":2.0},{"damage":1.0,"enemies":"Looter","floor":13.0,"turns":2.0},{"damage":0.0,"enemies":"Large Slime","floor":14.0,"turns":5.0},{"damage":39.0,"enemies":"The Guardian","floor":16.0,"turns":7.0},{"damage":6.0,"enemies":"Shell Parasite","floor":18.0,"turns":3.0},{"damage":12.0,"enemies":"Masked Bandits","floor":19.0,"turns":4.0},{"damage":6.0,"enemies":"Chosen","floor":20.0,"turns":3.0},{"damage":6.0,"enemies":"Snake Plant","floor":24.0,"turns":2.0},{"damage":15.0,"enemies":"Centurion and Healer","floor":25.0,"turns":3.0},{"damage":6.0,"enemies":"Slavers","floor":28.0,"turns":2.0},{"damage":0.0,"enemies":"3 Cultists","floor":31.0,"turns":2.0},{"damage":75,"enemies":"Champ","floor":33,"turns":7}],"seed_played":"1117251159514656248","potions_obtained":[{"floor":1.0,"key":"Dexterity Potion"},{"floor":4.0,"key":"CultistPotion"},{"floor":8.0,"key":"FearPotion"},{"floor":13.0,"key":"Ancient Potion"},{"floor":16.0,"key":"Strength Potion"},{"floor":19.0,"key":"FearPotion"},{"floor":24.0,"key":"ColorlessPotion"},{"floor":25.0,"key":"Swift Potion"}],"is_trial":false,"path_per_floor":["M","?","?","M","$","E","R","E","T","E","R","M","M","M","R","B",null,"M","?","M","?","$","R","M","M","T","R","E","R","?","M","R","B"],"character_chosen":"IRONCLAD","items_purchased":["Carnage","Lantern","Immolate"],"campfire_rested":0,"item_purchase_floors":[5,22,22],"current_hp_per_floor":[78,78,78,79,79,45,45,35,35,26,26,32,42,48,48,20,65,65,59,59,43,43,43,53,44,44,44,44,44,44,55,55,0,0],"gold":119,"neow_bonus":"HUNDRED_GOLD","is_daily":false,"chose_seed":false,"campfire_upgraded":7,"win_rate":0.0,"timestamp":1609365726,"path_taken":["M","?","?","M","$","E","R","E","T","E","R","?","M","M","R","BOSS","M","?","M","?","$","R","M","M","T","R","E","R","?","M","R","BOSS"],"items_purchased_type":["Card","Relic","Card"],"build_version":"2020-12-22","purchased_purges":1,"victory":false,"max_hp_per_floor":[80,80,80,80,80,80,80,80,80,80,80,80,80,80,80,80,80,80,80,80,80,80,80,80,80,80,80,80,80,80,80,80,80,80],"card_choices":[{"not_picked":["Rampage","True Grit"],"picked":"Dropkick","floor":1.0},{"not_picked":["Shrug It Off","Cleave"],"picked":"Seeing Red","floor":4.0},{"not_picked":["Pummel","Cleave"],"picked":"Thunderclap","floor":4.0},{"not_picked":["Anger","Bludgeon","Twin Strike"],"picked":"SKIP","floor":6.0},{"not_picked":["Battle Trance","Pummel","Hemokinesis"],"picked":"SKIP","floor":8.0},{"not_picked":["Infernal Blade","Pummel","Clothesline"],"picked":"SKIP","floor":10.0},{"not_picked":["Heavy Blade","Pommel Strike","Double Tap"],"picked":"SKIP","floor":12.0},{"not_picked":["Anger","Burning Pact","Pommel Strike"],"picked":"SKIP","floor":12.0},{"not_picked":["Thunderclap","Intimidate"],"picked":"Shrug It Off","floor":13.0},{"not_picked":["Wild Strike","Shrug It Off","Infernal Blade"],"picked":"SKIP","floor":13.0},{"not_picked":["Ghostly Armor","Twin Strike"],"picked":"Disarm","floor":14.0},{"not_picked":["Sword Boomerang","Body Slam","Shrug It Off"],"picked":"SKIP","floor":14.0},{"not_picked":["Brutality","Exhume"],"picked":"Offering","floor":16.0},{"not_picked":["Wild Strike+1","Havoc"],"picked":"Iron Wave","floor":18.0},{"not_picked":["Flex","Cleave","Heavy Blade"],"picked":"SKIP","floor":18.0},{"not_picked":["Pommel Strike","Rage"],"picked":"Metallicize","floor":19.0},{"not_picked":["Armaments","Clash","Reckless Charge+1"],"picked":"SKIP","floor":20.0},{"not_picked":["Entrench","Flex","Sword Boomerang+1"],"picked":"SKIP","floor":20.0},{"not_picked":["Entrench","Armaments","Anger+1"],"picked":"SKIP","floor":24.0},{"not_picked":["Wild Strike","Cleave+1","Heavy Blade"],"picked":"SKIP","floor":24.0},{"not_picked":["Cleave","Thunderclap","Havoc"],"picked":"SKIP","floor":25.0},{"not_picked":["Perfected Strike","Cleave","Uppercut"],"picked":"SKIP","floor":25.0},{"not_picked":["Seeing Red","Havoc+1"],"picked":"Inflame","floor":28.0},{"not_picked":["Headbutt","Warcry","Armaments"],"picked":"SKIP","floor":31.0},{"not_picked":["Fiend Fire","Clothesline+1","Reckless Charge"],"picked":"SKIP","floor":31.0}],"player_experience":228459,"relics_obtained":[{"floor":6.0,"key":"Happy Flower"},{"floor":8.0,"key":"Toy Ornithopter"},{"floor":9.0,"key":"Letter Opener"},{"floor":10.0,"key":"Regal Pillow"},{"floor":19.0,"key":"Red Mask"},{"floor":26.0,"key":"Darkstone Periapt"},{"floor":28.0,"key":"Whetstone"}],"event_choices":[{"cards_removed":["Defend_R"],"damage_healed":0.0,"max_hp_gain":0.0,"max_hp_loss":0.0,"gold_gain":0.0,"event_name":"The Cleric","player_choice":"Card Removal","floor":2.0,"gold_loss":50.0,"damage_taken":0.0},{"damage_healed":0.0,"max_hp_gain":0.0,"max_hp_loss":0.0,"gold_gain":0.0,"event_name":"WeMeetAgain","player_choice":"Gave Potion","floor":3.0,"gold_loss":0.0,"damage_taken":0.0,"relics_obtained":["Prayer Wheel"]},{"damage_healed":0.0,"max_hp_gain":0.0,"max_hp_loss":0.0,"gold_gain":0.0,"event_name":"Masked Bandits","player_choice":"Fought Bandits","floor":19.0,"gold_loss":0.0,"damage_taken":0.0},{"damage_healed":0.0,"max_hp_gain":0.0,"max_hp_loss":0.0,"gold_gain":0.0,"event_name":"Cursed Tome","player_choice":"Obtained Book","floor":21.0,"gold_loss":0.0,"damage_taken":16.0},{"damage_healed":0.0,"max_hp_gain":0.0,"max_hp_loss":0.0,"gold_gain":0.0,"event_name":"The Woman in Blue","player_choice":"Bought 0 Potions","floor":30.0,"gold_loss":0.0,"damage_taken":0.0}],"is_beta":false,"boss_relics":[{"not_picked":["Snecko Eye","Velvet Choker"],"picked":"Coffee Dripper"}],"items_purged_floors":[5],"is_endless":false,"potions_floor_spawned":[1,4,8,13,16,19,24,25],"killed_by":"Champ","ascension_level":7}}