{"host":"x205naxbihvu3p76","time":1609334735,"event":{"mods":["AchievementEnabler","BaseMod","Minty Spire (QoL Compilation)","StSLib","SuperFastMode"],"gold_per_floor":[112,128,138,138,148,148,183,183,234,250,250,261,43,59,59,155,155,168,179,179,193,193,193,203,203,203,232,313,313,333,210,210,310,310,321,321,5,18,30,62,82,117,198,198,553,553,567,590,590,590],"floor_reached":51,"playtime":1756,"items_purged":["Strike_B"],"score":829,"play_id":"a526b576-950f-429a-8dc2-ae77a34e172b","local_time":"20201230222535","is_ascension_mode":false,"campfire_choices":[{"data":"Chaos","floor":6.0,"key":"SMITH"},{"data":"Zap","floor":8.0,"key":"SMITH"},{"data":"Self Repair","floor":11.0,"key":"SMITH"},{"data":"Defragment","floor":15.0,"key":"SMITH"},{"data":"Fusion","floor":23.0,"key":"SMITH"},{"data":"Chaos","floor":29.0,"key":"SMITH"},{"floor":32.0,"key":"REST"},{"data":"Coolheaded","floor":44,"key":"SMITH"},{"floor":46,"key":"REST"},{"floor":49,"key":"REST"}],"circlet_count":0,"master_deck":["Strike_B","Strike_B","Defend_B","Defend_B","Defend_B","Defend_B","Zap+1","Dualcast","Glacier","Self Repair+1","Chaos+1","Cold Snap","Compile Driver","Hello World","Defragment+1","Reboot","Genetic Algorithm","Echo Form","Turbo","Core Surge","Chaos+1","Biased Cognition","Fusion+1","Coolheaded+1","Defragment","Meteor Strike","Defragment+1","Fission","Parasite","Capacitor","Seek","Heatsinks+1"],"relics":["Cracked Core","Toy Ornithopter","Kunai","Tiny Chest","Orrery","SlaversCollar","Meat on the Bone","Dream Catcher","Darkstone Periapt","Nuclear Battery","Bag of Preparation","Ornamental Fan","Vajra","Blue Candle","Old Coin","Ancient Tea Set"],"acts_visited":["Exordium","TheCity","TheBeyond"],"potions_floor_usage":[50,50,50],"damage_taken":[{"damage":0.0,"enemies":"2 Louse","floor":1.0,"turns":2.0},{"damage":0.0,"enemies":"Jaw Worm","floor":2.0,"turns":4.0},{"damage":1.0,"enemies":"Small Slimes","floor":3.0,"turns":5.0},{"damage":1.0,"enemies":"Blue Slaver","floor":5.0,"turns":5.0},{"damage":24.0,"enemies":"3 Sentries","floor":7.0,"turns":10.0},{"damage":3.0,"enemies":"Gremlin Gang","floor":10.0,"turns":3.0},{"damage":1.0,"enemies":"Looter","floor":12.0,"turns":3.0},{"damage":8.0,"enemies":"Exordium Thugs","floor":14.0,"turns":5.0},{"damage":36.0,"enemies":"Hexaghost","floor":16.0,"turns":8.0},{"damage":12.0,"enemies":"Shell Parasite","floor":18.0,"turns":7.0},{"damage":13.0,"enemies":"Chosen","floor":19.0,"turns":6.0},{"damage":17.0,"enemies":"Snake Plant","floor":21.0,"turns":6.0},{"damage":17.0,"enemies":"Snecko","floor":24.0,"turns":5.0},{"damage":32.0,"enemies":"Book of Stabbing","floor":27.0,"turns":5.0},{"damage":34.0,"enemies":"Shelled Parasite and Fungi","floor":30.0,"turns":8.0},{"damage":47.0,"enemies":"Collector","floor":33.0,"turns":13.0},{"damage":7.0,"enemies":"Orb Walker","floor":35.0,"turns":7.0},{"damage":16.0,"enemies":"3 Darklings","floor":38.0,"turns":9.0},{"damage":17.0,"enemies":"Sphere and 2 Shapes","floor":39.0,"turns":7.0},{"damage":20.0,"enemies":"Reptomancer","floor":40.0,"turns":9.0},{"damage":10.0,"enemies":"Writhing Mass","floor":41.0,"turns":8.0},{"damage":0,"enemies":"Giant Head","floor":42,"turns":12},{"damage":71,"enemies":"2 Orb Walkers","floor":45,"turns":8},{"damage":60,"enemies":"3 Darklings","floor":47,"turns":8},{"damage":0,"enemies":"Time Eater","floor":50,"turns":15}],"seed_played":"6819040787267167478","potions_obtained":[{"floor":1.0,"key":"FocusPotion"},{"floor":7.0,"key":"Explosive Potion"},{"floor":12.0,"key":"FocusPotion"},{"floor":19.0,"key":"LiquidMemories"},{"floor":21.0,"key":"SpeedPotion"},{"floor":30.0,"key":"Ancient Potion"},{"floor":35.0,"key":"DuplicationPotion"},{"floor":40.0,"key":"FocusPotion"}],"is_trial":false,"path_per_floor":["M","M","M","?","M","R","E","R","T","M","R","M","$","M","R","B",null,"M","M","?","M","?","R","M","?","T","E","T","R","M","$","R","B",null,"M","?","$","M","M","E","M","E","T","R","?","R","M","T","R","B",null],"character_chosen":"DEFECT","items_purchased":["Defragment","Orrery","Coolheaded","Bag of Preparation","Fission"],"campfire_rested":3,"item_purchase_floors":[13,13,31,37,37],"current_hp_per_floor":[75,75,75,80,80,80,63,63,63,72,72,71,71,63,63,52,80,78,75,75,68,68,68,61,61,61,56,56,56,44,44,68,43,80,80,80,80,74,77,67,73,86,86,86,37,62,24,24,49,64],"gold":590,"neow_bonus":"RANDOM_COMMON_RELIC","is_daily":false,"chose_seed":false,"campfire_upgraded":7,"win_rate":0.0,"timestamp":1609334735,"path_taken":["M","M","M","?","M","R","E","R","T","M","R","M","$","M","R","BOSS","M","M","?","M","?","R","M","?","T","E","?","R","M","$","R","BOSS","M","?","$","M","?","E","M","E","T","R","?","R","M","?","R","BOSS"],"items_purchased_type":["Card","Relic","Card","Relic","Card"],"build_version":"2020-12-22","purchased_purges":1,"victory":true,"max_hp_per_floor":[75,75,75,80,80,80,80,80,80,80,80,80,80,80,80,80,80,80,80,80,80,80,80,80,80,80,80,80,80,80,80,80,80,80,80,80,80,80,80,80,86,86,86,86,86,86,86,86,86,86],"card_choices":[{"not_picked":["Coolheaded","Rebound"],"picked":"Glacier","floor":1.0},{"not_picked":["Hologram","Recycle"],"picked":"Self Repair","floor":2.0},{"not_picked":["Redo","Go for the Eyes","Gash"],"picked":"SKIP","floor":3.0},{"not_picked":["Darkness","Skim"],"picked":"Chaos","floor":5.0},{"not_picked":["Leap","Coolheaded"],"picked":"Cold Snap","floor":7.0},{"not_picked":["Undo","Beam Cell"],"picked":"Compile Driver","floor":10.0},{"not_picked":["Fission","Steam"],"picked":"Hello World","floor":12.0},{"not_picked":["Leap","Streamline"],"picked":"Reboot","floor":13.0},{"not_picked":["Sweeping Beam","Stack"],"picked":"Genetic Algorithm","floor":13.0},{"not_picked":["Streamline","Loop"],"picked":"Echo Form","floor":13.0},{"not_picked":["Hologram","Leap"],"picked":"Turbo","floor":13.0},{"not_picked":["Steam","Cold Snap","Sweeping Beam"],"picked":"SKIP","floor":14.0},{"not_picked":["Hyperbeam","Seek"],"picked":"Core Surge","floor":16.0},{"not_picked":["Rebound","Skim","Turbo"],"picked":"SKIP","floor":18.0},{"not_picked":["Hologram","Loop"],"picked":"Chaos","floor":19.0},{"not_picked":["Ball Lightning","Gash"],"picked":"Fusion","floor":21.0},{"not_picked":["Genetic Algorithm+1","Amplify","Chaos"],"picked":"SKIP","floor":24.0},{"not_picked":["Turbo","Undo+1","Echo Form"],"picked":"SKIP","floor":27.0},{"not_picked":["Double Energy","Aggregate","Rebound"],"picked":"SKIP","floor":30.0},{"not_picked":["Ball Lightning","Genetic Algorithm+1"],"picked":"Defragment","floor":32.0},{"not_picked":["Echo Form","Thunder Strike"],"picked":"Meteor Strike","floor":33.0},{"not_picked":["Conserve Battery+1","Sunder","Reprogram+1"],"picked":"SKIP","floor":35.0},{"not_picked":["BootSequence","Sunder+1","Compile Driver+1"],"picked":"SKIP","floor":38.0},{"not_picked":["Tempest+1","Cold Snap","Coolheaded"],"picked":"SKIP","floor":39.0},{"not_picked":["Turbo+1","Sweeping Beam","Steam+1"],"picked":"SKIP","floor":40.0},{"not_picked":["Ball Lightning","Reprogram","Barrage"],"picked":"SKIP","floor":41},{"not_picked":["Conserve Battery+1","Barrage"],"picked":"Capacitor","floor":42},{"not_picked":["Leap+1","Conserve Battery"],"picked":"Seek","floor":46},{"not_picked":["Defragment","Melter","Force Field"],"picked":"SKIP","floor":47},{"not_picked":["Leap+1","Sweeping Beam"],"picked":"Heatsinks+1","floor":49}],"player_experience":939941,"relics_obtained":[{"floor":7.0,"key":"Kunai"},{"floor":9.0,"key":"Tiny Chest"},{"floor":26.0,"key":"Meat on the Bone"},{"floor":27.0,"key":"Dream Catcher"},{"floor":28.0,"key":"Darkstone Periapt"},{"floor":40.0,"key":"Ornamental Fan"},{"floor":42,"key":"Vajra"},{"floor":43,"key":"Blue Candle"},{"floor":45,"key":"Old Coin"},{"floor":48,"key":"Ancient Tea Set"}],"event_choices":[{"damage_healed":0.0,"max_hp_gain":5.0,"max_hp_loss":0.0,"gold_gain":0.0,"event_name":"Big Fish","player_choice":"Donut","floor":4.0,"gold_loss":0.0,"damage_taken":0.0},{"damage_healed":0.0,"max_hp_gain":0.0,"max_hp_loss":0.0,"gold_gain":0.0,"event_name":"The Library","player_choice":"Read","floor":20.0,"gold_loss":0.0,"damage_taken":0.0,"cards_obtained":["Biased Cognition"]},{"damage_healed":0.0,"max_hp_gain":0.0,"max_hp_loss":0.0,"gold_gain":0.0,"event_name":"Vampires","player_choice":"Ignored","floor":22.0,"gold_loss":0.0,"damage_taken":0.0},{"cards_removed":["Strike_B"],"damage_healed":0.0,"max_hp_gain":0.0,"max_hp_loss":0.0,"gold_gain":0.0,"event_name":"Bonfire Elementals","player_choice":"Offered Basic","floor":25.0,"gold_loss":0.0,"damage_taken":0.0},{"damage_healed":0.0,"max_hp_gain":0.0,"max_hp_loss":0.0,"gold_gain":0.0,"event_name":"Duplicator","player_choice":"Copied","floor":36.0,"gold_loss":0.0,"damage_taken":0.0,"cards_obtained":["Defragment"]},{"damage_healed":0,"gold_gain":0,"player_choice":"Fight","damage_taken":0,"max_hp_gain":0,"max_hp_loss":0,"event_name":"Mysterious Sphere","floor":45,"gold_loss":0}],"is_beta":false,"boss_relics":[{"not_picked":["Sozu","Runic Pyramid"],"picked":"SlaversCollar"},{"not_picked":["Empty Cage","Black Star"],"picked":"Nuclear Battery"}],"items_purged_floors":[31],"is_endless":false,"potions_floor_spawned":[1,7,12,19,21,30,35,39,40,47],"ascension_level":0}}