{"host":"55ootvctf3yuzfpi","time":1609366549,"event":{"mods":["BaseMod","Colored Map","Downfall","Hermit","Highlight Path","Minty Spire (QoL Compilation)","StSLib"],"gold_per_floor":[99,99,99,99,29,29,29,54,66,66,76,1,15,15,26,26,26,26],"floor_reached":16,"playtime":1886,"items_purged":[],"score":98,"play_id":"470b3929-321e-4974-b15f-362cb6f7788c","local_time":"20201230191549","is_ascension_mode":false,"campfire_choices":[{"floor":1,"key":"RECALL"},{"data":"champ:Taunt","floor":12,"key":"SMITH"}],"circlet_count":0,"master_deck":["champ:Strike","champ:Strike","champ:Strike","champ:Strike","champ:Defend","champ:Defend","champ:Defend","champ:Execute","champ:Taunt+1","champ:PerfectedStrike+1","champ:FaceSlap","champ:Riposte","champ:DeathBlow","champ:StanceDance","champ:RecklessLeap","champ:Lariat","champ:RecklessLeap","champ:RisingSlash"],"relics":["champ:ChampionCrown","downfall:HeartsMalice","Ancient Tea Set","Boot","downfall:HeartBlessingRed"],"acts_visited":["Exordium"],"potions_floor_usage":[13,15,16,16],"damage_taken":[{"damage":0,"enemies":"Cultist","floor":2,"turns":1},{"damage":0,"enemies":"2 Louse","floor":3,"turns":1},{"damage":0,"enemies":"downfall:FleeingMerchant","floor":5,"turns":1},{"damage":64,"enemies":"Lagavulin","floor":8,"turns":6},{"damage":5,"enemies":"Small Slimes","floor":9,"turns":3},{"damage":28,"enemies":"Gremlin Gang","floor":11,"turns":4},{"damage":15,"enemies":"3 Louse","floor":13,"turns":2},{"damage":25,"enemies":"Lots of Slimes","floor":15,"turns":3},{"damage":56,"enemies":"downfall:Silent","floor":16,"turns":4}],"seed_played":"-602254925656439299","potions_obtained":[{"floor":9,"key":"champ:OpenerPotion"},{"floor":11,"key":"BlessingOfTheForge"},{"floor":13,"key":"Strength Potion"},{"floor":15,"key":"ColorlessPotion"}],"is_trial":false,"path_per_floor":["R","M","M","?","$","?","T","E","M","?","M","R","M","?","M","B"],"character_chosen":"THE_CHAMP","items_purchased":["champ:DeathBlow"],"campfire_rested":0,"item_purchase_floors":[5],"current_hp_per_floor":[90,90,90,95,95,95,95,56,56,56,53,53,53,53,53,0,0,0],"gold":26,"neow_bonus":"THREE_ENEMY_KILL","is_daily":false,"chose_seed":false,"campfire_upgraded":1,"win_rate":0.0,"timestamp":1609366549,"path_taken":["R","M","M","?","$","?","T","E","?","?","?","R","M","?","M","BOSS"],"items_purchased_type":["Card"],"build_version":"2020-12-22","purchased_purges":0,"victory":false,"max_hp_per_floor":[90,90,90,95,95,95,95,95,95,95,95,95,95,95,95,95,95,95],"card_choices":[{"not_picked":["champ:IronFortress","champ:StanceDance"],"picked":"champ:PerfectedStrike","floor":2},{"not_picked":["champ:SkillfulDodge","champ:IronFortress"],"picked":"champ:FaceSlap","floor":3},{"not_picked":["champ:EnGarde","champ:ArenaPreparation"],"picked":"champ:Riposte","floor":5},{"not_picked":["champ:Backstep","champ:Duel"],"picked":"champ:StanceDance","floor":8},{"not_picked":["champ:Circumvent","champ:FaceSlap"],"picked":"champ:RecklessLeap","floor":9},{"not_picked":["champ:Duel","champ:StanceDance"],"picked":"champ:RecklessLeap","floor":11},{"not_picked":["champ:Lariat","champ:BerserkersShout","champ:FlashCut"],"picked":"SKIP","floor":13},{"not_picked":["champ:GladiatorsShout","champ:DancingMaster"],"picked":"champ:RisingSlash","floor":15}],"player_experience":1291158,"relics_obtained":[{"floor":7,"key":"Ancient Tea Set"},{"floor":8,"key":"Boot"}],"event_choices":[{"damage_healed":0,"gold_gain":0,"player_choice":"Donut","damage_taken":0,"max_hp_gain":5,"max_hp_loss":0,"event_name":"Big Fish","floor":4,"gold_loss":0},{"damage_healed":0,"gold_gain":0,"player_choice":"Forge","damage_taken":0,"max_hp_gain":0,"max_hp_loss":0,"event_name":"Accursed Blacksmith","floor":6,"gold_loss":0,"cards_upgraded":["champ:PerfectedStrike"]},{"damage_healed":0,"gold_gain":0,"cards_transformed":["champ:Defend"],"player_choice":"Transformed","damage_taken":0,"max_hp_gain":0,"max_hp_loss":0,"event_name":"Transmorgrifier","floor":10,"gold_loss":0,"cards_obtained":["champ:Lariat"]}],"is_beta":false,"boss_relics":[],"items_purged_floors":[],"is_endless":false,"potions_floor_spawned":[9,11,13,15],"killed_by":"downfall:Silent","ascension_level":0}}