{"host":"axrdhsaugr8t8srp","time":1609339876,"event":{"mods":["BaseMod","Minty Spire (QoL Compilation)","StSLib"],"gold_per_floor":[115,127,127,5,18,18,47,111,161,181,181,195,215,249,249,249,249],"floor_reached":16,"playtime":575,"items_purged":["Strike_G"],"score":190,"play_id":"c2529c97-c979-45c4-9940-54a6b2d4bd79","local_time":"20201231015116","is_ascension_mode":true,"campfire_choices":[{"data":"PiercingWail","floor":6,"key":"SMITH"},{"floor":11,"key":"REST"},{"floor":15,"key":"REST"}],"circlet_count":0,"master_deck":["AscendersBane","Strike_G","Strike_G","Strike_G","Strike_G","Defend_G","Defend_G","Defend_G","Defend_G","Defend_G","Survivor","Neutralize","Bouncing Flask+1","PiercingWail","Poisoned Stab","PiercingWail+1","Bane","Calculated Gamble","Bane","Backflip","Adrenaline"],"relics":["Ring of the Snake","NeowsBlessing","Centennial Puzzle","Vajra","Art of War","Bag of Marbles"],"acts_visited":["Exordium"],"potions_floor_usage":[7,14],"damage_taken":[{"damage":0,"enemies":"Small Slimes","floor":1,"turns":1},{"damage":0,"enemies":"Cultist","floor":2,"turns":1},{"damage":0,"enemies":"2 Louse","floor":5,"turns":1},{"damage":10,"enemies":"Lagavulin","floor":7,"turns":5},{"damage":29,"enemies":"3 Sentries","floor":8,"turns":10},{"damage":5,"enemies":"Exordium Thugs","floor":10,"turns":4},{"damage":1,"enemies":"Looter","floor":12,"turns":3},{"damage":2,"enemies":"Red Slaver","floor":13,"turns":2},{"damage":22,"enemies":"3 Sentries","floor":14,"turns":8},{"damage":33,"enemies":"Slime Boss","floor":16,"turns":6}],"seed_played":"-429328016332819448","potions_obtained":[{"floor":1,"key":"Block Potion"},{"floor":2,"key":"SpeedPotion"}],"is_trial":false,"path_per_floor":["M","M","?","$","M","R","E","?","T","M","R","M","M","E","R","B"],"character_chosen":"THE_SILENT","items_purchased":["Poisoned Stab"],"campfire_rested":2,"item_purchase_floors":[4],"current_hp_per_floor":[59,59,59,59,59,59,49,20,20,15,34,33,31,9,28,0,0],"gold":249,"neow_bonus":"THREE_ENEMY_KILL","is_daily":false,"chose_seed":false,"campfire_upgraded":1,"win_rate":0.0,"timestamp":1609339876,"path_taken":["M","M","?","?","M","R","E","?","T","?","R","M","M","E","R","BOSS"],"items_purchased_type":["Card"],"build_version":"2020-12-22","purchased_purges":1,"victory":false,"max_hp_per_floor":[66,66,66,66,66,66,66,66,66,66,66,66,66,66,66,66,66],"card_choices":[{"not_picked":["Flechettes","Backflip"],"picked":"Bouncing Flask","floor":1},{"not_picked":["Sucker Punch","Deflect"],"picked":"PiercingWail","floor":2},{"not_picked":["Bouncing Flask","Acrobatics"],"picked":"PiercingWail","floor":5},{"not_picked":["Die Die Die","Deadly Poison"],"picked":"Bane","floor":7},{"not_picked":["Acrobatics","Flechettes"],"picked":"Calculated Gamble","floor":8},{"not_picked":["Crippling Poison","Underhanded Strike"],"picked":"Bane","floor":10},{"not_picked":["Underhanded Strike","Deflect"],"picked":"Backflip","floor":12},{"not_picked":["A Thousand Cuts","Prepared","Cloak And Dagger"],"picked":"SKIP","floor":13},{"not_picked":["Bane","Dagger Spray"],"picked":"Adrenaline","floor":14}],"player_experience":794609,"relics_obtained":[{"floor":7,"key":"Centennial Puzzle"},{"floor":9,"key":"Art of War"},{"floor":14,"key":"Bag of Marbles"}],"event_choices":[{"damage_healed":0,"gold_gain":0,"player_choice":"Forge","damage_taken":0,"max_hp_gain":0,"max_hp_loss":0,"event_name":"Accursed Blacksmith","floor":3,"gold_loss":0,"cards_upgraded":["Bouncing Flask"]},{"damage_healed":0,"gold_gain":0,"player_choice":"Searched \u00272\u0027 times","damage_taken":0,"relics_obtained":["Vajra"],"max_hp_gain":0,"max_hp_loss":0,"event_name":"Dead Adventurer","floor":8,"gold_loss":0}],"is_beta":false,"boss_relics":[],"items_purged_floors":[4],"is_endless":false,"potions_floor_spawned":[1,2,5],"killed_by":"Slime Boss","ascension_level":14}}