{"host":"8w54i48wcuneocjq","time":1609357000,"event":{"mods":["2.2 Compatiblity","AchievementEnabler","BaseMod","DeckTracker","Minty Spire (QoL Compilation)","Random Character Button","Rare Cards Sparkle"],"gold_per_floor":[118,293,307,318,109,136,146,146,221,235,255,285,304,318,318,414,414,426,426,81,81,98,123,140,140,211,240,259,196,196,196,196,297,297,315,240,257,307,324,324,352,352,352,677,722,366,366,384,384,384],"floor_reached":51,"playtime":2539,"items_purged":["Doubt","Strike_G","Strike_G","Defend_G","Defend_G"],"score":832,"play_id":"4411c170-6518-4a97-a73e-0e7d96f453e6","local_time":"20201230203640","is_ascension_mode":false,"campfire_choices":[{"floor":8.0,"key":"REST"},{"floor":15.0,"key":"REST"},{"floor":25.0,"key":"REST"},{"data":"After Image","floor":32.0,"key":"SMITH"},{"data":"Apotheosis","floor":40.0,"key":"SMITH"},{"floor":42.0,"key":"DIG"},{"floor":47,"key":"REST"},{"floor":49,"key":"REST"}],"circlet_count":0,"master_deck":["Defend_G","Defend_G","Survivor","Neutralize","Dodge and Roll","Terror+1","Footwork","Poisoned Stab","Blade Dance","Poisoned Stab","Blade Dance","Die Die Die","Bane","Night Terror+1","Noxious Fumes","Footwork","Apotheosis+1","After Image+1","Catalyst","Deadly Poison+1","Blur+1","Corpse Explosion","Backflip+1","Leg Sweep+1","Deadly Poison+1","Deflect+1","Catalyst","Parasite","After Image+1"],"relics":["Black Star","Membership Card","Mango","Oddly Smooth Stone","Ornamental Fan","MealTicket","Vajra","HoveringKite","Ninja Scroll","Sling","InkBottle","Dream Catcher","Shuriken","Boot","Letter Opener","Empty Cage","Shovel","Frozen Egg 2","Bronze Scales","HornCleat","Bottled Flame","War Paint","Old Coin","Ginger","Bird Faced Urn","DollysMirror"],"acts_visited":["Exordium","TheCity","TheBeyond"],"potions_floor_usage":[45],"damage_taken":[{"damage":0.0,"enemies":"Small Slimes","floor":1.0,"turns":3.0},{"damage":4.0,"enemies":"Jaw Worm","floor":3.0,"turns":8.0},{"damage":4.0,"enemies":"Cultist","floor":4.0,"turns":5.0},{"damage":53.0,"enemies":"Gremlin Nob","floor":6.0,"turns":6.0},{"damage":8.0,"enemies":"Gremlin Gang","floor":7.0,"turns":5.0},{"damage":5.0,"enemies":"Exordium Thugs","floor":10.0,"turns":7.0},{"damage":1.0,"enemies":"2 Fungi Beasts","floor":11.0,"turns":4.0},{"damage":6.0,"enemies":"Lagavulin","floor":12.0,"turns":7.0},{"damage":0.0,"enemies":"Blue Slaver","floor":13.0,"turns":2.0},{"damage":0.0,"enemies":"Large Slime","floor":14.0,"turns":5.0},{"damage":31.0,"enemies":"The Guardian","floor":16.0,"turns":12.0},{"damage":12.0,"enemies":"3 Byrds","floor":18.0,"turns":6.0},{"damage":15.0,"enemies":"Spheric Guardian","floor":22.0,"turns":6.0},{"damage":38.0,"enemies":"Slavers","floor":23.0,"turns":5.0},{"damage":12.0,"enemies":"Snecko","floor":24.0,"turns":6.0},{"damage":7.0,"enemies":"Gremlin Leader","floor":27.0,"turns":6.0},{"damage":0.0,"enemies":"Chosen and Byrds","floor":28.0,"turns":4.0},{"damage":36.0,"enemies":"Collector","floor":33.0,"turns":7.0},{"damage":14.0,"enemies":"3 Shapes","floor":35.0,"turns":3.0},{"damage":2.0,"enemies":"Orb Walker","floor":37.0,"turns":3.0},{"damage":4.0,"enemies":"Mind Bloom Boss Battle","floor":38.0,"turns":7.0},{"damage":8.0,"enemies":"4 Shapes","floor":39.0,"turns":6.0},{"damage":23.0,"enemies":"Reptomancer","floor":41.0,"turns":6.0},{"damage":11,"enemies":"Nemesis","floor":44,"turns":7},{"damage":17,"enemies":"2 Orb Walkers","floor":45,"turns":4},{"damage":6,"enemies":"Writhing Mass","floor":48,"turns":6},{"damage":72,"enemies":"Donu and Deca","floor":50,"turns":11}],"seed_played":"3111983076578343614","potions_obtained":[{"floor":6.0,"key":"ColorlessPotion"},{"floor":7.0,"key":"Poison Potion"},{"floor":10.0,"key":"GamblersBrew"},{"floor":11.0,"key":"Fire Potion"},{"floor":16.0,"key":"Energy Potion"},{"floor":23.0,"key":"DuplicationPotion"},{"floor":24.0,"key":"FairyPotion"},{"floor":33.0,"key":"Weak Potion"},{"floor":37.0,"key":"Explosive Potion"},{"floor":38.0,"key":"CunningPotion"},{"floor":48,"key":"GhostInAJar"}],"is_trial":false,"path_per_floor":["M","?","M","M","$","E","M","R","T","M","M","E","M","M","R","B",null,"M","?","$","?","M","E","M","R","T","E","M","$","?","?","R","B",null,"M","$","M","?","M","R","E","R","T","E","?","$","R","M","R","B",null],"character_chosen":"THE_SILENT","items_purchased":["Membership Card","Poisoned Stab","Ninja Scroll","Apotheosis","Sling","Bird Faced Urn","DollysMirror","Block Potion","SpeedPotion"],"campfire_rested":5,"item_purchase_floors":[5,5,20,20,20,46,46,46,46],"current_hp_per_floor":[70,70,66,62,62,23,15,40,40,35,34,28,28,28,53,22,84,72,72,84,84,69,31,19,44,44,37,37,52,52,52,52,16,84,70,84,82,78,70,70,47,47,47,36,19,34,59,59,84,18],"gold":384,"neow_bonus":"BOSS_RELIC","is_daily":false,"chose_seed":false,"campfire_upgraded":2,"win_rate":0.0,"timestamp":1609357000,"path_taken":["M","?","M","M","$","E","M","R","T","M","M","E","M","M","R","BOSS","M","?","$","?","M","E","?","R","T","E","?","$","?","?","R","BOSS","M","$","M","?","M","R","E","R","T","E","?","$","R","M","R","BOSS"],"items_purchased_type":["Relic","Card","Relic","Card","Relic","Relic","Relic","Potion","Potion"],"build_version":"2020-12-22","purchased_purges":5,"victory":true,"max_hp_per_floor":[70,70,70,70,70,84,84,84,84,84,84,84,84,84,84,84,84,84,84,84,84,84,84,84,84,84,84,84,84,84,84,84,84,84,84,84,84,84,84,84,84,84,84,84,84,84,84,84,84,84],"card_choices":[{"not_picked":["PiercingWail","Finisher"],"picked":"Dodge and Roll","floor":1.0},{"not_picked":["Acrobatics","Flying Knee"],"picked":"Terror","floor":3.0},{"not_picked":["Noxious Fumes","Flying Knee"],"picked":"Footwork","floor":4.0},{"not_picked":["Prepared","Endless Agony"],"picked":"Blade Dance","floor":6.0},{"not_picked":["Heel Hook","Slice","Predator"],"picked":"SKIP","floor":7.0},{"not_picked":["Underhanded Strike","Tactician"],"picked":"Poisoned Stab","floor":10.0},{"not_picked":["Acrobatics","Dagger Spray"],"picked":"Blade Dance","floor":11.0},{"not_picked":["Flechettes","Backflip"],"picked":"Die Die Die","floor":12.0},{"not_picked":["Masterful Stab","Riddle With Holes","Terror"],"picked":"SKIP","floor":13.0},{"not_picked":["Reflex","Dagger Spray"],"picked":"Bane","floor":14.0},{"not_picked":["Unload","Adrenaline"],"picked":"Night Terror","floor":16.0},{"not_picked":["Dodge and Roll","PiercingWail+1"],"picked":"Noxious Fumes","floor":18.0},{"not_picked":["Prepared","Calculated Gamble+1","Dodge and Roll"],"picked":"SKIP","floor":22.0},{"not_picked":["Riddle With Holes","Dagger Throw"],"picked":"After Image","floor":23.0},{"not_picked":["Calculated Gamble","Distraction"],"picked":"Catalyst","floor":24.0},{"not_picked":["Sucker Punch+1","Poisoned Stab"],"picked":"Deadly Poison+1","floor":25.0},{"not_picked":["Sucker Punch","Calculated Gamble+1","Well Laid Plans"],"picked":"SKIP","floor":27.0},{"not_picked":["Flying Knee","Slice"],"picked":"Blur+1","floor":28.0},{"not_picked":["Bullet Time","After Image"],"picked":"Corpse Explosion","floor":33.0},{"not_picked":["Flying Knee+1","Crippling Poison"],"picked":"Backflip+1","floor":35.0},{"not_picked":["Sucker Punch+1","Escape Plan"],"picked":"Leg Sweep+1","floor":37.0},{"not_picked":["Noxious Fumes+1","Slice+1"],"picked":"Deadly Poison+1","floor":38.0},{"not_picked":["Poisoned Stab","Distraction","Dagger Throw"],"picked":"SKIP","floor":39.0},{"not_picked":["Backflip","Tools of the Trade+1","Dagger Throw"],"picked":"SKIP","floor":41.0},{"not_picked":["Calculated Gamble+1","Prepared+1","Blur+1"],"picked":"SKIP","floor":44},{"not_picked":["Bane+1","Finisher+1"],"picked":"Deflect+1","floor":45},{"not_picked":["Footwork+1","Slice"],"picked":"After Image+1","floor":48}],"player_experience":17006,"relics_obtained":[{"floor":6.0,"key":"Mango"},{"floor":6.0,"key":"Oddly Smooth Stone"},{"floor":9.0,"key":"Ornamental Fan"},{"floor":12.0,"key":"MealTicket"},{"floor":12.0,"key":"Vajra"},{"floor":23.0,"key":"InkBottle"},{"floor":23.0,"key":"Dream Catcher"},{"floor":26.0,"key":"Shuriken"},{"floor":27.0,"key":"Boot"},{"floor":27.0,"key":"Letter Opener"},{"floor":38.0,"key":"Shovel"},{"floor":41.0,"key":"Frozen Egg 2"},{"floor":41.0,"key":"Bronze Scales"},{"floor":42.0,"key":"HornCleat"},{"floor":43.0,"key":"Bottled Flame"},{"floor":44,"key":"War Paint"},{"floor":44,"key":"Old Coin"},{"floor":45,"key":"Ginger"}],"event_choices":[{"damage_healed":0.0,"max_hp_gain":0.0,"max_hp_loss":0.0,"gold_gain":175.0,"event_name":"Liars Game","player_choice":"AGREE","floor":2.0,"gold_loss":0.0,"damage_taken":0.0,"cards_obtained":["Doubt"]},{"damage_healed":0.0,"max_hp_gain":0.0,"max_hp_loss":0.0,"gold_gain":0.0,"cards_transformed":["Strike_G","Strike_G"],"event_name":"Drug Dealer","player_choice":"Became Test Subject","floor":19.0,"gold_loss":0.0,"damage_taken":0.0,"cards_obtained":["Footwork","Heel Hook"]},{"cards_removed":["Defend_G"],"damage_healed":0.0,"max_hp_gain":0.0,"max_hp_loss":0.0,"gold_gain":0.0,"event_name":"Wheel of Change","player_choice":"Card Removal","floor":21.0,"gold_loss":0.0,"damage_taken":0.0},{"cards_removed":["Strike_G"],"damage_healed":0.0,"max_hp_gain":0.0,"max_hp_loss":0.0,"gold_gain":0.0,"event_name":"Back to Basics","player_choice":"Elegance","floor":30.0,"gold_loss":0.0,"damage_taken":0.0},{"damage_healed":0.0,"max_hp_gain":0.0,"max_hp_loss":0.0,"gold_gain":0.0,"event_name":"Forgotten Altar","player_choice":"Smashed Altar","floor":31.0,"gold_loss":0.0,"damage_taken":0.0,"cards_obtained":["Decay"]},{"damage_healed":0.0,"max_hp_gain":0.0,"max_hp_loss":0.0,"gold_gain":0.0,"event_name":"MindBloom","player_choice":"Fight","floor":38.0,"gold_loss":0.0,"damage_taken":0.0},{"damage_healed":0,"gold_gain":0,"player_choice":"Fight","damage_taken":0,"max_hp_gain":0,"max_hp_loss":0,"event_name":"Mysterious Sphere","floor":45,"gold_loss":0}],"is_beta":false,"boss_relics":[{"not_picked":["Busted Crown","Runic Pyramid"],"picked":"HoveringKite"},{"not_picked":["Tiny House","Sozu"],"picked":"Empty Cage"}],"items_purged_floors":[5,20,29,36,46],"is_endless":false,"potions_floor_spawned":[6,7,10,11,12,13,16,23,24,28,33,37,38,48],"ascension_level":0}}