{"host":"sc0o2qwpf9j16a4i","time":1609292818,"event":{"mods":["AchievementEnabler","BaseMod","BetterRewards","Block Reminder","Colored Map","Colored Powertips","Custom Start","Highlight Path","Minty Spire (QoL Compilation)","Relic Stats"],"gold_per_floor":[120,85,85,85,108,108,152,152,152,195,223,258,316,355,355,435,435,463,49,49,49,49,49,77,132,132,132,154,154,204,5,5,90,90,145,1162,792,792,872,872,872],"floor_reached":40,"playtime":1213,"items_purged":["Strike_P","Strike_P","Normality"],"score":1140,"play_id":"6fa63266-5bcd-47c9-bdbc-01cb9bd5024b","local_time":"20201230034658","is_ascension_mode":true,"campfire_choices":[{"floor":6,"key":"REST"},{"data":"Wish","floor":8,"key":"SMITH"},{"floor":15,"key":"REST"},{"floor":23,"key":"REST"},{"floor":27,"key":"REST"},{"floor":29,"key":"REST"},{"floor":32,"key":"REST"}],"circlet_count":0,"master_deck":["AscendersBane","Strike_P","Strike_P","Defend_P","Defend_P","Defend_P","Defend_P","Eruption","Vigilance","LikeWater","Wish+1","InnerPeace","SashWhip","Indignation","ReachHeaven","Conclude","FollowUp","Swivel","Fasting2","DeceiveReality","Adaptation","Omniscience","ClearTheMind+1","FearNoEvil","WaveOfTheHand","FearNoEvil","Halt","Omniscience","InnerPeace","Normality","Fasting2"],"relics":["PureWater","CeramicFish","Turnip","OrangePellets","Sling","NlothsMask","Orichalcum","Eternal Feather","Vajra","SacredBark","Gambling Chip","Enchiridion","TungstenRod","StrikeDummy","Snecko Eye","Bag of Preparation","Nunchaku"],"acts_visited":["Exordium","TheCity","TheBeyond"],"potions_floor_usage":[5,12,13,14,25,28,33,35],"damage_taken":[{"damage":5,"enemies":"2 Louse","floor":1,"turns":5},{"damage":0,"enemies":"Jaw Worm","floor":5,"turns":3},{"damage":0,"enemies":"Cultist","floor":7,"turns":4},{"damage":6,"enemies":"Gremlin Nob","floor":10,"turns":3},{"damage":17,"enemies":"3 Louse","floor":11,"turns":2},{"damage":8,"enemies":"3 Sentries","floor":12,"turns":4},{"damage":7,"enemies":"Large Slime","floor":13,"turns":4},{"damage":9,"enemies":"Lagavulin","floor":14,"turns":5},{"damage":7,"enemies":"Slime Boss","floor":16,"turns":8},{"damage":3,"enemies":"Chosen","floor":18,"turns":5},{"damage":25,"enemies":"Gremlin Leader","floor":24,"turns":5},{"damage":7,"enemies":"Shell Parasite","floor":25,"turns":7},{"damage":21,"enemies":"Cultist and Chosen","floor":28,"turns":5},{"damage":46,"enemies":"Snake Plant","floor":30,"turns":4},{"damage":4,"enemies":"Champ","floor":33,"turns":8},{"damage":6,"enemies":"3 Darklings","floor":35,"turns":5},{"damage":22,"enemies":"Orb Walker","floor":39,"turns":4},{"damage":76,"enemies":"Reptomancer","floor":40,"turns":3}],"seed_played":"4837406902460674462","potions_obtained":[{"floor":1,"key":"Explosive Potion"},{"floor":10,"key":"Weak Potion"},{"floor":11,"key":"Strength Potion"},{"floor":12,"key":"PowerPotion"},{"floor":13,"key":"Energy Potion"},{"floor":24,"key":"SkillPotion"},{"floor":28,"key":"FearPotion"},{"floor":33,"key":"StancePotion"},{"floor":35,"key":"Swift Potion"}],"is_trial":false,"path_per_floor":["M","?","?","?","M","R","M","R","T","E","M","E","M","E","R","B",null,"M","$","?","?","?","R","E","M","T","R","M","R","M","$","R","B",null,"M","?","$","?","M","E"],"character_chosen":"WATCHER","items_purchased":["LikeWater","CeramicFish","Turnip","Wish","OrangePellets","Sling","InnerPeace","SashWhip","Gambling Chip","Halt","ColorlessPotion","Fasting2","Bag of Preparation"],"campfire_rested":6,"item_purchase_floors":[0,0,0,0,0,0,0,0,19,31,31,37,37],"current_hp_per_floor":[17,34,34,34,34,54,54,54,54,48,31,23,16,7,39,32,59,56,56,56,37,16,49,24,17,17,53,32,68,22,22,58,54,68,62,62,62,62,40,0,0],"gold":872,"neow_bonus":"","is_daily":false,"chose_seed":false,"campfire_upgraded":1,"win_rate":0.0,"timestamp":1609292818,"path_taken":["M","?","?","?","M","R","M","R","T","E","?","E","M","E","R","BOSS","M","$","?","?","?","R","E","M","T","R","?","R","M","$","R","BOSS","M","?","$","?","?","E"],"items_purchased_type":["Card","Relic","Relic","Card","Relic","Relic","Card","Card","Relic","Card","Potion","Card","Relic"],"build_version":"2020-12-22","purchased_purges":3,"victory":false,"max_hp_per_floor":[68,68,68,68,68,68,68,68,68,68,68,68,68,68,68,68,68,68,68,68,73,73,73,73,73,73,73,73,73,73,73,73,73,73,73,73,73,73,73,73,73],"relic_stats":{"OrangePellets":[20],"Nunchaku":[1],"counters":[111,491],"CeramicFish":198,"Gambling Chip":[26],"Snecko Eye":[243,252,240,256],"Eternal Feather":69,"Turnip":[14],"Bag of Preparation":[2],"Orichalcum":[126],"obtain_stats":[{"Gremlin Horn":0,"CeramicFish":44,"Vajra":9,"Whetstone":26,"Sling":0,"Old Coin":40,"Blood Vial":24,"Sozu":34,"Centennial Puzzle":9,"Lizard Tail":25,"Sundial":11,"Strawberry":14,"Philosopher\u0027s Stone":17,"MealTicket":11,"Prayer Wheel":0,"VioletLotus":0,"Fusion Hammer":34,"Kunai":54,"Pear":7,"Happy Flower":0,"Astrolabe":17,"Dead Branch":38,"Oddly Smooth Stone":28,"Eternal Feather":12,"Pen Nib":21,"War Paint":20,"Du-Vu Doll":31,"SlaversCollar":34,"OrangePellets":0,"Shuriken":7,"MutagenicStrength":29,"Bird Faced Urn":41,"Bronze Scales":26,"Snecko Eye":17,"Molten Egg 2":0,"StrikeDummy":26,"NlothsMask":4,"Lantern":0,"SacredBark":17,"Enchiridion":22,"StoneCalendar":23,"Incense Burner":24,"Bag of Preparation":37,"Ancient Tea Set":14,"ClockworkSouvenir":28,"Dream Catcher":13,"Nunchaku":8,"Mummified Hand":20,"Pantograph":9,"Gambling Chip":19,"Tiny Chest":8,"WingedGreaves":0,"Lee\u0027s Waffle":22,"Golden Idol":4,"Damaru":9,"Thread and Needle":0,"PreservedInsect":29,"The Courier":26,"Omamori":0,"Orichalcum":10,"GoldenEye":37,"Strange Spoon":0,"CaptainsWheel":9,"Ornamental Fan":0,"Turnip":0,"Bag of Marbles":27,"Art of War":42,"Membership Card":12,"PureWater":0,"Toy Ornithopter":0,"TungstenRod":12},{"Gremlin Horn":49,"CeramicFish":68,"Vajra":16,"Whetstone":42,"Sling":49,"Old Coin":92,"Blood Vial":22,"Sozu":87,"Centennial Puzzle":34,"Lizard Tail":42,"Sundial":36,"Strawberry":38,"Philosopher\u0027s Stone":8,"MealTicket":17,"Prayer Wheel":74,"VioletLotus":0,"Fusion Hammer":27,"Kunai":73,"Pear":4,"Happy Flower":30,"Astrolabe":20,"Dead Branch":29,"Oddly Smooth Stone":59,"Eternal Feather":99,"Pen Nib":21,"War Paint":10,"Du-Vu Doll":61,"SlaversCollar":45,"OrangePellets":93,"Shuriken":34,"MutagenicStrength":43,"Bird Faced Urn":48,"Bronze Scales":59,"Snecko Eye":55,"Molten Egg 2":12,"StrikeDummy":105,"NlothsMask":94,"Lantern":30,"SacredBark":102,"Enchiridion":103,"StoneCalendar":41,"Incense Burner":59,"Bag of Preparation":109,"Ancient Tea Set":54,"ClockworkSouvenir":59,"Dream Catcher":7,"Nunchaku":51,"Mummified Hand":21,"Pantograph":5,"Gambling Chip":103,"Tiny Chest":16,"WingedGreaves":74,"Lee\u0027s Waffle":40,"Golden Idol":14,"Damaru":77,"Thread and Needle":30,"PreservedInsect":24,"The Courier":85,"Omamori":49,"Orichalcum":97,"GoldenEye":48,"Strange Spoon":74,"CaptainsWheel":51,"Ornamental Fan":74,"Turnip":93,"Bag of Marbles":23,"Art of War":67,"Membership Card":36,"PureWater":0,"Toy Ornithopter":30,"TungstenRod":54},{"Gremlin Horn":227,"CeramicFish":295,"Vajra":59,"Whetstone":183,"Sling":227,"Old Coin":405,"Blood Vial":80,"Sozu":379,"Centennial Puzzle":125,"Lizard Tail":183,"Sundial":134,"Strawberry":145,"Philosopher\u0027s Stone":33,"MealTicket":62,"Prayer Wheel":327,"VioletLotus":0,"Fusion Hammer":100,"Kunai":320,"Pear":16,"Happy Flower":107,"Astrolabe":74,"Dead Branch":104,"Oddly Smooth Stone":262,"Eternal Feather":428,"Pen Nib":77,"War Paint":42,"Du-Vu Doll":269,"SlaversCollar":204,"OrangePellets":407,"Shuriken":125,"MutagenicStrength":189,"Bird Faced Urn":216,"Bronze Scales":262,"Snecko Eye":247,"Molten Egg 2":48,"StrikeDummy":462,"NlothsMask":412,"Lantern":107,"SacredBark":445,"Enchiridion":450,"StoneCalendar":176,"Incense Burner":262,"Bag of Preparation":484,"Ancient Tea Set":244,"ClockworkSouvenir":262,"Dream Catcher":27,"Nunchaku":234,"Mummified Hand":77,"Pantograph":20,"Gambling Chip":450,"Tiny Chest":59,"WingedGreaves":327,"Lee\u0027s Waffle":166,"Golden Idol":54,"Damaru":335,"Thread and Needle":107,"PreservedInsect":87,"The Courier":366,"Omamori":227,"Orichalcum":422,"GoldenEye":216,"Strange Spoon":327,"CaptainsWheel":234,"Ornamental Fan":327,"Turnip":407,"Bag of Marbles":84,"Art of War":293,"Membership Card":134,"PureWater":0,"Toy Ornithopter":107,"TungstenRod":244}],"TungstenRod":19},"card_choices":[{"not_picked":["Vengeance","JustLucky"],"picked":"Indignation","floor":1},{"not_picked":["FlurryOfBlows","CrushJoints"],"picked":"ReachHeaven","floor":5},{"not_picked":["EmptyMind","EmptyFist"],"picked":"Conclude","floor":7},{"not_picked":["Halt","BowlingBash"],"picked":"FollowUp","floor":10},{"not_picked":["Wireheading","FollowUp"],"picked":"Swivel","floor":11},{"not_picked":["BowlingBash","PathToVictory"],"picked":"Fasting2","floor":12},{"not_picked":["Collect","EmptyBody"],"picked":"DeceiveReality","floor":13},{"not_picked":["Halt","Protect"],"picked":"Adaptation","floor":14},{"not_picked":["Scrawl","Wish"],"picked":"Omniscience","floor":16},{"not_picked":["Halt","Vengeance"],"picked":"ClearTheMind+1","floor":18},{"not_picked":["JustLucky","EmptyMind","EmptyFist"],"picked":"SKIP","floor":24},{"not_picked":["CutThroughFate","Prostrate+1"],"picked":"FearNoEvil","floor":25},{"not_picked":["CrushJoints","EmptyMind"],"picked":"WaveOfTheHand","floor":28},{"not_picked":["Consecrate","Protect"],"picked":"FearNoEvil","floor":30},{"not_picked":["Judgement","Vault"],"picked":"Omniscience","floor":33},{"not_picked":["Consecrate","CrushJoints"],"picked":"InnerPeace","floor":35},{"not_picked":["EmptyBody+1","Halt","PathToVictory"],"picked":"SKIP","floor":39}],"player_experience":432134,"relics_obtained":[{"floor":10,"key":"Orichalcum"},{"floor":12,"key":"Eternal Feather"},{"floor":14,"key":"Vajra"},{"floor":22,"key":"Enchiridion"},{"floor":24,"key":"TungstenRod"},{"floor":26,"key":"StrikeDummy"}],"event_choices":[{"damage_healed":17,"gold_gain":0,"player_choice":"Healed","damage_taken":0,"max_hp_gain":0,"max_hp_loss":0,"event_name":"The Cleric","floor":2,"gold_loss":35},{"damage_healed":0,"gold_gain":0,"player_choice":"Ignored","damage_taken":0,"max_hp_gain":0,"max_hp_loss":0,"event_name":"Shining Light","floor":3,"gold_loss":0},{"damage_healed":0,"gold_gain":0,"player_choice":"Trade","damage_taken":0,"relics_obtained":["NlothsMask"],"max_hp_gain":0,"max_hp_loss":0,"event_name":"FaceTrader","floor":4,"gold_loss":0},{"damage_healed":0,"gold_gain":0,"player_choice":"Ignored","damage_taken":0,"max_hp_gain":0,"max_hp_loss":0,"event_name":"The Mausoleum","floor":20,"gold_loss":0},{"damage_healed":0,"gold_gain":0,"player_choice":"Shed Blood","damage_taken":24,"max_hp_gain":5,"max_hp_loss":0,"event_name":"Forgotten Altar","floor":21,"gold_loss":0},{"damage_healed":0,"gold_gain":0,"player_choice":"Obtained Book","damage_taken":21,"max_hp_gain":0,"max_hp_loss":0,"event_name":"Cursed Tome","floor":22,"gold_loss":0},{"damage_healed":0,"gold_gain":999,"player_choice":"Gold","damage_taken":0,"max_hp_gain":0,"max_hp_loss":0,"event_name":"MindBloom","floor":36,"gold_loss":0,"cards_obtained":["Normality","Normality"]},{"damage_healed":0,"gold_gain":0,"player_choice":"Gave Potion","damage_taken":0,"relics_obtained":["Nunchaku"],"max_hp_gain":0,"max_hp_loss":0,"event_name":"WeMeetAgain","floor":38,"gold_loss":0}],"is_beta":false,"boss_relics":[{"not_picked":["Ectoplasm","HolyWater"],"picked":"SacredBark"},{"not_picked":["Pandora\u0027s Box","Astrolabe"],"picked":"Snecko Eye"}],"items_purged_floors":[19,31,37],"is_endless":false,"potions_floor_spawned":[1,10,11,12,13,24,28,33,35],"killed_by":"Reptomancer","ascension_level":19}}