{"host":"dwyzfvnzfcqffr30","time":1609352419,"event":{"mods":["2.2 Compatiblity","Act Like it!","BaseMod","Beaked The Cultist","Better Altar","Better Match","Better Note","Better Sensory Stone","Better Skull","Better Third Choice","Clockwork Mod","Colored Map","Colored Powertips","Conspire","Downfall","Elementarium","GifTheSpireLib","Halation","Hermit","Hubris","Infinite Spire","Ironclad Rager","Jedi Mod","Menagerie","Mimic Mod","Minty Spire (QoL Compilation)","Permanent Neow","Random Character Button","Replay The Spire","Spicy Shops","StSLib","Stuff the Spire","The Construct","The Disciple","The Druid","The Marked","TheFirefly","Trackpad","vexMod"],"gold_per_floor":[413,413,413,118,118,143,143,173,173,185,185,196,229,246,313,412,412,449,449,492,492,535,535,535],"floor_reached":23,"playtime":2291,"items_purged":[],"score":333,"play_id":"c122d7da-52a6-4d51-bac8-08cb7e8f570a","local_time":"20201230102019","is_ascension_mode":true,"campfire_choices":[{"floor":7,"key":"RECALL"}],"circlet_count":0,"master_deck":["AscendersBane","beaked:Strike_Y+1","beaked:Strike_Y+1","beaked:Strike_Y+1","beaked:Strike_Y+1","beaked:Strike_Y+1","beaked:Defend_Y+1","beaked:Defend_Y+1","beaked:Defend_Y+1","beaked:Defend_Y+1","beaked:Ceremony+1","beaked:Ceremony+1","beaked:Ceremony+1","MasterReality+1","beaked:Cower+1","beaked:Tweet+1","beaked:Resilience+1","beaked:Roost+1","beaked:Foresight+1","beaked:ScreechingChant+1","beaked:CrazyRituals+1","beaked:WarriorEssence+1","beaked:RitualOfBody+1"],"relics":["beaked:MendingPlumage","vexMod:RetaliationKit","Toxic Egg 2","Molten Egg 2","Frozen Egg 2","Quantum Egg","jedi:cryingmask","Smiling Mask","Juzu Bracelet","Bottled Tornado","StuffTheSpire:RedRose","Spirit Poop","conspire:DeflatedDodgeball","Potion Belt","hubris:TinFlute","ReplayTheSpireMod:Ring of Collecting","infinitespire:EvilPickle","Philosopher\u0027s Stone","Bloody Idol"],"acts_visited":["Exordium","TheCity"],"potions_floor_usage":[16,16,20],"damage_taken":[{"damage":4,"enemies":"Small Slimes","floor":1,"turns":4},{"damage":4,"enemies":"Lagavulin","floor":6,"turns":6},{"damage":20,"enemies":"Replay:BlueRogue","floor":8,"turns":9},{"damage":0,"enemies":"conspire:RoseBush","floor":10,"turns":5},{"damage":0,"enemies":"Cultist","floor":12,"turns":4},{"damage":11,"enemies":"Lagavulin","floor":13,"turns":8},{"damage":5,"enemies":"conspire:2 RoseBushes","floor":14,"turns":7},{"damage":33,"enemies":"Fading Forest","floor":16,"turns":11},{"damage":36,"enemies":"3 Byrds","floor":18,"turns":5},{"damage":4,"enemies":"conspire:FuzzyDice","floor":20,"turns":5},{"damage":26,"enemies":"3 Cultists","floor":22,"turns":6},{"damage":61,"enemies":"Gremlin Leader","floor":23,"turns":3}],"seed_played":"4667177220797063105","potions_obtained":[{"floor":1,"key":"Explosive Potion"},{"floor":6,"key":"Regen Potion"},{"floor":13,"key":"ColorlessPotion"},{"floor":18,"key":"jedi:holywater"}],"is_trial":false,"path_per_floor":["M","?","?","$","?","E","R","E","T","M","?","M","E","M","R_BF","B",null,"M","?","M","?","M","E"],"character_chosen":"BEAKED_THE_CULTIST","items_purchased":["beaked:Tweet+1","conspire:DeflatedDodgeball"],"campfire_rested":0,"item_purchase_floors":[4,4],"current_hp_per_floor":[50,50,50,50,50,50,50,50,50,50,50,50,50,50,50,50,50,29,4,48,48,50,0,0],"gold":535,"neow_bonus":"ONE_RARE_RELIC","is_daily":false,"chose_seed":false,"campfire_upgraded":0,"win_rate":0.0,"timestamp":1609352419,"path_taken":["M","?","?","$","?","E","R","E","T","M","?","M","E","M","R_BF","BOSS","M","?","M","?","M","E"],"items_purchased_type":["Card","Relic"],"build_version":"2020-12-22","purchased_purges":0,"victory":false,"max_hp_per_floor":[50,50,50,50,50,50,50,50,50,50,50,50,50,50,50,50,50,50,50,50,50,50,50,50],"card_choices":[{"not_picked":["beaked:Tradeoff+1","beaked:Flinch+1"],"picked":"beaked:Cower+1","floor":1},{"not_picked":["beaked:FullHouse+1","beaked:SurvivalInstinct+1"],"picked":"beaked:Resilience+1","floor":6},{"not_picked":["beaked:Daydream+1","beaked:BloodForTheGods+1"],"picked":"beaked:Roost+1","floor":8},{"not_picked":["beaked:WarriorEssence+1","beaked:Negation+1"],"picked":"beaked:Foresight+1","floor":10},{"not_picked":["beaked:Daydream+1","beaked:Tradeoff+1","beaked:Cower+1"],"picked":"SKIP","floor":12},{"not_picked":["ReplayTheSpireMod:Prepare the Ceremony+1","beaked:LiftOff+1","beaked:BarbedWire+1"],"picked":"SKIP","floor":13},{"not_picked":["beaked:TuckingFeathers+1","beaked:HuntressEssence+1","beaked:CursingBlood+1"],"picked":"SKIP","floor":14},{"not_picked":["beaked:Brainwash+1","beaked:DarkPact+1"],"picked":"beaked:ScreechingChant+1","floor":16},{"not_picked":["beaked:Brace+1","beaked:CursingBlood+1"],"picked":"beaked:CrazyRituals+1","floor":18},{"not_picked":["beaked:Tweet+1","beaked:Cower+1"],"picked":"beaked:WarriorEssence+1","floor":20},{"not_picked":["beaked:WarriorEssence+1","beaked:Tweet+1"],"picked":"beaked:RitualOfBody+1","floor":22}],"player_experience":2545671,"relics_obtained":[{"floor":6,"key":"Potion Belt"},{"floor":8,"key":"hubris:TinFlute"},{"floor":11,"key":"ReplayTheSpireMod:Ring of Collecting"}],"event_choices":[{"damage_healed":0,"gold_gain":0,"player_choice":"Simplicity","damage_taken":0,"max_hp_gain":0,"max_hp_loss":10,"event_name":"betterThird:BetterWriting","floor":0,"gold_loss":0},{"cards_removed":["Regret"],"damage_healed":0,"gold_gain":0,"player_choice":"Offered Curse","damage_taken":0,"relics_obtained":["Spirit Poop"],"max_hp_gain":0,"max_hp_loss":0,"event_name":"Bonfire Elementals","floor":3,"gold_loss":0},{"damage_healed":0,"gold_gain":0,"player_choice":" Idol ","damage_taken":25,"relics_obtained":["Bloody Idol"],"max_hp_gain":29,"max_hp_loss":4,"event_name":"betterAltar:BetterAltar","floor":19,"potions_obtained":[],"relics_lost":[],"gold_loss":0}],"is_beta":false,"boss_relics":[{"not_picked":["Busted Crown","Cursed Key"],"picked":"Philosopher\u0027s Stone"}],"items_purged_floors":[],"is_endless":false,"potions_floor_spawned":[1,6,13,18],"killed_by":"Gremlin Leader","ascension_level":12}}