{"host":"dpbezu80jg8zk7un","time":1609369605,"event":{"mods":["BaseMod","Colored Map","Colored Powertips","Custom Start","DeckTracker","Minty Spire (QoL Compilation)","Quick Restart","StSLib","SuperFastMode"],"gold_per_floor":[115,115,135,135,60,60,90,90,90,115,125,125,50,67,67,146,146,186,236,272,172,212,212,253,314,314,362,418,217,277,127,127,236,236,246,246,166,166,210,210,269,224,224,272,299,339,380,440,440,470,500,500,500,131,159,159],"floor_reached":57,"playtime":2130,"items_purged":["Defend_P","Strike_P","Strike_P","Defend_P"],"score":3491,"play_id":"c686b994-d0c7-49b1-8aaa-b58961d98c81","local_time":"20201231080645","is_ascension_mode":true,"campfire_choices":[{"floor":6.0,"key":"REST"},{"data":"SandsOfTime","floor":8.0,"key":"SMITH"},{"data":"MentalFortress","floor":15.0,"key":"SMITH"},{"data":"Wish","floor":23.0,"key":"SMITH"},{"floor":32.0,"key":"RECALL"},{"data":"Ragnarok","floor":40.0,"key":"SMITH"},{"data":"TalkToTheHand","floor":49.0,"key":"SMITH"},{"data":"Wallop","floor":53.0,"key":"SMITH"}],"circlet_count":0,"master_deck":["AscendersBane","Eruption+1","Vigilance","Protect","SandsOfTime+1","Wallop+1","MentalFortress+1","Wish+1","InnerPeace","WheelKick+1","Ragnarok+1","FearNoEvil","Adaptation","TalkToTheHand+1"],"relics":["Snecko Eye","Centennial Puzzle","Potion Belt","Pen Nib","Cursed Key","Akabeko","InkBottle","Whetstone","Pandora\u0027s Box","Bag of Marbles","Torii","Toy Ornithopter","Lizard Tail","Blood Vial"],"acts_visited":["Exordium","TheCity","TheBeyond","TheEnding"],"potions_floor_usage":[55,56,56,56,56],"damage_taken":[{"damage":5.0,"enemies":"Small Slimes","floor":1.0,"turns":3.0},{"damage":0.0,"enemies":"2 Louse","floor":3.0,"turns":1.0},{"damage":0.0,"enemies":"Lagavulin","floor":7.0,"turns":4.0},{"damage":0.0,"enemies":"3 Sentries","floor":10.0,"turns":3.0},{"damage":0.0,"enemies":"Jaw Worm","floor":11.0,"turns":1.0},{"damage":11.0,"enemies":"Exordium Wildlife","floor":14.0,"turns":2.0},{"damage":0.0,"enemies":"Hexaghost","floor":16.0,"turns":6.0},{"damage":0.0,"enemies":"Spheric Guardian","floor":18.0,"turns":2.0},{"damage":0.0,"enemies":"2 Thieves","floor":20.0,"turns":2.0},{"damage":0.0,"enemies":"Shelled Parasite and Fungi","floor":22.0,"turns":3.0},{"damage":4.0,"enemies":"Snecko","floor":24.0,"turns":3.0},{"damage":1.0,"enemies":"Book of Stabbing","floor":25.0,"turns":3.0},{"damage":0.0,"enemies":"Centurion and Healer","floor":27.0,"turns":4.0},{"damage":0.0,"enemies":"Slavers","floor":28.0,"turns":3.0},{"damage":0.0,"enemies":"Gremlin Leader","floor":30.0,"turns":3.0},{"damage":0.0,"enemies":"Automaton","floor":33.0,"turns":5.0},{"damage":0.0,"enemies":"3 Darklings","floor":35.0,"turns":1.0},{"damage":0.0,"enemies":"Orb Walker","floor":39.0,"turns":1.0},{"damage":0.0,"enemies":"Giant Head","floor":41.0,"turns":3.0},{"damage":0.0,"enemies":"Jaw Worm Horde","floor":44.0,"turns":1.0},{"damage":4.0,"enemies":"Nemesis","floor":45.0,"turns":3.0},{"damage":0.0,"enemies":"Sphere and 2 Shapes","floor":46.0,"turns":2.0},{"damage":1.0,"enemies":"3 Darklings","floor":47.0,"turns":3.0},{"damage":0.0,"enemies":"Giant Head","floor":48.0,"turns":3.0},{"damage":14.0,"enemies":"Awakened One","floor":50.0,"turns":5.0},{"damage":21.0,"enemies":"Time Eater","floor":51.0,"turns":7.0},{"damage":0,"enemies":"Shield and Spear","floor":55,"turns":3},{"damage":49,"enemies":"The Heart","floor":56,"turns":5}],"seed_played":"-3181743256250719224","potions_obtained":[{"floor":1.0,"key":"SneckoOil"},{"floor":3.0,"key":"SteroidPotion"},{"floor":11.0,"key":"ColorlessPotion"},{"floor":14.0,"key":"ColorlessPotion"},{"floor":18.0,"key":"Weak Potion"},{"floor":20.0,"key":"Swift Potion"},{"floor":22.0,"key":"BlessingOfTheForge"},{"floor":39.0,"key":"Explosive Potion"},{"floor":41.0,"key":"FearPotion"},{"floor":55,"key":"Dexterity Potion"}],"is_trial":false,"path_per_floor":["M","?","M","?","?","R","E","R","T","E","M","?","$","M","R","B",null,"M","?","M","$","M","R","M","E","T","M","E","$","E","$","R","B",null,"M","?","$","?","M","R","E","$","T","M","E","M","M","E","R","B","B",null,"R","$","E","B",null],"character_chosen":"WATCHER","items_purchased":["WheelKick","Adaptation","TalkToTheHand","Lizard Tail","PowerPotion"],"campfire_rested":1,"item_purchase_floors":[29,37,42,54,54],"current_hp_per_floor":[56,36,36,29,29,49,49,49,49,49,49,31,31,20,20,20,56,56,56,56,56,56,56,52,51,51,51,51,51,51,51,51,51,64,64,64,64,64,64,64,64,64,64,64,60,60,59,59,59,45,24,57,57,57,62,24],"gold":159,"neow_bonus":"BOSS_RELIC","is_daily":false,"chose_seed":false,"campfire_upgraded":6,"win_rate":0.0,"timestamp":1609369605,"path_taken":["M","?","M","?","?","R","E","R","T","E","M","?","?","M","R","BOSS","M","?","M","$","M","R","M","E","T","M","E","$","E","$","R","BOSS","M","?","$","?","?","R","E","$","T","M","E","M","M","E","R","BOSS","BOSS","R","$","E","BOSS"],"items_purchased_type":["Card","Card","Card","Relic","Potion"],"build_version":"2020-12-22","purchased_purges":4,"victory":true,"max_hp_per_floor":[68,68,68,68,68,68,68,68,68,68,68,68,68,68,68,68,68,68,68,68,68,68,68,68,68,68,68,68,68,68,68,68,68,68,68,68,68,68,68,68,68,68,68,68,68,68,68,68,68,68,68,68,68,68,68,68],"card_choices":[{"not_picked":["WaveOfTheHand","SashWhip"],"picked":"Protect","floor":1.0},{"not_picked":["BowlingBash","SignatureMove"],"picked":"SandsOfTime","floor":3.0},{"not_picked":["DeusExMachina","Conclude"],"picked":"Wallop","floor":7.0},{"not_picked":["FlyingSleeves","FlurryOfBlows"],"picked":"MentalFortress","floor":10.0},{"not_picked":["Prostrate","Perseverance","PathToVictory"],"picked":"SKIP","floor":11.0},{"not_picked":["Halt","Tantrum","Consecrate"],"picked":"SKIP","floor":14.0},{"not_picked":["Halt","Tantrum","Consecrate"],"picked":"SKIP","floor":14.0},{"not_picked":["Ragnarok","Brilliance"],"picked":"Wish","floor":16.0},{"not_picked":["EmptyFist","ClearTheMind","CarveReality"],"picked":"SKIP","floor":18.0},{"not_picked":["Worship","BattleHymn","ClearTheMind"],"picked":"SKIP","floor":20.0},{"not_picked":["EmptyFist","Prostrate"],"picked":"InnerPeace","floor":22.0},{"not_picked":["WaveOfTheHand","EmptyBody","EmptyMind"],"picked":"SKIP","floor":24.0},{"not_picked":["ClearTheMind+1","SashWhip","Blasphemy"],"picked":"SKIP","floor":25.0},{"not_picked":["SashWhip+1","CrushJoints","FlurryOfBlows+1"],"picked":"SKIP","floor":27.0},{"not_picked":["FlurryOfBlows","Pray","ClearTheMind"],"picked":"SKIP","floor":28.0},{"not_picked":["CrushJoints","SashWhip","CutThroughFate+1"],"picked":"SKIP","floor":30.0},{"not_picked":["Brilliance","Devotion"],"picked":"Ragnarok","floor":33.0},{"not_picked":["DeceiveReality","FollowUp+1","Wireheading"],"picked":"SKIP","floor":35.0},{"not_picked":["Wallop","EmptyFist","FlurryOfBlows+1"],"picked":"SKIP","floor":39.0},{"not_picked":["Sanctity","BattleHymn+1","Indignation"],"picked":"SKIP","floor":41.0},{"not_picked":["Study","Prostrate","Wireheading"],"picked":"SKIP","floor":44.0},{"not_picked":["Indignation","CutThroughFate","Brilliance"],"picked":"SKIP","floor":45.0},{"not_picked":["FollowUp","Evaluate+1","Swivel"],"picked":"SKIP","floor":46.0},{"not_picked":["EmptyFist","Prostrate+1","TalkToTheHand"],"picked":"SKIP","floor":47.0},{"not_picked":["PathToVictory","ForeignInfluence","CutThroughFate"],"picked":"SKIP","floor":48.0},{"not_picked":["BowlingBash","CarveReality","EmptyFist"],"picked":"SKIP","floor":55}],"player_experience":2808533,"relics_obtained":[{"floor":7.0,"key":"Centennial Puzzle"},{"floor":10.0,"key":"Potion Belt"},{"floor":25.0,"key":"Akabeko"},{"floor":28.0,"key":"InkBottle"},{"floor":30.0,"key":"Whetstone"},{"floor":41.0,"key":"Bag of Marbles"},{"floor":45.0,"key":"Torii"},{"floor":48.0,"key":"Toy Ornithopter"},{"floor":55,"key":"Blood Vial"}],"event_choices":[{"damage_healed":0.0,"max_hp_gain":0.0,"max_hp_loss":0.0,"gold_gain":0.0,"event_name":"Shining Light","player_choice":"Entered Light","floor":2.0,"gold_loss":0.0,"damage_taken":20.0,"cards_upgraded":["Defend_P","Strike_P"]},{"cards_removed":["Defend_P"],"damage_healed":0.0,"max_hp_gain":0.0,"max_hp_loss":0.0,"gold_gain":0.0,"event_name":"Golden Wing","player_choice":"Card Removal","floor":4.0,"gold_loss":0.0,"damage_taken":7.0},{"cards_removed":["Strike_P"],"damage_healed":0.0,"max_hp_gain":0.0,"max_hp_loss":0.0,"gold_gain":0.0,"event_name":"The Cleric","player_choice":"Card Removal","floor":5.0,"gold_loss":75.0,"damage_taken":0.0},{"damage_healed":0.0,"max_hp_gain":0.0,"max_hp_loss":0.0,"gold_gain":0.0,"event_name":"Scrap Ooze","player_choice":"Success","floor":12.0,"gold_loss":0.0,"damage_taken":18.0,"relics_obtained":["Pen Nib"]},{"damage_healed":0.0,"max_hp_gain":0.0,"max_hp_loss":0.0,"gold_gain":50.0,"event_name":"Nest","player_choice":"Stole From Cult","floor":19.0,"gold_loss":0.0,"damage_taken":0.0},{"cards_removed":["Worship"],"damage_healed":0.0,"max_hp_gain":0.0,"max_hp_loss":0.0,"gold_gain":0.0,"event_name":"Falling","player_choice":"Removed Skill","floor":36.0,"gold_loss":0.0,"damage_taken":0.0},{"damage_healed":0.0,"max_hp_gain":0.0,"max_hp_loss":0.0,"gold_gain":0.0,"event_name":"SensoryStone","player_choice":"Memory 1","floor":38.0,"gold_loss":0.0,"damage_taken":0.0}],"is_beta":false,"boss_relics":[{"not_picked":["Calling Bell","Fusion Hammer"],"picked":"Cursed Key"},{"not_picked":["Runic Dome","Velvet Choker"],"picked":"Pandora\u0027s Box"}],"items_purged_floors":[13,21,29,31],"is_endless":false,"potions_floor_spawned":[1,3,11,14,18,20,22,25,39,41,45,47,55],"ascension_level":20}}