{"host":"f5n4tidiz2n5sooh","time":1609321069,"event":{"mods":["BaseMod","Bestiary","Colored Map","Minty Spire (QoL Compilation)","Relic Stats","StSLib"],"gold_per_floor":[116,133,9,9,9,9,42,53,53,53,53,91,91,91,91],"floor_reached":14,"playtime":395,"items_purged":[],"score":192,"play_id":"f9352062-1bf3-4b98-9ebc-8d417910eb9d","local_time":"20201230033749","is_ascension_mode":true,"campfire_choices":[{"data":"Eviscerate","floor":6,"key":"SMITH"},{"floor":10,"key":"REST"}],"circlet_count":0,"master_deck":["AscendersBane","Strike_G","Strike_G","Strike_G","Strike_G","Strike_G","Defend_G","Defend_G","Defend_G","Defend_G","Defend_G","Survivor","Neutralize","Envenom","Noxious Fumes","Dagger Throw","Eviscerate+1","Leg Sweep","Corpse Explosion","Noxious Fumes","Calculated Gamble"],"relics":["Ring of the Snake","Shuriken","Bronze Scales","CeramicFish","Sundial"],"acts_visited":["Exordium"],"potions_floor_usage":[7,12],"damage_taken":[{"damage":2,"enemies":"Small Slimes","floor":1,"turns":5},{"damage":3,"enemies":"Jaw Worm","floor":2,"turns":5},{"damage":30,"enemies":"Gremlin Nob","floor":7,"turns":4},{"damage":0,"enemies":"2 Louse","floor":8,"turns":4},{"damage":17,"enemies":"3 Sentries","floor":12,"turns":3},{"damage":15,"enemies":"Lagavulin","floor":14,"turns":3}],"seed_played":"2316610258126048947","potions_obtained":[{"floor":1,"key":"AttackPotion"},{"floor":8,"key":"LiquidMemories"}],"is_trial":false,"path_per_floor":["M","M","$","?","?","R","E","M","T","R","$","E","?","E"],"character_chosen":"THE_SILENT","items_purchased":["Eviscerate","Leg Sweep"],"campfire_rested":1,"item_purchase_floors":[3,3],"current_hp_per_floor":[57,54,54,43,43,43,13,13,13,32,32,15,15,0,0],"gold":91,"neow_bonus":"ONE_RANDOM_RARE_CARD","is_daily":false,"chose_seed":false,"campfire_upgraded":1,"win_rate":0.0,"timestamp":1609321069,"path_taken":["M","M","$","?","?","R","E","M","T","R","$","E","?","E"],"items_purchased_type":["Card","Card"],"build_version":"2020-12-22","purchased_purges":0,"victory":false,"max_hp_per_floor":[66,66,66,66,66,66,66,66,66,66,66,66,66,66,66],"relic_stats":{"counters":[6,24],"Shuriken":[3],"Sundial":[0],"Bronze Scales":[18],"CeramicFish":9,"obtain_stats":[{"Shuriken":4,"Sundial":12,"Bronze Scales":7,"CeramicFish":9,"Ring of the Snake":0},{"Shuriken":2,"Sundial":5,"Bronze Scales":3,"CeramicFish":4,"Ring of the Snake":0},{"Shuriken":10,"Sundial":21,"Bronze Scales":14,"CeramicFish":18,"Ring of the Snake":0}],"Ring of the Snake":[12]},"card_choices":[{"not_picked":["Calculated Gamble","Backflip"],"picked":"Noxious Fumes","floor":1},{"not_picked":["Blur","Acrobatics"],"picked":"Dagger Throw","floor":2},{"not_picked":["Cloak And Dagger","Setup"],"picked":"Corpse Explosion","floor":7},{"not_picked":["Underhanded Strike","Backstab"],"picked":"Noxious Fumes","floor":8},{"not_picked":["Riddle With Holes","Infinite Blades"],"picked":"Calculated Gamble","floor":12}],"player_experience":1951427,"relics_obtained":[{"floor":7,"key":"Bronze Scales"},{"floor":9,"key":"CeramicFish"},{"floor":12,"key":"Sundial"}],"event_choices":[{"damage_healed":0,"gold_gain":0,"player_choice":"Success","damage_taken":11,"relics_obtained":["Shuriken"],"max_hp_gain":0,"max_hp_loss":0,"event_name":"Scrap Ooze","floor":4,"gold_loss":0},{"damage_healed":0,"gold_gain":0,"player_choice":"Ignored","damage_taken":0,"max_hp_gain":0,"max_hp_loss":0,"event_name":"Liars Game","floor":5,"gold_loss":0},{"damage_healed":0,"gold_gain":0,"player_choice":"Ignored","damage_taken":0,"max_hp_gain":0,"max_hp_loss":0,"event_name":"Golden Wing","floor":13,"gold_loss":0}],"is_beta":false,"boss_relics":[],"items_purged_floors":[],"is_endless":false,"potions_floor_spawned":[1,8],"killed_by":"Lagavulin","ascension_level":20}}