{"host":"vpxex9ryma3s0oll","time":1609367153,"event":{"mods":["AchievementEnabler","BaseMod","Bestiary","Minty Spire (QoL Compilation)","Quick Restart","Shop Mod","StSLib"],"gold_per_floor":[118,135,154,164,182,182,210,244,244,270,270,114,132,147,147,245,245,265,44,54,54,70,105,105,205,205,205,231,244,274,274,274,371,371,386,436,451,171,171,21,50,50,50,50,66,76,88,101,101,101,101,101,3,38,38,38],"floor_reached":55,"playtime":5538,"items_purged":["Defend_P","Strike_P","Defend_P","Strike_P"],"score":887,"play_id":"86824e64-ebd3-4e79-8d57-77017ccfd632","local_time":"20201230172553","is_ascension_mode":true,"campfire_choices":[{"data":"Establishment","floor":6.0,"key":"SMITH"},{"data":"Meditate","floor":11.0,"key":"SMITH"},{"floor":15.0,"key":"REST"},{"data":"Vault","floor":24.0,"key":"SMITH"},{"data":"DeusExMachina","floor":27.0,"key":"SMITH"},{"floor":32.0,"key":"REST"},{"floor":42.0,"key":"RECALL"},{"data":"Blasphemy","floor":44.0,"key":"SMITH"},{"floor":49.0,"key":"REST"},{"data":"SandsOfTime","floor":52.0,"key":"SMITH"}],"circlet_count":0,"master_deck":["Strike_P+1","Strike_P","Defend_P","Defend_P","Eruption","Vigilance","Tantrum+1","Protect+1","ReachHeaven","CutThroughFate","Establishment+1","Meditate+1","Fasting2+1","FearNoEvil+1","MentalFortress+1","DeusExMachina+1","LessonLearned+1","Crescendo+1","SandsOfTime+1","ClearTheMind","Vault+1","Wireheading+1","Blasphemy+1","EmptyBody+1","Decay","WheelKick+1"],"relics":["PureWater","Odd Mushroom","Frozen Egg 2","Bottled Flame","Bronze Scales","Cursed Key","Calipers","Ornamental Fan","Sundial","Anchor","Busted Crown","Torii","PreservedInsect","InkBottle","HornCleat"],"acts_visited":["Exordium","TheCity","TheBeyond","TheEnding"],"potions_floor_usage":[55],"damage_taken":[{"damage":0.0,"enemies":"Cultist","floor":1.0,"turns":2.0},{"damage":2.0,"enemies":"2 Louse","floor":2.0,"turns":2.0},{"damage":0.0,"enemies":"Small Slimes","floor":3.0,"turns":2.0},{"damage":5.0,"enemies":"3 Louse","floor":4.0,"turns":3.0},{"damage":0.0,"enemies":"Large Slime","floor":5.0,"turns":2.0},{"damage":31.0,"enemies":"The Mushroom Lair","floor":7.0,"turns":7.0},{"damage":15.0,"enemies":"Lagavulin","floor":8.0,"turns":6.0},{"damage":0.0,"enemies":"Gremlin Nob","floor":10.0,"turns":2.0},{"damage":14.0,"enemies":"Red Slaver","floor":13.0,"turns":4.0},{"damage":7.0,"enemies":"2 Fungi Beasts","floor":14.0,"turns":2.0},{"damage":11.0,"enemies":"Slime Boss","floor":16.0,"turns":5.0},{"damage":2.0,"enemies":"Spheric Guardian","floor":18.0,"turns":3.0},{"damage":0.0,"enemies":"3 Byrds","floor":20.0,"turns":2.0},{"damage":6.0,"enemies":"3 Cultists","floor":22.0,"turns":4.0},{"damage":25.0,"enemies":"Slavers","floor":23.0,"turns":4.0},{"damage":23.0,"enemies":"Gremlin Leader","floor":28.0,"turns":5.0},{"damage":5.0,"enemies":"Centurion and Healer","floor":29.0,"turns":6.0},{"damage":29.0,"enemies":"Slavers","floor":30.0,"turns":5.0},{"damage":3.0,"enemies":"Snecko","floor":31.0,"turns":4.0},{"damage":19.0,"enemies":"Champ","floor":33.0,"turns":7.0},{"damage":14.0,"enemies":"3 Darklings","floor":35.0,"turns":6.0},{"damage":6.0,"enemies":"Mind Bloom Boss Battle","floor":36.0,"turns":4.0},{"damage":1.0,"enemies":"Orb Walker","floor":37.0,"turns":3.0},{"damage":1.0,"enemies":"Reptomancer","floor":41.0,"turns":5.0},{"damage":18.0,"enemies":"Spire Growth","floor":45.0,"turns":4.0},{"damage":8.0,"enemies":"Sphere and 2 Shapes","floor":46.0,"turns":4.0},{"damage":3.0,"enemies":"3 Darklings","floor":47.0,"turns":4.0},{"damage":3.0,"enemies":"4 Shapes","floor":48.0,"turns":4.0},{"damage":28.0,"enemies":"Time Eater","floor":50.0,"turns":8.0},{"damage":0.0,"enemies":"Shield and Spear","floor":54.0,"turns":3.0},{"damage":80,"enemies":"The Heart","floor":55,"turns":9}],"seed_played":"1543176075243565505","potions_obtained":[{"floor":2.0,"key":"BottledMiracle"},{"floor":5.0,"key":"CultistPotion"},{"floor":8.0,"key":"CultistPotion"},{"floor":10.0,"key":"EntropicBrew"},{"floor":14.0,"key":"EssenceOfSteel"},{"floor":23.0,"key":"Swift Potion"},{"floor":28.0,"key":"Fire Potion"},{"floor":30.0,"key":"Regen Potion"},{"floor":33.0,"key":"BottledMiracle"},{"floor":35.0,"key":"ColorlessPotion"},{"floor":37.0,"key":"Explosive Potion"},{"floor":45.0,"key":"CultistPotion"},{"floor":48.0,"key":"Block Potion"}],"is_trial":false,"path_per_floor":["M","M","M","M","M","R","?","E","T","E","R","$","M","M","R","B",null,"M","$","M","?","M","E","R","?","T","R","E","M","E","M","R","B",null,"M","?","M","$","?","$","E","R","T","R","M","M","M","M","R","B",null,"R","$","E","B"],"character_chosen":"WATCHER","items_purchased":["MentalFortress+1","Crescendo","SandsOfTime","PreservedInsect","EntropicBrew"],"campfire_rested":3,"item_purchase_floors":[12,19,19,38,53],"current_hp_per_floor":[79,77,77,72,72,72,41,26,26,26,26,26,12,5,28,17,79,77,77,77,77,71,58,58,58,58,58,35,30,1,10,33,14,79,65,59,58,58,58,58,57,57,57,57,39,31,28,25,48,20,79,79,79,79,0,0],"gold":38,"neow_bonus":"TEN_PERCENT_HP_BONUS","is_daily":false,"chose_seed":false,"campfire_upgraded":6,"win_rate":0.0,"timestamp":1609367153,"path_taken":["M","M","?","?","M","R","?","E","T","E","R","$","M","M","R","BOSS","M","$","M","?","M","E","R","?","T","R","E","M","E","?","R","BOSS","M","?","M","$","?","$","E","R","T","R","M","?","M","M","R","BOSS","R","$","E","BOSS"],"items_purchased_type":["Card","Card","Card","Relic","Potion"],"build_version":"2020-12-22","purchased_purges":4,"victory":false,"max_hp_per_floor":[79,79,79,79,79,79,79,79,79,79,79,79,79,79,79,79,79,79,79,79,79,79,79,79,79,79,79,79,79,79,79,79,79,79,79,79,79,79,79,79,79,79,79,79,79,79,79,79,79,79,79,79,79,79,79,79],"card_choices":[{"not_picked":["EmptyFist","Consecrate"],"picked":"Tantrum","floor":1.0},{"not_picked":["Crescendo","Prostrate"],"picked":"Protect","floor":2.0},{"not_picked":["ThirdEye","Vengeance"],"picked":"ReachHeaven","floor":3.0},{"not_picked":["Meditate","ClearTheMind"],"picked":"CutThroughFate","floor":4.0},{"not_picked":["Nirvana","ClearTheMind"],"picked":"Establishment","floor":5.0},{"not_picked":["Prostrate","Collect"],"picked":"Meditate","floor":7.0},{"not_picked":["CarveReality","CutThroughFate"],"picked":"Fasting2+1","floor":8.0},{"not_picked":["Swivel","Evaluate"],"picked":"FearNoEvil","floor":10.0},{"not_picked":["MentalFortress+1","BowlingBash","WheelKick"],"picked":"SKIP","floor":13.0},{"not_picked":["PathToVictory","Crescendo"],"picked":"DeusExMachina","floor":14.0},{"not_picked":["DeusExMachina","Establishment+1"],"picked":"LessonLearned","floor":16.0},{"not_picked":["PathToVictory+1","Evaluate","Consecrate"],"picked":"SKIP","floor":18.0},{"not_picked":["Worship","Evaluate","ThirdEye"],"picked":"SKIP","floor":20.0},{"not_picked":["SandsOfTime","ThirdEye"],"picked":"ClearTheMind","floor":22.0},{"not_picked":["InnerPeace+1","CutThroughFate"],"picked":"Vault","floor":23.0},{"not_picked":["Sanctity","Swivel+1","Vengeance"],"picked":"SKIP","floor":28.0},{"not_picked":["WaveOfTheHand","WheelKick"],"picked":"Wireheading+1","floor":29.0},{"not_picked":["CutThroughFate","Prostrate+1","Consecrate"],"picked":"SKIP","floor":30.0},{"not_picked":["InnerPeace","Scrawl","JustLucky"],"picked":"SKIP","floor":31.0},{"not_picked":["Devotion+1","Alpha"],"picked":"Blasphemy","floor":33.0},{"not_picked":["CrushJoints+1"],"picked":"SKIP","floor":35.0},{"not_picked":[],"picked":"EmptyBody+1","floor":37.0},{"not_picked":["PathToVictory"],"picked":"SKIP","floor":41.0},{"not_picked":["Nirvana+1"],"picked":"SKIP","floor":45.0},{"not_picked":["CarveReality"],"picked":"SKIP","floor":46.0},{"not_picked":["Halt+1"],"picked":"SKIP","floor":47.0},{"not_picked":["FlyingSleeves"],"picked":"SKIP","floor":48.0},{"not_picked":[],"picked":"WheelKick+1","floor":54.0}],"player_experience":60133,"relics_obtained":[{"floor":7.0,"key":"Odd Mushroom"},{"floor":8.0,"key":"Frozen Egg 2"},{"floor":9.0,"key":"Bottled Flame"},{"floor":10.0,"key":"Bronze Scales"},{"floor":23.0,"key":"Ornamental Fan"},{"floor":28.0,"key":"Sundial"},{"floor":30.0,"key":"Anchor"},{"floor":36.0,"key":"Torii"},{"floor":41.0,"key":"InkBottle"},{"floor":54.0,"key":"HornCleat"}],"event_choices":[{"damage_healed":0.0,"max_hp_gain":0.0,"max_hp_loss":0.0,"gold_gain":0.0,"event_name":"Mushrooms","player_choice":"Fought Mushrooms","floor":7.0,"gold_loss":0.0,"damage_taken":0.0},{"damage_healed":0.0,"max_hp_gain":0.0,"max_hp_loss":0.0,"gold_gain":0.0,"event_name":"The Mausoleum","player_choice":"Opened","floor":21.0,"gold_loss":0.0,"damage_taken":0.0,"relics_obtained":["Calipers"],"cards_obtained":["Writhe"]},{"damage_healed":0.0,"max_hp_gain":0.0,"max_hp_loss":0.0,"gold_gain":100.0,"event_name":"Golden Shrine","player_choice":"Pray","floor":25.0,"gold_loss":0.0,"damage_taken":0.0},{"damage_healed":0.0,"max_hp_gain":0.0,"max_hp_loss":0.0,"gold_gain":0.0,"event_name":"MindBloom","player_choice":"Fight","floor":36.0,"gold_loss":0.0,"damage_taken":0.0},{"cards_removed":["Writhe"],"damage_healed":0.0,"max_hp_gain":0.0,"max_hp_loss":0.0,"gold_gain":0.0,"event_name":"Fountain of Cleansing","player_choice":"Removed Curses","floor":39.0,"gold_loss":0.0,"damage_taken":0.0}],"is_beta":false,"boss_relics":[{"not_picked":["Coffee Dripper","Tiny House"],"picked":"Cursed Key"},{"not_picked":["Runic Pyramid","Snecko Eye"],"picked":"Busted Crown"}],"items_purged_floors":[12,19,38,40],"is_endless":false,"potions_floor_spawned":[2,5,8,10,13,14,16,22,23,28,30,33,35,37,45,48],"killed_by":"The Heart","ascension_level":3}}