{"host":"t4s40kl3r64vu0u6","time":1609313372,"event":{"mods":["BaseMod","Colored Map","Googly Eyes","Highlight Path","Minty Spire (QoL Compilation)","READ ME - Snecko Mod","StSLib","slay the spire mod where everything is the same but ironclad has a cowboy hat"],"gold_per_floor":[119,131,150,169,169,196,196,226,226,238,238,250,12,12,12],"floor_reached":14,"playtime":857,"items_purged":[],"score":128,"play_id":"32f3b57b-2f7b-4855-8983-5a68bd8b5796","local_time":"20201230022932","is_ascension_mode":true,"campfire_choices":[{"data":"Wraith Form v2","floor":7,"key":"SMITH"}],"circlet_count":0,"master_deck":["Strike_G","Strike_G","Strike_G","Strike_G","Defend_G","Defend_G","Defend_G","Defend_G","Defend_G","Survivor","Neutralize","Phantasmal Killer+1","Blade Dance","PiercingWail","Cloak And Dagger","Die Die Die","Wraith Form v2+1","Deflect","Cloak And Dagger","Finesse"],"relics":["Ring of the Snake","Strawberry","Ancient Tea Set","HornCleat","PreservedInsect"],"acts_visited":["Exordium"],"potions_floor_usage":[8,13],"damage_taken":[{"damage":0,"enemies":"Cultist","floor":1,"turns":2},{"damage":3,"enemies":"2 Louse","floor":2,"turns":2},{"damage":2,"enemies":"Small Slimes","floor":3,"turns":3},{"damage":3,"enemies":"Looter","floor":4,"turns":5},{"damage":17,"enemies":"Gremlin Nob","floor":6,"turns":4},{"damage":6,"enemies":"3 Sentries","floor":8,"turns":4},{"damage":2,"enemies":"3 Louse","floor":10,"turns":3},{"damage":8,"enemies":"Blue Slaver","floor":12,"turns":6},{"damage":27,"enemies":"Gremlin Nob","floor":14,"turns":4}],"seed_played":"4968973636430516348","potions_obtained":[{"floor":3,"key":"LiquidBronze"},{"floor":4,"key":"Dexterity Potion"},{"floor":10,"key":"Poison Potion"},{"floor":12,"key":"Fruit Juice"}],"is_trial":false,"path_per_floor":["M","M","M","M","?","E","R","E","T","M","?","M","$","E"],"character_chosen":"THE_SILENT","items_purchased":["PreservedInsect","Finesse"],"campfire_rested":0,"item_purchase_floors":[13,13],"current_hp_per_floor":[49,46,44,41,41,31,31,25,25,23,23,15,20,0,0],"gold":12,"neow_bonus":"THREE_RARE_CARDS","is_daily":false,"chose_seed":false,"campfire_upgraded":1,"win_rate":0.0,"timestamp":1609313372,"path_taken":["M","M","M","M","?","E","R","E","T","M","?","?","$","E"],"items_purchased_type":["Relic","Card"],"build_version":"2020-12-22","purchased_purges":0,"victory":false,"max_hp_per_floor":[70,70,70,70,70,77,77,77,77,77,77,77,82,82,82],"card_choices":[{"not_picked":["Malaise","Envenom"],"picked":"Phantasmal Killer","floor":0},{"not_picked":["Dagger Spray","Terror"],"picked":"Blade Dance","floor":1},{"not_picked":["Bane","Expertise"],"picked":"PiercingWail","floor":2},{"not_picked":["Eviscerate","Concentrate"],"picked":"Cloak And Dagger","floor":3},{"not_picked":["Expertise","Setup"],"picked":"Die Die Die","floor":4},{"not_picked":["Flying Knee","Deadly Poison"],"picked":"Wraith Form v2","floor":6},{"not_picked":["Prepared","Flechettes","Crippling Poison"],"picked":"SKIP","floor":8},{"not_picked":["Noxious Fumes","Underhanded Strike"],"picked":"Deflect","floor":10},{"not_picked":["Dash","Poisoned Stab"],"picked":"Cloak And Dagger","floor":12}],"player_experience":232684,"relics_obtained":[{"floor":6,"key":"Strawberry"},{"floor":8,"key":"Ancient Tea Set"},{"floor":9,"key":"HornCleat"}],"event_choices":[{"damage_healed":0,"gold_gain":0,"player_choice":"Grow","damage_taken":0,"max_hp_gain":0,"max_hp_loss":0,"event_name":"Living Wall","floor":5,"gold_loss":0,"cards_upgraded":["Phantasmal Killer"]},{"cards_removed":["Strike_G"],"damage_healed":0,"gold_gain":0,"player_choice":"Purged","damage_taken":0,"max_hp_gain":0,"max_hp_loss":0,"event_name":"Purifier","floor":11,"gold_loss":0}],"is_beta":false,"boss_relics":[],"items_purged_floors":[],"is_endless":false,"potions_floor_spawned":[3,4,10,12],"killed_by":"Gremlin Nob","ascension_level":5}}