{"host":"hfxp6ue4pvwo3fit","time":1609318856,"event":{"mods":["AchievementEnabler","BaseMod","Colored Map","Colored Powertips","Highlight Path","Minty Spire (QoL Compilation)","Relic Stats","StSLib","SuperFastMode"],"gold_per_floor":[162,162,179,189,17,48,48,80,103,131,131,158,198,57,57,138,138,166,155,179,188,205,240,240,264,289,289,289,289,289],"floor_reached":29,"playtime":1250,"items_purged":[],"score":626,"play_id":"cce15f18-caa0-4e67-9d7a-093e93367b0b","local_time":"20201230030056","is_ascension_mode":true,"campfire_choices":[{"data":"Loop","floor":7,"key":"SMITH"},{"floor":11,"key":"REST"},{"data":"Capacitor","floor":15,"key":"SMITH"},{"data":"RitualDagger","floor":24,"key":"SMITH"},{"data":"Buffer","floor":28,"key":"SMITH"}],"circlet_count":0,"master_deck":["AscendersBane","Strike_B","Strike_B","Strike_B","Strike_B","Defend_B","Defend_B","Defend_B","Defend_B","Zap+1","Dualcast","Conserve Battery","Conserve Battery","Compile Driver","Beam Cell","Glacier","Loop+1","White Noise","Self Repair","Cold Snap","Ball Lightning","Capacitor+1","Genetic Algorithm","Seek","Hologram","Buffer+1","Coolheaded+1","RitualDagger+1","Self Repair"],"relics":["Tiny House","Bronze Scales","Lantern","CeramicFish","Odd Mushroom","Bird Faced Urn","Sozu","Orichalcum","Blood Vial"],"acts_visited":["Exordium","TheCity"],"potions_floor_usage":[6,13,16,23],"damage_taken":[{"damage":7,"enemies":"Jaw Worm","floor":1,"turns":4},{"damage":0,"enemies":"2 Louse","floor":3,"turns":3},{"damage":7,"enemies":"Small Slimes","floor":4,"turns":4},{"damage":22,"enemies":"Gremlin Nob","floor":6,"turns":4},{"damage":4,"enemies":"Lagavulin","floor":8,"turns":7},{"damage":23,"enemies":"The Mushroom Lair","floor":10,"turns":5},{"damage":2,"enemies":"Gremlin Gang","floor":12,"turns":4},{"damage":25,"enemies":"Gremlin Nob","floor":13,"turns":6},{"damage":0,"enemies":"Slime Boss","floor":16,"turns":9},{"damage":29,"enemies":"Chosen","floor":18,"turns":7},{"damage":26,"enemies":"2 Thieves","floor":19,"turns":4},{"damage":8,"enemies":"Centurion and Healer","floor":20,"turns":9},{"damage":0,"enemies":"Snecko","floor":22,"turns":10},{"damage":46,"enemies":"Slavers","floor":23,"turns":7},{"damage":18,"enemies":"Sentry and Sphere","floor":25,"turns":8},{"damage":65,"enemies":"Gremlin Leader","floor":29,"turns":7}],"seed_played":"-5550116897029498945","potions_obtained":[{"floor":0,"key":"FocusPotion"},{"floor":3,"key":"Strength Potion"},{"floor":8,"key":"DuplicationPotion"},{"floor":13,"key":"SteroidPotion"}],"is_trial":false,"path_per_floor":["M","?","M","M","$","E","R","E","T","?","R","M","E","$","R","B",null,"M","M","M","?","M","E","R","M","T","?","R","E"],"character_chosen":"DEFECT","items_purchased":["Glacier","Loop","Capacitor","Genetic Algorithm"],"campfire_rested":1,"item_purchase_floors":[5,5,14,14],"current_hp_per_floor":[62,67,67,60,60,38,38,34,34,18,42,47,29,29,29,37,70,56,36,45,39,69,44,44,43,43,43,43,0,0],"gold":289,"neow_bonus":"BOSS_RELIC","is_daily":false,"chose_seed":false,"campfire_upgraded":4,"win_rate":0.0,"timestamp":1609318856,"path_taken":["M","?","M","M","$","E","R","E","T","?","R","M","E","$","R","BOSS","M","M","M","?","M","E","R","M","T","?","R","E"],"items_purchased_type":["Card","Card","Card","Card"],"build_version":"2020-12-22","purchased_purges":0,"victory":false,"max_hp_per_floor":[76,81,81,81,81,81,81,81,81,81,81,81,81,81,81,81,81,81,81,81,81,81,81,81,81,81,81,81,81,81],"relic_stats":{"Sozu":2,"Blood Vial":2,"counters":[16,98],"Bronze Scales":[215],"CeramicFish":90,"Bird Faced Urn":[82],"Orichalcum":[6],"obtain_stats":[{"Sozu":17,"Blood Vial":26,"Lantern":8,"Tiny House":0,"Bronze Scales":6,"CeramicFish":9,"Bird Faced Urn":13,"Odd Mushroom":10,"Orichalcum":23,"Cracked Core":0},{"Sozu":9,"Blood Vial":15,"Lantern":5,"Tiny House":0,"Bronze Scales":4,"CeramicFish":5,"Bird Faced Urn":8,"Odd Mushroom":6,"Orichalcum":14,"Cracked Core":0},{"Sozu":46,"Blood Vial":91,"Lantern":22,"Tiny House":0,"Bronze Scales":15,"CeramicFish":22,"Bird Faced Urn":37,"Odd Mushroom":27,"Orichalcum":83,"Cracked Core":0}]},"card_choices":[{"not_picked":["Undo","Hologram"],"picked":"Conserve Battery","floor":0},{"not_picked":["Reprogram","Recycle"],"picked":"Conserve Battery","floor":1},{"not_picked":["Streamline","BootSequence"],"picked":"Compile Driver","floor":3},{"not_picked":["Streamline","Turbo"],"picked":"Beam Cell","floor":4},{"not_picked":["Rebound","Tempest"],"picked":"White Noise","floor":6},{"not_picked":["Blizzard","Electrodynamics"],"picked":"Self Repair","floor":8},{"not_picked":["White Noise","Beam Cell"],"picked":"Cold Snap","floor":12},{"not_picked":["Cold Snap","Core Surge"],"picked":"Ball Lightning","floor":13},{"not_picked":["Amplify","Multi-Cast"],"picked":"Seek","floor":16},{"not_picked":["Blizzard","Go for the Eyes"],"picked":"Hologram","floor":18},{"not_picked":["Steam","Turbo"],"picked":"Buffer","floor":19},{"not_picked":["Aggregate","Leap"],"picked":"Coolheaded+1","floor":20},{"not_picked":["Conserve Battery","Gash","Beam Cell"],"picked":"SKIP","floor":22},{"not_picked":["Barrage","Reinforced Body","Coolheaded"],"picked":"SKIP","floor":23},{"not_picked":["Heatsinks","Rebound"],"picked":"Self Repair","floor":25}],"player_experience":454813,"relics_obtained":[{"floor":6,"key":"Bronze Scales"},{"floor":8,"key":"Lantern"},{"floor":9,"key":"CeramicFish"},{"floor":10,"key":"Odd Mushroom"},{"floor":13,"key":"Bird Faced Urn"},{"floor":23,"key":"Orichalcum"},{"floor":26,"key":"Blood Vial"}],"event_choices":[{"damage_healed":0,"gold_gain":0,"player_choice":"Donut","damage_taken":0,"max_hp_gain":5,"max_hp_loss":0,"event_name":"Big Fish","floor":2,"gold_loss":0},{"damage_healed":0,"gold_gain":0,"player_choice":"Fought Mushrooms","damage_taken":0,"max_hp_gain":0,"max_hp_loss":0,"event_name":"Mushrooms","floor":10,"gold_loss":0},{"damage_healed":0,"gold_gain":0,"player_choice":"Joined the Cult","damage_taken":6,"max_hp_gain":0,"max_hp_loss":0,"event_name":"Nest","floor":21,"gold_loss":0,"cards_obtained":["RitualDagger"]},{"damage_healed":0,"gold_gain":0,"player_choice":"Ignored","damage_taken":0,"max_hp_gain":0,"max_hp_loss":0,"event_name":"Ghosts","floor":27,"gold_loss":0}],"is_beta":false,"boss_relics":[{"not_picked":["Runic Dome","Nuclear Battery"],"picked":"Sozu"}],"items_purged_floors":[],"is_endless":false,"potions_floor_spawned":[3,8,13,19,23],"killed_by":"Gremlin Leader","ascension_level":20}}