{"host":"5gc11emcm5chfr5t","time":1609356914,"event":{"mods":["2.2 Compatiblity","AchievementEnabler","BaseMod","Bestiary","Better Note","Colored Map","Colored Powertips","Downfall","Googly Eyes","Minty Spire (QoL Compilation)","Rare Cards Sparkle","StSLib"],"gold_per_floor":[99,113,123,108,127,52,52,52,152,183,183,196,248,15,27,27,27],"floor_reached":16,"playtime":491,"items_purged":[],"score":200,"play_id":"fa8cce7a-4aae-4dca-a30f-8c35f0723fcb","local_time":"20201230143514","is_ascension_mode":true,"campfire_choices":[{"floor":1,"key":"RECALL"},{"floor":6,"key":"DIG"},{"floor":11,"key":"DIG"}],"circlet_count":0,"master_deck":["AscendersBane","sneckomod:Strike","sneckomod:Strike","sneckomod:Strike","sneckomod:Defend","sneckomod:Defend","sneckomod:Defend","sneckomod:TailWhip","sneckomod:SnekBite","sneckomod:Unknown+2","sneckomod:Unknown","CurseOfTheBell","sneckomod:ImprovisedAttack","sneckomod:UnknownWeak","sneckomod:WideSting","sneckomod:SoulRoll","sneckomod:ImprovisedGuard","sneckomod:UnknownColorless","sneckomod:UnknownUncommonPower","sneckomod:DiceCrush","sneckomod:TrashToTreasure"],"relics":["Calling Bell","Orichalcum","Kunai","Shovel","downfall:HeartBlessingRed","Nunchaku","Gremlin Horn","downfall:BrokenWingStatue","sneckomod:LoadedDie","Singing Bowl","Membership Card"],"acts_visited":["Exordium"],"potions_floor_usage":[4,14,16],"damage_taken":[{"damage":3,"enemies":"Cultist","floor":2,"turns":4},{"damage":0,"enemies":"2 Louse","floor":3,"turns":3},{"damage":0,"enemies":"downfall:FleeingMerchant","floor":4,"turns":4},{"damage":6,"enemies":"Jaw Worm","floor":5,"turns":2},{"damage":22,"enemies":"Lagavulin","floor":10,"turns":5},{"damage":12,"enemies":"3 Louse","floor":12,"turns":3},{"damage":4,"enemies":"downfall:FleeingMerchant","floor":14,"turns":4},{"damage":3,"enemies":"Blue Slaver","floor":15,"turns":3},{"damage":42,"enemies":"downfall:Silent","floor":16,"turns":7}],"seed_played":"2710351863297473520","potions_obtained":[{"floor":2,"key":"champ:CounterPotion"},{"floor":12,"key":"SteroidPotion"},{"floor":15,"key":"Regen Potion"}],"is_trial":false,"path_per_floor":["R","M","M","$","M","R","T","?","?","E","R","M","T","$","M","B"],"character_chosen":"THE_SNECKO","items_purchased":["Membership Card","sneckomod:UnknownUncommonPower","sneckomod:DiceCrush"],"campfire_rested":0,"item_purchase_floors":[14,14,14],"current_hp_per_floor":[75,72,72,72,66,66,66,66,66,44,44,34,34,30,27,0,0],"gold":27,"neow_bonus":"BOSS_RELIC","is_daily":false,"chose_seed":false,"campfire_upgraded":0,"win_rate":0.0,"timestamp":1609356914,"path_taken":["R","M","M","?","?","R","T","?","?","E","R","?","?","$","M","BOSS"],"items_purchased_type":["Relic","Card","Card"],"build_version":"2020-12-22","purchased_purges":0,"victory":false,"max_hp_per_floor":[83,83,83,83,83,83,83,83,83,83,83,85,85,85,85,85,85],"card_choices":[{"not_picked":["sneckomod:DiceCrush","sneckomod:TrashToTreasure"],"picked":"sneckomod:ImprovisedAttack","floor":2},{"not_picked":["sneckomod:Rotation","sneckomod:DiceCrush"],"picked":"sneckomod:UnknownWeak","floor":3},{"not_picked":["sneckomod:ImprovisedAttack","sneckomod:DiceBoulder"],"picked":"sneckomod:WideSting","floor":4},{"not_picked":["sneckomod:SoulDraw","sneckomod:QuickBite"],"picked":"sneckomod:SoulRoll","floor":5},{"not_picked":["sneckomod:SoulCleanse","sneckomod:PureSnecko"],"picked":"sneckomod:ImprovisedGuard","floor":10},{"not_picked":["sneckomod:DiceBlock","sneckomod:WideSting","sneckomod:RainOfDice"],"picked":"Singing Bowl","floor":12},{"not_picked":["sneckomod:TrashToTreasure","sneckomod:UnknownVulnerable"],"picked":"sneckomod:UnknownColorless","floor":14},{"not_picked":["sneckomod:UnknownExhaust","sneckomod:UnknownClassGUARDIAN"],"picked":"sneckomod:TrashToTreasure","floor":15}],"player_experience":506578,"relics_obtained":[{"floor":0,"key":"Orichalcum"},{"floor":0,"key":"Kunai"},{"floor":0,"key":"Shovel"},{"floor":6,"key":"Nunchaku"},{"floor":7,"key":"Gremlin Horn"},{"floor":10,"key":"sneckomod:LoadedDie"},{"floor":11,"key":"Singing Bowl"}],"event_choices":[{"damage_healed":0,"gold_gain":100,"player_choice":"Gold","damage_taken":0,"max_hp_gain":0,"max_hp_loss":0,"event_name":"Wheel of Change","floor":9,"gold_loss":0}],"is_beta":false,"boss_relics":[],"items_purged_floors":[],"is_endless":false,"potions_floor_spawned":[2,12,15],"killed_by":"downfall:Silent","ascension_level":20}}