{"host":"ec09novo68szpe7d","time":1609286536,"event":{"mods":["AchievementEnabler","BaseMod","Bestiary","Minty Spire (QoL Compilation)","StSLib"],"gold_per_floor":[114,129,144,159,174,204,33,33,33,63,63,63,63,63,63,163,163,178,178,193,118,118,118],"floor_reached":22,"playtime":1689,"items_purged":["Strike_P"],"score":219,"play_id":"831142b0-e7a9-46a8-b9a5-55ab6ff52f1b","local_time":"20201230010216","daily_mods":["Allstar","Red Cards","Night Terrors"],"is_ascension_mode":false,"campfire_choices":[{"data":"Perseverance","floor":8.0,"key":"SMITH"},{"data":"Worship","floor":12.0,"key":"SMITH"},{"data":"Vigilance","floor":15.0,"key":"SMITH"}],"circlet_count":0,"master_deck":["Strike_P","Strike_P","Defend_P","Defend_P","Defend_P","Defend_P","Eruption","Vigilance+1","Purity","Thinking Ahead","Mind Blast","Trip","Secret Weapon","FollowUp","CutThroughFate","Headbutt","FearNoEvil","Perseverance+1","Protect","Worship+1","Berserk","WindmillStrike","Perseverance"],"relics":["PureWater","Pocketwatch","Dream Catcher","Happy Flower","GremlinMask","SlaversCollar","TeardropLocket"],"acts_visited":["Exordium","TheCity"],"potions_floor_usage":[22],"damage_taken":[{"damage":6.0,"enemies":"Jaw Worm","floor":1.0,"turns":3.0},{"damage":0.0,"enemies":"2 Louse","floor":2.0,"turns":2.0},{"damage":0.0,"enemies":"Cultist","floor":3.0,"turns":4.0},{"damage":4.0,"enemies":"Large Slime","floor":4.0,"turns":4.0},{"damage":10.0,"enemies":"Exordium Thugs","floor":5.0,"turns":5.0},{"damage":18.0,"enemies":"Lagavulin","floor":6.0,"turns":5.0},{"damage":0.0,"enemies":"Gremlin Nob","floor":10.0,"turns":2.0},{"damage":5.0,"enemies":"Slime Boss","floor":16.0,"turns":12.0},{"damage":18.0,"enemies":"Shell Parasite","floor":18.0,"turns":10.0},{"damage":30.0,"enemies":"2 Thieves","floor":20.0,"turns":2.0},{"damage":56,"enemies":"Centurion and Healer","floor":22,"turns":4}],"seed_played":"6838610760785432018","potions_obtained":[{"floor":1.0,"key":"ColorlessPotion"},{"floor":3.0,"key":"FairyPotion"},{"floor":6.0,"key":"BottledMiracle"},{"floor":18.0,"key":"SpeedPotion"}],"is_trial":false,"path_per_floor":["M","M","M","M","M","E","$","R","T","E","?","R","?","?","R","B",null,"M","?","M","?","M"],"character_chosen":"WATCHER","items_purchased":["Protect","SteroidPotion"],"campfire_rested":0,"item_purchase_floors":[7,7],"current_hp_per_floor":[66,66,66,62,52,34,34,34,34,34,34,34,34,34,34,29,72,54,54,24,24,0,0],"gold":118,"neow_bonus":"","is_daily":true,"chose_seed":false,"campfire_upgraded":3,"win_rate":0.0,"timestamp":1609286536,"path_taken":["M","M","M","M","M","E","$","R","T","E","?","R","?","?","R","BOSS","M","?","M","?","M"],"items_purchased_type":["Card","Potion"],"build_version":"2020-12-22","purchased_purges":1,"victory":false,"max_hp_per_floor":[72,72,72,72,72,72,72,72,72,72,72,72,72,72,72,72,72,72,72,72,72,72,72],"card_choices":[{"not_picked":["Anger","SashWhip"],"picked":"FollowUp","floor":1.0},{"not_picked":["WaveOfTheHand","Havoc"],"picked":"CutThroughFate","floor":2.0},{"not_picked":["Rupture","Anger"],"picked":"Headbutt","floor":3.0},{"not_picked":["Nirvana","SashWhip","WreathOfFlame"],"picked":"SKIP","floor":4.0},{"not_picked":["Wild Strike","Armaments"],"picked":"FearNoEvil","floor":5.0},{"not_picked":["SpiritShield","Thunderclap"],"picked":"Perseverance","floor":6.0},{"not_picked":["Reckless Charge","Sever Soul"],"picked":"Worship","floor":10.0},{"not_picked":["Brutality","Limit Break"],"picked":"Berserk","floor":16.0},{"not_picked":["EmptyFist+1","PathToVictory"],"picked":"WindmillStrike","floor":18.0},{"not_picked":["Seeing Red+1","Warcry"],"picked":"Perseverance","floor":20.0}],"player_experience":232370,"relics_obtained":[{"floor":6.0,"key":"Pocketwatch"},{"floor":9.0,"key":"Dream Catcher"},{"floor":10.0,"key":"Happy Flower"}],"event_choices":[{"damage_healed":0.0,"max_hp_gain":0.0,"max_hp_loss":0.0,"gold_gain":0.0,"event_name":"Golden Wing","player_choice":"Ignored","floor":11.0,"gold_loss":0.0,"damage_taken":0.0},{"damage_healed":0.0,"max_hp_gain":0.0,"max_hp_loss":0.0,"gold_gain":0.0,"event_name":"Shining Light","player_choice":"Ignored","floor":13.0,"gold_loss":0.0,"damage_taken":0.0},{"damage_healed":0.0,"max_hp_gain":0.0,"max_hp_loss":0.0,"gold_gain":0.0,"event_name":"FaceTrader","player_choice":"Trade","floor":14.0,"gold_loss":0.0,"damage_taken":0.0,"relics_obtained":["GremlinMask"]},{"damage_healed":0.0,"max_hp_gain":0.0,"max_hp_loss":0.0,"gold_gain":0.0,"event_name":"The Mausoleum","player_choice":"Opened","floor":19.0,"gold_loss":0.0,"damage_taken":0.0,"relics_obtained":["TeardropLocket"]},{"cards_removed":["Strike_P"],"damage_healed":0.0,"max_hp_gain":0.0,"max_hp_loss":0.0,"gold_gain":0.0,"event_name":"Beggar","player_choice":"Gave Gold","floor":21.0,"gold_loss":75.0,"damage_taken":0.0}],"is_beta":false,"boss_relics":[{"not_picked":["Empty Cage","Astrolabe"],"picked":"SlaversCollar"}],"items_purged_floors":[7],"is_endless":false,"potions_floor_spawned":[1,3,6,18],"killed_by":"Centurion and Healer","ascension_level":0}}