{"host":"nq94nk05vinbgath","time":1609311273,"event":{"mods":["BaseMod","Colored Powertips","Minty Spire (QoL Compilation)"],"gold_per_floor":[117,117,117,69,90,121,121,145,169,169,169,189,189,207,207,207,207],"floor_reached":16,"playtime":512,"items_purged":[],"score":105,"play_id":"08d7d723-b4bb-40c8-a447-9dc90c9c7356","local_time":"20201230145433","is_ascension_mode":true,"campfire_choices":[{"floor":7,"key":"REST"},{"data":"Fire Breathing","floor":10,"key":"SMITH"},{"floor":15,"key":"REST"}],"circlet_count":0,"master_deck":["Strike_R","Strike_R","Strike_R","Strike_R","Strike_R","Defend_R","Defend_R","Defend_R","Defend_R","Bash","Enlightenment","Fire Breathing+1","Headbutt","Intimidate","Fire Breathing+1","Regret"],"relics":["Burning Blood","Golden Idol","Regal Pillow","Boot","MealTicket","Oddly Smooth Stone"],"acts_visited":["Exordium"],"potions_floor_usage":[],"damage_taken":[{"damage":9,"enemies":"Jaw Worm","floor":1,"turns":4},{"damage":7,"enemies":"Small Slimes","floor":5,"turns":4},{"damage":57,"enemies":"Lagavulin","floor":6,"turns":9},{"damage":1,"enemies":"Cultist","floor":8,"turns":3},{"damage":5,"enemies":"Exordium Wildlife","floor":12,"turns":4},{"damage":19,"enemies":"Large Slime","floor":14,"turns":6},{"damage":76,"enemies":"Hexaghost","floor":16,"turns":9}],"seed_played":"7061249089545361063","potions_obtained":[{"floor":5,"key":"ElixirPotion"}],"is_trial":false,"path_per_floor":["M","?","?","$","M","E","R","M","T","R","?","M","?","M","R","B"],"character_chosen":"IRONCLAD","items_purchased":["Headbutt"],"campfire_rested":2,"item_purchase_floors":[4],"current_hp_per_floor":[77,74,67,67,66,15,52,57,57,57,57,58,58,45,74,0,0],"gold":207,"neow_bonus":"RANDOM_COLORLESS","is_daily":false,"chose_seed":false,"campfire_upgraded":1,"win_rate":0.0,"timestamp":1609311273,"path_taken":["M","?","?","?","M","E","R","M","T","R","?","?","?","M","R","BOSS"],"items_purchased_type":["Card"],"build_version":"2020-12-22","purchased_purges":0,"victory":false,"max_hp_per_floor":[80,74,74,74,74,74,74,74,74,74,74,74,74,74,74,74,74],"card_choices":[{"not_picked":["Blind","Trip"],"picked":"Enlightenment","floor":0},{"not_picked":["Pommel Strike","Shockwave"],"picked":"Fire Breathing","floor":1},{"not_picked":["Rage","Sword Boomerang","Entrench"],"picked":"SKIP","floor":5},{"not_picked":["Shockwave","Feel No Pain"],"picked":"Intimidate","floor":6},{"not_picked":["Clash","Perfected Strike"],"picked":"Fire Breathing","floor":8},{"not_picked":["Pommel Strike","Infernal Blade","Flex"],"picked":"SKIP","floor":12},{"not_picked":["Anger","Body Slam","Clothesline"],"picked":"SKIP","floor":14}],"player_experience":38765,"relics_obtained":[{"floor":6,"key":"Boot"},{"floor":9,"key":"MealTicket"}],"event_choices":[{"damage_healed":0,"gold_gain":0,"player_choice":"Lose Max HP","damage_taken":0,"relics_obtained":["Golden Idol"],"max_hp_gain":0,"max_hp_loss":6,"event_name":"Golden Idol","floor":2,"gold_loss":0},{"damage_healed":0,"gold_gain":0,"player_choice":"Success","damage_taken":7,"relics_obtained":["Regal Pillow"],"max_hp_gain":0,"max_hp_loss":0,"event_name":"Scrap Ooze","floor":3,"gold_loss":0},{"damage_healed":0,"gold_gain":0,"player_choice":"Box","damage_taken":0,"relics_obtained":["Oddly Smooth Stone"],"max_hp_gain":0,"max_hp_loss":0,"event_name":"Big Fish","floor":11,"gold_loss":0,"cards_obtained":["Regret"]},{"damage_healed":0,"gold_gain":0,"player_choice":"Grow","damage_taken":0,"max_hp_gain":0,"max_hp_loss":0,"event_name":"Living Wall","floor":13,"gold_loss":0,"cards_upgraded":["Fire Breathing"]}],"is_beta":false,"boss_relics":[],"items_purged_floors":[],"is_endless":false,"potions_floor_spawned":[5],"killed_by":"Hexaghost","ascension_level":1}}