{"host":"31s8hzukbhz1k6i6","time":1609354202,"event":{"mods":["AchievementEnabler","BaseMod","Bestiary","Colored Map","Filter the Spire","Minty Spire (QoL Compilation)","Relic Stats","UnlockEverythingMod","ojb\u0027s Info Mod"],"gold_per_floor":[215,290,302,120,120,120,151,151,178,178,178,188,188,215,227,338,350,382,423,345,376,388,388],"floor_reached":22,"playtime":689,"items_purged":[],"score":285,"play_id":"dc401013-5938-4652-8862-e11d0c751328","local_time":"20201230105002","is_ascension_mode":true,"campfire_choices":[{"data":"Defragment","floor":6,"key":"SMITH"},{"data":"Ball Lightning","floor":8,"key":"SMITH"},{"data":"Ball Lightning","floor":11,"key":"SMITH"},{"data":"Zap","floor":13,"key":"SMITH"},{"data":"Amplify","floor":15,"key":"SMITH"}],"circlet_count":0,"master_deck":["AscendersBane","Strike_B","Strike_B","Strike_B","Defend_B+1","Defend_B","Defend_B","Defend_B","Zap+1","Dualcast","Ball Lightning+1","Coolheaded+1","Defragment+1","Ball Lightning+1","Amplify+1","Creative AI+1","Skim","Heatsinks","Force Field"],"relics":["Cracked Core","DataDisk","Symbiotic Virus","Bronze Scales","MawBank","Snecko Eye","Red Mask"],"acts_visited":["Exordium","TheCity"],"potions_floor_usage":[7,16,19],"damage_taken":[{"damage":0.0,"enemies":"Small Slimes","floor":1.0,"turns":2.0},{"damage":1,"enemies":"Cultist","floor":3,"turns":3},{"damage":9,"enemies":"Gremlin Nob","floor":7,"turns":3},{"damage":0,"enemies":"2 Louse","floor":12,"turns":2},{"damage":15,"enemies":"3 Sentries","floor":14,"turns":4},{"damage":17,"enemies":"The Guardian","floor":16,"turns":8},{"damage":0,"enemies":"Spheric Guardian","floor":18,"turns":3},{"damage":60,"enemies":"Masked Bandits","floor":19,"turns":4},{"damage":0,"enemies":"Chosen","floor":21,"turns":3},{"damage":8,"enemies":"Snecko","floor":22,"turns":2}],"seed_played":"947380631642077606","potions_obtained":[{"floor":3,"key":"DuplicationPotion"},{"floor":14,"key":"LiquidBronze"},{"floor":16,"key":"PowerPotion"},{"floor":18,"key":"FearPotion"},{"floor":19,"key":"Fire Potion"}],"is_trial":false,"path_per_floor":["M","?","M","$","?","R","E","R","T","?","R","M","R","E","R","B",null,"M","?","?","M","M"],"character_chosen":"DEFECT","items_purchased":["DataDisk","Defragment"],"campfire_rested":0,"item_purchase_floors":[4,4],"current_hp_per_floor":[68,61,60,60,65,65,56,56,56,40,40,40,40,25,25,8,62,62,2,2,2,0,0],"gold":388,"neow_bonus":"HUNDRED_GOLD","is_daily":false,"chose_seed":false,"campfire_upgraded":5,"win_rate":0.0,"timestamp":1609354202,"path_taken":["M","?","?","$","?","R","E","R","T","?","R","?","R","E","R","BOSS","M","?","?","M","?"],"items_purchased_type":["Relic","Card"],"build_version":"2020-12-22","purchased_purges":0,"victory":false,"max_hp_per_floor":[75,75,75,75,80,80,80,80,80,80,80,80,80,80,80,80,80,80,80,80,80,80,80],"relic_stats":{"counters":[10,34],"Bronze Scales":[64],"Snecko Eye":[22,15,29,29],"MawBank":96,"obtain_stats":[{"DataDisk":4,"Bronze Scales":9,"Snecko Eye":17,"Red Mask":19,"Cracked Core":0,"Symbiotic Virus":7,"MawBank":14},{"DataDisk":2,"Bronze Scales":3,"Snecko Eye":6,"Red Mask":8,"Cracked Core":0,"Symbiotic Virus":3,"MawBank":5},{"DataDisk":5,"Bronze Scales":8,"Snecko Eye":22,"Red Mask":29,"Cracked Core":0,"Symbiotic Virus":8,"MawBank":14}]},"card_choices":[{"not_picked":["Conserve Battery","Steam"],"picked":"Ball Lightning","floor":1.0},{"not_picked":["Tempest","Recycle"],"picked":"Coolheaded","floor":3},{"not_picked":["Sweeping Beam","Aggregate"],"picked":"Ball Lightning","floor":7},{"not_picked":["Rip and Tear","Streamline","Blizzard"],"picked":"SKIP","floor":12},{"not_picked":["Self Repair","Go for the Eyes"],"picked":"Amplify","floor":14},{"not_picked":["Hyperbeam","Machine Learning"],"picked":"Creative AI","floor":16},{"not_picked":["Cold Snap","Stack+1"],"picked":"Skim","floor":18},{"not_picked":["Barrage","Storm"],"picked":"Heatsinks","floor":19},{"not_picked":["Rebound","Stack"],"picked":"Force Field","floor":21}],"player_experience":97867,"relics_obtained":[{"floor":7,"key":"Symbiotic Virus"},{"floor":9,"key":"Bronze Scales"},{"floor":14,"key":"MawBank"},{"floor":19,"key":"Red Mask"}],"event_choices":[{"damage_healed":0,"gold_gain":75,"player_choice":"Touch","damage_taken":7,"max_hp_gain":0,"max_hp_loss":0,"event_name":"FaceTrader","floor":2,"gold_loss":0},{"damage_healed":0,"gold_gain":0,"player_choice":"Donut","damage_taken":0,"max_hp_gain":5,"max_hp_loss":0,"event_name":"Big Fish","floor":5,"gold_loss":0},{"damage_healed":0,"gold_gain":0,"player_choice":"Entered Light","damage_taken":16,"max_hp_gain":0,"max_hp_loss":0,"event_name":"Shining Light","floor":10,"gold_loss":0,"cards_upgraded":["Defend_B","Coolheaded"]},{"damage_healed":0,"gold_gain":0,"player_choice":"Fought Bandits","damage_taken":0,"max_hp_gain":0,"max_hp_loss":0,"event_name":"Masked Bandits","floor":19,"gold_loss":0},{"cards_removed":["Strike_B"],"damage_healed":0,"gold_gain":0,"player_choice":"Upgrade and Remove","damage_taken":0,"max_hp_gain":0,"max_hp_loss":0,"event_name":"Designer","floor":20,"gold_loss":90,"cards_upgraded":["Creative AI"]}],"is_beta":false,"boss_relics":[{"not_picked":["SacredBark","Ectoplasm"],"picked":"Snecko Eye"}],"items_purged_floors":[],"is_endless":false,"potions_floor_spawned":[3,14,16,18,19],"killed_by":"Snecko","ascension_level":10}}