{"host":"dftyqn972q7tuon4","time":1609292095,"event":{"mods":["AchievementEnabler","BaseMod","Better Altar","Better Match","Better Note","Better Sensory Stone","Better Skull","Better Third Choice","Colored Powertips","Highlight Path","Minty Spire (QoL Compilation)","Permanent Neow","Quick Restart","StSLib"],"gold_per_floor":[117,117,138,161,86,86,120,135,181,202,202,102,102,172,172,298,298,312,44,58,133,153,189,189,222,222,222,222,247,266,292,292,412,412,426,31,31,56,72,72,135,135,135,135,158,158,12,35,35,35,35],"floor_reached":50,"playtime":4755,"items_purged":["Injury","Injury","Defend_P","Strike_P"],"score":682,"play_id":"7580600b-3382-4405-aeed-7e8cc44908d9","local_time":"20201230023455","is_ascension_mode":true,"campfire_choices":[{"data":"TalkToTheHand","floor":6.0,"key":"SMITH"},{"floor":11.0,"key":"REST"},{"data":"Eruption","floor":13.0,"key":"SMITH"},{"floor":15.0,"key":"REST"},{"data":"MasterReality","floor":24.0,"key":"SMITH"},{"data":"DeusExMachina","floor":27.0,"key":"SMITH"},{"data":"DevaForm","floor":32.0,"key":"SMITH"},{"floor":40.0,"key":"REST"},{"floor":42.0,"key":"REST"},{"data":"Devotion","floor":49.0,"key":"SMITH"}],"circlet_count":0,"master_deck":["Strike_P","Strike_P","Defend_P","Defend_P","Defend_P","Eruption+1","Vigilance","TalkToTheHand+1","Prostrate","DeusExMachina+1","FollowUp","Evaluate","InnerPeace","MasterReality+1","CurseOfTheBell","Protect","Crescendo","Collect","EmptyMind","ClearTheMind+1","TalkToTheHand+1","DevaForm+1","Judgement","Devotion+1","Fasting2+1","Evaluate","ClearTheMind+1","Panacea","CutThroughFate+1"],"relics":["PureWater","Dead Branch","Golden Idol","Question Card","Toy Ornithopter","Vajra","Calling Bell","Blood Vial","Meat on the Bone","Gambling Chip","Tiny Chest","Kunai","Bag of Preparation","Darkstone Periapt","Omamori","Busted Crown","Ornamental Fan","CaptainsWheel","Gremlin Horn","Mercury Hourglass","Strange Spoon"],"acts_visited":["Exordium","TheCity","TheBeyond"],"potions_floor_usage":[50],"damage_taken":[{"damage":4.0,"enemies":"2 Louse","floor":1.0,"turns":2.0},{"damage":11.0,"enemies":"Cultist","floor":3.0,"turns":6.0},{"damage":10.0,"enemies":"Small Slimes","floor":4.0,"turns":3.0},{"damage":13.0,"enemies":"3 Sentries","floor":7.0,"turns":6.0},{"damage":11.0,"enemies":"3 Louse","floor":8.0,"turns":4.0},{"damage":8.0,"enemies":"Lots of Slimes","floor":10.0,"turns":5.0},{"damage":10.0,"enemies":"3 Sentries","floor":14.0,"turns":3.0},{"damage":10.0,"enemies":"The Guardian","floor":16.0,"turns":9.0},{"damage":9.0,"enemies":"Chosen","floor":18.0,"turns":6.0},{"damage":28.0,"enemies":"2 Thieves","floor":20.0,"turns":4.0},{"damage":2.0,"enemies":"Centurion and Healer","floor":22.0,"turns":3.0},{"damage":0.0,"enemies":"Gremlin Leader","floor":23.0,"turns":3.0},{"damage":22.0,"enemies":"Book of Stabbing","floor":25.0,"turns":4.0},{"damage":0.0,"enemies":"Snake Plant","floor":29.0,"turns":3.0},{"damage":5.0,"enemies":"Shelled Parasite and Fungi","floor":30.0,"turns":4.0},{"damage":4.0,"enemies":"Collector","floor":33.0,"turns":10.0},{"damage":3.0,"enemies":"Orb Walker","floor":35.0,"turns":3.0},{"damage":12.0,"enemies":"3 Darklings","floor":38.0,"turns":5.0},{"damage":48.0,"enemies":"Transient","floor":39.0,"turns":5.0},{"damage":48.0,"enemies":"2 Orb Walkers","floor":41.0,"turns":4.0},{"damage":9.0,"enemies":"Sphere and 2 Shapes","floor":45.0,"turns":4.0},{"damage":0.0,"enemies":"4 Shapes","floor":48.0,"turns":3.0},{"damage":64,"enemies":"Time Eater","floor":50,"turns":5}],"seed_played":"-3970618782750719662","potions_obtained":[{"floor":3.0,"key":"SkillPotion"},{"floor":7.0,"key":"Dexterity Potion"},{"floor":10.0,"key":"FairyPotion"},{"floor":14.0,"key":"Energy Potion"},{"floor":22.0,"key":"Swift Potion"},{"floor":30.0,"key":"DistilledChaos"},{"floor":33.0,"key":"EssenceOfSteel"},{"floor":39.0,"key":"LiquidBronze"},{"floor":41.0,"key":"FearPotion"},{"floor":45.0,"key":"Fire Potion"}],"is_trial":false,"path_per_floor":["M","?","M","M","$","R","E","M","T","M","R","$","R","?","R","B",null,"M","$","M","?","M","E","R","E","T","R","?","M","M","T","R","B",null,"M","$","?","M","M","R","?","R","T","T","M","?","$","M","R","B"],"character_chosen":"WATCHER","items_purchased":["Tiny Chest","Ornamental Fan","Strange Spoon"],"campfire_rested":4,"item_purchase_floors":[19,36,47],"current_hp_per_floor":[61,61,50,40,40,40,27,16,16,8,29,29,29,24,45,35,63,56,56,42,35,40,47,47,39,39,39,39,41,38,38,38,41,64,63,63,63,53,19,40,33,54,54,54,47,47,47,49,49,0,0],"gold":35,"neow_bonus":"ONE_RARE_RELIC","is_daily":false,"chose_seed":false,"campfire_upgraded":6,"win_rate":0.0,"timestamp":1609292095,"path_taken":["M","?","M","M","$","R","E","M","T","M","R","$","R","?","R","BOSS","M","$","M","?","?","E","R","E","T","R","?","M","M","?","R","BOSS","M","$","?","?","M","R","?","R","T","?","M","?","$","M","R","BOSS"],"items_purchased_type":["Relic","Relic","Relic"],"build_version":"2020-12-22","purchased_purges":4,"victory":false,"max_hp_per_floor":[72,72,72,72,72,72,72,72,72,72,72,72,72,72,72,72,72,72,72,72,72,72,72,72,72,72,72,72,72,72,72,72,72,72,72,72,72,72,72,72,72,72,72,72,72,72,72,72,72,72,72],"card_choices":[{"not_picked":["WindmillStrike","BowlingBash"],"picked":"TalkToTheHand","floor":1.0},{"not_picked":["Pray","Protect"],"picked":"Prostrate","floor":3.0},{"not_picked":["CrushJoints","Evaluate"],"picked":"DeusExMachina","floor":4.0},{"not_picked":["Halt","ThirdEye","Conclude"],"picked":"SKIP","floor":7.0},{"not_picked":["Crescendo","Weave","Conclude"],"picked":"FollowUp","floor":8.0},{"not_picked":["Wish","Weave","WaveOfTheHand"],"picked":"Evaluate","floor":10.0},{"not_picked":["PathToVictory","FollowUp","Nirvana"],"picked":"InnerPeace","floor":14.0},{"not_picked":["SpiritShield","Ragnarok","Establishment"],"picked":"MasterReality","floor":16.0},{"not_picked":["Adaptation","FlurryOfBlows","CutThroughFate"],"picked":"Protect","floor":18.0},{"not_picked":["ThirdEye+1","Prostrate","CrushJoints"],"picked":"Crescendo","floor":20.0},{"not_picked":["Crescendo","WaveOfTheHand","Consecrate"],"picked":"Collect","floor":22.0},{"not_picked":["ClearTheMind","Prostrate","ThirdEye"],"picked":"EmptyMind","floor":23.0},{"not_picked":["WindmillStrike+1","Wallop","ReachHeaven"],"picked":"ClearTheMind+1","floor":25.0},{"not_picked":["PathToVictory","FollowUp","JustLucky"],"picked":"DevaForm","floor":29.0},{"not_picked":["Crescendo","FlyingSleeves","Evaluate"],"picked":"Judgement","floor":30.0},{"not_picked":["MasterReality","Vault","DeusExMachina"],"picked":"Devotion","floor":33.0},{"not_picked":["Conclude+1","EmptyBody"],"picked":"SKIP","floor":35.0},{"not_picked":["ThirdEye+1","FlyingSleeves"],"picked":"SKIP","floor":38.0},{"not_picked":["Nirvana+1"],"picked":"Fasting2+1","floor":39.0},{"not_picked":["JustLucky+1"],"picked":"Evaluate","floor":41.0},{"not_picked":["EmptyFist"],"picked":"ClearTheMind+1","floor":45.0},{"not_picked":["SashWhip+1"],"picked":"CutThroughFate+1","floor":48.0}],"player_experience":543936,"relics_obtained":[{"floor":7.0,"key":"Question Card"},{"floor":9.0,"key":"Toy Ornithopter"},{"floor":14.0,"key":"Vajra"},{"floor":17.0,"key":"Blood Vial"},{"floor":17.0,"key":"Meat on the Bone"},{"floor":17.0,"key":"Gambling Chip"},{"floor":23.0,"key":"Kunai"},{"floor":25.0,"key":"Bag of Preparation"},{"floor":26.0,"key":"Darkstone Periapt"},{"floor":31.0,"key":"Omamori"},{"floor":41.0,"key":"CaptainsWheel"},{"floor":43.0,"key":"Gremlin Horn"},{"floor":44.0,"key":"Mercury Hourglass"}],"event_choices":[{"damage_healed":0.0,"max_hp_gain":0.0,"max_hp_loss":0.0,"gold_gain":0.0,"event_name":"Golden Idol","player_choice":"Take Wound","floor":2.0,"gold_loss":0.0,"damage_taken":0.0,"relics_obtained":["Golden Idol"],"cards_obtained":["Injury"]},{"damage_healed":0.0,"max_hp_gain":0.0,"max_hp_loss":0.0,"gold_gain":0.0,"event_name":"Dead Adventurer","player_choice":"Searched \u00271\u0027 times","floor":14.0,"gold_loss":0.0,"damage_taken":0.0},{"damage_healed":0.0,"max_hp_gain":0.0,"max_hp_loss":0.0,"gold_gain":75.0,"event_name":"FaceTrader","player_choice":"Touch","floor":21.0,"gold_loss":0.0,"damage_taken":7.0},{"damage_healed":0.0,"max_hp_gain":0.0,"max_hp_loss":0.0,"gold_gain":0.0,"event_name":"Duplicator","player_choice":"Copied","floor":28.0,"gold_loss":0.0,"damage_taken":0.0,"cards_obtained":["TalkToTheHand"]},{"cards_removed":["Strike_P"],"damage_healed":0.0,"max_hp_gain":0.0,"max_hp_loss":0.0,"gold_gain":0.0,"event_name":"Bonfire Elementals","player_choice":"Offered Basic","floor":37.0,"gold_loss":0.0,"damage_taken":0.0},{"damage_healed":0.0,"max_hp_gain":0.0,"max_hp_loss":0.0,"gold_gain":0.0,"event_name":"Mysterious Sphere","player_choice":"Fight","floor":41.0,"gold_loss":0.0,"damage_taken":0.0},{"damage_healed":0.0,"max_hp_gain":0.0,"max_hp_loss":0.0,"gold_gain":3.0,"event_name":"betterStone:BetterStone","player_choice":"3","floor":46.0,"gold_loss":0.0,"damage_taken":0.0,"cards_obtained":["Panacea"]}],"is_beta":false,"boss_relics":[{"not_picked":["Ectoplasm","Runic Pyramid"],"picked":"Calling Bell"},{"not_picked":["Velvet Choker","Tiny House"],"picked":"Busted Crown"}],"items_purged_floors":[5,12,19,36],"is_endless":false,"potions_floor_spawned":[3,7,10,14,20,22,30,33,39,41,45],"killed_by":"Time Eater","ascension_level":7}}