{"host":"soyfmymeou4emntr","time":1609362018,"event":{"mods":["BaseMod","Minty Spire (QoL Compilation)","Relic Sorter","Relic Stats","StSLib"],"gold_per_floor":[112,124,9,19,37,37,52,85,136,149,174,127,162,178,178,178,178],"floor_reached":16,"playtime":1463,"items_purged":[],"score":298,"play_id":"123f2f99-e655-428e-bf8e-99d2679bc8e8","local_time":"20201230140018","is_ascension_mode":true,"campfire_choices":[{"floor":6.0,"key":"REST"},{"floor":15,"key":"REST"}],"circlet_count":0,"master_deck":["AscendersBane","Strike_B","Strike_B","Strike_B","Strike_B","Defend_B","Defend_B","Defend_B","Defend_B","Zap","Dualcast","Compile Driver","Coolheaded","Coolheaded","Cold Snap","Defragment","Barrage","Fusion","Barrage","Leap"],"relics":["Philosopher\u0027s Stone","Ancient Tea Set","MealTicket","Cables","Oddly Smooth Stone"],"acts_visited":[],"potions_floor_usage":[13,16],"damage_taken":[{"damage":2.0,"enemies":"Cultist","floor":1.0,"turns":4.0},{"damage":8.0,"enemies":"Small Slimes","floor":2.0,"turns":3.0},{"damage":8.0,"enemies":"Jaw Worm","floor":4.0,"turns":4.0},{"damage":8.0,"enemies":"Red Slaver","floor":5.0,"turns":5.0},{"damage":10.0,"enemies":"Exordium Thugs","floor":7.0,"turns":4.0},{"damage":0.0,"enemies":"3 Sentries","floor":8.0,"turns":11.0},{"damage":8.0,"enemies":"Looter","floor":10.0,"turns":3.0},{"damage":13.0,"enemies":"Lagavulin","floor":11.0,"turns":7.0},{"damage":18,"enemies":"3 Sentries","floor":13,"turns":7},{"damage":7,"enemies":"Large Slime","floor":14,"turns":5},{"damage":27,"enemies":"Hexaghost","floor":16,"turns":14}],"seed_played":"-6944017141683710383","potions_obtained":[{"floor":2.0,"key":"Energy Potion"},{"floor":4.0,"key":"Strength Potion"},{"floor":10.0,"key":"Explosive Potion"},{"floor":11.0,"key":"Dexterity Potion"}],"is_trial":false,"path_per_floor":["M","M","$","M","M","R","M","E","T","M","E","?","E","M","R","B"],"character_chosen":"DEFECT","items_purchased":["Coolheaded","SteroidPotion"],"campfire_rested":2,"item_purchase_floors":[3,3],"current_hp_per_floor":[62,54,54,46,38,59,49,49,49,41,28,28,10,3,24,0,0],"gold":178,"neow_bonus":"BOSS_RELIC","is_daily":false,"chose_seed":false,"campfire_upgraded":0,"win_rate":0.0,"timestamp":1609362018,"path_taken":["M","M","$","M","?","R","M","E","T","?","E","?","E","M","R","BOSS"],"items_purchased_type":["Card","Potion"],"build_version":"2020-12-22","purchased_purges":0,"victory":false,"max_hp_per_floor":[71,71,71,71,71,71,71,71,71,71,71,71,71,71,71,71,71],"relic_stats":{"counters":[11,67],"MealTicket":0,"obtain_stats":[{"Oddly Smooth Stone":13,"Philosopher\u0027s Stone":0,"MealTicket":9,"Cracked Core":0,"Ancient Tea Set":8,"Cables":11},{"Oddly Smooth Stone":9,"Philosopher\u0027s Stone":0,"MealTicket":6,"Cracked Core":0,"Ancient Tea Set":6,"Cables":8},{"Oddly Smooth Stone":48,"Philosopher\u0027s Stone":0,"MealTicket":31,"Cracked Core":0,"Ancient Tea Set":31,"Cables":41}],"Cables":[22,5,17,0,0]},"card_choices":[{"not_picked":["Stack","Redo"],"picked":"Compile Driver","floor":1.0},{"not_picked":["Gash","Rebound"],"picked":"Coolheaded","floor":2.0},{"not_picked":["Rebound","Compile Driver"],"picked":"Cold Snap","floor":4.0},{"not_picked":["Stack","Force Field","Steam Power"],"picked":"SKIP","floor":5.0},{"not_picked":["Stack","Force Field","Steam Power"],"picked":"SKIP","floor":5.0},{"not_picked":["Core Surge","Beam Cell"],"picked":"Defragment","floor":7.0},{"not_picked":["Rip and Tear","Rebound"],"picked":"Barrage","floor":8.0},{"not_picked":["Hologram","Gash"],"picked":"Fusion","floor":10.0},{"not_picked":["Coolheaded","Steam"],"picked":"Barrage","floor":11.0},{"not_picked":["Heatsinks","Rebound","Force Field"],"picked":"SKIP","floor":13},{"not_picked":["Steam Power","Barrage"],"picked":"Leap","floor":14}],"player_experience":2643382,"relics_obtained":[{"floor":8.0,"key":"Ancient Tea Set"},{"floor":9.0,"key":"MealTicket"},{"floor":11.0,"key":"Cables"},{"floor":13,"key":"Oddly Smooth Stone"}],"event_choices":[{"damage_healed":0.0,"max_hp_gain":0.0,"max_hp_loss":0.0,"gold_gain":0.0,"event_name":"World of Goop","player_choice":"Left Gold","floor":12.0,"gold_loss":47.0,"damage_taken":0.0}],"is_beta":false,"boss_relics":[],"items_purged_floors":[],"is_endless":false,"potions_floor_spawned":[2,4,10,11],"killed_by":"Hexaghost","ascension_level":20}}