{"host":"iawk615p0198zs2h","time":1609344548,"event":{"mods":["BaseMod","Better Third Choice","BetterRewards","Downfall","Gold Saver","Infinite Spire","Minty Spire (QoL Compilation)","Quick Restart","Rare Cards Sparkle","Replay The Spire","Spicy Shops","StSLib","The Necromancer"],"gold_per_floor":[112,112,287,287,25,25,52,52,52,52,67,84,84,34,34,132,132,150,185,185,185,199,226,242,267,293,344,344,37,50,61,61,156,156,174,174,192,242,253,253,253],"floor_reached":40,"playtime":2676,"items_purged":["Strike_W","Strike_W","Strike_W+1"],"score":522,"play_id":"d74daefc-0484-4594-a2a3-ea14979d9a2f","local_time":"20201230170908","is_ascension_mode":false,"campfire_choices":[{"data":"infinitespire:Gouge","floor":6,"key":"SMITH"},{"data":"Cloudkill","floor":8,"key":"SMITH"},{"data":"Spectral_Armor","floor":10,"key":"SMITH"},{"data":"Bone_Armory","floor":15,"key":"SMITH"},{"floor":32,"key":"REST"}],"circlet_count":0,"master_deck":["Defend_W","Defend_W","Defend_W","Defend_W","infinitespire:Gouge+1","Cloudkill+1","Acid_Javelin","Spectral_Armor+1","Bone_Armory+1","Cloudkill","Blood_Curse+1","Consume_Illness+1","Violent_Necrosis","Cloudkill","Bones_to_Steel+1","Pandemic","Grasp_Heart","Summon_Death_Knight","Epidemic+1"],"relics":["Vampire_Amulet","Blood Vial","Replay:Bottled Eggs","infinitespire:Cupcake","Red Mask","Nloth\u0027s Gift","Ginger","Eternal Feather","Simple Rune","Question Card","Replay:Wax Seal","Empty Cage","WingedGreaves"],"acts_visited":["Exordium","TheCity","TheBeyond"],"potions_floor_usage":[23,31,40,40,40],"damage_taken":[{"damage":0,"enemies":"Small Slimes","floor":1,"turns":1},{"damage":0,"enemies":"Gremlin Nob","floor":7,"turns":1},{"damage":0,"enemies":"2 Louse","floor":11,"turns":1},{"damage":0,"enemies":"Jaw Worm","floor":12,"turns":4},{"damage":0,"enemies":"Hexaghost","floor":16,"turns":8},{"damage":2,"enemies":"3 Byrds","floor":18,"turns":3},{"damage":1,"enemies":"Masked Bandits","floor":19,"turns":4},{"damage":0,"enemies":"Shell Parasite","floor":22,"turns":4},{"damage":19,"enemies":"Nightmare","floor":23,"turns":8},{"damage":8,"enemies":"Sentry and Sphere","floor":24,"turns":4},{"damage":19,"enemies":"Gremlin Leader","floor":25,"turns":6},{"damage":12,"enemies":"Snake Plant","floor":30,"turns":4},{"damage":9,"enemies":"Centurion and Healer","floor":31,"turns":5},{"damage":9,"enemies":"Automaton","floor":33,"turns":11},{"damage":1,"enemies":"Orb Walker","floor":35,"turns":4},{"damage":16,"enemies":"3 Darklings","floor":37,"turns":4},{"damage":12,"enemies":"Mind Bloom Boss Battle","floor":38,"turns":7},{"damage":20,"enemies":"Transient","floor":39,"turns":5},{"damage":58,"enemies":"Giant Head","floor":40,"turns":7}],"seed_played":"-1685666284623475276","potions_obtained":[{"floor":7,"key":"SteroidPotion"},{"floor":11,"key":"Milkshake"},{"floor":12,"key":"EntropicBrew"},{"floor":24,"key":"SpeedPotion"},{"floor":35,"key":"EssenceOfSteel"}],"is_trial":false,"path_per_floor":["M","?","?","?","$","R","E","R","T","R","M","M","?","?","R","B",null,"M","?","?","?","M","NM","M","E","T","?","?","$","M","M","R","B",null,"M","?","M","?","M","E"],"character_chosen":"NECROMANCER","items_purchased":["Cloudkill","Acid_Javelin","Replay:Wax Seal"],"campfire_rested":1,"item_purchase_floors":[5,5,29],"current_hp_per_floor":[75,56,56,49,49,49,51,51,51,51,57,61,66,66,66,70,80,80,80,80,80,80,63,61,54,54,34,19,19,11,8,42,41,85,85,85,71,63,47,0,0],"gold":253,"neow_bonus":"THREE_ENEMY_KILL","is_daily":false,"chose_seed":false,"campfire_upgraded":4,"win_rate":0.0,"timestamp":1609344548,"path_taken":["M","?","?","?","?","R","E","R","T","R","?","M","?","?","R","BOSS","M","?","?","?","?","NM","M","E","T","?","?","$","M","M","R","BOSS","M","?","?","?","M","E"],"items_purchased_type":["Card","Card","Relic"],"build_version":"2020-12-22","purchased_purges":3,"victory":false,"max_hp_per_floor":[75,75,75,75,75,75,75,75,75,75,75,75,80,80,80,80,80,80,80,80,80,80,80,80,80,80,80,85,85,85,85,85,85,85,85,85,85,85,85,85,85],"card_choices":[{"not_picked":["Necromantic_Selection","Death_Coil","Bone_Shift"],"picked":"SKIP","floor":1},{"not_picked":["infinitespire:Menacing","ReplayTheSpireMod:??????????????????????"],"picked":"infinitespire:Gouge","floor":2},{"not_picked":["Death_March_Dance","Blood_Whip"],"picked":"Spectral_Armor","floor":7},{"not_picked":["Negative_Energy_Sphere","Blood_Whip"],"picked":"Bone_Armory","floor":11},{"not_picked":["Detonate_Bones","Blood_for_Blood","Blood_Curse"],"picked":"SKIP","floor":12},{"not_picked":["Detonate_Bones","Summon_Vampire_Lady"],"picked":"Cloudkill","floor":16},{"not_picked":["Bone_Spikes","Bone_Shift"],"picked":"Blood_Curse+1","floor":18},{"not_picked":["Acid_Javelin","Chill_Blood+1"],"picked":"Consume_Illness+1","floor":19},{"not_picked":["Death_Knell","Bone_Shift","Negative_Energy_Sphere"],"picked":"SKIP","floor":22},{"not_picked":["Uncharnel","Finger_Of_Death","Shackles_Of_Pain"],"picked":"SKIP","floor":23},{"not_picked":["Bone_Bullets","Blood_Is_Power"],"picked":"Violent_Necrosis","floor":24},{"not_picked":["Blood_for_Blood","Negative_Energy_Bomb"],"picked":"Cloudkill","floor":25},{"not_picked":["Chill_Blood+1","Death_March_Dance"],"picked":"Bones_to_Steel+1","floor":27},{"not_picked":["Summon_Lich","Consume_Illness+1"],"picked":"Pandemic","floor":27},{"not_picked":["Scare+1","Reap_The_Weak","Bone_Bullets","Toxic_Smoke_Screen"],"picked":"SKIP","floor":30},{"not_picked":["Blood_Curse","Negative_Energy_Burst","Bone_Prison","Scare"],"picked":"SKIP","floor":31},{"not_picked":["Blood_Magic","Requiem","Negative_Energy_Bomb"],"picked":"Grasp_Heart","floor":33},{"not_picked":["Blood_Whip+1","Negative_Energy_Sphere+1","Blood_Curse+1","Chill_Blood"],"picked":"SKIP","floor":35},{"not_picked":["Plague_Bolt+1","Consume_Illness","Vampiric_Strike+1"],"picked":"Summon_Death_Knight","floor":37},{"not_picked":["Necrotic_Claws","Shackles_Of_Pain+1","Bone_Bullets"],"picked":"Epidemic+1","floor":38},{"not_picked":["Flesh_Made_Foul","Negative_Energy_Shield+1","Reap_The_Weak","Strike_from_Beyond"],"picked":"SKIP","floor":39}],"player_experience":201886,"relics_obtained":[{"floor":7,"key":"Blood Vial"},{"floor":9,"key":"Replay:Bottled Eggs"},{"floor":19,"key":"Red Mask"},{"floor":23,"key":"Ginger"},{"floor":25,"key":"Eternal Feather"},{"floor":26,"key":"Simple Rune"},{"floor":27,"key":"Question Card"},{"floor":38,"key":"WingedGreaves"}],"event_choices":[{"damage_healed":0,"gold_gain":175,"player_choice":"AGREE","damage_taken":112,"max_hp_gain":0,"max_hp_loss":0,"event_name":"betterThird:BetterSerpent","floor":3,"gold_loss":0},{"cards_removed":["Doubt"],"damage_healed":0,"gold_gain":0,"player_choice":"Card Removal","damage_taken":7,"max_hp_gain":0,"max_hp_loss":0,"event_name":"Golden Wing","floor":4,"gold_loss":0},{"damage_healed":0,"gold_gain":0,"player_choice":"Donut","damage_taken":0,"max_hp_gain":5,"max_hp_loss":0,"event_name":"Big Fish","floor":13,"gold_loss":0},{"cards_removed":["Strike_W"],"damage_healed":0,"gold_gain":0,"player_choice":"Card Removal","damage_taken":0,"max_hp_gain":0,"max_hp_loss":0,"event_name":"The Cleric","floor":14,"gold_loss":50},{"damage_healed":0,"gold_gain":0,"player_choice":"Fought Bandits","damage_taken":0,"max_hp_gain":0,"max_hp_loss":0,"event_name":"Masked Bandits","floor":19,"gold_loss":0},{"damage_healed":0,"gold_gain":0,"player_choice":"Ignored","damage_taken":0,"max_hp_gain":0,"max_hp_loss":0,"event_name":"Ghosts","floor":20,"gold_loss":0},{"damage_healed":0,"gold_gain":0,"player_choice":"Traded Relic","damage_taken":0,"relics_obtained":["Nloth\u0027s Gift"],"max_hp_gain":0,"max_hp_loss":0,"event_name":"N\u0027loth","floor":21,"relics_lost":["NeowsBlessing"],"gold_loss":0},{"damage_healed":0,"gold_gain":0,"player_choice":"Shed Blood","damage_taken":20,"max_hp_gain":5,"max_hp_loss":0,"event_name":"Forgotten Altar","floor":28,"gold_loss":0},{"damage_healed":0,"gold_gain":0,"player_choice":"Ignored","damage_taken":0,"max_hp_gain":0,"max_hp_loss":0,"event_name":"NoteForYourself","floor":36,"gold_loss":0},{"damage_healed":0,"gold_gain":0,"player_choice":"Fight","damage_taken":0,"max_hp_gain":0,"max_hp_loss":0,"event_name":"MindBloom","floor":38,"gold_loss":0}],"is_beta":false,"boss_relics":[{"not_picked":["ChewingGum","Abe\u0027s Treasure"],"picked":"infinitespire:Cupcake"},{"not_picked":["Tiny House","Fusion Hammer"],"picked":"Empty Cage"}],"items_purged_floors":[5,29,29],"is_endless":true,"potions_floor_spawned":[7,11,12,19,24,25,30,31,35,38],"killed_by":"Giant Head","ascension_level":0}}