{"host":"hxb85ejwp6zvj2g7","time":1609316524,"event":{"mods":["BaseMod","BetterRewards","Colored Map","Friendly Minions","Marisa£®ÏF”Í°°ƒß¿Ì…≥£©","Minty Spire (QoL Compilation)"],"gold_per_floor":[115,115,134,147,165,198,198,198,198,231,78,91,109,124,124,219,219,232,232,8,28,38,66,66,84,110,132,162,209,231,243,243],"floor_reached":31,"playtime":2894,"items_purged":["Zap"],"score":293,"play_id":"f3191966-b9af-4b96-b109-881f883795b2","local_time":"20201230162204","is_ascension_mode":false,"campfire_choices":[{"floor":7,"key":"REST"},{"floor":15,"key":"REST"},{"floor":24,"key":"REST"}],"circlet_count":0,"master_deck":["Strike_B","Strike_B+1","Strike_B+1","Strike_B","Defend_B","Defend_B","Defend_B","Defend_B","Dualcast","Capacitor","Static Discharge","FTL","Sweeping Beam","Beam Cell","Melter","Chill","Storm","Heatsinks","Loop","Redo","Creative AI","Buffer","FTL","Loop","Leap","Undo","Consume","Go for the Eyes+1","Leap","Auto Shields"],"relics":["Fusion Hammer","Matryoshka","Darkstone Periapt","Lantern","Toy Ornithopter","Mercury Hourglass","Anchor","Orrery","Inserter","Regal Pillow","Centennial Puzzle","MawBank","Whetstone","Bag of Preparation"],"acts_visited":["Exordium","TheCity"],"potions_floor_usage":[16,16,30,31,31],"damage_taken":[{"damage":1,"enemies":"Cultist","floor":1,"turns":4},{"damage":3,"enemies":"Small Slimes","floor":3,"turns":3},{"damage":4,"enemies":"2 Louse","floor":4,"turns":2},{"damage":3,"enemies":"Exordium Thugs","floor":5,"turns":4},{"damage":31,"enemies":"3 Sentries","floor":6,"turns":6},{"damage":21,"enemies":"Lagavulin","floor":10,"turns":7},{"damage":0,"enemies":"Red Slaver","floor":12,"turns":1},{"damage":8,"enemies":"Looter","floor":13,"turns":2},{"damage":9,"enemies":"Exordium Wildlife","floor":14,"turns":4},{"damage":14,"enemies":"Slime Boss","floor":16,"turns":7},{"damage":0,"enemies":"3 Byrds","floor":18,"turns":3},{"damage":20,"enemies":"2 Thieves","floor":21,"turns":4},{"damage":11,"enemies":"Shelled Parasite and Fungi","floor":22,"turns":6},{"damage":41,"enemies":"Book of Stabbing","floor":23,"turns":6},{"damage":21,"enemies":"Snake Plant","floor":25,"turns":5},{"damage":15,"enemies":"Centurion and Healer","floor":27,"turns":7},{"damage":0,"enemies":"Cultist and Chosen","floor":28,"turns":5},{"damage":9,"enemies":"Gremlin Leader","floor":29,"turns":5},{"damage":10,"enemies":"Snake Plant","floor":30,"turns":6},{"damage":27,"enemies":"Slavers","floor":31,"turns":4}],"seed_played":"-4394494267056487383","potions_obtained":[{"floor":4,"key":"FearPotion"},{"floor":5,"key":"Energy Potion"},{"floor":10,"key":"FairyPotion"},{"floor":12,"key":"Block Potion"},{"floor":22,"key":"BlessingOfTheForge"},{"floor":25,"key":"SpeedPotion"},{"floor":29,"key":"GamblersBrew"}],"is_trial":false,"path_per_floor":["M","?","M","M","M","E","R","?","T","E","$","M","M","M","R","B",null,"M","?","$","M","M","E","R","M","T","M","M","E","M","E"],"character_chosen":"DEFECT","items_purchased":["Orrery","Regal Pillow"],"campfire_rested":3,"item_purchase_floors":[11,20],"current_hp_per_floor":[74,74,71,67,64,33,55,55,55,34,34,34,26,17,39,35,75,75,75,75,55,44,3,40,19,19,4,4,20,15,0,0],"gold":243,"neow_bonus":"BOSS_RELIC","is_daily":false,"chose_seed":false,"campfire_upgraded":0,"win_rate":0.0,"timestamp":1609316524,"path_taken":["M","?","?","M","M","E","R","?","T","E","$","M","?","M","R","BOSS","M","?","?","M","M","E","R","M","T","M","M","E","?","E"],"items_purchased_type":["Relic","Relic"],"build_version":"2020-12-22","purchased_purges":1,"victory":false,"max_hp_per_floor":[75,75,75,75,75,75,75,75,75,75,75,75,75,75,75,75,75,75,75,75,75,75,75,75,75,75,75,75,75,75,75,75],"card_choices":[{"not_picked":["Redo","Cold Snap"],"picked":"Capacitor","floor":1},{"not_picked":["Leap","Cold Snap"],"picked":"Static Discharge","floor":3},{"not_picked":["Go for the Eyes","Streamline"],"picked":"FTL","floor":4},{"not_picked":["Barrage","Steam"],"picked":"Sweeping Beam","floor":5},{"not_picked":["Glacier","Darkness"],"picked":"Beam Cell","floor":6},{"not_picked":["Blizzard","Turbo"],"picked":"Melter","floor":10},{"not_picked":["Steam","Meteor Strike"],"picked":"Chill","floor":11},{"not_picked":["Gash","Leap"],"picked":"Storm","floor":11},{"not_picked":["Glacier","Go for the Eyes"],"picked":"Heatsinks","floor":11},{"not_picked":["Cold Snap","Steam"],"picked":"Loop","floor":11},{"not_picked":["Coolheaded","Steam Power"],"picked":"Redo","floor":11},{"not_picked":["Ball Lightning","Streamline"],"picked":"Creative AI","floor":12},{"not_picked":["Beam Cell","Melter","Undo"],"picked":"SKIP","floor":13},{"not_picked":["Compile Driver","Go for the Eyes","Cold Snap"],"picked":"SKIP","floor":14},{"not_picked":["Creative AI","Seek"],"picked":"Buffer","floor":16},{"not_picked":["Coolheaded","Doom and Gloom"],"picked":"FTL","floor":18},{"not_picked":["Rebound","Turbo"],"picked":"Loop","floor":21},{"not_picked":["Steam","Meteor Strike"],"picked":"Leap","floor":22},{"not_picked":["Beam Cell","Leap"],"picked":"Undo","floor":23},{"not_picked":["Gash","Turbo"],"picked":"Consume","floor":25},{"not_picked":["Static Discharge","Aggregate"],"picked":"Go for the Eyes+1","floor":27},{"not_picked":["Turbo","Cold Snap"],"picked":"Leap","floor":28},{"not_picked":["Chaos","Cold Snap"],"picked":"Auto Shields","floor":29},{"not_picked":["Buffer","Capacitor","Ball Lightning"],"picked":"SKIP","floor":30}],"player_experience":45022,"relics_obtained":[{"floor":2,"key":"Matryoshka"},{"floor":6,"key":"Darkstone Periapt"},{"floor":9,"key":"Toy Ornithopter"},{"floor":9,"key":"Mercury Hourglass"},{"floor":10,"key":"Anchor"},{"floor":23,"key":"Centennial Puzzle"},{"floor":26,"key":"MawBank"},{"floor":26,"key":"Whetstone"},{"floor":29,"key":"Bag of Preparation"}],"event_choices":[{"damage_healed":0,"gold_gain":0,"player_choice":"Relic","damage_taken":0,"max_hp_gain":0,"max_hp_loss":0,"event_name":"Wheel of Change","floor":2,"gold_loss":0},{"damage_healed":0,"gold_gain":0,"player_choice":"Gave Potion","damage_taken":0,"relics_obtained":["Lantern"],"max_hp_gain":0,"max_hp_loss":0,"event_name":"WeMeetAgain","floor":8,"gold_loss":0},{"damage_healed":0,"gold_gain":0,"player_choice":"Ignored","damage_taken":0,"max_hp_gain":0,"max_hp_loss":0,"event_name":"Vampires","floor":19,"gold_loss":0}],"is_beta":false,"boss_relics":[{"not_picked":["Velvet Choker","Philosopher\u0027s Stone"],"picked":"Inserter"}],"items_purged_floors":[20],"is_endless":false,"potions_floor_spawned":[4,5,10,12,14,22,25,29],"killed_by":"Slavers","ascension_level":0}}