{"host":"naykp6d9ulahlwib","time":1609287994,"event":{"mods":["BaseMod","Highlight Path","Minty Spire (QoL Compilation)","Shop Mod","StSLib"],"gold_per_floor":[109,184,109,109,124,124,24,40,40,76,76,97,97,122,122,216,216,241,254,165,165,165,165,165,165,165,179,54,54,69,92,92,92,92],"floor_reached":33,"playtime":2830,"items_purged":["Strike_P","Defend_P","Doubt"],"score":453,"play_id":"c19eb5ed-9fc3-4875-aff5-4ff8d6381e5b","local_time":"20201229182634","is_ascension_mode":true,"campfire_choices":[{"data":"Eruption","floor":11.0,"key":"SMITH"},{"floor":13.0,"key":"REST"},{"data":"WaveOfTheHand","floor":15.0,"key":"SMITH"},{"floor":23.0,"key":"REST"},{"data":"Fasting2","floor":25.0,"key":"SMITH"},{"floor":29,"key":"REST"},{"data":"TalkToTheHand","floor":32,"key":"SMITH"}],"circlet_count":0,"master_deck":["AscendersBane","Strike_P+1","Defend_P+1","Defend_P+1","Defend_P+1","Eruption+1","Vigilance","ReachHeaven","Wireheading","TalkToTheHand+1","Conclude","WaveOfTheHand+1","DevaForm","ThirdEye+1","Fasting2+1","SignatureMove","CutThroughFate","Protect","ReachHeaven"],"relics":["PureWater","Golden Idol","Yang","Oddly Smooth Stone","Cursed Key","HornCleat"],"acts_visited":["Exordium","TheCity"],"potions_floor_usage":[27,33],"damage_taken":[{"damage":9.0,"enemies":"Small Slimes","floor":1.0,"turns":5.0},{"damage":0.0,"enemies":"2 Louse","floor":5.0,"turns":2.0},{"damage":0.0,"enemies":"Jaw Worm","floor":8.0,"turns":1.0},{"damage":9.0,"enemies":"3 Sentries","floor":10.0,"turns":6.0},{"damage":1.0,"enemies":"Red Slaver","floor":12.0,"turns":3.0},{"damage":1.0,"enemies":"3 Louse","floor":14.0,"turns":2.0},{"damage":16.0,"enemies":"Slime Boss","floor":16.0,"turns":6.0},{"damage":19.0,"enemies":"3 Byrds","floor":18.0,"turns":7.0},{"damage":18.0,"enemies":"2 Thieves","floor":19.0,"turns":3.0},{"damage":6,"enemies":"Centurion and Healer","floor":27,"turns":5},{"damage":9,"enemies":"Shelled Parasite and Fungi","floor":30,"turns":5},{"damage":0,"enemies":"Sentry and Sphere","floor":31,"turns":4},{"damage":53,"enemies":"Collector","floor":33,"turns":6}],"seed_played":"-9049359783351530495","potions_obtained":[{"floor":1.0,"key":"Fire Potion"},{"floor":8.0,"key":"DuplicationPotion"},{"floor":10.0,"key":"Dexterity Potion"},{"floor":19.0,"key":"BottledMiracle"}],"is_trial":false,"path_per_floor":["M","?","$","?","M","?","$","M","T","E","R","M","R","M","R","B",null,"M","M","$","?","?","R","?","R","T","M","$","R","M","M","R","B"],"character_chosen":"WATCHER","items_purchased":["Fasting2"],"campfire_rested":3,"item_purchase_floors":[20],"current_hp_per_floor":[46,35,35,35,35,35,35,35,35,26,26,25,46,45,45,29,61,42,24,24,24,24,45,45,45,45,39,39,60,51,51,51,0,0],"gold":92,"neow_bonus":"TWENTY_PERCENT_HP_BONUS","is_daily":false,"chose_seed":false,"campfire_upgraded":4,"win_rate":0.0,"timestamp":1609287994,"path_taken":["M","?","$","?","M","?","?","M","T","E","R","M","R","M","R","BOSS","M","M","$","?","?","R","?","R","T","M","$","R","M","M","R","BOSS"],"items_purchased_type":["Card"],"build_version":"2020-12-22","purchased_purges":3,"victory":false,"max_hp_per_floor":[80,80,80,80,80,72,72,72,72,72,72,72,72,72,72,72,72,72,72,72,72,72,72,72,72,72,72,72,72,72,72,72,72,72],"card_choices":[{"not_picked":["Prostrate","Protect"],"picked":"ReachHeaven","floor":1.0},{"not_picked":["Prostrate","Halt"],"picked":"Wireheading","floor":5.0},{"not_picked":["Consecrate","ReachHeaven"],"picked":"TalkToTheHand","floor":8.0},{"not_picked":["Evaluate","CrushJoints"],"picked":"Conclude","floor":10.0},{"not_picked":["Nirvana","CrushJoints","CutThroughFate"],"picked":"SKIP","floor":12.0},{"not_picked":["Prostrate","EmptyFist"],"picked":"WaveOfTheHand","floor":14.0},{"not_picked":["Vault","Omniscience"],"picked":"DevaForm","floor":16.0},{"not_picked":["ClearTheMind","FlurryOfBlows"],"picked":"FearNoEvil","floor":18.0},{"not_picked":["Conclude","Evaluate"],"picked":"ThirdEye+1","floor":19.0},{"not_picked":["BowlingBash","Nirvana"],"picked":"Protect","floor":27},{"not_picked":["Protect","MentalFortress"],"picked":"ReachHeaven","floor":30},{"not_picked":["SandsOfTime","Nirvana","Halt"],"picked":"SKIP","floor":31}],"player_experience":925833,"relics_obtained":[{"floor":9.0,"key":"Yang"},{"floor":10.0,"key":"Oddly Smooth Stone"},{"floor":26.0,"key":"HornCleat"}],"event_choices":[{"damage_healed":0.0,"max_hp_gain":0.0,"max_hp_loss":0.0,"gold_gain":75.0,"event_name":"World of Goop","player_choice":"Gather Gold","floor":2.0,"gold_loss":0.0,"damage_taken":11.0},{"cards_removed":["Strike_P"],"damage_healed":0.0,"max_hp_gain":0.0,"max_hp_loss":0.0,"gold_gain":0.0,"event_name":"Living Wall","player_choice":"Forget","floor":4.0,"gold_loss":0.0,"damage_taken":0.0},{"damage_healed":0.0,"max_hp_gain":0.0,"max_hp_loss":8.0,"gold_gain":0.0,"event_name":"Golden Idol","player_choice":"Lose Max HP","floor":6.0,"gold_loss":0.0,"damage_taken":0.0,"relics_obtained":["Golden Idol"]},{"damage_healed":0.0,"max_hp_gain":0.0,"max_hp_loss":0.0,"gold_gain":0.0,"cards_transformed":["FearNoEvil","Strike_P"],"event_name":"Drug Dealer","player_choice":"Became Test Subject","floor":21.0,"gold_loss":0.0,"damage_taken":0.0,"cards_obtained":["SignatureMove","CutThroughFate"]},{"damage_healed":0.0,"max_hp_gain":0.0,"max_hp_loss":0.0,"gold_gain":0.0,"event_name":"Vampires","player_choice":"Ignored","floor":22.0,"gold_loss":0.0,"damage_taken":0.0},{"damage_healed":0.0,"max_hp_gain":0.0,"max_hp_loss":0.0,"gold_gain":0.0,"event_name":"Back to Basics","player_choice":"Simplicity","floor":24.0,"gold_loss":0.0,"damage_taken":0.0,"cards_upgraded":["Strike_P","Defend_P","Defend_P","Defend_P"]}],"is_beta":false,"boss_relics":[{"not_picked":["Pandora\u0027s Box","Sozu"],"picked":"Cursed Key"}],"items_purged_floors":[3,7,28],"is_endless":false,"potions_floor_spawned":[1,8,10,19],"killed_by":"Collector","ascension_level":17}}