{"host":"3yynf0dn84873kbr","time":1609348768,"event":{"mods":["Act Like it!","Arknights The Spire","BaseMod","CapriCore","Marisa£®ÏF”Í°°ƒß¿Ì…≥£©","Minty Spire (QoL Compilation)","StSLib","The Jungle"],"gold_per_floor":[111,130,149,149,149,149,179,179,479,489,524,544,544,564,564,668,668,683,633,633,648,104,104,104,104,153,153,212,271,284,358,358,495,495,536,536,536,71,71,138,138,197,220,277,350,350,417,432,432,432],"floor_reached":51,"playtime":2301,"items_purged":[],"score":1033,"play_id":"4f72680e-19cc-4bc1-b3d6-1594960c15bf","local_time":"20201231011928","is_ascension_mode":false,"campfire_choices":[{"data":"AlicesGift","floor":6.0,"key":"SMITH"},{"data":"MillisecondPulsars","floor":8.0,"key":"SMITH"},{"floor":15.0,"key":"REST"},{"data":"EventHorizon","floor":23.0,"key":"SMITH"},{"data":"WitchOfGreed","floor":27.0,"key":"SMITH"},{"floor":32.0,"key":"REST"},{"data":"CasketOfStar","floor":41.0,"key":"SMITH"},{"data":"WitchOfGreed","floor":49,"key":"SMITH"}],"circlet_count":0,"master_deck":["Strike_MRS","Strike_MRS","Strike_MRS","Strike_MRS","Defend_MRS","Defend_MRS","Defend_MRS","MasterSpark+1","UpSweep","EventHorizon+1","AlicesGift+1","MillisecondPulsars+1","SporeBomb","Acceleration+1","NonDirectionalLaser","TreasureHunter+1","MysteriousBeam+1","WitchOfGreed+1","AsteroidBelt","WitchOfGreed+1","Deep Breath+1","OrrerysSun+1","AsteroidBelt+1","CasketOfStar+1","PropBag+1","Parasite","LuminesStrike+1","Acceleration+1"],"relics":["MiniHakkero","BreadOfAWashokuLover","PreservedInsect","Old Coin","ats:Originium","Darkstone Periapt","Black Star","theJungle:BirthdayCakeSlice","Boot","Whetstone","Lantern","Juzu Bracelet","Gremlin Horn","HandmadeGrimoire","Kunai","Bag of Marbles","Philosopher\u0027s Stone","SimpleLauncher","Oddly Smooth Stone","Nunchaku","Strawberry","Turnip","Bag of Preparation","Pear","Smiling Mask","War Paint","MealTicket","Centennial Puzzle","Bottled Lightning"],"acts_visited":["Exordium","Exordium","TheBeyond"],"potions_floor_usage":[47],"damage_taken":[{"damage":0.0,"enemies":"Small Slimes","floor":1.0,"turns":3.0},{"damage":1.0,"enemies":"Jaw Worm","floor":2.0,"turns":3.0},{"damage":1.0,"enemies":"2 Louse","floor":3.0,"turns":3.0},{"damage":43.0,"enemies":"3 Sentries","floor":7.0,"turns":10.0},{"damage":5.0,"enemies":"Looter","floor":10.0,"turns":2.0},{"damage":14.0,"enemies":"Gremlin Nob","floor":11.0,"turns":3.0},{"damage":12.0,"enemies":"Blue Slaver","floor":12.0,"turns":2.0},{"damage":4.0,"enemies":"Red Slaver","floor":14.0,"turns":3.0},{"damage":16.0,"enemies":"The Guardian","floor":16.0,"turns":5.0},{"damage":13.0,"enemies":"theJungle:MUSHROOMGANG","floor":18.0,"turns":5.0},{"damage":25.0,"enemies":"theJungle:Flameango_and_Byrd","floor":21.0,"turns":5.0},{"damage":3.0,"enemies":"theJungle:2_Phrogs","floor":28.0,"turns":5.0},{"damage":12.0,"enemies":"theJungle:SlimyTreeVines","floor":29.0,"turns":4.0},{"damage":5.0,"enemies":"theJungle:2_Snecko_Cultists","floor":30.0,"turns":4.0},{"damage":13.0,"enemies":"theJungle:Cassacara","floor":31.0,"turns":5.0},{"damage":0.0,"enemies":"theJungle:FunGuy","floor":33.0,"turns":9.0},{"damage":0.0,"enemies":"Orb Walker","floor":35.0,"turns":1.0},{"damage":0.0,"enemies":"Giant Head","floor":40.0,"turns":6.0},{"damage":27.0,"enemies":"3 Shapes","floor":42.0,"turns":3.0},{"damage":1.0,"enemies":"Writhing Mass","floor":44.0,"turns":3.0},{"damage":0,"enemies":"Reptomancer","floor":45,"turns":4},{"damage":10,"enemies":"Giant Head","floor":47,"turns":6},{"damage":0,"enemies":"4 Shapes","floor":48,"turns":2},{"damage":5,"enemies":"Donu and Deca","floor":50,"turns":5}],"seed_played":"7165856550638542635","potions_obtained":[{"floor":0.0,"key":"LiquidMemories"},{"floor":0.0,"key":"AttackPotion"},{"floor":0.0,"key":"SkillPotion"},{"floor":28.0,"key":"Block Potion"},{"floor":29.0,"key":"Block Potion"},{"floor":29.0,"key":"AttackPotion"},{"floor":33.0,"key":"Swift Potion"},{"floor":33.0,"key":"Ancient Potion"},{"floor":35.0,"key":"PowerPotion"},{"floor":44.0,"key":"Ancient Potion"},{"floor":47,"key":"PowerPotion"}],"is_trial":false,"path_per_floor":["M","M","M","?","?","R","E","R","T","M","E","M","?","M","R","B",null,"M","?","?","M","$","R","?","$","T","R","E","M","M","E","R","B",null,"M","?","?","$","?","E","R","M","T","M","E","$","E","M","R","B",null],"character_chosen":"MARISA","items_purchased":["AsteroidBelt","WitchOfGreed","Boot","Whetstone","AttackPotion","Deep Breath","SimpleLauncher","Oddly Smooth Stone"],"campfire_rested":2,"item_purchase_floors":[22,22,22,22,22,22,38,38],"current_hp_per_floor":[75,74,73,61,61,61,44,44,44,39,25,13,13,9,35,19,88,75,75,80,55,55,55,55,55,55,55,52,45,40,27,54,54,93,93,93,93,93,93,100,100,73,73,78,88,88,78,78,78,73],"gold":432,"neow_bonus":"THREE_SMALL_POTIONS","is_daily":false,"chose_seed":false,"campfire_upgraded":6,"win_rate":0.0,"timestamp":1609348768,"path_taken":["M","M","M","?","?","R","E","R","T","M","E","M","?","M","R","BOSS","M","?","?","M","$","R","?","?","T","R","E","M","M","E","R","BOSS","M","?","?","$","?","E","R","M","T","M","E","?","E","M","R","BOSS"],"items_purchased_type":["Card","Card","Relic","Relic","Potion","Card","Relic","Relic"],"build_version":"2020-12-22","purchased_purges":0,"victory":true,"max_hp_per_floor":[75,75,75,75,75,75,88,88,88,88,88,88,88,88,88,88,88,88,88,93,93,93,93,93,93,93,93,93,93,93,93,93,93,93,93,93,93,93,93,100,100,100,100,106,116,116,116,116,116,116],"card_choices":[{"not_picked":["PowerUp","Singularity"],"picked":"EventHorizon","floor":1.0},{"not_picked":["DragonMeteor","MagicChant"],"picked":"AlicesGift","floor":2.0},{"not_picked":["GravityBeat","Acceleration","MeteoricShower"],"picked":"SKIP","floor":3.0},{"not_picked":["MeteoricShower","FairyDestructionRay"],"picked":"MillisecondPulsars","floor":7.0},{"not_picked":["DC","Acceleration"],"picked":"SporeBomb","floor":10.0},{"not_picked":["WitchLeyline","StarlightTyphoon"],"picked":"Acceleration","floor":11.0},{"not_picked":["DarkSpark","IllusionStar","ChargingUp"],"picked":"SKIP","floor":12.0},{"not_picked":["MagicAbsorber","Orbital"],"picked":"NonDirectionalLaser","floor":14.0},{"not_picked":["MillisecondPulsars","AbsoluteMagnitude"],"picked":"TreasureHunter","floor":16.0},{"not_picked":["NonDirectionalLaser","GravityBeat"],"picked":"MysteriousBeam+1","floor":18.0},{"not_picked":["ChargingUp","GalacticHalo"],"picked":"WitchOfGreed","floor":21.0},{"not_picked":["SuperPerseids","RefractionSpark+1","GravityBeat"],"picked":"SKIP","floor":28.0},{"not_picked":["DC","WitchOfGreed"],"picked":"OrrerysSun+1","floor":29.0},{"not_picked":["OpenUniverse+1","MilkyWay","WitchLeyline+1"],"picked":"SKIP","floor":30.0},{"not_picked":["DoubleSpark","Occultation"],"picked":"AsteroidBelt+1","floor":31.0},{"not_picked":["GalacticHalo+1","WitchLeyline","ShootingEcho"],"picked":"SKIP","floor":35.0},{"not_picked":["MagicChant","MagicAbsorber+1"],"picked":"CasketOfStar","floor":40.0},{"not_picked":["WitchOfGreed+1","DragonMeteor"],"picked":"PropBag+1","floor":42.0},{"not_picked":["NonDirectionalLaser","Orbital+1","MilkyWay"],"picked":"SKIP","floor":44.0},{"not_picked":["OneTimeOff","FairyDestructionRay+1"],"picked":"LuminesStrike+1","floor":45},{"not_picked":["EventHorizon","OpenUniverse","WitchOfGreed"],"picked":"SKIP","floor":47},{"not_picked":["DC+1","GalacticHalo"],"picked":"Acceleration+1","floor":48}],"player_experience":114744,"relics_obtained":[{"floor":7.0,"key":"PreservedInsect"},{"floor":9.0,"key":"Old Coin"},{"floor":11.0,"key":"ats:Originium"},{"floor":11.0,"key":"Darkstone Periapt"},{"floor":26.0,"key":"Lantern"},{"floor":28.0,"key":"ats:Originium"},{"floor":28.0,"key":"Juzu Bracelet"},{"floor":28.0,"key":"Gremlin Horn"},{"floor":31.0,"key":"HandmadeGrimoire"},{"floor":31.0,"key":"ats:Originium"},{"floor":31.0,"key":"Kunai"},{"floor":31.0,"key":"Bag of Marbles"},{"floor":40.0,"key":"Nunchaku"},{"floor":40.0,"key":"Strawberry"},{"floor":40.0,"key":"Turnip"},{"floor":43.0,"key":"Bag of Preparation"},{"floor":45,"key":"Pear"},{"floor":45,"key":"Smiling Mask"},{"floor":45,"key":"War Paint"},{"floor":47,"key":"MealTicket"},{"floor":47,"key":"Centennial Puzzle"},{"floor":47,"key":"Bottled Lightning"}],"event_choices":[{"damage_healed":0.0,"max_hp_gain":0.0,"max_hp_loss":0.0,"gold_gain":0.0,"event_name":"Scrap Ooze","player_choice":"Success","floor":4.0,"gold_loss":0.0,"damage_taken":12.0,"relics_obtained":["BreadOfAWashokuLover"]},{"damage_healed":0.0,"max_hp_gain":0.0,"max_hp_loss":0.0,"gold_gain":0.0,"event_name":"The Cleric","player_choice":"Leave","floor":5.0,"gold_loss":0.0,"damage_taken":0.0},{"damage_healed":0.0,"max_hp_gain":0.0,"max_hp_loss":0.0,"gold_gain":0.0,"event_name":"Shining Light","player_choice":"Ignored","floor":13.0,"gold_loss":0.0,"damage_taken":0.0},{"damage_healed":0.0,"max_hp_gain":0.0,"max_hp_loss":0.0,"gold_gain":0.0,"event_name":"Tomb of Lord Red Mask","player_choice":"Ignored","floor":36.0,"gold_loss":0.0,"damage_taken":0.0},{"cards_removed":["Defend_MRS"],"damage_healed":0.0,"max_hp_gain":0.0,"max_hp_loss":0.0,"gold_gain":0.0,"event_name":"Falling","player_choice":"Removed Skill","floor":37.0,"gold_loss":0.0,"damage_taken":0.0},{"damage_healed":0.0,"max_hp_gain":0.0,"max_hp_loss":0.0,"gold_gain":0.0,"event_name":"SensoryStone","player_choice":"Memory 1","floor":39.0,"gold_loss":0.0,"damage_taken":0.0}],"is_beta":false,"boss_relics":[{"not_picked":["BewitchedHakkero","Velvet Choker"],"picked":"Black Star"},{"not_picked":["Empty Cage","Astrolabe"],"picked":"Philosopher\u0027s Stone"}],"items_purged_floors":[],"is_endless":false,"potions_floor_spawned":[2,10,12,29,30,33,35,44,48],"ascension_level":0}}