{"host":"g1wmg2w41xhsnw8g","time":1609306323,"event":{"mods":["2.2 Compatiblity","Act Like it!","BaseMod","Better Altar","Better Match","Better Note","Better Sensory Stone","Better Skull","Better Third Choice","BetterRewards","Booster Modes","CapriCore","Colored Map","Colored Powertips","Curses Come First","Defuse TimeMaze Blight","Displayed Cursed Tome","Evolution","Friendly Minions","GifTheSpireLib","Googly Eyes","Hubris","Infinite Spire","Minty Spire (QoL Compilation)","Red Circlet Mod","Relic Sorter","SCP261 Mod","Shop Mod","Spicy Shops","StSLib","The Cursed","The Poker Player","The Sage","Transform Curses","Wandering Minibosses","????"],"gold_per_floor":[118,118,128,128,128,161,161,187,187,42,42,52,63,96,96,198,198,211,227,227,241,241,269,269,269,269,299,313,340,280,238,57,162,162,182,77,77],"floor_reached":36,"playtime":2633,"items_purged":["TheCursedMod:Defend_TheCursed"],"score":616,"play_id":"dd6ef0c3-7f9c-4819-b308-328d771989e9","local_time":"20201230003203","daily_mods":["Heirloom","Elite Swarm"],"is_ascension_mode":true,"campfire_choices":[{"data":"TheCursedMod:CursedRelics","floor":7,"key":"SMITH"},{"data":"TheCursedMod:LuckyCharm","floor":15,"key":"SMITH"},{"data":"TheCursedMod:ForbiddenAlchemy","floor":25,"key":"SMITH"}],"circlet_count":0,"master_deck":["TheCursedMod:CursedBlade","TheCursedMod:CursedBlade","TheCursedMod:CursedBlade","TheCursedMod:CursedBlade","TheCursedMod:WearCloak","TheCursedMod:Defend_TheCursed","TheCursedMod:Defend_TheCursed","TheCursedMod:CursedWand+1","TheCursedMod:CleanUpWorkshop","TheCursedMod:Dregs","TheCursedMod:SpitefulPray","TheCursedMod:Obscuration","PokerPlayerMod:Club2","PokerPlayerMod:Club3","PokerPlayerMod:Club4","PokerPlayerMod:Club5","PokerPlayerMod:Club6","TheCursedMod:CursedRelics+1","TheCursedMod:CircleOfAbyss","TheCursedMod:LuckyCharm+1","TheCursedMod:Neurasthenia","TheCursedMod:ForbiddenAlchemy+1","TheCursedMod:RavingStaff","TheCursedMod:Wield+1","TheCursedMod:CircleOfBlood+1","TheCursedMod:StingEye","Cold Snap","TheCursedMod:NeowsMight+1","TheCursedMod:ParallelWorld","TheCursedMod:ManaCirculation","Writhe","TheCursedMod:SpitefulStrike","TheCursedMod:PrepareRite","TheCursedMod:TacticalStrike","TheCursedMod:SoulCrush+1","TheCursedMod:HellsGateOpen","TheCursedMod:CollectTribute","CurseOfTheBell","TheCursedMod:Stretching"],"relics":["TheCursedMod:BlackMagic101","EVO:Axolotl","MerchantsRug","infinitespire:ShieldingShard","sagemod:Singing_Vial","SlaversCollar","Prayer Wheel","sagemod:Red_Beast_Statue","hubris:PeanutButter","Orichalcum","Darkstone Periapt","Anchor","infinitespire:Satchel","hubris:MobiusCoin","Calling Bell","MealTicket","White Beast Statue","Calipers"],"acts_visited":["Exordium","TheCity","TheBeyond"],"potions_floor_usage":[14,18,18,18,19,21,23,23,23,23,23,23,27,27,27,27,27,28,28,28,28,28,29,29,29,29,29,30,30,30,31,31,31,31,33,33,33,36,36],"damage_taken":[{"damage":0,"enemies":"Jaw Worm","floor":1,"turns":2},{"damage":3,"enemies":"Small Slimes","floor":3,"turns":2},{"damage":29,"enemies":"Lagavulin","floor":6,"turns":6},{"damage":0,"enemies":"3 Sentries","floor":8,"turns":3},{"damage":0,"enemies":"Cultist","floor":12,"turns":3},{"damage":0,"enemies":"3 Louse","floor":13,"turns":2},{"damage":22,"enemies":"Gremlin Nob","floor":14,"turns":5},{"damage":15,"enemies":"Slime Boss","floor":16,"turns":9},{"damage":0,"enemies":"3 Byrds","floor":18,"turns":3},{"damage":4,"enemies":"Chosen","floor":19,"turns":5},{"damage":22,"enemies":"Shelled Parasite and Fungi","floor":21,"turns":6},{"damage":6,"enemies":"Book of Stabbing","floor":23,"turns":5},{"damage":13,"enemies":"Nightmare","floor":27,"turns":9},{"damage":7,"enemies":"Snake Plant","floor":28,"turns":5},{"damage":14,"enemies":"Book of Stabbing","floor":29,"turns":5},{"damage":0,"enemies":"Snecko","floor":31,"turns":6},{"damage":10,"enemies":"hubris:MusketHawk","floor":33,"turns":6},{"damage":0,"enemies":"3 Shapes","floor":35,"turns":3},{"damage":106,"enemies":"2 Orb Walkers","floor":36,"turns":6}],"seed_played":"2255547365072270886","potions_obtained":[{"floor":8,"key":"AttackPotion"},{"floor":12,"key":"BlessingOfTheForge"},{"floor":16,"key":"AttackPotion"},{"floor":18,"key":"FearPotion"},{"floor":27,"key":"SCP261:BlastolaColaPotion"},{"floor":28,"key":"Fruit Juice"},{"floor":29,"key":"sagemod:Wine"},{"floor":35,"key":"GamblersBrew"}],"is_trial":true,"path_per_floor":["M","?","M","?","?","E","R","E","T","$","$","M","M","E","R","B",null,"M","M","?","M","?","E","?","R","T","NM","M","E","$","M","R","B",null,"M","?"],"character_chosen":"THE_CURSED","items_purchased":["MerchantsRug","infinitespire:ShieldingShard","SCP261:DewritoBlazePotion","TheCursedMod:DregsPotion","Darkstone Periapt","Anchor","infinitespire:Satchel","TheCursedMod:SpitefulStrike","TheCursedMod:PrepareRite","hubris:MobiusCoin","TheCursedMod:HellsGateOpen"],"campfire_rested":0,"item_purchase_floors":[10,10,30,30,30,30,30,30,30,32,32],"current_hp_per_floor":[75,75,72,72,72,43,43,43,43,43,43,43,43,21,21,6,75,75,71,71,53,53,59,59,59,59,62,76,69,75,83,83,85,95,95,0,0],"gold":77,"neow_bonus":"","is_daily":false,"chose_seed":false,"campfire_upgraded":3,"win_rate":0.0,"timestamp":1609306323,"path_taken":["M","?","M","?","?","E","R","E","T","?","$","M","?","E","R","BOSS","M","?","?","?","?","E","?","R","T","NM","?","E","?","M","R","BOSS","M","?"],"items_purchased_type":["Relic","Relic","Potion","Potion","Relic","Relic","Relic","Card","Card","Relic","Card"],"build_version":"2020-12-22","purchased_purges":1,"victory":false,"max_hp_per_floor":[75,75,75,75,75,75,75,75,75,75,75,75,75,75,75,75,75,75,75,75,75,75,75,75,75,75,75,83,83,89,89,89,89,95,95,95,95],"card_choices":[{"not_picked":["TheCursedMod:CursedArmor","TheCursedMod:CircleOfWindfury"],"picked":"TheCursedMod:SpitefulPray","floor":1},{"not_picked":["TheCursedMod:CursedShiv","TheCursedMod:CursedSpellbook"],"picked":"TheCursedMod:Obscuration","floor":3},{"not_picked":["TheCursedMod:CollectTribute","TheCursedMod:Neurasthenia"],"picked":"TheCursedMod:CursedRelics","floor":6},{"not_picked":["TheCursedMod:DarkBarrier","TheCursedMod:Neurasthenia"],"picked":"TheCursedMod:CircleOfAbyss","floor":8},{"not_picked":["TheCursedMod:ReleasedKnowledge","TheCursedMod:CircleOfFlame","TheCursedMod:VitalStrike"],"picked":"SKIP","floor":12},{"not_picked":["TheCursedMod:VitalStrike","TheCursedMod:WearCloak"],"picked":"TheCursedMod:LuckyCharm","floor":13},{"not_picked":["TheCursedMod:CollectTribute","TheCursedMod:StunningStrike"],"picked":"TheCursedMod:Neurasthenia","floor":14},{"not_picked":["TheCursedMod:AntiAging","TheCursedMod:VoidForm"],"picked":"TheCursedMod:ForbiddenAlchemy","floor":16},{"not_picked":["TheCursedMod:FuryStrike","TheCursedMod:AshesToAshes+1"],"picked":"TheCursedMod:RavingStaff","floor":18},{"not_picked":["TheCursedMod:Mangle","TheCursedMod:CursedShiv"],"picked":"TheCursedMod:Wield+1","floor":19},{"not_picked":["TheCursedMod:CircleOfAbyss","TheCursedMod:FuryStrike"],"picked":"TheCursedMod:StingEye","floor":21},{"not_picked":["TheCursedMod:ParallelWorld","TheCursedMod:DemonicPact"],"picked":"TheCursedMod:NeowsMight","floor":23},{"not_picked":["TheCursedMod:OutForBlood","TheCursedMod:Neurasthenia"],"picked":"TheCursedMod:ParallelWorld","floor":27},{"not_picked":["TheCursedMod:Torture","TheCursedMod:Stigma","TheCursedMod:SaltUponWound+1"],"picked":"Singing Bowl","floor":28},{"not_picked":["TheCursedMod:FleshFromBone","TheCursedMod:AshesToAshes","TheCursedMod:CursedBlade+1"],"picked":"Singing Bowl","floor":28},{"not_picked":["TheCursedMod:OutForBlood","TheCursedMod:ShockAndAwe"],"picked":"TheCursedMod:ManaCirculation","floor":29},{"not_picked":["TheCursedMod:RapidMovement","TheCursedMod:Stigma"],"picked":"TheCursedMod:TacticalStrike","floor":31},{"not_picked":["TheCursedMod:RavingStaff+1","TheCursedMod:SpitefulStrike"],"picked":"TheCursedMod:SoulCrush+1","floor":31},{"not_picked":["TheCursedMod:ManaCirculation","TheCursedMod:CircleOfAbyss"],"picked":"TheCursedMod:CollectTribute","floor":33},{"not_picked":["TheCursedMod:CursedSpellbook","TheCursedMod:RapidMovement","TheCursedMod:LuckyCharm+1"],"picked":"Singing Bowl","floor":35},{"not_picked":["TheCursedMod:AshesToAshes+1","TheCursedMod:RapidMovement+1"],"picked":"TheCursedMod:Stretching","floor":35}],"player_experience":1086420,"relics_obtained":[{"floor":2,"key":"Potion Belt"},{"floor":6,"key":"Omamori"},{"floor":8,"key":"Incense Burner"},{"floor":9,"key":"Bag of Marbles"},{"floor":14,"key":"sagemod:Singing_Vial"},{"floor":23,"key":"Prayer Wheel"},{"floor":26,"key":"sagemod:Red_Beast_Statue"},{"floor":27,"key":"hubris:PeanutButter"},{"floor":29,"key":"Orichalcum"},{"floor":34,"key":"MealTicket"},{"floor":34,"key":"White Beast Statue"},{"floor":34,"key":"Calipers"}],"event_choices":[{"damage_healed":0,"gold_gain":0,"player_choice":"Jackpot","damage_taken":0,"max_hp_gain":0,"max_hp_loss":0,"event_name":"PokerPlayerMod:ExordiumClub","floor":4,"gold_loss":0,"cards_obtained":["PokerPlayerMod:Club2","PokerPlayerMod:Club3","PokerPlayerMod:Club4","PokerPlayerMod:Club5","PokerPlayerMod:Club6"]},{"damage_healed":0,"gold_gain":0,"player_choice":"Jackpot","damage_taken":0,"max_hp_gain":0,"max_hp_loss":0,"event_name":"PokerPlayerMod:ExordiumClub","floor":4,"gold_loss":0,"cards_obtained":["PokerPlayerMod:Club2","PokerPlayerMod:Club3","PokerPlayerMod:Club4","PokerPlayerMod:Club5","PokerPlayerMod:Club6"]},{"damage_healed":0,"gold_gain":0,"player_choice":"Jackpot","damage_taken":0,"max_hp_gain":0,"max_hp_loss":0,"event_name":"PokerPlayerMod:ExordiumClub","floor":4,"gold_loss":0,"cards_obtained":["PokerPlayerMod:Club2","PokerPlayerMod:Club3","PokerPlayerMod:Club4","PokerPlayerMod:Club5","PokerPlayerMod:Club6"]},{"damage_healed":0,"gold_gain":0,"player_choice":"Jackpot","damage_taken":0,"max_hp_gain":0,"max_hp_loss":0,"event_name":"PokerPlayerMod:ExordiumClub","floor":4,"gold_loss":0,"cards_obtained":["PokerPlayerMod:Club2","PokerPlayerMod:Club3","PokerPlayerMod:Club4","PokerPlayerMod:Club5","PokerPlayerMod:Club6"]},{"damage_healed":0,"gold_gain":0,"player_choice":"Jackpot","damage_taken":0,"max_hp_gain":0,"max_hp_loss":0,"event_name":"PokerPlayerMod:ExordiumClub","floor":4,"gold_loss":0,"cards_obtained":["PokerPlayerMod:Club2","PokerPlayerMod:Club3","PokerPlayerMod:Club4","PokerPlayerMod:Club5","PokerPlayerMod:Club6"]},{"damage_healed":0,"gold_gain":0,"player_choice":"Grow","damage_taken":0,"max_hp_gain":0,"max_hp_loss":0,"event_name":"Living Wall","floor":5,"gold_loss":0,"cards_upgraded":["TheCursedMod:CursedWand"]},{"cards_removed":["TheCursedMod:CursedRelics"],"damage_healed":0,"gold_gain":0,"player_choice":"Take \u0026 Give","damage_taken":0,"max_hp_gain":0,"max_hp_loss":0,"event_name":"betterNote:BetterNote","floor":20,"gold_loss":0,"cards_obtained":["TheCursedMod:CircleOfBlood"]},{"damage_healed":0,"gold_gain":0,"player_choice":"Read","damage_taken":0,"max_hp_gain":0,"max_hp_loss":0,"event_name":"The Library","floor":22,"gold_loss":0,"cards_obtained":["Cold Snap"]},{"damage_healed":0,"gold_gain":0,"player_choice":"Upgraded","damage_taken":0,"max_hp_gain":0,"max_hp_loss":0,"event_name":"Upgrade Shrine","floor":24,"gold_loss":0,"cards_upgraded":["TheCursedMod:NeowsMight"]},{"damage_healed":0,"gold_gain":0,"player_choice":"Fight","damage_taken":0,"max_hp_gain":0,"max_hp_loss":0,"event_name":"Mysterious Sphere","floor":36,"gold_loss":0}],"is_beta":false,"boss_relics":[{"not_picked":["Empty Cage","hubris:Stopwatch"],"picked":"SlaversCollar"},{"not_picked":["hubris:GrandSneckoEye","Velvet Choker"],"picked":"Calling Bell"}],"items_purged_floors":[30],"is_endless":true,"potions_floor_spawned":[8,12,16,18,27,28,29,35],"killed_by":"2 Orb Walkers","ascension_level":1}}