{"host":"1qe75caem8li7mer","time":1609372005,"event":{"mods":["BaseMod","Colored Map","Minty Spire (QoL Compilation)","Relic Stats","StSLib","The Wild Card"],"gold_per_floor":[119,139,89,89,113,113,144,144,169,18,18,54,54,69,69,189,189,203,226,239,239,239],"floor_reached":21,"playtime":1555,"items_purged":["Injury"],"score":434,"play_id":"ad990181-cde8-4fe9-962d-eceb6a1c8502","local_time":"20201231004645","is_ascension_mode":true,"campfire_choices":[{"data":"Dualcast","floor":6,"key":"SMITH"},{"data":"Conserve Battery","floor":11,"key":"SMITH"},{"data":"Cold Snap","floor":13,"key":"SMITH"},{"data":"Loop","floor":15,"key":"SMITH"}],"circlet_count":0,"master_deck":["AscendersBane","Strike_B","Strike_B","Strike_B","Strike_B","Defend_B","Defend_B","Defend_B","Zap","Dualcast+1","FTL","Leap","Ball Lightning","Buffer","Cold Snap+1","Conserve Battery+1","Sweeping Beam","Loop+1","Rainbow","Chaos","Coolheaded+1","Redo"],"relics":["Cracked Core","Art of War","Golden Idol","Smiling Mask","Vajra","Girya","Nuclear Battery"],"acts_visited":["TheCity"],"potions_floor_usage":[12,18],"damage_taken":[{"damage":0,"enemies":"2 Louse","floor":1,"turns":2},{"damage":2,"enemies":"Jaw Worm","floor":2,"turns":3},{"damage":0,"enemies":"Small Slimes","floor":5,"turns":3},{"damage":16,"enemies":"Lagavulin","floor":7,"turns":6},{"damage":5,"enemies":"Gremlin Nob","floor":12,"turns":4},{"damage":5,"enemies":"Exordium Thugs","floor":14,"turns":4},{"damage":12,"enemies":"The Guardian","floor":16,"turns":12},{"damage":11,"enemies":"2 Thieves","floor":18,"turns":4},{"damage":14,"enemies":"3 Byrds","floor":19,"turns":6},{"damage":14,"enemies":"Snake Plant","floor":20,"turns":4},{"damage":29,"enemies":"Sentry and Sphere","floor":21,"turns":4}],"seed_played":"1288139040693025085","potions_obtained":[{"floor":1,"key":"SmokeBomb"},{"floor":2,"key":"Fire Potion"},{"floor":7,"key":"FocusPotion"},{"floor":8,"key":"DistilledChaos"},{"floor":16,"key":"CultistPotion"},{"floor":18,"key":"FearPotion"}],"is_trial":false,"path_per_floor":["M","M","?","?","M","R","E","?","T","$","R","E","R","M","R","B",null,"M","M","M","M"],"character_chosen":"DEFECT","items_purchased":["Cold Snap","Conserve Battery"],"campfire_rested":0,"item_purchase_floors":[10,10],"current_hp_per_floor":[68,66,66,66,66,66,50,50,50,50,50,45,45,40,40,28,63,52,38,24,0,0],"gold":239,"neow_bonus":"RANDOM_COMMON_RELIC","is_daily":false,"chose_seed":false,"campfire_upgraded":4,"win_rate":0.0,"timestamp":1609372005,"path_taken":["M","M","?","?","M","R","E","?","T","$","R","E","R","?","R","BOSS","M","?","?","M"],"items_purchased_type":["Card","Card"],"build_version":"2020-12-22","purchased_purges":1,"victory":false,"max_hp_per_floor":[75,75,75,75,75,75,75,75,75,75,75,75,75,75,75,75,75,75,75,75,75,75],"relic_stats":{"counters":[11,52],"Golden Idol":56,"Art of War":[8],"Smiling Mask":25,"obtain_stats":[{"Girya":12,"Golden Idol":4,"Vajra":9,"Art of War":0,"Cracked Core":0,"Smiling Mask":7,"Nuclear Battery":17},{"Girya":5,"Golden Idol":2,"Vajra":4,"Art of War":0,"Cracked Core":0,"Smiling Mask":4,"Nuclear Battery":7},{"Girya":18,"Golden Idol":5,"Vajra":14,"Art of War":0,"Cracked Core":0,"Smiling Mask":14,"Nuclear Battery":34}]},"card_choices":[{"not_picked":["Chaos","Recycle"],"picked":"FTL","floor":1},{"not_picked":["Stack","Gash"],"picked":"Leap","floor":2},{"not_picked":["FTL","Leap"],"picked":"Ball Lightning","floor":5},{"not_picked":["Coolheaded","Force Field"],"picked":"Buffer","floor":7},{"not_picked":["Conserve Battery","Beam Cell"],"picked":"Sweeping Beam","floor":12},{"not_picked":["Compile Driver","Force Field"],"picked":"Loop","floor":14},{"not_picked":["Fission","All For One"],"picked":"Rainbow","floor":16},{"not_picked":["Hello World","Sweeping Beam"],"picked":"Chaos","floor":18},{"not_picked":["Scrape","Lockon"],"picked":"Coolheaded+1","floor":19},{"not_picked":["Turbo","Barrage+1"],"picked":"Redo","floor":20}],"player_experience":1027849,"relics_obtained":[{"floor":7,"key":"Smiling Mask"},{"floor":9,"key":"Vajra"},{"floor":12,"key":"Girya"}],"event_choices":[{"cards_removed":["Defend_B"],"damage_healed":0,"gold_gain":0,"player_choice":"Card Removal","damage_taken":0,"max_hp_gain":0,"max_hp_loss":0,"event_name":"The Cleric","floor":3,"gold_loss":50},{"damage_healed":0,"gold_gain":0,"player_choice":"Take Wound","damage_taken":0,"relics_obtained":["Golden Idol"],"max_hp_gain":0,"max_hp_loss":0,"event_name":"Golden Idol","floor":4,"gold_loss":0,"cards_obtained":["Injury"]},{"damage_healed":0,"gold_gain":0,"player_choice":"Got Potions","damage_taken":0,"max_hp_gain":0,"max_hp_loss":0,"event_name":"Lab","floor":8,"gold_loss":0}],"is_beta":false,"boss_relics":[{"not_picked":["Fusion Hammer","Pandora\u0027s Box"],"picked":"Nuclear Battery"}],"items_purged_floors":[10],"is_endless":false,"potions_floor_spawned":[1,2,7,16,18,20],"killed_by":"Sentry and Sphere","ascension_level":10}}