{"host":"f6f8cjhjgha9mpdq","time":1609347344,"event":{"mods":["BaseMod","Minty Spire (QoL Compilation)","Permanent Neow","StSLib","SuperFastMode"],"gold_per_floor":[99,99,99,99,99,99,99,99,99,24,24,24,24,24,24,24,24,24,24,24,24,24,24,24,24,24,24,24,24,24,24,24,24,24],"floor_reached":33,"playtime":1154,"items_purged":["Strike_B"],"score":488,"play_id":"1e09641b-9ff2-43fe-bfbf-3b8745eafeec","local_time":"20201231015544","is_ascension_mode":true,"campfire_choices":[{"data":"Streamline","floor":6,"key":"SMITH"},{"data":"Zap","floor":11,"key":"SMITH"},{"data":"Static Discharge","floor":13,"key":"SMITH"},{"data":"Rainbow","floor":15,"key":"SMITH"},{"data":"Self Repair","floor":23,"key":"SMITH"},{"data":"Dualcast","floor":32,"key":"SMITH"}],"circlet_count":0,"master_deck":["AscendersBane","Strike_B+1","Strike_B+1","Strike_B+1","Defend_B+1","Defend_B+1","Defend_B+1","Defend_B+1","Zap+1","Dualcast+1","Storm","Undo","Streamline+1","Doom and Gloom","Sweeping Beam","Compile Driver","Static Discharge+1","Rainbow+1","Electrodynamics","Rebound+1","Defragment+1","Self Repair+1","Shame","RitualDagger","Biased Cognition"],"relics":["Ectoplasm","Orichalcum","InkBottle","Dead Branch","Anchor","Philosopher\u0027s Stone","Emotion Chip","Boot"],"acts_visited":["Exordium","TheCity"],"potions_floor_usage":[7,19,28],"damage_taken":[{"damage":1,"enemies":"2 Louse","floor":1,"turns":3},{"damage":9,"enemies":"Small Slimes","floor":2,"turns":5},{"damage":0,"enemies":"Cultist","floor":3,"turns":4},{"damage":2,"enemies":"Large Slime","floor":5,"turns":7},{"damage":5,"enemies":"3 Sentries","floor":7,"turns":5},{"damage":9,"enemies":"Exordium Wildlife","floor":8,"turns":4},{"damage":17,"enemies":"Lagavulin","floor":12,"turns":6},{"damage":10,"enemies":"3 Sentries","floor":14,"turns":4},{"damage":3,"enemies":"The Guardian","floor":16,"turns":9},{"damage":1,"enemies":"Shell Parasite","floor":18,"turns":4},{"damage":2,"enemies":"3 Byrds","floor":19,"turns":2},{"damage":22,"enemies":"Snake Plant","floor":20,"turns":3},{"damage":0,"enemies":"Snecko","floor":24,"turns":4},{"damage":0,"enemies":"Gremlin Leader","floor":28,"turns":1},{"damage":19,"enemies":"Shelled Parasite and Fungi","floor":29,"turns":3},{"damage":19,"enemies":"Snake Plant","floor":31,"turns":3},{"damage":68,"enemies":"Collector","floor":33,"turns":5}],"seed_played":"-597147168343592059","potions_obtained":[{"floor":1,"key":"AttackPotion"},{"floor":2,"key":"SmokeBomb"},{"floor":16,"key":"DuplicationPotion"},{"floor":19,"key":"FairyPotion"},{"floor":29,"key":"LiquidMemories"}],"is_trial":false,"path_per_floor":["M","M","M","?","M","R","E","M","T","$","R","E","R","E","R","B",null,"M","M","M","?","?","R","M","?","T","?","E","M","T","M","R","B"],"character_chosen":"DEFECT","items_purchased":[],"campfire_rested":0,"item_purchase_floors":[],"current_hp_per_floor":[63,54,54,54,52,52,47,38,38,38,38,21,21,11,11,8,55,54,52,30,30,30,30,40,63,63,57,57,48,48,29,29,0,0],"gold":24,"neow_bonus":"BOSS_RELIC","is_daily":false,"chose_seed":false,"campfire_upgraded":6,"win_rate":0.0,"timestamp":1609347344,"path_taken":["M","M","M","?","M","R","E","M","T","$","R","E","R","E","R","BOSS","M","M","M","?","?","R","M","?","T","?","E","M","?","M","R","BOSS"],"items_purchased_type":[],"build_version":"2020-12-22","purchased_purges":1,"victory":false,"max_hp_per_floor":[71,71,71,71,71,71,71,71,71,71,71,71,71,71,71,71,71,71,71,71,71,71,71,71,71,71,71,71,71,71,71,71,71,71],"card_choices":[{"not_picked":["Chaos","Consume"],"picked":"Storm","floor":1},{"not_picked":["Stack","Ball Lightning"],"picked":"Undo","floor":2},{"not_picked":["Darkness","Go for the Eyes"],"picked":"Streamline","floor":3},{"not_picked":["Stack","Go for the Eyes"],"picked":"Doom and Gloom","floor":5},{"not_picked":["Fusion","Ball Lightning"],"picked":"Sweeping Beam","floor":7},{"not_picked":["Go for the Eyes","Sweeping Beam"],"picked":"Compile Driver","floor":8},{"not_picked":["Conserve Battery","Hello World"],"picked":"Static Discharge","floor":12},{"not_picked":["Glacier","Reinforced Body"],"picked":"Rainbow","floor":14},{"not_picked":["Echo Form","Amplify"],"picked":"Electrodynamics","floor":16},{"not_picked":["Stack","Compile Driver"],"picked":"Rebound+1","floor":18},{"not_picked":["Loop","Go for the Eyes"],"picked":"Defragment+1","floor":19},{"not_picked":["Rebound+1","Hologram"],"picked":"Self Repair","floor":20},{"not_picked":["Redo","Reprogram","Sweeping Beam"],"picked":"SKIP","floor":24},{"not_picked":["Stack","Hello World"],"picked":"Biased Cognition","floor":29},{"not_picked":["Melter","Rebound+1","Ball Lightning"],"picked":"SKIP","floor":31}],"player_experience":528280,"relics_obtained":[{"floor":7,"key":"Orichalcum"},{"floor":9,"key":"InkBottle"},{"floor":12,"key":"Dead Branch"},{"floor":14,"key":"Anchor"},{"floor":30,"key":"Boot"}],"event_choices":[{"damage_healed":0,"gold_gain":0,"player_choice":"Ignored","damage_taken":0,"max_hp_gain":0,"max_hp_loss":0,"event_name":"Liars Game","floor":4,"gold_loss":0},{"damage_healed":0,"gold_gain":0,"player_choice":"Simplicity","damage_taken":0,"max_hp_gain":0,"max_hp_loss":0,"event_name":"Back to Basics","floor":21,"gold_loss":0,"cards_upgraded":["Strike_B","Strike_B","Strike_B","Defend_B","Defend_B","Defend_B","Defend_B"]},{"damage_healed":0,"gold_gain":0,"player_choice":"Stole Relic","damage_taken":0,"relics_obtained":["Emotion Chip"],"max_hp_gain":0,"max_hp_loss":0,"event_name":"Addict","floor":22,"gold_loss":0,"cards_obtained":["Shame"]},{"damage_healed":23,"gold_gain":0,"player_choice":"Heal","damage_taken":0,"max_hp_gain":0,"max_hp_loss":0,"event_name":"The Library","floor":25,"gold_loss":0},{"damage_healed":0,"gold_gain":0,"player_choice":"Joined the Cult","damage_taken":6,"max_hp_gain":0,"max_hp_loss":0,"event_name":"Nest","floor":27,"gold_loss":0,"cards_obtained":["RitualDagger"]}],"is_beta":false,"boss_relics":[{"not_picked":["Calling Bell","Tiny House"],"picked":"Philosopher\u0027s Stone"}],"items_purged_floors":[10],"is_endless":false,"potions_floor_spawned":[1,2,3,16,19,29],"killed_by":"Collector","ascension_level":14}}