{"host":"yekvm0llnambltim","time":1609326297,"event":{"mods":["Act Like it!","BaseMod","CapriCore","Challenge The Spire","Minty Spire (QoL Compilation)","MostiFishMod","Quick Restart","Relic Stats","Replay The Spire","Spicy Shops","StSLib","Waifu the Spire","¡¾ÒÅÎï¿¨ÅÆ¡¿REMEMod"],"gold_per_floor":[118,138,150,75,75,75,104,104,104,104,131,131,162,181,181,286,286,306,325,325,325,344,344,374,374,374,394,394,412,16,35,35,137,137,149,0,0,51,51,51,62,62,62,89,108,140,5,5,5,5,5,5,5,38,38],"floor_reached":56,"playtime":2995,"items_purged":["Strike_G","Strike_G","Defend_G"],"score":2456,"play_id":"344e4130-a9cf-420d-92ce-a0bdd752b6ea","local_time":"20201230190457","is_ascension_mode":true,"campfire_choices":[{"data":"Terror","floor":6.0,"key":"SMITH"},{"data":"Footwork","floor":8.0,"key":"SMITH"},{"data":"Acrobatics","floor":10.0,"key":"SMITH"},{"data":"1","floor":15.0,"key":"LIFT"},{"data":"2","floor":23.0,"key":"LIFT"},{"data":"3","floor":25.0,"key":"LIFT"},{"data":"MostiFishMod:Dislodge","floor":28.0,"key":"SMITH"},{"data":"Strike_G","floor":32.0,"key":"PURGE"},{"data":"Defend_G","floor":40.0,"key":"PURGE"},{"data":"MostiFishMod:Dislodge","floor":42,"key":"SMITH"},{"floor":49,"key":"RECALL"},{"data":"MostiFishMod:Opportunism","floor":52,"key":"SMITH"}],"circlet_count":0,"master_deck":["AscendersBane","Defend_G","Defend_G","Survivor","Neutralize","MostiFishMod:#F4004","MostiFishMod:VineMother","Acrobatics+1","Terror+1","Footwork+1","Amnesia","MostiFishMod:Dislodge+1","Dagger Spray","Flechettes","MostiFishMod:Opportunism+1","ReplayTheSpireMod:The Works+1","MostiFishMod:Dislodge+1","Madness","Backstab"],"relics":["Ring of the Snake","DaveBox","REME_ComplimentaryCards","BirthdayGift-Icosahedron","SynthV:TestCard","Girya","StrikeDummy","ImprovedEquipment","Ring of Hypnosis","Ring of Peace","Tingsha","REME_LowDesire","REME_HandOfSuture","Juzu Bracelet","Strawberry","Membership Card","Peace Pipe","SynthV","Calipers","PatriotShield","Red Mask","Blue Doll","Gambling Chip","Boot","Pet Ghost","Replay:Towering Pillar of Hats","TimeFreeze","Pear","Replay:Rubber Ducky"],"acts_visited":["Exordium","TheCity","TheBeyond","TheEnding"],"potions_floor_usage":[],"damage_taken":[{"damage":0.0,"enemies":"2 Louse","floor":1.0,"turns":1.0},{"damage":0.0,"enemies":"Small Slimes","floor":2.0,"turns":2.0},{"damage":0.0,"enemies":"Jaw Worm","floor":3.0,"turns":2.0},{"damage":0.0,"enemies":"Lagavulin","floor":7.0,"turns":5.0},{"damage":0.0,"enemies":"Replay:BlueRogue","floor":11.0,"turns":3.0},{"damage":0.0,"enemies":"Lagavulin","floor":13.0,"turns":4.0},{"damage":0.0,"enemies":"Lots of Slimes","floor":14.0,"turns":2.0},{"damage":0.0,"enemies":"Slime Boss","floor":16.0,"turns":4.0},{"damage":0.0,"enemies":"3 Byrds","floor":18.0,"turns":2.0},{"damage":0.0,"enemies":"Shell Parasite","floor":19.0,"turns":2.0},{"damage":0.0,"enemies":"Shelled Parasite and Fungi","floor":22.0,"turns":3.0},{"damage":0.0,"enemies":"REME_1_Revenger","floor":24.0,"turns":3.0},{"damage":0.0,"enemies":"Snake Plant","floor":27.0,"turns":3.0},{"damage":0.0,"enemies":"Snecko","floor":29.0,"turns":2.0},{"damage":0.0,"enemies":"Centurion and Healer","floor":31.0,"turns":3.0},{"damage":5.0,"enemies":"Champ","floor":33.0,"turns":4.0},{"damage":0.0,"enemies":"Orb Walker","floor":35.0,"turns":2.0},{"damage":0.0,"enemies":"3 Shapes","floor":41.0,"turns":1.0},{"damage":0,"enemies":"Nemesis","floor":44,"turns":2},{"damage":0,"enemies":"Spire Growth","floor":45,"turns":1},{"damage":0,"enemies":"R_Hoarder","floor":46,"turns":2},{"damage":0,"enemies":"Awakened One","floor":50,"turns":2},{"damage":0,"enemies":"Shield and Spear","floor":54,"turns":3},{"damage":0,"enemies":"The Heart","floor":55,"turns":4}],"seed_played":"5590927607006866397","potions_obtained":[{"floor":1.0,"key":"Fire Potion"},{"floor":3.0,"key":"FairyPotion"},{"floor":38.0,"key":"Languid Potion"}],"is_trial":false,"path_per_floor":["M","M","M","$","?","R","E","R","T","R","E","?","E","M","R","B",null,"M","M","?","?","M","R","E","R","T","M","R","M","$","M","R","B",null,"M","?","?","?","$","R","M","R","T","E","M","E","$","T","R","B",null,"R","$","E","B",null],"character_chosen":"THE_SILENT","items_purchased":["Membership Card","Peace Pipe","SynthV","Calipers","Gambling Chip","TimeFreeze"],"campfire_rested":0,"item_purchase_floors":[30,30,30,30,39,47],"current_hp_per_floor":[64,65,66,66,59,59,60,60,60,60,61,61,62,63,63,64,69,70,70,70,64,65,65,73,73,73,74,74,75,75,76,76,72,76,77,77,77,77,77,77,77,77,77,77,77,77,77,87,87,87,87,87,87,87,87],"gold":38,"neow_bonus":"ONE_RANDOM_RARE_CARD","is_daily":false,"chose_seed":false,"campfire_upgraded":6,"win_rate":0.0,"timestamp":1609326297,"path_taken":["M","M","M","$","?","R","E","R","T","R","E","?","E","M","R","BOSS","M","M","?","?","M","R","E","R","T","M","R","M","$","M","R","BOSS","M","?","?","?","$","R","M","R","T","E","M","E","?","?","R","BOSS","R","$","E","BOSS"],"items_purchased_type":["Relic","Relic","Relic","Relic","Relic","Relic"],"build_version":"2020-12-22","purchased_purges":3,"victory":true,"max_hp_per_floor":[70,70,70,70,70,70,70,70,70,70,70,70,70,70,70,70,70,70,70,70,70,70,70,77,77,77,77,77,77,77,77,77,77,77,77,77,77,77,77,77,77,77,77,77,77,77,77,87,87,87,87,87,87,87,87],"relic_stats":{"Peace Pipe":3,"counters":[24,62],"Gambling Chip":[22],"Tingsha":[190],"Juzu Bracelet":1,"Boot":[104],"obtain_stats":[{"PatriotShield":34,"Calipers":30,"DaveBox":0,"SynthV":30,"Blue Doll":38,"BirthdayGift-Icosahedron":0,"Juzu Bracelet":17,"Boot":43,"Pet Ghost":44,"Replay:Rubber Ducky":54,"Ring of Peace":12,"Strawberry":24,"Gambling Chip":39,"Red Mask":36,"REME_LowDesire":17,"Ring of the Snake":0,"Girya":7,"Pear":48,"Ring of Hypnosis":12,"Replay:Towering Pillar of Hats":46,"ImprovedEquipment":11,"Tingsha":13,"TimeFreeze":47,"Peace Pipe":30,"SynthV:TestCard":1,"REME_HandOfSuture":17,"Membership Card":30,"StrikeDummy":9,"REME_ComplimentaryCards":0},{"PatriotShield":16,"Calipers":14,"DaveBox":0,"SynthV":14,"Blue Doll":17,"BirthdayGift-Icosahedron":0,"Juzu Bracelet":8,"Boot":18,"Pet Ghost":19,"Replay:Rubber Ducky":23,"Ring of Peace":5,"Strawberry":12,"Gambling Chip":17,"Red Mask":17,"REME_LowDesire":8,"Ring of the Snake":0,"Girya":4,"Pear":21,"Ring of Hypnosis":5,"Replay:Towering Pillar of Hats":21,"ImprovedEquipment":5,"Tingsha":6,"TimeFreeze":21,"Peace Pipe":14,"SynthV:TestCard":1,"REME_HandOfSuture":8,"Membership Card":14,"StrikeDummy":4,"REME_ComplimentaryCards":0},{"PatriotShield":45,"Calipers":38,"DaveBox":0,"SynthV":38,"Blue Doll":47,"BirthdayGift-Icosahedron":0,"Juzu Bracelet":23,"Boot":48,"Pet Ghost":50,"Replay:Rubber Ducky":58,"Ring of Peace":13,"Strawberry":33,"Gambling Chip":47,"Red Mask":47,"REME_LowDesire":23,"Ring of the Snake":0,"Girya":10,"Pear":53,"Ring of Hypnosis":13,"Replay:Towering Pillar of Hats":53,"ImprovedEquipment":13,"Tingsha":17,"TimeFreeze":53,"Peace Pipe":38,"SynthV:TestCard":1,"REME_HandOfSuture":23,"Membership Card":38,"StrikeDummy":10,"REME_ComplimentaryCards":0}],"Ring of the Snake":[48]},"card_choices":[{"not_picked":["Sucker Punch","Quick Slash"],"picked":"Acrobatics","floor":1.0},{"not_picked":["Quick Slash","Deflect","Hidden Blade","MostiFishMod:PerfectParry"],"picked":"Terror","floor":2.0},{"not_picked":["Slice","Setup","Poisoned Stab","Well Laid Plans"],"picked":"Footwork","floor":3.0},{"not_picked":["Bouncing Flask","Bane","Replay:Poison Smokescreen","Acrobatics","REME_GreenPollution"],"picked":"SKIP","floor":7.0},{"not_picked":["Leg Sweep","Blade Dance","MostiFishMod:PreservedThorns","Flying Knee","Cloak And Dagger"],"picked":"SKIP","floor":11.0},{"not_picked":["Quick Slash","Tools of the Trade","Fluid Movement","Backflip","Endless Agony"],"picked":"SKIP","floor":13.0},{"not_picked":["Toxin Wave","Blade Dance","Outmaneuver","Underhanded Strike","Acrobatics"],"picked":"SKIP","floor":14.0},{"not_picked":["Atom Bomb","Replay:Bag of Tricks","MostiFishMod:ShivMaster","ReplayTheSpireMod:Necrosis"],"picked":"MostiFishMod:Dislodge","floor":16.0},{"not_picked":["Prepared","MostiFishMod:FrostNova","Noxious Fumes+1","MostiFishMod:InvigoratingSolution","ReplayTheSpireMod:Exploit Weakness","Replay:Sssssssssstrike+1"],"picked":"SKIP","floor":18.0},{"not_picked":["Caltrops","Deflect","Sucker Punch+1","Predator","Acrobatics","MostiFishMod:JungleRules"],"picked":"SKIP","floor":19.0},{"not_picked":["Backstab","Draining Mist","REME_ShadowStrike","Deadly Poison","Crippling Poison","Secret Weapon"],"picked":"SKIP","floor":22.0},{"not_picked":["Dagger Throw","PiercingWail","ReplayTheSpireMod:Exploit Weakness+1","MostiFishMod:FrostNova","Poisoned Stab","Jack Of All Trades"],"picked":"SKIP","floor":24.0},{"not_picked":["Heel Hook","Flying Knee+1","Acrobatics","Deflect","Tactician","Specialist"],"picked":"SKIP","floor":27.0},{"not_picked":["Flying Knee","Backflip","MostiFishMod:ThornCasing","Quick Slash","Metamorphosis"],"picked":"MostiFishMod:Opportunism","floor":29.0},{"not_picked":["ReplayTheSpireMod:Exploit Weakness","Quick Slash","Underhanded Strike","Expertise","Replay:Sssssssssshield"],"picked":"ReplayTheSpireMod:The Works+1","floor":31.0},{"not_picked":["Doppelganger","MostiFishMod:SpreadingSpore","A Thousand Cuts","MostiFishMod:Neurotoxin","Replay:Sssssssssshield"],"picked":"MostiFishMod:Dislodge","floor":33.0},{"not_picked":["Dagger Spray","Terror","Underhanded Strike+1","Cloak And Dagger","Hidden Blade+1","Metamorphosis"],"picked":"SKIP","floor":35.0},{"not_picked":["Poisoned Stab","Blade Dance","Hidden Blade","Acrobatics","Slice+1","MostiFishMod:MusicBox"],"picked":"SKIP","floor":41.0},{"not_picked":["Prepared","Hidden Blade","Slice","Footwork","Finisher","Replay:Sssssssssstrike"],"picked":"SKIP","floor":44},{"not_picked":["Bouncing Flask","Hidden Blade+1","Quick Slash","Prepared","All Out Attack"],"picked":"Madness","floor":45},{"not_picked":["Slice+1","REME_ShadowStrike+1","Acrobatics","Backflip+1","Setup","Bandage Up"],"picked":"SKIP","floor":46},{"not_picked":["Dagger Spray","Heel Hook","Tools of the Trade","MostiFishMod:PoisonShield+1","REME_BattleFury"],"picked":"Backstab","floor":54}],"player_experience":294799,"relics_obtained":[{"floor":1.0,"key":"SynthV:TestCard"},{"floor":7.0,"key":"Girya"},{"floor":9.0,"key":"StrikeDummy"},{"floor":11.0,"key":"ImprovedEquipment"},{"floor":12.0,"key":"Ring of Hypnosis"},{"floor":12.0,"key":"Ring of Peace"},{"floor":13.0,"key":"Tingsha"},{"floor":17.0,"key":"REME_HandOfSuture"},{"floor":17.0,"key":"Juzu Bracelet"},{"floor":24.0,"key":"Strawberry"},{"floor":38.0,"key":"Blue Doll"},{"floor":43,"key":"Boot"},{"floor":44,"key":"Pet Ghost"},{"floor":46,"key":"Replay:Towering Pillar of Hats"},{"floor":48,"key":"Pear"},{"floor":54,"key":"Replay:Rubber Ducky"}],"event_choices":[{"cards_removed":["Strike_G"],"damage_healed":0.0,"max_hp_gain":0.0,"max_hp_loss":0.0,"gold_gain":0.0,"event_name":"Golden Wing","player_choice":"Card Removal","floor":5.0,"gold_loss":0.0,"damage_taken":7.0},{"damage_healed":0.0,"max_hp_gain":0.0,"max_hp_loss":0.0,"gold_gain":0.0,"cards_transformed":["Defend_G","Strike_G"],"event_name":"Drug Dealer","player_choice":"Became Test Subject","floor":20.0,"gold_loss":0.0,"damage_taken":0.0,"cards_obtained":["Dagger Spray","Flechettes"]},{"damage_healed":0.0,"max_hp_gain":0.0,"max_hp_loss":0.0,"gold_gain":0.0,"event_name":"Knowing Skull","player_choice":"","floor":21.0,"potions_obtained":[],"gold_loss":0.0,"damage_taken":6.0,"cards_obtained":[]},{"damage_healed":0.0,"max_hp_gain":0.0,"max_hp_loss":0.0,"gold_gain":0.0,"event_name":"Tomb of Lord Red Mask","player_choice":"Paid","floor":36.0,"gold_loss":149.0,"damage_taken":0.0,"relics_obtained":["Red Mask"]},{"damage_healed":0.0,"max_hp_gain":0.0,"max_hp_loss":0.0,"gold_gain":0.0,"event_name":"SensoryStone","player_choice":"Memory 1","floor":37.0,"gold_loss":0.0,"damage_taken":0.0}],"is_beta":false,"boss_relics":[{"not_picked":["TimeKeys","SlaversCollar"],"picked":"REME_LowDesire"},{"not_picked":["GreenFoldingFan","ReplayTheSpireMod:DimensionalGlitch"],"picked":"PatriotShield"}],"items_purged_floors":[4,30,47],"is_endless":false,"potions_floor_spawned":[1,3,13,24,27,29,45,46],"ascension_level":12}}