{"host":"d64axfghkv1zq619","time":1609287655,"event":{"mods":["BaseMod","Better Third Choice","Custom Start","Defuse TimeMaze Blight","Downfall","Friendly Minions","Infinite Spire","Minty Spire (QoL Compilation)","Shade Mod","Spicy Shops","StSLib","The Elementalist","The Marked"],"gold_per_floor":[99,110,125,275,286,312,312,162,262,272,272,289,289,306,318,415,415,415,434,446,446,46,46,46,64,81,97,97,109,109,124,142,241,241,241,252,302,302,322,322,390,390,31,62,62,62,62,75,87,87,87,87],"floor_reached":50,"playtime":5657,"items_purged":["Injury","hexamod:Defend"],"score":553,"play_id":"936c9381-80f3-43d7-a4ff-12afd27b91f1","local_time":"20201229172055","is_ascension_mode":false,"campfire_choices":[{"floor":1.0,"key":"RECALL"},{"data":"hexamod:ShieldOfDarkness","floor":8.0,"key":"SMITH"},{"data":"hexamod:SpectersWail","floor":11.0,"key":"SMITH"},{"data":"hexamod:AdvancingGuard","floor":13.0,"key":"SMITH"},{"data":"hexamod:BurningTouch","floor":18.0,"key":"SMITH"},{"data":"hexamod:BurningTouch","floor":23.0,"key":"SMITH"},{"data":"hexamod:HeatShield","floor":30.0,"key":"SMITH"},{"data":"hexamod:TimeOfNeed","floor":35.0,"key":"SMITH"},{"data":"hexamod:TimeOfNeed","floor":40.0,"key":"SMITH"},{"data":"hexamod:ExtraCrispy","floor":42.0,"key":"SMITH"},{"data":"hexamod:EmpoweringStance","floor":45,"key":"SMITH"},{"data":"hexamod:Hexaguard","floor":47,"key":"SMITH"}],"circlet_count":0,"master_deck":["hexamod:Strike+1","hexamod:Defend+1","hexamod:Defend+1","hexamod:Defend","hexamod:Sear","hexamod:Float","hexamod:SpectersWail+1","hexamod:ShieldOfDarkness+1","hexamod:PhantomFireball","hexamod:AdvancingGuard+1","hexamod:BurningTouch+1","hexamod:DynamicBlow+1","hexamod:BurningTouch+1","hexamod:NightmareGuise+1","hexamod:HeatShield+1","hexamod:NightmareGuise+1","hexamod:ThirdSeal","hexamod:Hexaguard+1","hexamod:AdvancingGuard+1","hexamod:StepThrough+1","hexamod:NecessarySacrifice+1","hexamod:GhostflameBarrier+1","hexamod:RainOfEmbers+1","hexamod:TimeOfNeed+1","hexamod:TimeOfNeed+1","hexamod:SkipABeat+1","hexamod:FastForward+1","hexamod:GhostShield+1","hexamod:NightmareGuise+1","hexamod:ExtraCrispy+1","hexamod:Firestarter+1","hexamod:EmpoweringStance+1","hexamod:Firestarter+1","hexamod:Hexaguard+1","hexamod:PhantomFireball"],"relics":["hexamod:SpiritBrand","infinitespire:Joker Card","downfall:HeartBlessingRed","downfall:HeartBlessingBlue","Black Star","War Paint","DollysMirror","White Beast Statue","Astrolabe","Mummified Hand","TungstenRod","Membership Card","infinitespire:Lucky Rock","PreservedInsect","Strange Spoon","hexamod:IceCube"],"acts_visited":["Exordium","TheCity","TheBeyond"],"potions_floor_usage":[44,44,50],"damage_taken":[{"damage":2.0,"enemies":"2 Louse","floor":2.0,"turns":3.0},{"damage":6.0,"enemies":"infinitespire:Voidling","floor":3.0,"turns":4.0},{"damage":4.0,"enemies":"Cultist","floor":5.0,"turns":4.0},{"damage":7.0,"enemies":"Gremlin Nob","floor":6.0,"turns":3.0},{"damage":0.0,"enemies":"Lots of Slimes","floor":10.0,"turns":3.0},{"damage":0.0,"enemies":"2 Fungi Beasts","floor":12.0,"turns":2.0},{"damage":0.0,"enemies":"Large Slime","floor":14.0,"turns":4.0},{"damage":0.0,"enemies":"Blue Slaver","floor":15.0,"turns":3.0},{"damage":7.0,"enemies":"downfall:Ironclad","floor":16.0,"turns":9.0},{"damage":14.0,"enemies":"Spheric Guardian","floor":19.0,"turns":4.0},{"damage":4.0,"enemies":"Chosen","floor":20.0,"turns":5.0},{"damage":0.0,"enemies":"downfall:FleeingMerchant","floor":22.0,"turns":4.0},{"damage":10.0,"enemies":"Sentry and Sphere","floor":25.0,"turns":8.0},{"damage":0.0,"enemies":"Snake Plant","floor":26.0,"turns":4.0},{"damage":3.0,"enemies":"Cultist and Chosen","floor":27.0,"turns":5.0},{"damage":0.0,"enemies":"Snecko","floor":29.0,"turns":7.0},{"damage":4.0,"enemies":"Shelled Parasite and Fungi","floor":31.0,"turns":6.0},{"damage":1.0,"enemies":"Snake Plant","floor":32.0,"turns":3.0},{"damage":36.0,"enemies":"downfall:Watcher","floor":33.0,"turns":13.0},{"damage":0.0,"enemies":"3 Shapes","floor":36.0,"turns":5.0},{"damage":24.0,"enemies":"3 Darklings","floor":39.0,"turns":8.0},{"damage":2.0,"enemies":"downfall:FleeingMerchant","floor":43.0,"turns":4.0},{"damage":15,"enemies":"Reptomancer","floor":44,"turns":7},{"damage":10,"enemies":"Jaw Worm Horde","floor":48,"turns":6},{"damage":0,"enemies":"Spire Growth","floor":49,"turns":5},{"damage":50,"enemies":"downfall:Defect","floor":50,"turns":10}],"seed_played":"-4220370333670333746","potions_obtained":[{"floor":2.0,"key":"Fire Potion"},{"floor":3.0,"key":"Fire Potion"},{"floor":10.0,"key":"Swift Potion"},{"floor":12.0,"key":"BlessingOfTheForge"},{"floor":14.0,"key":"Guardian:BlockOnCardUsePotion"},{"floor":19.0,"key":"Slimebound:ThreeZeroPotion"},{"floor":25.0,"key":"ColorlessPotion"},{"floor":26.0,"key":"DuplicationPotion"},{"floor":27.0,"key":"CultistPotion"},{"floor":29.0,"key":"SkillPotion"},{"floor":31.0,"key":"Dexterity Potion"},{"floor":32.0,"key":"DistilledChaos"},{"floor":33.0,"key":"Weak Potion"},{"floor":36.0,"key":"Regen Potion"},{"floor":39.0,"key":"Explosive Potion"},{"floor":43.0,"key":"SpeedPotion"},{"floor":48,"key":"Fire Potion"},{"floor":49,"key":"BlessingOfTheForge"}],"is_trial":false,"path_per_floor":["R","M","M","?","M","E","T","R","?","M","R","M","R","M","M","B",null,"R","M","M","?","$","R","T","M","M","M","?","M","R","M","M","B",null,"R","M","?","?","M","R","T","R","$","E","R","AVR","R","M","M","B"],"character_chosen":"THE_SPIRIT","items_purchased":["hexamod:HeatShield","War Paint","DollysMirror","TungstenRod","Membership Card"],"campfire_rested":0,"item_purchase_floors":[22,22,22,43,43],"current_hp_per_floor":[77,75,73,73,69,62,62,72,72,72,72,72,72,72,72,65,87,87,73,69,61,61,61,61,51,51,48,48,48,48,44,43,7,87,87,87,87,87,75,75,75,75,73,58,58,58,58,48,48,0,0,0],"gold":87,"neow_bonus":"TEN_PERCENT_HP_BONUS","is_daily":false,"chose_seed":false,"campfire_upgraded":11,"win_rate":0.0,"timestamp":1609287655,"path_taken":["R","M","M","?","M","E","T","R","?","M","R","?","R","M","M","BOSS","R","M","M","?","$","R","T","M","M","?","?","M","R","M","M","BOSS","R","M","?","?","M","R","T","R","?","E","R","AVR","R","?","M","BOSS"],"items_purchased_type":["Card","Relic","Relic","Relic","Relic"],"build_version":"2020-12-22","purchased_purges":2,"victory":false,"max_hp_per_floor":[77,77,77,77,77,77,77,87,87,87,87,87,87,87,87,87,87,87,87,87,87,87,87,87,87,87,87,87,87,87,87,87,87,87,87,87,87,87,87,87,87,87,87,87,87,87,87,87,87,87,87,87],"card_choices":[{"not_picked":["hexamod:FastForward","hexamod:Firestarter"],"picked":"hexamod:SpectersWail","floor":2.0},{"not_picked":["hexamod:FastForward","hexamod:Again"],"picked":"hexamod:ShieldOfDarkness","floor":3.0},{"not_picked":["hexamod:GhostOfSpireFuture","hexamod:NightmareGuise","hexamod:TimeWarp"],"picked":"SKIP","floor":5.0},{"not_picked":["hexamod:Firestarter","hexamod:NightmareGuise","hexamod:EtherealExpedition"],"picked":"SKIP","floor":6.0},{"not_picked":["hexamod:BacktrackSmack","hexamod:CatchUp"],"picked":"hexamod:PhantomFireball","floor":10.0},{"not_picked":["hexamod:Incineration","hexamod:ShieldOfDarkness"],"picked":"hexamod:AdvancingGuard","floor":12.0},{"not_picked":["hexamod:GhostOfSpireFuture","hexamod:HauntingEcho","hexamod:SpectersWail"],"picked":"SKIP","floor":14.0},{"not_picked":["hexamod:PhantomFireball","hexamod:RainOfEmbers"],"picked":"hexamod:BurningTouch","floor":15.0},{"not_picked":["hexamod:HauntingEcho","hexamod:NightmareGuise"],"picked":"hexamod:DynamicBlow+1","floor":19.0},{"not_picked":["hexamod:EmpoweredFlame","hexamod:GhostLash"],"picked":"hexamod:BurningTouch","floor":20.0},{"not_picked":["hexamod:CrushingStance","hexamod:AdvancingGuard"],"picked":"hexamod:NightmareGuise+1","floor":22.0},{"not_picked":["hexamod:NightmareGuise+1","hexamod:GhostLash"],"picked":"hexamod:ThirdSeal","floor":25.0},{"not_picked":["hexamod:ChargedBarrage","hexamod:ShieldOfDarkness"],"picked":"hexamod:Hexaguard","floor":26.0},{"not_picked":["hexamod:GhostLash","hexamod:InspiringFlames"],"picked":"hexamod:AdvancingGuard+1","floor":26.0},{"not_picked":["hexamod:PhantomCloak","hexamod:GhostOfSpirePast","hexamod:HeatCrush"],"picked":"SKIP","floor":27.0},{"not_picked":["hexamod:RainOfEmbers","hexamod:Haunt"],"picked":"hexamod:StepThrough+1","floor":29.0},{"not_picked":["hexamod:ChargedBarrage","hexamod:ShieldOfDarkness+1"],"picked":"hexamod:NecessarySacrifice+1","floor":29.0},{"not_picked":["hexamod:HauntingEcho","hexamod:ShieldOfDarkness"],"picked":"hexamod:GhostflameBarrier+1","floor":31.0},{"not_picked":["hexamod:FastForward","hexamod:GhostShield"],"picked":"hexamod:RainOfEmbers+1","floor":32.0},{"not_picked":["hexamod:CrushingStance","hexamod:GhostflameInferno"],"picked":"hexamod:TimeOfNeed","floor":33.0},{"not_picked":["hexamod:ParanormalForm","hexamod:FifthSeal"],"picked":"hexamod:TimeOfNeed","floor":33.0},{"not_picked":["hexamod:GhostShield","hexamod:BacktrackSmack"],"picked":"hexamod:NightmareGuise+1","floor":36.0},{"not_picked":["hexamod:ShieldOfDarkness+1","hexamod:AdvancingGuard+1"],"picked":"hexamod:ExtraCrispy","floor":36.0},{"not_picked":["hexamod:FastForward","hexamod:VolcanoVisage"],"picked":"hexamod:Firestarter+1","floor":39.0},{"not_picked":["hexamod:HauntingEcho","hexamod:SecondSeal","hexamod:FastForward"],"picked":"SKIP","floor":39.0},{"not_picked":["hexamod:RetreatToShadows","hexamod:BacktrackSmack+1"],"picked":"hexamod:EmpoweringStance","floor":43.0},{"not_picked":["hexamod:GhostOfSpireFuture+1","hexamod:NightmareGuise"],"picked":"hexamod:Firestarter+1","floor":44},{"not_picked":["hexamod:EtherealExpedition","hexamod:ThermalTransfer+1"],"picked":"hexamod:Hexaguard+1","floor":44},{"not_picked":["hexamod:AdvancingGuard","hexamod:InspiringFlames"],"picked":"hexamod:PhantomFireball","floor":48},{"not_picked":["hexamod:ThermalTransfer","hexamod:Firestarter","hexamod:GhostLash"],"picked":"SKIP","floor":48},{"not_picked":["hexamod:NightmareStrike+1","hexamod:StepThrough","hexamod:InspiringFlames+1"],"picked":"SKIP","floor":49}],"player_experience":545243,"relics_obtained":[{"floor":6.0,"key":"infinitespire:Joker Card"},{"floor":24.0,"key":"White Beast Statue"},{"floor":41.0,"key":"Mummified Hand"},{"floor":44,"key":"infinitespire:Lucky Rock"},{"floor":44,"key":"PreservedInsect"}],"event_choices":[],"is_beta":false,"boss_relics":[{"not_picked":["Sozu","Fusion Hammer"],"picked":"Black Star"},{"not_picked":["Velvet Choker","Snecko Eye"],"picked":"Astrolabe"}],"items_purged_floors":[43,46],"is_endless":false,"potions_floor_spawned":[2,3,10,12,14,19,25,26,27,29,31,32,33,36,39,43,48,49],"killed_by":"downfall:Defect","ascension_level":0}}