{"host":"z59j9eghykmqrz8g","time":1609318791,"event":{"mods":["Aspiration","BaseMod","Conspire","Infinite Spire","Minty Spire (QoL Compilation)","Replay The Spire","StSLib","vexMod"],"gold_per_floor":[110,123,137,154,154,188,201,201,279,291,301,317,351,371,371,472,472,486,504,514,514,527,559,559,47,47,47,57,67,80,180,180,280,280,290,49,62,81,81,81,111,111,111,111,111,142,142,153,153,153],"floor_reached":51,"playtime":7776,"items_purged":[],"score":995,"play_id":"c28980ba-9aaa-44eb-80f3-f7306df4a003","local_time":"20201230195951","daily_mods":["SealedDeck","Vintage","Heirloom","Time Dilation"],"is_ascension_mode":false,"campfire_choices":[{"floor":8,"key":"REST"},{"data":"Cloak And Dagger","floor":24,"key":"SMITH"},{"data":"Noxious Fumes","floor":32,"key":"SMITH"},{"data":"Noxious Fumes","floor":40,"key":"SMITH"},{"data":"Noxious Fumes","floor":42,"key":"SMITH"},{"data":"Madness","floor":47,"key":"SMITH"},{"data":"Madness","floor":49,"key":"SMITH"}],"circlet_count":0,"master_deck":["Cloak And Dagger+1","Noxious Fumes+1","Poisoned Stab","Poisoned Stab","Dagger Spray","Quick Slash","Deflect","Slice","Poisoned Stab","Dodge and Roll","Pot Of Greed","Escape Plan","infinitespire:Gouge","Pot Of Greed","After Image","Slice+1","After Image","After Image","Noxious Fumes+1","Noxious Fumes+1","conspire:DoublingDagger+1","infinitespire:NeuralNetwork","Madness+1","Madness+1","Backstab"],"relics":["Ring of the Snake","Basket Of Snakes","aspiration:ChemicalBlood","Dream Catcher","Bottled Flame","Sundial","Grinning Jar","Kunai","Singing Bowl","Akabeko","vexMod:MemoryStick","Snack Pack","Lantern","conspire:DecoderRing","HornCleat","Centennial Puzzle","Iron Hammer","Philosopher\u0027s Stone","Quantum Egg","Replay:Towering Pillar of Hats","infinitespire:Satchel","vexMod:ScavengeHelm","DollysMirror","Onion Ring","vexMod:Dragonfruit","Tingsha","vexMod:MysteryBossChallenge","aspiration:SilentSkillbook","Mercury Hourglass","aspiration:FetidBarrel","Potion Belt","infinitespire:Lucky Rock","ReplayTheSpireMod:Lightbulb","Prayer Wheel","infinitespire:BottledMercury","vexMod:BarristanHead"],"acts_visited":["Exordium","TheCity","TheBeyond"],"potions_floor_usage":[33,33,33,50,50,50,50],"damage_taken":[{"damage":10,"enemies":"Small Slimes","floor":1,"turns":2},{"damage":0,"enemies":"Cultist","floor":2,"turns":2},{"damage":3,"enemies":"infinitespire:Voidling","floor":3,"turns":2},{"damage":2,"enemies":"2 Fungi Beasts","floor":4,"turns":2},{"damage":14,"enemies":"3 Sentries","floor":6,"turns":5},{"damage":0,"enemies":"Large Slime","floor":7,"turns":4},{"damage":0,"enemies":"3 Louse","floor":10,"turns":2},{"damage":0,"enemies":"Gremlin Gang","floor":11,"turns":1},{"damage":0,"enemies":"Large Slime","floor":12,"turns":3},{"damage":0,"enemies":"Gremlin Nob","floor":13,"turns":2},{"damage":0,"enemies":"Blue Slaver","floor":14,"turns":1},{"damage":0,"enemies":"Fading Forest","floor":16,"turns":11},{"damage":0,"enemies":"3 Byrds","floor":18,"turns":2},{"damage":0,"enemies":"conspire:FuzzyDice","floor":19,"turns":3},{"damage":0,"enemies":"Snake Plant","floor":20,"turns":3},{"damage":0,"enemies":"Snecko","floor":22,"turns":2},{"damage":0,"enemies":"Gremlin Leader","floor":23,"turns":2},{"damage":0,"enemies":"Centurion and Healer","floor":28,"turns":1},{"damage":0,"enemies":"Snake Plant","floor":29,"turns":1},{"damage":0,"enemies":"3 Cultists","floor":30,"turns":1},{"damage":0,"enemies":"Collector","floor":33,"turns":1},{"damage":0,"enemies":"Orb Walker","floor":35,"turns":2},{"damage":8,"enemies":"3 Darklings","floor":37,"turns":2},{"damage":0,"enemies":"Writhing Mass","floor":38,"turns":3},{"damage":0,"enemies":"Giant Head","floor":41,"turns":5},{"damage":0,"enemies":"R_Hoarder","floor":46,"turns":3},{"damage":15,"enemies":"Transient","floor":48,"turns":5},{"damage":4,"enemies":"infinitespire:MassOfShapes","floor":50,"turns":5}],"seed_played":"-2182003255994162779","potions_obtained":[{"floor":2,"key":"LiquidMemories"},{"floor":4,"key":"AttackPotion"},{"floor":6,"key":"Venom Potion"},{"floor":11,"key":"PowerPotion"},{"floor":13,"key":"SkillPotion"},{"floor":35,"key":"Dexterity Potion"},{"floor":37,"key":"Dexterity Potion"},{"floor":38,"key":"LifebloodPotion"}],"is_trial":true,"path_per_floor":["M","M","M","M","?","E","M","R","T","M","M","M","E","M","R","B",null,"M","M","M","AVR","M","E","R","$","T","?","M","M","M","?","R","B",null,"M","$","M","M","?","R","E","R","T","AVR","?","E","R","M","R","B",null],"character_chosen":"THE_SILENT","items_purchased":["vexMod:ScavengeHelm","DollysMirror","After Image","aspiration:FetidBarrel"],"campfire_rested":1,"item_purchase_floors":[25,25,25,36],"current_hp_per_floor":[60,60,57,55,60,46,46,67,67,67,67,67,72,72,54,72,72,72,72,72,72,72,72,72,72,72,72,78,83,83,83,83,85,85,85,85,79,85,85,85,85,85,85,85,74,78,78,79,79,85],"gold":153,"neow_bonus":"","is_daily":false,"chose_seed":false,"campfire_upgraded":6,"win_rate":0.0,"timestamp":1609318791,"path_taken":["M","M","M","M","?","E","M","R","T","?","M","?","E","M","R","BOSS","M","M","M","AVR","M","E","R","$","T","?","M","?","?","?","R","BOSS","M","$","M","?","?","R","E","R","T","AVR","?","E","R","M","R","BOSS"],"items_purchased_type":["Relic","Relic","Card","Relic"],"build_version":"2020-12-22","purchased_purges":0,"victory":true,"max_hp_per_floor":[70,70,70,70,70,70,70,70,70,70,70,70,72,72,72,72,72,72,72,72,72,72,72,72,72,72,72,78,83,83,83,83,85,85,85,85,85,85,85,85,85,85,85,85,85,85,85,85,85,85],"card_choices":[{"not_picked":["Underhanded Strike","Backflip"],"picked":"Dodge and Roll","floor":6},{"not_picked":["Distraction","Dagger Throw"],"picked":"Escape Plan","floor":8},{"not_picked":["Setup","Eviscerate","Doppelganger"],"picked":"Singing Bowl","floor":13},{"not_picked":["infinitespire:Starlight","infinitespire:FutureSight"],"picked":"infinitespire:Gouge","floor":15},{"not_picked":["Die Die Die","Venomology"],"picked":"After Image","floor":16},{"not_picked":["Cloak And Dagger","Outmaneuver"],"picked":"Slice+1","floor":23},{"not_picked":["Doppelganger","Venomology","Bullet Time"],"picked":"Singing Bowl","floor":33},{"not_picked":["Quick Slash+1","Dodge and Roll+1","Deflect+1"],"picked":"conspire:DoublingDagger+1","floor":41},{"not_picked":["Slice+1","Setup","Catalyst"],"picked":"Backstab","floor":46}],"player_experience":1484836,"relics_obtained":[{"floor":1,"key":"aspiration:ChemicalBlood"},{"floor":2,"key":"Dream Catcher"},{"floor":3,"key":"Bottled Flame"},{"floor":4,"key":"Sundial"},{"floor":6,"key":"Grinning Jar"},{"floor":7,"key":"Kunai"},{"floor":9,"key":"Singing Bowl"},{"floor":10,"key":"Akabeko"},{"floor":11,"key":"vexMod:MemoryStick"},{"floor":12,"key":"Snack Pack"},{"floor":13,"key":"Lantern"},{"floor":14,"key":"conspire:DecoderRing"},{"floor":18,"key":"HornCleat"},{"floor":19,"key":"Centennial Puzzle"},{"floor":20,"key":"Iron Hammer"},{"floor":22,"key":"Replay:Towering Pillar of Hats"},{"floor":23,"key":"infinitespire:Satchel"},{"floor":26,"key":"Onion Ring"},{"floor":28,"key":"vexMod:BerryBomb"},{"floor":29,"key":"vexMod:Dragonfruit"},{"floor":30,"key":"Tingsha"},{"floor":35,"key":"Mercury Hourglass"},{"floor":37,"key":"Potion Belt"},{"floor":38,"key":"infinitespire:Lucky Rock"},{"floor":41,"key":"ReplayTheSpireMod:Lightbulb"},{"floor":43,"key":"Prayer Wheel"},{"floor":46,"key":"infinitespire:BottledMercury"},{"floor":48,"key":"vexMod:BarristanHead"}],"event_choices":[{"cards_removed":["Deadly Poison"],"damage_healed":5,"gold_gain":0,"player_choice":"Offered Common","damage_taken":0,"max_hp_gain":0,"max_hp_loss":0,"event_name":"Bonfire Elementals","floor":5,"gold_loss":0},{"cards_removed":["Deadly Poison"],"damage_healed":5,"gold_gain":0,"player_choice":"Offered Special","damage_taken":0,"max_hp_gain":0,"max_hp_loss":0,"event_name":"Bonfire Elementals","floor":5,"gold_loss":0},{"damage_healed":0,"gold_gain":0,"player_choice":"Copied","damage_taken":0,"max_hp_gain":0,"max_hp_loss":0,"event_name":"Duplicator","floor":27,"gold_loss":0,"cards_obtained":["Noxious Fumes"]},{"damage_healed":0,"gold_gain":100,"player_choice":"Pray","damage_taken":0,"max_hp_gain":0,"max_hp_loss":0,"event_name":"Golden Shrine","floor":31,"gold_loss":0},{"damage_healed":0,"gold_gain":0,"player_choice":"Embrace Madness","damage_taken":11,"max_hp_gain":0,"max_hp_loss":0,"event_name":"Winding Halls","floor":45,"gold_loss":0,"cards_obtained":["Madness","Madness"]}],"is_beta":false,"boss_relics":[{"not_picked":["vexMod:FluxCapacitor","vexMod:NewClearReactor","Abe\u0027s Treasure"]},{"not_picked":["Replay:Grab Bag","vexMod:RockOfEvil"],"picked":"vexMod:MysteryBossChallenge"}],"items_purged_floors":[],"is_endless":false,"potions_floor_spawned":[2,4,6,11,13,18,19,30,35,37,38],"ascension_level":0}}