{"host":"2e3z4r48quhw80cc","time":1609325299,"event":{"mods":["BaseMod","Minty Spire (QoL Compilation)","Quick Restart","StSLib","SuperFastMode"],"gold_per_floor":[115,80,30,49,49,80,80,95,95,129,51,70,110,130,130,260,260,276,316,138,338,356,356,395,395,395],"floor_reached":25,"playtime":670,"items_purged":[],"score":377,"play_id":"eb4187ce-44f0-4cde-a657-b9060bc7fbd4","local_time":"20201230194819","is_ascension_mode":true,"campfire_choices":[{"floor":15.0,"key":"DIG"},{"floor":23.0,"key":"REST"}],"circlet_count":0,"master_deck":["Strike_B","Strike_B","Strike_B","Defend_B","Defend_B","Defend_B","Zap","Dualcast","Leap","Static Discharge","Ball Lightning","Recycle","Self Repair","Defragment","Seek","Cold Snap","Amplify","Melter+1","Metamorphosis","White Noise+1","FTL"],"relics":["Cracked Core","NeowsBlessing","Golden Idol","WingedGreaves","HornCleat","Pen Nib","Shovel","Potion Belt","Inserter","Red Mask","Dream Catcher"],"acts_visited":["Exordium","TheCity"],"potions_floor_usage":[],"damage_taken":[{"damage":0.0,"enemies":"Cultist","floor":1.0,"turns":1.0},{"damage":0.0,"enemies":"Jaw Worm","floor":4.0,"turns":1.0},{"damage":0.0,"enemies":"Gremlin Nob","floor":6.0,"turns":1.0},{"damage":7.0,"enemies":"2 Louse","floor":8.0,"turns":2.0},{"damage":21.0,"enemies":"3 Sentries","floor":10.0,"turns":6.0},{"damage":0.0,"enemies":"Blue Slaver","floor":12.0,"turns":3.0},{"damage":15.0,"enemies":"Gremlin Nob","floor":13.0,"turns":4.0},{"damage":8.0,"enemies":"Red Slaver","floor":14.0,"turns":4.0},{"damage":0.0,"enemies":"Slime Boss","floor":16.0,"turns":5.0},{"damage":20.0,"enemies":"Shell Parasite","floor":18.0,"turns":6.0},{"damage":19.0,"enemies":"Masked Bandits","floor":19.0,"turns":4.0},{"damage":18.0,"enemies":"3 Byrds","floor":22.0,"turns":3.0},{"damage":46.0,"enemies":"Slavers","floor":24.0,"turns":4.0},{"damage":0,"enemies":"Snecko","floor":25,"turns":1}],"seed_played":"1217939580456392161","potions_obtained":[{"floor":1.0,"key":"EssenceOfDarkness"},{"floor":4.0,"key":"ColorlessPotion"},{"floor":6.0,"key":"LiquidMemories"},{"floor":14.0,"key":"LiquidBronze"},{"floor":18.0,"key":"DistilledChaos"}],"is_trial":false,"path_per_floor":["M","$","?","M","?","E","?","M","T","E","$","M","E","M","R","B",null,"M","?","$","?","M","R","E","M"],"character_chosen":"DEFECT","items_purchased":["Static Discharge","Self Repair","Metamorphosis"],"campfire_rested":1,"item_purchase_floors":[2,11,20],"current_hp_per_floor":[75,75,75,75,57,57,57,50,50,29,29,36,28,27,27,34,75,62,50,50,50,32,54,15,15,15],"gold":395,"neow_bonus":"THREE_ENEMY_KILL","is_daily":false,"chose_seed":false,"campfire_upgraded":0,"win_rate":0.0,"timestamp":1609325299,"path_taken":["M","$","?","M","?","E","?","M","T","E","?","?","E","M","R","BOSS","M","?","$","?","M","R","E","?"],"items_purchased_type":["Card","Card","Card"],"build_version":"2020-12-22","purchased_purges":0,"victory":false,"max_hp_per_floor":[75,75,75,75,75,75,75,75,75,75,75,75,75,75,75,75,75,75,75,75,75,75,75,75,75,75],"card_choices":[{"not_picked":["Sunder","Turbo"],"picked":"Leap","floor":1.0},{"not_picked":["Gash","Coolheaded","Redo"],"picked":"SKIP","floor":4.0},{"not_picked":["Sweeping Beam","Skim"],"picked":"Ball Lightning","floor":6.0},{"not_picked":["Auto Shields","Leap","Gash"],"picked":"SKIP","floor":8.0},{"not_picked":["Streamline","Leap"],"picked":"Recycle","floor":10.0},{"not_picked":["Leap","Cold Snap"],"picked":"Defragment","floor":12.0},{"not_picked":["Steam","Redo"],"picked":"Seek","floor":13.0},{"not_picked":["Genetic Algorithm","Sunder"],"picked":"Cold Snap","floor":14.0},{"not_picked":["Hyperbeam","Multi-Cast"],"picked":"Amplify","floor":16.0},{"not_picked":["Streamline","Ball Lightning"],"picked":"Melter+1","floor":18.0},{"not_picked":["Recycle","Conserve Battery"],"picked":"White Noise+1","floor":22.0},{"not_picked":["Cold Snap","Ball Lightning"],"picked":"FTL","floor":24.0}],"player_experience":46535,"relics_obtained":[{"floor":6.0,"key":"WingedGreaves"},{"floor":9.0,"key":"HornCleat"},{"floor":10.0,"key":"Pen Nib"},{"floor":13.0,"key":"Shovel"},{"floor":15.0,"key":"Potion Belt"},{"floor":19.0,"key":"Red Mask"},{"floor":24.0,"key":"Dream Catcher"}],"event_choices":[{"cards_removed":["Strike_B"],"damage_healed":0.0,"max_hp_gain":0.0,"max_hp_loss":0.0,"gold_gain":0.0,"event_name":"The Cleric","player_choice":"Card Removal","floor":3.0,"gold_loss":50.0,"damage_taken":0.0},{"damage_healed":0.0,"max_hp_gain":0.0,"max_hp_loss":0.0,"gold_gain":0.0,"event_name":"Golden Idol","player_choice":"Take Damage","floor":5.0,"gold_loss":0.0,"damage_taken":18.0,"relics_obtained":["Golden Idol"]},{"cards_removed":["Defend_B"],"damage_healed":0.0,"max_hp_gain":0.0,"max_hp_loss":0.0,"gold_gain":0.0,"event_name":"Living Wall","player_choice":"Forget","floor":7.0,"gold_loss":0.0,"damage_taken":0.0},{"damage_healed":0.0,"max_hp_gain":0.0,"max_hp_loss":0.0,"gold_gain":0.0,"event_name":"Masked Bandits","player_choice":"Fought Bandits","floor":19.0,"gold_loss":0.0,"damage_taken":0.0},{"damage_healed":0.0,"max_hp_gain":0.0,"max_hp_loss":0.0,"gold_gain":250.0,"event_name":"The Joust","player_choice":"Bet on Owner","floor":21.0,"gold_loss":50.0,"damage_taken":0.0}],"is_beta":false,"boss_relics":[{"not_picked":["Sozu","Nuclear Battery"],"picked":"Inserter"}],"items_purged_floors":[],"is_endless":false,"potions_floor_spawned":[1,4,6,14,18],"killed_by":"Snecko","ascension_level":4}}