{"host":"i0avyit1s6jb1siw","time":1609331681,"event":{"mods":["BaseMod","DeckTracker","Dota2Spire","Highlight Path","Minty Spire (QoL Compilation)","Quick Restart","Replay The Spire","StSLib","SuperFastMode"],"gold_per_floor":[112,124,138,62,62,62,62,62,62,62,97,97,124,49,49,126,126,158,176,176,176],"floor_reached":20,"playtime":431,"items_purged":["Strike_R"],"score":344,"play_id":"03d059b6-9b88-4e33-80ad-683ea7253e42","local_time":"20201230133441","is_ascension_mode":true,"campfire_choices":[{"data":"Bash","floor":6.0,"key":"SMITH"},{"data":"Inflame","floor":8.0,"key":"SMITH"},{"data":"Spot Weakness","floor":12.0,"key":"SMITH"},{"floor":15.0,"key":"REST"}],"circlet_count":0,"master_deck":["AscendersBane","Strike_R","Strike_R","Strike_R","Strike_R","Defend_R","Defend_R","Defend_R","Defend_R","Bash+1","Pummel","Inflame+1","Spot Weakness+1","Barricade"],"relics":["Burning Blood","NeowsBlessing","Omamori","Ring of Panic","ReplayTheSpireMod:Ring of Collecting","ReplayTheSpireMod:Ring of Challenge","Dota2Spire:CrimsonGuard","Bottled Tornado","Snecko Eye"],"acts_visited":["Exordium","TheCity"],"potions_floor_usage":[19],"damage_taken":[{"damage":0.0,"enemies":"Jaw Worm","floor":1.0,"turns":1.0},{"damage":0.0,"enemies":"Small Slimes","floor":2.0,"turns":1.0},{"damage":0.0,"enemies":"2 Louse","floor":3.0,"turns":1.0},{"damage":4.0,"enemies":"Red Slaver","floor":11.0,"turns":4.0},{"damage":36.0,"enemies":"Gremlin Nob","floor":13.0,"turns":4.0},{"damage":32.0,"enemies":"The Guardian","floor":16.0,"turns":12.0},{"damage":47.0,"enemies":"Shell Parasite","floor":18.0,"turns":5.0},{"damage":17,"enemies":"Spheric Guardian","floor":19,"turns":6},{"damage":16,"enemies":"Shelled Parasite and Fungi","floor":20,"turns":1}],"seed_played":"8854881059502457329","potions_obtained":[{"floor":1.0,"key":"GamblersBrew"},{"floor":3.0,"key":"Dota2Spire:Clarity"}],"is_trial":false,"path_per_floor":["M","M","M","$","?","R","?","R","T","?","M","R","E","$","R","B",null,"M","M","M"],"character_chosen":"IRONCLAD","items_purchased":["Inflame"],"campfire_rested":1,"item_purchase_floors":[4],"current_hp_per_floor":[74,75,75,75,64,64,64,64,64,53,55,55,25,25,47,21,62,21,10,0,0],"gold":176,"neow_bonus":"THREE_ENEMY_KILL","is_daily":false,"chose_seed":false,"campfire_upgraded":3,"win_rate":0.0,"timestamp":1609331681,"path_taken":["M","M","M","$","?","R","?","R","T","?","M","R","E","$","R","BOSS","M","M","M"],"items_purchased_type":["Card"],"build_version":"2020-12-22","purchased_purges":1,"victory":false,"max_hp_per_floor":[75,75,75,75,75,75,75,75,75,75,75,75,75,75,75,75,75,75,75,75,75],"card_choices":[{"not_picked":["Sever Soul","ReplayTheSpireMod:Stacked","Havoc"],"picked":"SKIP","floor":1.0},{"not_picked":["Feel No Pain","Headbutt","Dropkick"],"picked":"SKIP","floor":2.0},{"not_picked":["Feel No Pain","Bloodletting"],"picked":"Pummel","floor":3.0},{"not_picked":["True Grit","Power Through"],"picked":"Spot Weakness","floor":11.0},{"not_picked":["Infernal Blade","Run Through","Perfected Strike"],"picked":"SKIP","floor":13.0},{"not_picked":["Juggernaut","Demonic Infusion"],"picked":"Barricade","floor":16.0},{"not_picked":["Clash","Replay:Undeath\u0027s Touch+1","Twin Strike"],"picked":"SKIP","floor":18.0},{"not_picked":["Replay:Undeath\u0027s Touch","Battle Trance+1","Seeing Red"],"picked":"SKIP","floor":19}],"player_experience":2141693,"relics_obtained":[{"floor":7.0,"key":"Ring of Panic"},{"floor":7.0,"key":"ReplayTheSpireMod:Ring of Collecting"},{"floor":9.0,"key":"ReplayTheSpireMod:Ring of Challenge"},{"floor":9.0,"key":"Dota2Spire:CrimsonGuard"},{"floor":13.0,"key":"Bottled Tornado"}],"event_choices":[{"damage_healed":0.0,"max_hp_gain":0.0,"max_hp_loss":0.0,"gold_gain":0.0,"event_name":"Scrap Ooze","player_choice":"Success","floor":5.0,"gold_loss":0.0,"damage_taken":11.0,"relics_obtained":["Omamori"]},{"damage_healed":0.0,"max_hp_gain":0.0,"max_hp_loss":0.0,"gold_gain":0.0,"event_name":"Wheel of Change","player_choice":"Damaged","floor":10.0,"gold_loss":0.0,"damage_taken":11.0}],"is_beta":false,"boss_relics":[{"not_picked":["Replay:Wanted Poster","Empty Cage"],"picked":"Snecko Eye"}],"items_purged_floors":[14],"is_endless":false,"potions_floor_spawned":[1,3,16],"killed_by":"Shelled Parasite and Fungi","ascension_level":20}}