{"host":"2461dio7vetlq1z3","time":1609338743,"event":{"mods":["2.2 Compatiblity","AchievementEnabler","Aspiration","BaseMod","Better Third Choice","Friendly Minions","Hermit","Minty Spire (QoL Compilation)","Relic Stats","Spicy Shops","StSLib","The Hierophant","Waifu the Spire"],"gold_per_floor":[111,122,142,158,158,158,190,190,264,278,278,278,288,317,317,395,395,409,73,123,123,139,174,187,187,187,215,215,245,258,273,273,349,349,362,1361,1372,16,27,57,57,84,110,110,137,137,137,151,151,151,151,151],"floor_reached":51,"playtime":1980,"items_purged":["Strike_P","Defend_P","Normality"],"score":1960,"play_id":"cde8c000-0eea-4524-ad6c-ec0382518690","local_time":"20201230153223","is_ascension_mode":true,"campfire_choices":[{"data":"Eruption","floor":6.0,"key":"SMITH"},{"data":"TalkToTheHand","floor":8.0,"key":"SMITH"},{"data":"EmptyFist","floor":11.0,"key":"SMITH"},{"data":"Vigilance","floor":15,"key":"SMITH"},{"data":"Ragnarok","floor":25,"key":"SMITH"},{"data":"Tantrum","floor":28,"key":"SMITH"},{"data":"Tantrum","floor":32,"key":"SMITH"},{"data":"Wallop","floor":41,"key":"SMITH"},{"data":"Ragnarok","floor":46,"key":"SMITH"},{"floor":49,"key":"RECALL"}],"circlet_count":0,"master_deck":["AscendersBane","Defend_P","Defend_P","Defend_P","Eruption+1","Vigilance+1","Tantrum+1","TalkToTheHand+1","BowlingBash","Tantrum+1","Slice","Flechettes","Riddle With Holes","Protect","EmptyFist+1","Tantrum","Ragnarok+1","Halt","InnerPeace","TalkToTheHand+1","EmptyBody","EmptyFist","Parasite","Ragnarok+1","Adaptation","EmptyFist","Scrawl","Wallop+1","Normality","BattleHymn+1","Wallop","Halt+1","Omniscience","FearNoEvil","Parasite"],"relics":["aspiration:PoetsPen_weak","Matryoshka","aspiration:Lifesprig","aspiration:StickyExplosives_weak","Lantern","Smiling Mask","Cursed Key","Frozen Eye","Dream Catcher","Bag of Marbles","Eternal Feather","Bottled Lightning","Centennial Puzzle","Runic Dome","Orrery","Yang","Mango","Mercury Hourglass","Sling","PreservedInsect","Strawberry","Regal Pillow"],"acts_visited":["Exordium","TheCity","TheBeyond"],"potions_floor_usage":[16,37,50],"damage_taken":[{"damage":0.0,"enemies":"Small Slimes","floor":1.0,"turns":4.0},{"damage":8.0,"enemies":"2 Louse","floor":2.0,"turns":2.0},{"damage":2.0,"enemies":"Jaw Worm","floor":3.0,"turns":2.0},{"damage":4.0,"enemies":"Blue Slaver","floor":4.0,"turns":4.0},{"damage":7.0,"enemies":"3 Sentries","floor":7.0,"turns":4.0},{"damage":12.0,"enemies":"Lots of Slimes","floor":10.0,"turns":2.0},{"damage":1,"enemies":"Looter","floor":13,"turns":2},{"damage":0,"enemies":"Lagavulin","floor":14,"turns":3},{"damage":0,"enemies":"Hexaghost","floor":16,"turns":3},{"damage":5,"enemies":"2 Thieves","floor":18,"turns":2},{"damage":11,"enemies":"Shell Parasite","floor":22,"turns":2},{"damage":0,"enemies":"Gremlin Leader","floor":23,"turns":2},{"damage":0,"enemies":"Cultist and Chosen","floor":24,"turns":2},{"damage":0,"enemies":"Slavers","floor":27,"turns":2},{"damage":2,"enemies":"Book of Stabbing","floor":29,"turns":3},{"damage":0,"enemies":"3 Cultists","floor":30,"turns":3},{"damage":0,"enemies":"Snecko","floor":31,"turns":2},{"damage":27,"enemies":"Automaton","floor":33,"turns":4},{"damage":4,"enemies":"3 Shapes","floor":35,"turns":4},{"damage":6,"enemies":"Orb Walker","floor":37,"turns":3},{"damage":22,"enemies":"Jaw Worm Horde","floor":39,"turns":3},{"damage":0,"enemies":"Nemesis","floor":40,"turns":1},{"damage":0,"enemies":"Giant Head","floor":42,"turns":3},{"damage":0,"enemies":"Reptomancer","floor":45,"turns":2},{"damage":0,"enemies":"3 Darklings","floor":48,"turns":1},{"damage":128,"enemies":"Awakened One","floor":50,"turns":7},{"damage":20,"enemies":"Time Eater","floor":51,"turns":1}],"seed_played":"-3135128645936456531","potions_obtained":[{"floor":3.0,"key":"FairyPotion"},{"floor":4.0,"key":"BottledMiracle"},{"floor":10.0,"key":"PowerPotion"},{"floor":16,"key":"EssenceOfSteel"},{"floor":30,"key":"StancePotion"},{"floor":37,"key":"EntropicBrew"},{"floor":40,"key":"PowerPotion"}],"is_trial":false,"path_per_floor":["M","M","M","M","?","R","E","R","T","M","R","?","M","E","R","B",null,"M","$","?","?","M","E","M","R","T","E","R","E","M","M","R","B",null,"M","?","M","$","M","E","R","E","T","?","E","R","T","M","R","B","B"],"character_chosen":"WATCHER","items_purchased":["Frozen Eye","InnerPeace","Wallop","Orrery","Yang","Mango","Mercury Hourglass","Sling"],"campfire_rested":0,"item_purchase_floors":[19,19,38,38,38,38,38,38],"current_hp_per_floor":[61,53,51,47,47,47,40,40,40,28,28,28,27,27,27,27,58,53,53,53,53,42,42,42,42,42,42,54,52,52,52,67,40,61,57,57,51,65,43,43,61,68,68,68,68,85,85,85,85,1,0,0],"gold":151,"neow_bonus":"BOSS_RELIC","is_daily":false,"chose_seed":false,"campfire_upgraded":9,"win_rate":0.0,"timestamp":1609338743,"path_taken":["M","M","M","M","?","R","E","R","T","M","R","?","M","E","R","BOSS","M","$","?","?","M","E","M","R","T","E","R","E","?","M","R","BOSS","M","?","M","$","M","E","R","E","T","?","E","R","?","M","R","BOSS","BOSS"],"items_purchased_type":["Relic","Card","Card","Relic","Relic","Relic","Relic","Relic"],"build_version":"2020-12-22","purchased_purges":3,"victory":false,"max_hp_per_floor":[68,68,68,68,68,68,68,68,68,68,68,68,68,68,68,68,68,68,68,68,68,68,68,68,68,68,68,68,68,68,68,68,68,68,68,68,68,82,82,82,82,89,89,85,85,85,85,85,85,85,85,85],"relic_stats":{"Dream Catcher":0,"Centennial Puzzle":[15],"Regal Pillow":0,"counters":[27,73],"Eternal Feather":62,"Yang":[76],"PreservedInsect":193,"Smiling Mask":150,"Cursed Key":2,"obtain_stats":[{"aspiration:Lifesprig":9,"Lantern":12,"Regal Pillow":45,"Eternal Feather":26,"Yang":38,"Mango":38,"aspiration:PoetsPen_weak":0,"PreservedInsect":40,"Smiling Mask":14,"Cursed Key":17,"Sling":38,"aspiration:StickyExplosives_weak":9,"Mercury Hourglass":38,"Frozen Eye":19,"Runic Dome":34,"Dream Catcher":23,"Centennial Puzzle":29,"Matryoshka":7,"Strawberry":42,"Orrery":38,"Bag of Marbles":26,"Bottled Lightning":27,"PureWater":0},{"aspiration:Lifesprig":5,"Lantern":6,"Regal Pillow":24,"Eternal Feather":13,"Yang":20,"Mango":20,"aspiration:PoetsPen_weak":0,"PreservedInsect":22,"Smiling Mask":8,"Cursed Key":9,"Sling":20,"aspiration:StickyExplosives_weak":5,"Mercury Hourglass":20,"Frozen Eye":10,"Runic Dome":18,"Dream Catcher":12,"Centennial Puzzle":15,"Matryoshka":5,"Strawberry":23,"Orrery":20,"Bag of Marbles":13,"Bottled Lightning":14,"PureWater":0},{"aspiration:Lifesprig":16,"Lantern":18,"Regal Pillow":64,"Eternal Feather":34,"Yang":55,"Mango":55,"aspiration:PoetsPen_weak":0,"PreservedInsect":59,"Smiling Mask":23,"Cursed Key":26,"Sling":55,"aspiration:StickyExplosives_weak":16,"Mercury Hourglass":55,"Frozen Eye":28,"Runic Dome":48,"Dream Catcher":32,"Centennial Puzzle":39,"Matryoshka":16,"Strawberry":62,"Orrery":55,"Bag of Marbles":34,"Bottled Lightning":36,"PureWater":0}],"Mercury Hourglass":[81]},"card_choices":[{"not_picked":["BowlingBash","InnerPeace"],"picked":"Tantrum","floor":1.0},{"not_picked":["FearNoEvil","WheelKick"],"picked":"TalkToTheHand","floor":2.0},{"not_picked":["Evaluate","Collect"],"picked":"BowlingBash","floor":3.0},{"not_picked":["Swivel","Vengeance"],"picked":"Tantrum","floor":4.0},{"not_picked":["FlyingSleeves","ClearTheMind"],"picked":"Protect","floor":7.0},{"not_picked":["CrushJoints","ThirdEye"],"picked":"EmptyFist","floor":10.0},{"not_picked":["EmptyBody","DeusExMachina"],"picked":"Tantrum","floor":13},{"not_picked":["Crescendo","Evaluate","Collect"],"picked":"SKIP","floor":14},{"not_picked":["DevaForm","Devotion"],"picked":"Ragnarok","floor":16},{"not_picked":["Consecrate","Protect"],"picked":"Halt","floor":18},{"not_picked":["ThirdEye","Pray","Crescendo"],"picked":"SKIP","floor":22},{"not_picked":["WaveOfTheHand","WreathOfFlame+1"],"picked":"EmptyBody","floor":23},{"not_picked":["EmptyMind","Nirvana"],"picked":"EmptyFist","floor":24},{"not_picked":["BowlingBash","Swivel","FollowUp"],"picked":"SKIP","floor":27},{"not_picked":["WheelKick","FollowUp"],"picked":"Ragnarok","floor":29},{"not_picked":["LikeWater","Halt"],"picked":"Adaptation","floor":30},{"not_picked":["Adaptation","Prostrate"],"picked":"EmptyFist","floor":31},{"not_picked":["Brilliance","Blasphemy"],"picked":"Scrawl","floor":33},{"not_picked":["Halt","Indignation"],"picked":"Wallop","floor":35},{"not_picked":["WaveOfTheHand","Indignation"],"picked":"BattleHymn+1","floor":37},{"not_picked":["SignatureMove+1","PathToVictory+1"],"picked":"Halt+1","floor":38},{"not_picked":["Consecrate","Crescendo+1"],"picked":"Omniscience","floor":38},{"not_picked":["EmptyBody","WaveOfTheHand"],"picked":"FearNoEvil","floor":38},{"not_picked":["DeceiveReality","EmptyBody+1","BowlingBash"],"picked":"SKIP","floor":39},{"not_picked":["Conclude","SandsOfTime","BattleHymn"],"picked":"SKIP","floor":40},{"not_picked":["Consecrate+1","FlyingSleeves","FollowUp"],"picked":"SKIP","floor":42},{"not_picked":["Halt","FlyingSleeves","Devotion"],"picked":"SKIP","floor":45},{"not_picked":["WindmillStrike","Evaluate","CrushJoints+1"],"picked":"SKIP","floor":48}],"player_experience":1001829,"relics_obtained":[{"floor":7.0,"key":"Matryoshka"},{"floor":9.0,"key":"aspiration:Lifesprig"},{"floor":9.0,"key":"aspiration:StickyExplosives_weak"},{"floor":14,"key":"Smiling Mask"},{"floor":23,"key":"Dream Catcher"},{"floor":26,"key":"Bag of Marbles"},{"floor":26,"key":"Eternal Feather"},{"floor":27,"key":"Bottled Lightning"},{"floor":29,"key":"Centennial Puzzle"},{"floor":40,"key":"PreservedInsect"},{"floor":42,"key":"Strawberry"},{"floor":45,"key":"Regal Pillow"}],"event_choices":[{"damage_healed":0.0,"max_hp_gain":0.0,"max_hp_loss":0.0,"gold_gain":0.0,"event_name":"Dead Adventurer","player_choice":"Searched \u00272\u0027 times","floor":12.0,"gold_loss":0.0,"damage_taken":0.0,"relics_obtained":["Lantern"]},{"damage_healed":0,"gold_gain":50,"player_choice":"Steal","damage_taken":0,"max_hp_gain":0,"max_hp_loss":0,"event_name":"betterThird:BetterNest","floor":20,"gold_loss":0},{"damage_healed":0,"gold_gain":0,"player_choice":"Copied","damage_taken":0,"max_hp_gain":0,"max_hp_loss":0,"event_name":"Duplicator","floor":21,"gold_loss":0,"cards_obtained":["TalkToTheHand"]},{"damage_healed":0,"gold_gain":999,"player_choice":"Gold","damage_taken":0,"max_hp_gain":0,"max_hp_loss":0,"event_name":"MindBloom","floor":36,"gold_loss":0,"cards_obtained":["Normality","Normality"]},{"damage_healed":0,"gold_gain":0,"player_choice":"Max HP","damage_taken":0,"max_hp_gain":0,"max_hp_loss":4,"event_name":"Winding Halls","floor":44,"gold_loss":0}],"is_beta":false,"boss_relics":[{"not_picked":["aspiration:DefectSkillbook","Black Star"],"picked":"Cursed Key"},{"not_picked":["aspiration:RunicSpoon","aspiration:IroncladSkillbook"],"picked":"Runic Dome"}],"items_purged_floors":[19,19,38],"is_endless":false,"potions_floor_spawned":[3,4,10,13,16,27,30,33,37,40,45],"killed_by":"Time Eater","ascension_level":20}}