{"host":"dvpvhz1t6etneyb3","time":1609349917,"event":{"mods":["AchievementEnabler","BaseMod","Colored Map","Highlight Path","Minty Spire (QoL Compilation)","Permanent Neow","Quick Restart"],"gold_per_floor":[111,129,129,139,139,139,165,2,2,30,80,115,127,142,142,217,217,237,287,300,312,227,261,261,261,285,285,101,134,6,31,31,105,105,117,28,28,28],"floor_reached":37,"playtime":1868,"items_purged":["Strike_R"],"score":886,"play_id":"08307534-0e9d-475d-a244-3790d7a05dfc","local_time":"20201230123837","is_ascension_mode":true,"campfire_choices":[{"floor":6.0,"key":"REST"},{"data":"Bash","floor":15.0,"key":"SMITH"},{"data":"Immolate","floor":24.0,"key":"SMITH"},{"floor":27.0,"key":"REST"},{"floor":32.0,"key":"REST"}],"circlet_count":0,"master_deck":["AscendersBane","Strike_R","Strike_R","Strike_R","Strike_R+1","Defend_R","Defend_R+1","Defend_R","Defend_R","Bash+1","Wild Strike+1","Battle Trance+1","Anger","Disarm","Feel No Pain+1","Battle Trance","Corruption+1","True Grit+1","True Grit+1","Immolate+1","Flex+1","Hemokinesis","Disarm+1","Shrug It Off+1","Sentinel+1","Metallicize+1","True Grit+1","Inflame+1","Inflame+1","Rupture+1","Limit Break+1","Dark Embrace+1"],"relics":["Burning Blood","Mercury Hourglass","Frozen Egg 2","Bottled Flame","StrikeDummy","Toxic Egg 2","SlaversCollar","InkBottle","War Paint","Nunchaku","Matryoshka","Pantograph","Philosopher\u0027s Stone"],"acts_visited":["Exordium","TheCity","TheBeyond"],"potions_floor_usage":[],"damage_taken":[{"damage":14.0,"enemies":"Jaw Worm","floor":1.0,"turns":4.0},{"damage":7.0,"enemies":"Small Slimes","floor":2.0,"turns":3.0},{"damage":1.0,"enemies":"Cultist","floor":4.0,"turns":3.0},{"damage":25.0,"enemies":"Lagavulin","floor":7.0,"turns":5.0},{"damage":11.0,"enemies":"Gremlin Nob","floor":10.0,"turns":3.0},{"damage":12.0,"enemies":"3 Sentries","floor":12.0,"turns":6.0},{"damage":2.0,"enemies":"2 Fungi Beasts","floor":13.0,"turns":3.0},{"damage":0.0,"enemies":"Gremlin Gang","floor":14.0,"turns":3.0},{"damage":18.0,"enemies":"The Guardian","floor":16.0,"turns":11.0},{"damage":1.0,"enemies":"3 Byrds","floor":18.0,"turns":5.0},{"damage":0.0,"enemies":"Chosen","floor":20.0,"turns":3.0},{"damage":26.0,"enemies":"Shelled Parasite and Fungi","floor":21.0,"turns":5.0},{"damage":15.0,"enemies":"Gremlin Leader","floor":23.0,"turns":6.0},{"damage":20.0,"enemies":"Slavers","floor":29.0,"turns":2.0},{"damage":19.0,"enemies":"Book of Stabbing","floor":31.0,"turns":4.0},{"damage":74.0,"enemies":"Automaton","floor":33.0,"turns":10.0},{"damage":53.0,"enemies":"3 Darklings","floor":35.0,"turns":7.0},{"damage":21,"enemies":"Orb Walker","floor":37,"turns":3}],"seed_played":"-6481513315280566225","potions_obtained":[{"floor":0.0,"key":"Regen Potion"},{"floor":0.0,"key":"HeartOfIron"},{"floor":13.0,"key":"Swift Potion"},{"floor":14.0,"key":"Swift Potion"},{"floor":20.0,"key":"AttackPotion"},{"floor":29.0,"key":"BlessingOfTheForge"}],"is_trial":false,"path_per_floor":["M","M","?","M","T","R","E","$","T","E","?","E","M","M","R","B",null,"M","?","M","M","?","E","R","?","T","R","$","E","$","E","R","B",null,"M","$","M"],"character_chosen":"IRONCLAD","items_purchased":["Feel No Pain+1","Sentinel+1","Metallicize+1","True Grit+1","Inflame+1","Fire Potion","Dark Embrace+1"],"campfire_rested":3,"item_purchase_floors":[8,28,28,28,30,30,36],"current_hp_per_floor":[60,59,36,41,41,63,44,44,44,39,39,48,52,58,58,46,68,73,73,75,55,55,46,46,46,46,68,68,54,54,41,63,7,58,11,11,0,0],"gold":28,"neow_bonus":"THREE_SMALL_POTIONS","is_daily":false,"chose_seed":false,"campfire_upgraded":2,"win_rate":0.0,"timestamp":1609349917,"path_taken":["M","M","?","M","?","R","E","$","T","E","?","E","?","M","R","BOSS","M","?","M","?","?","E","R","?","T","R","$","E","$","E","R","BOSS","M","$","M"],"items_purchased_type":["Card","Card","Card","Card","Card","Potion","Card"],"build_version":"2020-12-22","purchased_purges":1,"victory":false,"max_hp_per_floor":[75,75,75,75,75,75,75,75,75,75,75,75,75,75,75,75,75,75,75,75,75,75,75,75,75,75,75,75,75,75,75,75,75,75,75,75,75,75],"card_choices":[{"not_picked":["Disarm","Shrug It Off"],"picked":"Wild Strike","floor":1.0},{"not_picked":["Clothesline","Havoc"],"picked":"Battle Trance","floor":2.0},{"not_picked":["Rage","Metallicize"],"picked":"Anger","floor":4.0},{"not_picked":["Wild Strike","Flex"],"picked":"Disarm","floor":7.0},{"not_picked":["Flex","Cleave"],"picked":"Battle Trance","floor":10.0},{"not_picked":["Clash","Spot Weakness+1"],"picked":"Corruption+1","floor":12.0},{"not_picked":["Rage+1","Twin Strike"],"picked":"True Grit+1","floor":13.0},{"not_picked":["Clothesline","Clash"],"picked":"True Grit+1","floor":14.0},{"not_picked":["Exhume+1","Double Tap+1"],"picked":"Immolate","floor":16.0},{"not_picked":["Twin Strike+1","Pommel Strike"],"picked":"Flex+1","floor":18.0},{"not_picked":["Blood for Blood","Perfected Strike"],"picked":"Hemokinesis","floor":20.0},{"not_picked":["Hemokinesis","Perfected Strike"],"picked":"Disarm+1","floor":21.0},{"not_picked":["Searing Blow","Seeing Red+1"],"picked":"Shrug It Off+1","floor":23.0},{"not_picked":["Reckless Charge","Sever Soul"],"picked":"Inflame+1","floor":29.0},{"not_picked":["Sword Boomerang","Anger"],"picked":"Rupture+1","floor":31.0},{"not_picked":["Impervious+1","Demon Form+1"],"picked":"Limit Break+1","floor":33.0},{"not_picked":["Headbutt","Searing Blow","Rupture+1"],"picked":"SKIP","floor":35.0}],"player_experience":2014687,"relics_obtained":[{"floor":5.0,"key":"Mercury Hourglass"},{"floor":7.0,"key":"Frozen Egg 2"},{"floor":9.0,"key":"Bottled Flame"},{"floor":10.0,"key":"StrikeDummy"},{"floor":12.0,"key":"Toxic Egg 2"},{"floor":23.0,"key":"War Paint"},{"floor":26.0,"key":"Nunchaku"},{"floor":29.0,"key":"Matryoshka"},{"floor":31.0,"key":"Pantograph"}],"event_choices":[{"damage_healed":0.0,"max_hp_gain":0.0,"max_hp_loss":0.0,"gold_gain":0.0,"event_name":"Shining Light","player_choice":"Entered Light","floor":3.0,"gold_loss":0.0,"damage_taken":23.0,"cards_upgraded":["Wild Strike","Strike_R"]},{"damage_healed":0.0,"max_hp_gain":0.0,"max_hp_loss":0.0,"gold_gain":50.0,"event_name":"Golden Shrine","player_choice":"Pray","floor":11.0,"gold_loss":0.0,"damage_taken":0.0},{"damage_healed":0.0,"max_hp_gain":0.0,"max_hp_loss":0.0,"gold_gain":100.0,"event_name":"The Joust","player_choice":"Bet on Murderer","floor":19.0,"gold_loss":50.0,"damage_taken":0.0},{"damage_healed":0.0,"max_hp_gain":0.0,"max_hp_loss":0.0,"gold_gain":0.0,"event_name":"Addict","player_choice":"Obtained Relic","floor":22.0,"gold_loss":85.0,"damage_taken":0.0,"relics_obtained":["InkBottle"]},{"damage_healed":0.0,"max_hp_gain":0.0,"max_hp_loss":0.0,"gold_gain":0.0,"event_name":"Vampires","player_choice":"Ignored","floor":25.0,"gold_loss":0.0,"damage_taken":0.0}],"is_beta":false,"boss_relics":[{"not_picked":["Runic Cube","Black Star"],"picked":"SlaversCollar"},{"not_picked":["Sozu","Runic Dome"],"picked":"Philosopher\u0027s Stone"}],"items_purged_floors":[8],"is_endless":false,"potions_floor_spawned":[1,10,13,14,20,29,31],"killed_by":"Orb Walker","ascension_level":20}}