{"host":"am0cr9xwekqmrere","time":1609290692,"event":{"mods":["AchievementEnabler","Act Like it!","BaseMod","Better Altar","Better Match","Better Note","Better Sensory Stone","Better Skull","Better Third Choice","BetterRewards","Conspire","Hubris","Infinite Spire","Minty Spire (QoL Compilation)","Rare Cards Sparkle","Spicy Shops","StSLib","The Marked","Unceasing Turn Reminder"],"gold_per_floor":[110,110,122,25,44,75,85,85,85,85,85],"floor_reached":10,"playtime":264,"items_purged":[],"score":68,"play_id":"7ccf555b-2dff-4767-bfec-7ed78ea96c05","local_time":"20201229191132","is_ascension_mode":false,"campfire_choices":[{"floor":8,"key":"REST"}],"circlet_count":0,"master_deck":["theMarked:Strike","theMarked:Strike","theMarked:Strike","theMarked:Strike","theMarked:Strike","theMarked:Defend","theMarked:Defend","theMarked:Defend","theMarked:Defend","theMarked:SoldierOfQuellstein","theMarked:EmpowerWeapon","theMarked:Static","theMarked:SwordAndMagic","theMarked:EmpowerWeapon","theMarked:BanishingStrike","theMarked:MagicAdept","theMarked:WardOff"],"relics":["theMarked:ArtifactOfAir","NeowsBlessing","Gambling Chip"],"acts_visited":["Exordium"],"potions_floor_usage":[10],"damage_taken":[{"damage":0,"enemies":"Small Slimes","floor":1,"turns":1},{"damage":0,"enemies":"Jaw Worm","floor":3,"turns":1},{"damage":0,"enemies":"Cultist","floor":5,"turns":1},{"damage":31,"enemies":"Lagavulin","floor":6,"turns":5},{"damage":34,"enemies":"Exordium Thugs","floor":7,"turns":5},{"damage":26,"enemies":"3 Sentries","floor":10,"turns":5}],"seed_played":"-5656079514437418015","potions_obtained":[{"floor":7,"key":"ColorlessPotion"}],"is_trial":false,"path_per_floor":["M","?","M","$","M","E","M","R","T","E"],"character_chosen":"THE_DEFAULT","items_purchased":["theMarked:SwordAndMagic","theMarked:EmpowerWeapon"],"campfire_rested":1,"item_purchase_floors":[4,4],"current_hp_per_floor":[70,70,70,70,70,39,5,26,26,0,0],"gold":85,"neow_bonus":"THREE_ENEMY_KILL","is_daily":false,"chose_seed":false,"campfire_upgraded":0,"win_rate":0.0,"timestamp":1609290692,"path_taken":["M","?","M","$","M","E","M","R","T","E"],"items_purchased_type":["Card","Card"],"build_version":"2020-12-22","purchased_purges":0,"victory":false,"max_hp_per_floor":[70,70,70,70,70,70,70,70,70,70,70],"card_choices":[{"not_picked":["theMarked:Electrocute","theMarked:KeepCalmAndFightOn"],"picked":"theMarked:EmpowerWeapon","floor":1},{"not_picked":["theMarked:RepellingDischarge","theMarked:EnhanceMovement"],"picked":"theMarked:Static","floor":3},{"not_picked":["theMarked:Overcharge","theMarked:RepellingDischarge"],"picked":"theMarked:BanishingStrike","floor":5},{"not_picked":["theMarked:Generate","theMarked:Aftermath"],"picked":"theMarked:MagicAdept","floor":6},{"not_picked":["theMarked:Electrify","theMarked:HeightenedSenses"],"picked":"theMarked:WardOff","floor":7}],"player_experience":2535668,"relics_obtained":[{"floor":6,"key":"Gambling Chip"}],"event_choices":[{"damage_healed":0,"gold_gain":0,"player_choice":"Leave","damage_taken":0,"max_hp_gain":0,"max_hp_loss":0,"event_name":"The Cleric","floor":2,"gold_loss":0}],"is_beta":false,"boss_relics":[],"items_purged_floors":[],"is_endless":false,"potions_floor_spawned":[7],"killed_by":"3 Sentries","ascension_level":0}}