{"host":"xjb9ah8nre278c7z","time":1609341280,"event":{"mods":["BaseMod","Bestiary","Better Altar","Better Match","Better Sensory Stone","Better Third Choice","Better-Laid Plans","BetterRewards","Conspire","Downfall","Evolution","Hubris","Infinite Spire","Minty Spire (QoL Compilation)","Permanent Neow","Quick Restart","Replay The Spire","StSLib","The Blue Laboratory","The Cursed","The Dragon Tamer","The Marked","The Servant 0.9.4","Transform Curses","Uncapped"],"gold_per_floor":[111,126,137,148,148,175,188,245,245,262,262,78,78,92,92,196,246,257,257,257,257,257,197,42,42,52,52,75,87,103,63,79,79,79,176,176,186,186,186,198,215,241,255,255,255],"floor_reached":44,"playtime":4198,"items_purged":[],"score":542,"play_id":"2bfb37b6-ebaa-4b79-a692-c226a06103d3","local_time":"20201230091440","is_ascension_mode":false,"campfire_choices":[{"data":"theMarked:SoldierOfQuellstein","floor":11.0,"key":"SMITH"},{"data":"theMarked:ParalyzingBlade","floor":13.0,"key":"SMITH"},{"data":"theMarked:Panic","floor":15.0,"key":"SMITH"},{"floor":25.0,"key":"REST"},{"data":"theMarked:RogueSparks","floor":27.0,"key":"SMITH"},{"data":"theMarked:EternalStudent","floor":34.0,"key":"SMITH"}],"circlet_count":0,"master_deck":["infinitespire:Execution+1","theMarked:WastefulAttack","theMarked:WastefulAttack","theMarked:RepellingDischarge","theMarked:RepellingDischarge","theMarked:Defend+1","theMarked:Defend","theMarked:SoldierOfQuellstein+1","theMarked:Panic+1","theMarked:DispelDoubt","theMarked:ParalyzingBlade+1","theMarked:RogueSparks+1","theMarked:BindingBlade","theMarked:DeterminationOfTheMarked","theMarked:EmpowerWeapon","theMarked:EternalStudent+1","theMarked:SwordAndMagic+1","Bite","Bite","Bite","Bite","Bite","theMarked:EternalStudent","theMarked:Parkour+1","theMarked:SuspiciousRaven+1","PanicButton+1","theMarked:WastefulDefense","infinitespire:NeuralNetwork","theMarked:ComboAttacks","theMarked:ChainLightning+1","theMarked:EternalStudent","theMarked:TwofoldDefense+1"],"relics":["EVO:Axolotl","Empty Cage","Oddly Smooth Stone","Omamori","conspire:BottledYoYo","infinitespire:EmpoweringShard","Tiny House","Bloody Idol","Ring of Misfortune","ReplayTheSpireMod:Ring of Collecting","Toy Ornithopter","Smiling Mask","Astrolabe","infinitespire:BottledMercury"],"acts_visited":["TheCity","TheBeyond"],"potions_floor_usage":[42,42,42,42,42,42,44,44],"damage_taken":[{"damage":0.0,"enemies":"Cultist","floor":1.0,"turns":2.0},{"damage":0.0,"enemies":"2 Louse","floor":2.0,"turns":1.0},{"damage":1.0,"enemies":"Jaw Worm","floor":3.0,"turns":3.0},{"damage":0.0,"enemies":"2 Fungi Beasts","floor":4.0,"turns":4.0},{"damage":3.0,"enemies":"Lagavulin","floor":6.0,"turns":7.0},{"damage":0.0,"enemies":"Looter","floor":7.0,"turns":3.0},{"damage":11.0,"enemies":"Gremlin Nob","floor":8.0,"turns":3.0},{"damage":2.0,"enemies":"Blue Slaver","floor":10.0,"turns":2.0},{"damage":7.0,"enemies":"Exordium Thugs","floor":14.0,"turns":3.0},{"damage":0.0,"enemies":"Slime Boss","floor":16.0,"turns":9.0},{"damage":3.0,"enemies":"Spheric Guardian","floor":18.0,"turns":4.0},{"damage":0.0,"enemies":"Chosen","floor":26.0,"turns":3.0},{"damage":9.0,"enemies":"Centurion and Healer","floor":29.0,"turns":7.0},{"damage":6.0,"enemies":"Chosen and Byrds","floor":30.0,"turns":6.0},{"damage":3.0,"enemies":"Cultist and Chosen","floor":32.0,"turns":6.0},{"damage":24.0,"enemies":"Champ","floor":35.0,"turns":7.0},{"damage":1.0,"enemies":"3 Shapes","floor":37.0,"turns":6.0},{"damage":18.0,"enemies":"Orb Walker","floor":40.0,"turns":3.0},{"damage":20.0,"enemies":"4 Shapes","floor":41.0,"turns":4.0},{"damage":74,"enemies":"Nemesis","floor":42,"turns":7},{"damage":0,"enemies":"Transient","floor":43,"turns":5},{"damage":71,"enemies":"Nightmare","floor":44,"turns":5}],"seed_played":"8226698868784500660","potions_obtained":[{"floor":4.0,"key":"Cursed Concoction"},{"floor":8.0,"key":"blueLaboratory:BottleOfRum"},{"floor":10.0,"key":"Strength Potion"},{"floor":14.0,"key":"Dexterity Potion"},{"floor":17.0,"key":"LifebloodPotion"},{"floor":26.0,"key":"AttackPotion"},{"floor":29.0,"key":"EntropicBrew"},{"floor":32.0,"key":"Toxic Potion"},{"floor":37.0,"key":"blueLaboratory:LouseDecoction"},{"floor":43,"key":"champ:CounterPotion"}],"is_trial":false,"path_per_floor":["M","M","M","M","?","E","M","?","T","M","R","$","R","M","R","B",null,"M","?","PTL","PTL","?","?","$","R","M","R","T","M","M","$","M","?","R","B",null,"M","?","?","M","M","E","M","NM"],"character_chosen":"THE_DEFAULT","items_purchased":["blueLaboratory:EmptyBottle","Blind","Toy Ornithopter","theMarked:SwordAndMagic+1"],"campfire_rested":1,"item_purchase_floors":[12,12,24,31],"current_hp_per_floor":[70,70,69,69,69,66,66,55,55,53,53,53,53,46,46,46,75,72,14,14,14,14,14,14,36,43,43,48,46,52,52,56,56,56,53,75,75,57,57,52,37,43,52,0,0],"gold":255,"neow_bonus":"BOSS_RELIC","is_daily":false,"chose_seed":false,"campfire_upgraded":5,"win_rate":0.0,"timestamp":1609341280,"path_taken":["M","M","M","M","?","NM","M","?","T","M","R","$","R","?","R","BOSS","M","?","PTL","PTL","?","?","?","R","M","R","T","M","?","$","M","?","R","BOSS","M","?","?","?","M","E","M","NM"],"items_purchased_type":["Potion","Card","Relic","Card"],"build_version":"2020-12-22","purchased_purges":0,"victory":false,"max_hp_per_floor":[70,70,70,70,70,70,70,70,70,70,70,70,70,70,70,70,75,75,75,75,75,75,75,75,75,75,75,75,75,75,75,75,75,75,75,75,75,75,75,75,75,75,75,75,75],"card_choices":[{"not_picked":["theMarked:Aftermath","theMarked:Electrocute","theMarked:WardOff"],"picked":"SKIP","floor":1.0},{"not_picked":["theMarked:WastefulAttack","theMarked:ElectricStrings","theMarked:WardOff"],"picked":"SKIP","floor":2.0},{"not_picked":["theMarked:MagicAdept","theMarked:BanishingStrike"],"picked":"theMarked:SelfDefenseTraining","floor":3.0},{"not_picked":["theMarked:BanishingWave","theMarked:Reabsorb","theMarked:Parkour"],"picked":"SKIP","floor":4.0},{"not_picked":["theMarked:ChainLightning","theMarked:ResourceFulStrike"],"picked":"theMarked:Panic","floor":6.0},{"not_picked":["theMarked:Frustration","theMarked:Improvise"],"picked":"theMarked:DispelDoubt","floor":7.0},{"not_picked":["theMarked:Improvise","theMarked:Convert"],"picked":"theMarked:ParalyzingBlade","floor":10.0},{"not_picked":["theMarked:Improvise","theMarked:Frustration"],"picked":"theMarked:RogueSparks","floor":14.0},{"not_picked":["theMarked:UnarmedFury","theMarked:SuspiciousRaven"],"picked":"theMarked:BindingBlade","floor":16.0},{"not_picked":["theMarked:HeritageOfTheMarked","theMarked:Reabsorb","theMarked:EnhanceMovement"],"picked":"SKIP","floor":18.0},{"not_picked":["theMarked:RogueSparks","theMarked:RepellingDischarge"],"picked":"theMarked:DeterminationOfTheMarked","floor":26.0},{"not_picked":["theMarked:BanishingStrike+1","theMarked:ResourceFulStrike+1"],"picked":"theMarked:EmpowerWeapon","floor":29.0},{"not_picked":["theMarked:Frustration+1","theMarked:WardOff"],"picked":"theMarked:EternalStudent","floor":30.0},{"not_picked":["theMarked:StartUp","theMarked:ChainLightning","theMarked:KeepCalmAndFightOn"],"picked":"SKIP","floor":32.0},{"not_picked":["theMarked:Challenge","theMarked:BindingBlade"],"picked":"theMarked:EternalStudent","floor":35.0},{"not_picked":["theMarked:ChainLightning+1","theMarked:Electrocute+1"],"picked":"theMarked:WastefulDefense","floor":37.0},{"not_picked":["infinitespire:Punishment","infinitespire:FutureSight"],"picked":"infinitespire:NeuralNetwork","floor":38.0},{"not_picked":["theMarked:HeightenedSenses+1","theMarked:Frustration"],"picked":"theMarked:ChainLightning+1","floor":40.0},{"not_picked":["theMarked:BanishingStrike","theMarked:EnhancedHearing","theMarked:Polarize"],"picked":"SKIP","floor":41},{"not_picked":["theMarked:EnhanceMovement","theMarked:MaelstromOfLightning"],"picked":"theMarked:EternalStudent","floor":42},{"not_picked":["theMarked:ShockingTouch","theMarked:ReduceFriction"],"picked":"theMarked:TwofoldDefense+1","floor":43}],"player_experience":832634,"relics_obtained":[{"floor":5.0,"key":"Oddly Smooth Stone"},{"floor":6.0,"key":"Omamori"},{"floor":8.0,"key":"conspire:BottledYoYo"},{"floor":9.0,"key":"infinitespire:EmpoweringShard"},{"floor":22.0,"key":"Ring of Misfortune"},{"floor":22.0,"key":"ReplayTheSpireMod:Ring of Collecting"},{"floor":28.0,"key":"Smiling Mask"},{"floor":42,"key":"infinitespire:BottledMercury"}],"event_choices":[{"damage_healed":0.0,"max_hp_gain":0.0,"max_hp_loss":0.0,"gold_gain":0.0,"event_name":"Dead Adventurer","player_choice":"Searched \u00271\u0027 times","floor":8.0,"gold_loss":0.0,"damage_taken":0.0},{"damage_healed":0.0,"max_hp_gain":72.0,"max_hp_loss":14.0,"gold_gain":0.0,"event_name":"betterAltar:BetterAltar","player_choice":" Idol Vial ","floor":19.0,"potions_obtained":[],"relics_lost":[],"gold_loss":0.0,"damage_taken":58.0,"relics_obtained":["Bloody Idol","Blood Vial"]},{"damage_healed":0.0,"max_hp_gain":0.0,"max_hp_loss":0.0,"gold_gain":0.0,"event_name":"Vampires","player_choice":"Became a vampire (Vial)","floor":33.0,"relics_lost":["Blood Vial"],"gold_loss":0.0,"damage_taken":0.0,"cards_obtained":["Bite","Bite","Bite","Bite","Bite"]}],"is_beta":false,"boss_relics":[{"not_picked":["SlaversCollar","Sozu"],"picked":"Tiny House"},{"not_picked":["hubris:RunicObelisk","conspire:SeveredTorchhead"],"picked":"Astrolabe"}],"items_purged_floors":[],"is_endless":false,"potions_floor_spawned":[2,4,8,10,14,26,29,32,37,43],"killed_by":"Nightmare","ascension_level":0}}