{"host":"rolltorest","time":1609287870,"event":{"mods":["BaseMod","Downfall","Minty Spire (QoL Compilation)","StSLib"],"gold_per_floor":[99,115,129,139,239,251,251,176,211,211,246,246,266,335,346,448,448,373,391,491,170,170,182,182,195,222,232,157,157,157,188,207,312,312,312,328,328,344,118,132,132,132,162,62,26,26,46,78,88,88,88,116,54,54,54],"floor_reached":56,"playtime":1977,"items_purged":["Pride","champ:Strike","Parasite"],"score":1497,"play_id":"5568c677-5463-4238-9c4e-105fcb1b6fef","local_time":"20201229162430","is_ascension_mode":true,"campfire_choices":[{"floor":1,"key":"RECALL"},{"data":"champ:Taunt","floor":8,"key":"SMITH"},{"data":"champ:GutPunch","floor":10,"key":"SMITH"},{"data":"champ:RecklessLeap","floor":18,"key":"SMITH"},{"data":"champ:TornadoPunch","floor":28,"key":"SMITH"},{"floor":30,"key":"REST"},{"data":"champ:Encircle","floor":35,"key":"SMITH"},{"data":"champ:BringItOn","floor":42,"key":"SMITH"},{"data":"champ:FanOfKnives","floor":46,"key":"SMITH"},{"floor":54,"key":"REST"}],"circlet_count":0,"master_deck":["champ:Strike","champ:Strike","champ:Defend","champ:Defend","champ:Defend","champ:Execute","champ:Taunt+1","champ:RecklessLeap+1","champ:GutPunch+1","champ:FlashCut","champ:Haymaker","champ:Backstep","champ:PerfectForm+1","champ:TornadoPunch+1","champ:BerserkerStyle+1","champ:Improvising+1","champ:IronFortress+1","champ:CheapShot","champ:Encircle+1","champ:StrikeOfGenius+1","champ:RisingSlash+1","expansioncontent:ChargeUp","champ:BringItOn+1","champ:Devastate","champ:FanOfKnives+1","champ:HeavySlash","champ:SteelEdge","champ:GladiatorStyle+1"],"relics":["Empty Cage","Vajra","downfall:HeartBlessingRed","Frozen Egg 2","PreservedInsect","The Courier","Snecko Eye","downfall:HeartBlessingGreen","hexamod:BolsterEngine","Orichalcum","downfall:HeartBlessingBlue","Tiny Chest","Cursed Key","HandDrill","Ice Cream","Shuriken","Lizard Tail","Omamori","Toy Ornithopter"],"acts_visited":["Exordium","TheCity","TheBeyond","TheEnding"],"potions_floor_usage":[11,25,33,33,50,50,50,50],"damage_taken":[{"damage":5,"enemies":"Cultist","floor":2,"turns":4},{"damage":17,"enemies":"Jaw Worm","floor":3,"turns":3},{"damage":26,"enemies":"Small Slimes","floor":4,"turns":3},{"damage":26,"enemies":"Blue Slaver","floor":6,"turns":4},{"damage":49,"enemies":"Lagavulin","floor":9,"turns":5},{"damage":38,"enemies":"3 Sentries","floor":11,"turns":3},{"damage":31,"enemies":"Exordium Thugs","floor":13,"turns":3},{"damage":15,"enemies":"Large Slime","floor":15,"turns":2},{"damage":41,"enemies":"downfall:Watcher","floor":16,"turns":8},{"damage":60,"enemies":"Shell Parasite","floor":19,"turns":3},{"damage":10,"enemies":"downfall:FleeingMerchant","floor":21,"turns":4},{"damage":29,"enemies":"Chosen","floor":23,"turns":3},{"damage":43,"enemies":"3 Cultists","floor":25,"turns":2},{"damage":41,"enemies":"Slavers","floor":26,"turns":2},{"damage":14,"enemies":"Cultist and Chosen","floor":27,"turns":5},{"damage":44,"enemies":"Book of Stabbing","floor":31,"turns":4},{"damage":44,"enemies":"Centurion and Healer","floor":32,"turns":4},{"damage":62,"enemies":"downfall:Ironclad","floor":33,"turns":3},{"damage":25,"enemies":"3 Darklings","floor":36,"turns":3},{"damage":29,"enemies":"Orb Walker","floor":38,"turns":3},{"damage":61,"enemies":"downfall:FleeingMerchant","floor":39,"turns":4},{"damage":58,"enemies":"3 Darklings","floor":40,"turns":3},{"damage":73,"enemies":"Giant Head","floor":43,"turns":5},{"damage":34,"enemies":"Transient","floor":47,"turns":5},{"damage":36,"enemies":"Reptomancer","floor":48,"turns":4},{"damage":53,"enemies":"Jaw Worm Horde","floor":49,"turns":2},{"damage":49,"enemies":"downfall:Defect","floor":50,"turns":4},{"damage":77,"enemies":"downfall:CharBossMerchant","floor":52,"turns":4},{"damage":120,"enemies":"downfall:NeowBoss","floor":55,"turns":14}],"seed_played":"-3165493317900496825","potions_obtained":[{"floor":3,"key":"Weak Potion"},{"floor":4,"key":"AttackPotion"},{"floor":9,"key":"sneckomod:MuddlingPotion"},{"floor":13,"key":"SmokeBomb"},{"floor":15,"key":"Fruit Juice"},{"floor":25,"key":"Swift Potion"},{"floor":27,"key":"FairyPotion"},{"floor":33,"key":"EntropicBrew"},{"floor":37,"key":"FearPotion"},{"floor":37,"key":"LiquidBronze"},{"floor":52,"key":"Fire Potion"}],"is_trial":false,"path_per_floor":["R","M","M","M","?","M","T","R","E","R","E","?","M","T","M","B",null,"R","M","?","$","?","M","T","M","E","M","R","?","R","E","M","B",null,"R","M","?","M","$","M","T","R","E","$","$","R","M","E","M","B",null,"E","$","R","B",null],"character_chosen":"THE_CHAMP","items_purchased":["champ:Improvising+1","hexamod:BolsterEngine","HandDrill","Ice Cream","expansioncontent:ChargeUp","champ:BringItOn","champ:FanOfKnives","champ:GladiatorStyle+1"],"campfire_rested":2,"item_purchase_floors":[21,21,39,39,39,39,45,53],"current_hp_per_floor":[90,90,88,80,80,72,72,72,48,48,38,68,57,57,57,31,90,90,63,63,63,63,61,61,66,50,36,46,46,77,65,53,72,105,105,102,102,85,78,70,70,70,63,63,63,63,62,51,41,83,102,77,77,102,81],"gold":54,"neow_bonus":"BOSS_RELIC","is_daily":false,"chose_seed":false,"campfire_upgraded":7,"win_rate":0.0,"timestamp":1609287870,"path_taken":["R","M","M","?","?","M","T","R","E","R","E","?","M","?","M","BOSS","R","M","?","$","?","M","T","M","E","M","R","?","R","E","M","BOSS","R","M","?","M","$","M","T","R","E","?","$","R","M","E","M","BOSS","E","$","R","BOSS"],"items_purchased_type":["Card","Relic","Relic","Relic","Card","Card","Card","Card"],"build_version":"2020-12-18","purchased_purges":3,"victory":true,"max_hp_per_floor":[90,90,90,90,90,90,90,90,90,90,90,90,90,90,90,90,90,90,90,90,90,90,90,90,95,95,95,105,105,105,105,105,105,105,105,105,105,105,105,105,105,105,105,102,102,102,102,102,102,102,102,102,102,102,102],"card_choices":[{"not_picked":["champ:BladeFlurry","champ:HeartStrike"],"picked":"champ:RecklessLeap","floor":2},{"not_picked":["champ:FocusedDefense","champ:Control"],"picked":"champ:GutPunch","floor":3},{"not_picked":["champ:EnragedBash","champ:PerfectedStrike"],"picked":"champ:FlashCut","floor":4},{"not_picked":["champ:Riposte","champ:EnragedBash","champ:BerserkersShout"],"picked":"SKIP","floor":6},{"not_picked":["champ:PerfectedStrike","champ:PreciseThrust","champ:EnchantShield"],"picked":"SKIP","floor":9},{"not_picked":["champ:StanceDance","champ:PerfectedStrike","champ:SwordSigil"],"picked":"SKIP","floor":11},{"not_picked":["champ:Control","champ:RageSigil"],"picked":"champ:Haymaker","floor":13},{"not_picked":["champ:CalledShot+1","champ:StanceDance"],"picked":"champ:Backstep","floor":15},{"not_picked":["champ:LastStand+1","champ:EnchantSword"],"picked":"champ:PerfectForm+1","floor":16},{"not_picked":["champ:Haymaker","champ:EndlessRage+1"],"picked":"champ:TornadoPunch","floor":19},{"not_picked":["champ:BringItOn+1","champ:ShieldSigil"],"picked":"champ:BerserkerStyle+1","floor":21},{"not_picked":["champ:AdrenalArmor","champ:FlashCut"],"picked":"champ:IronFortress+1","floor":23},{"not_picked":["champ:EndlessRage+1","champ:BerserkerStyle+1","champ:Riposte"],"picked":"SKIP","floor":25},{"not_picked":["champ:TornadoPunch","champ:FlashCut+1","champ:ShieldWall+1"],"picked":"SKIP","floor":26},{"not_picked":["champ:BerserkersShout","champ:EnragedBash"],"picked":"champ:CheapShot","floor":27},{"not_picked":["champ:HeartStrike+1","champ:GutPunch","champ:EnchantShield"],"picked":"SKIP","floor":31},{"not_picked":["champ:EnragedBash","champ:Circumvent"],"picked":"champ:Encircle","floor":32},{"not_picked":["champ:EnchantShield","champ:EnchantCrown"],"picked":"champ:StrikeOfGenius+1","floor":33},{"not_picked":["champ:RageSigil","champ:FocusedBerserking+1"],"picked":"champ:RisingSlash+1","floor":36},{"not_picked":["champ:RageSigil","champ:EnragedBash+1","champ:FocusedBerserking+1"],"picked":"SKIP","floor":38},{"not_picked":["champ:Lariat+1","champ:Haymaker","champ:Circumvent"],"picked":"SKIP","floor":39},{"not_picked":["champ:Aggression","champ:RageSigil","champ:RisingSlash"],"picked":"SKIP","floor":40},{"not_picked":["champ:BringItOn+1","champ:FocusedBerserking"],"picked":"champ:Devastate","floor":43},{"not_picked":["champ:IronFortress+1","champ:Backstep+1","champ:AdrenalArmor"],"picked":"SKIP","floor":47},{"not_picked":["champ:IronFortress+1","champ:PerfectedStrike"],"picked":"champ:HeavySlash","floor":48},{"not_picked":["champ:FlashCut+1","champ:RisingSlash+1","champ:ShieldSigil"],"picked":"SKIP","floor":49},{"not_picked":["champ:DeathBlow","champ:Circumvent"],"picked":"champ:SteelEdge","floor":52}],"player_experience":1838882,"relics_obtained":[{"floor":7,"key":"Vajra"},{"floor":9,"key":"Frozen Egg 2"},{"floor":11,"key":"PreservedInsect"},{"floor":14,"key":"The Courier"},{"floor":26,"key":"Orichalcum"},{"floor":31,"key":"Tiny Chest"},{"floor":41,"key":"Shuriken"},{"floor":43,"key":"Lizard Tail"},{"floor":48,"key":"Omamori"},{"floor":52,"key":"Toy Ornithopter"}],"event_choices":[{"damage_healed":30,"gold_gain":0,"player_choice":"Banana","damage_taken":0,"max_hp_gain":0,"max_hp_loss":0,"event_name":"Big Fish","floor":12,"gold_loss":0},{"damage_healed":0,"gold_gain":0,"player_choice":"Ignored","damage_taken":0,"max_hp_gain":0,"max_hp_loss":0,"event_name":"Vampires","floor":22,"gold_loss":0},{"damage_healed":0,"gold_gain":0,"player_choice":"Got Potions","damage_taken":0,"max_hp_gain":0,"max_hp_loss":0,"event_name":"Lab","floor":37,"gold_loss":0}],"is_beta":true,"boss_relics":[{"not_picked":["SacredBark","Astrolabe"],"picked":"Snecko Eye"},{"not_picked":["Runic Pyramid","Black Star"],"picked":"Cursed Key"}],"items_purged_floors":[21,39,44],"is_endless":false,"potions_floor_spawned":[3,4,9,13,15,25,27,31,33,38,47,48,52],"ascension_level":3}}