{"host":"645xqr9rkj71uhiq","time":1609358431,"event":{"mods":["AchievementEnabler","Act Like it!","BaseMod","Beaked The Cultist","Better Altar","Better Third Choice","BetterRewards","Card Forge","Colored Map","Conspire","Downfall","Hallownest","Hermit","Hubris","Infinite Spire","Lobotomy","Minty Spire (QoL Compilation)","Rare Cards Sparkle","Replay The Spire","Spicy Shops","Spikes Relics","StSLib","The Bug Knight","The Hierophant"],"gold_per_floor":[109,119,129,145,145,177,193,220,220,255,255,268,268,283,283,380,380,392,392,392,392,412,412,447,295,295,323,334,334,346,346,346,441,441,461,461,476,492,509,534,311,311,311,311,311,343,5,20,20,20],"floor_reached":51,"playtime":2763,"items_purged":["Decay","Strike_R"],"score":866,"play_id":"42d69fb6-79a5-43b2-9751-ae441a61f2b2","local_time":"20201230150031","is_ascension_mode":true,"campfire_choices":[{"data":"Armaments","floor":13,"key":"SMITH"},{"data":"Fire Breathing","floor":15,"key":"SMITH"},{"data":"Bash","floor":23,"key":"SMITH"},{"data":"Shrug It Off","floor":32,"key":"SMITH"},{"data":"Berserk","floor":45,"key":"SMITH"},{"floor":49,"key":"REST"}],"circlet_count":0,"master_deck":["Strike_R","Strike_R","Defend_R","Defend_R","Defend_R","Defend_R","Bash+1","Wild Strike+1","Headbutt","Shrug It Off+1","Armaments+1","Wild Strike+1","infinitespire:Starlight+1","hubris:DuctTapeCard","Power Through+1","Wild Strike+1","Berserk+1","Wild Strike+1","Metallicize","Wild Strike+1","Shockwave"],"relics":["Burning Blood","Hammer of Thor","Seething Fire","Anvil of the Gods","infinitespire:Satchel","ReplayFunnel","Mirror","Nunchaku","hubris:ToyBattleship","conspire:RunicOctahedron","betterThird:NestCultRelic","Iron Hammer","DollysMirror","hubris:DuctTape","Ornamental Fan","Sozu","Replay:Bottled Eggs","Juzu Bracelet","Counterbalance","hubris:FunFungus","Replay:Lucky Slots","Happy Flower"],"acts_visited":["Exordium","TheCity","TheBeyond"],"potions_floor_usage":[8,10,16,24,24,33,37,38,38],"damage_taken":[{"damage":5,"enemies":"Small Slimes","floor":1,"turns":4},{"damage":3,"enemies":"2 Louse","floor":2,"turns":3},{"damage":1,"enemies":"Cultist","floor":3,"turns":3},{"damage":12,"enemies":"conspire:2 RoseBushes","floor":4,"turns":5},{"damage":0,"enemies":"HollowMod:MossKnight","floor":6,"turns":6},{"damage":18,"enemies":"Large Slime","floor":7,"turns":4},{"damage":7,"enemies":"Replay:BlueRogue","floor":8,"turns":6},{"damage":28,"enemies":"Gremlin Nob","floor":10,"turns":4},{"damage":6,"enemies":"Looter","floor":12,"turns":3},{"damage":1,"enemies":"Red Slaver","floor":14,"turns":4},{"damage":30,"enemies":"The Guardian","floor":16,"turns":8},{"damage":23,"enemies":"2 Thieves","floor":18,"turns":4},{"damage":10,"enemies":"3 Byrds","floor":22,"turns":5},{"damage":15,"enemies":"Gremlin Leader","floor":24,"turns":6},{"damage":27,"enemies":"HollowMod:Nosk","floor":27,"turns":6},{"damage":21,"enemies":"Centurion and Healer","floor":28,"turns":5},{"damage":15,"enemies":"3 Cultists","floor":30,"turns":5},{"damage":23,"enemies":"Collector","floor":33,"turns":7},{"damage":0,"enemies":"3 Shapes","floor":35,"turns":5},{"damage":26,"enemies":"3 Darklings","floor":37,"turns":5},{"damage":41,"enemies":"Transient","floor":38,"turns":5},{"damage":18,"enemies":"Maw","floor":39,"turns":7},{"damage":25,"enemies":"Giant Head","floor":40,"turns":7},{"damage":34,"enemies":"Nemesis","floor":46,"turns":5},{"damage":25,"enemies":"4 Shapes","floor":48,"turns":4},{"damage":19,"enemies":"Donu and Deca","floor":50,"turns":6}],"seed_played":"-8288506515428563191","potions_obtained":[{"floor":3,"key":"EntropicBrew"},{"floor":4,"key":"Fire Potion"},{"floor":7,"key":"Fruit Juice"},{"floor":8,"key":"Fire Potion"},{"floor":14,"key":"Fire Potion"},{"floor":22,"key":"ColorlessPotion"},{"floor":28,"key":"Swift Potion"},{"floor":30,"key":"SpeedPotion"},{"floor":33,"key":"FearPotion"}],"is_trial":false,"path_per_floor":["M","M","M","M","?","E","M","E","T","E","?","M","R","M","R","B",null,"M","?","?","?","M","R","E","$","T","E","M","?","M","?","R","B",null,"M","?","M","M","M","E","$","?","T","?","R","E","$","M","R","B",null],"character_chosen":"IRONCLAD","items_purchased":["DollysMirror","Juzu Bracelet","Replay:Lucky Slots","Happy Flower"],"campfire_rested":1,"item_purchase_floors":[25,41,47,47],"current_hp_per_floor":[80,80,80,74,74,80,68,72,72,50,50,50,50,55,55,31,85,68,46,46,46,57,57,63,63,63,57,57,57,63,63,63,61,85,85,85,80,45,48,44,44,44,44,44,44,31,31,30,55,63],"gold":20,"neow_bonus":"RANDOM_COMMON_RELIC","is_daily":false,"chose_seed":false,"campfire_upgraded":5,"win_rate":0.0,"timestamp":1609358431,"path_taken":["M","M","M","M","?","E","M","E","T","E","?","?","R","M","R","BOSS","M","?","?","?","M","R","E","$","T","E","?","?","M","?","R","BOSS","M","?","M","M","M","E","?","?","T","?","R","E","$","M","R","BOSS"],"items_purchased_type":["Relic","Relic","Relic","Relic"],"build_version":"2020-12-22","purchased_purges":2,"victory":true,"max_hp_per_floor":[80,80,80,80,80,80,80,85,85,85,85,85,85,85,85,85,85,85,85,85,85,85,85,85,85,85,85,85,85,85,85,85,85,85,85,85,85,85,85,85,85,85,85,85,85,85,85,85,85,85],"card_choices":[{"not_picked":["ReplayTheSpireMod:Strike From Hell","Thunderclap"],"picked":"Wild Strike","floor":1},{"not_picked":["Abandon","Cleave"],"picked":"Fire Breathing","floor":2},{"not_picked":["Heavy Blade","Body Slam","hubris:StunningStrike"],"picked":"SKIP","floor":3},{"not_picked":["Twin Strike","Sword Boomerang"],"picked":"Headbutt","floor":4},{"not_picked":["Cleave","Pommel Strike"],"picked":"Shrug It Off","floor":6},{"not_picked":["Sword Boomerang","Shrug It Off","True Grit"],"picked":"SKIP","floor":7},{"not_picked":["Anger","conspire:ExplosiveBarrier","Juggernaut"],"picked":"SKIP","floor":8},{"not_picked":["Body Slam","Pommel Strike","Entrench"],"picked":"SKIP","floor":10},{"not_picked":["Pommel Strike","Hemokinesis"],"picked":"Armaments","floor":12},{"not_picked":["Whirlwind","Anger"],"picked":"Wild Strike","floor":14},{"not_picked":["Run Through","Replay:Undeath\u0027s Touch+1","Thunderclap"],"picked":"SKIP","floor":18},{"not_picked":["hubris:Rewind","infinitespire:Fortify"],"picked":"infinitespire:Starlight","floor":19},{"not_picked":["Abandon","hubris:SharpeningStone","Armaments"],"picked":"SKIP","floor":22},{"not_picked":["ReplayTheSpireMod:Stacked","Hemokinesis","Life Link"],"picked":"SKIP","floor":24},{"not_picked":["conspire:ExplosiveBarrier","Blood for Blood+1"],"picked":"Power Through+1","floor":27},{"not_picked":["True Grit","Headbutt","Armaments"],"picked":"SKIP","floor":28},{"not_picked":["Whirlwind+1","Ghostly Armor"],"picked":"Wild Strike","floor":30},{"not_picked":["Limit Break","Double Tap"],"picked":"Berserk","floor":33},{"not_picked":["Intimidate+1","Body Slam+1","Wild Strike"],"picked":"SKIP","floor":35},{"not_picked":["Intimidate+1","Body Slam+1"],"picked":"Wild Strike","floor":35},{"not_picked":["ReplayTheSpireMod:Strike From Hell","Entrench+1","Dropkick"],"picked":"SKIP","floor":37},{"not_picked":["Cleave+1","hubris:CleavingFinish"],"picked":"Metallicize","floor":38},{"not_picked":["Clothesline+1","Heavy Blade+1"],"picked":"Warcry+1","floor":39},{"not_picked":["Pummel+1","Twin Strike"],"picked":"Wild Strike","floor":40},{"not_picked":["Corruption","ReplayTheSpireMod:Corrosion Curse"],"picked":"Shockwave","floor":46},{"not_picked":["hubris:CleavingFinish","Spot Weakness+1","Warcry"],"picked":"SKIP","floor":48}],"player_experience":10294,"relics_obtained":[{"floor":6,"key":"ReplayFunnel"},{"floor":8,"key":"Mirror"},{"floor":9,"key":"Nunchaku"},{"floor":10,"key":"hubris:ToyBattleship"},{"floor":24,"key":"Iron Hammer"},{"floor":26,"key":"hubris:DuctTape"},{"floor":27,"key":"Ornamental Fan"},{"floor":40,"key":"Replay:Bottled Eggs"},{"floor":43,"key":"Counterbalance"},{"floor":46,"key":"hubris:FunFungus"}],"event_choices":[{"cards_removed":["Strike_R"],"damage_healed":0,"gold_gain":0,"player_choice":"Purged","damage_taken":0,"max_hp_gain":0,"max_hp_loss":0,"event_name":"Purifier","floor":11,"gold_loss":0},{"damage_healed":0,"gold_gain":0,"player_choice":"Madness","damage_taken":0,"relics_obtained":["betterThird:NestCultRelic"],"max_hp_gain":0,"max_hp_loss":0,"event_name":"betterThird:BetterNest","floor":20,"gold_loss":0},{"damage_healed":0,"gold_gain":0,"player_choice":"Upgraded","damage_taken":0,"max_hp_gain":0,"max_hp_loss":0,"event_name":"Upgrade Shrine","floor":21,"gold_loss":0,"cards_upgraded":["infinitespire:Starlight"]},{"damage_healed":0,"gold_gain":0,"player_choice":"Ignored","damage_taken":0,"max_hp_gain":0,"max_hp_loss":0,"event_name":"Vampires","floor":29,"gold_loss":0},{"cards_removed":["Strike_R"],"damage_healed":0,"gold_gain":0,"player_choice":"Elegance","damage_taken":0,"max_hp_gain":0,"max_hp_loss":0,"event_name":"betterThird:BetterWriting","floor":31,"gold_loss":0},{"damage_healed":0,"gold_gain":0,"player_choice":"Cursed","damage_taken":0,"max_hp_gain":0,"max_hp_loss":0,"event_name":"Wheel of Change","floor":36,"gold_loss":0,"cards_obtained":["Decay"]},{"cards_removed":["Warcry"],"damage_healed":0,"gold_gain":0,"player_choice":"Removed Skill","damage_taken":0,"max_hp_gain":0,"max_hp_loss":0,"event_name":"Falling","floor":42,"gold_loss":0},{"damage_healed":0,"gold_gain":0,"player_choice":"Ignored","damage_taken":0,"max_hp_gain":0,"max_hp_loss":0,"event_name":"Tomb of Lord Red Mask","floor":44,"gold_loss":0}],"is_beta":false,"boss_relics":[{"not_picked":["Replay:Wanted Poster","hubris:Stopwatch"],"picked":"conspire:RunicOctahedron"},{"not_picked":["conspire:SeveredTorchhead","SacredBark"],"picked":"Sozu"}],"items_purged_floors":[41,47],"is_endless":false,"potions_floor_spawned":[3,4,7,8,14,22,28,30,33,40,46],"ascension_level":2}}