{"host":"qwttrqaysb380yri","time":1609333816,"event":{"mods":["BaseMod","Custom Start","Minty Spire (QoL Compilation)","Permanent Neow","Puzzle Mod","Relic Stats","StSLib","The Cursed","The Hierophant"],"gold_per_floor":[113,131,167,167,115,115,171,189,268,264,229,259,284,285,285,278,278,262,254,254,249,276,276,257,257],"floor_reached":24,"playtime":908,"items_purged":[],"score":466,"play_id":"7b5ed5ad-8b41-4fcc-b79c-cf3435badcec","local_time":"20201230141016","is_ascension_mode":true,"campfire_choices":[{"data":"hierophant:RustyCrate","floor":6,"key":"SMITH"},{"floor":15,"key":"REST"},{"floor":23,"key":"REST"}],"circlet_count":0,"master_deck":["AscendersBane","hierophant:Strike_Hierophant","hierophant:Strike_Hierophant","hierophant:Strike_Hierophant","hierophant:Strike_Hierophant","hierophant:Punish","hierophant:Defend_Hierophant","hierophant:Defend_Hierophant","hierophant:Defend_Hierophant","hierophant:Defend_Hierophant","hierophant:ChurchCoffers+1","hierophant:AuricBeam","hierophant:RustyCrate+1","hierophant:Doubloon+1","hierophant:Doubloon+1","hierophant:Doubloon+1","hierophant:CoinFling","hierophant:FieryStrike","hierophant:ThreeLashes","hierophant:Mercenaries","hierophant:SealAway","hierophant:Shelter","hierophant:MintersHammer","hierophant:HammerAndAnvil","hierophant:AuricBeam"],"relics":["hierophant:PropheticMaskRelic","Dead Branch","Bottled Lightning","Tiny Chest","Incense Burner","Philosopher\u0027s Stone","Nloth\u0027s Gift","Dream Catcher"],"acts_visited":["Exordium","TheCity"],"potions_floor_usage":[7,8,13,16,16,21],"damage_taken":[{"damage":2,"enemies":"Jaw Worm","floor":1,"turns":3},{"damage":0,"enemies":"Small Slimes","floor":2,"turns":3},{"damage":4,"enemies":"2 Louse","floor":3,"turns":3},{"damage":13,"enemies":"Exordium Thugs","floor":7,"turns":4},{"damage":15,"enemies":"3 Sentries","floor":8,"turns":4},{"damage":0,"enemies":"Lagavulin","floor":10,"turns":2},{"damage":17,"enemies":"Exordium Wildlife","floor":13,"turns":3},{"damage":0,"enemies":"3 Sentries","floor":14,"turns":4},{"damage":43,"enemies":"The Guardian","floor":16,"turns":8},{"damage":11,"enemies":"3 Byrds","floor":18,"turns":5},{"damage":0,"enemies":"Chosen","floor":19,"turns":1},{"damage":34,"enemies":"Snake Plant","floor":21,"turns":4},{"damage":49,"enemies":"Gremlin Leader","floor":24,"turns":5}],"seed_played":"-7569083335049020635","potions_obtained":[{"floor":1,"key":"DistilledChaos"},{"floor":3,"key":"LiquidBronze"},{"floor":7,"key":"DuplicationPotion"},{"floor":10,"key":"Energy Potion"},{"floor":13,"key":"Energy Potion"},{"floor":19,"key":"Regen Potion"}],"is_trial":false,"path_per_floor":["M","M","M","?","$","R","M","E","T","E","?","?","M","E","R","B",null,"M","M","?","M","T","R","E"],"character_chosen":"HIEROPHANT","items_purchased":["hierophant:FieryStrike"],"campfire_rested":2,"item_purchase_floors":[5],"current_hp_per_floor":[66,66,62,51,51,51,38,23,23,23,41,41,24,24,46,3,57,46,46,46,24,24,46,0,0],"gold":257,"neow_bonus":"UPGRADE_CARD","is_daily":false,"chose_seed":false,"campfire_upgraded":1,"win_rate":0.0,"timestamp":1609333816,"path_taken":["M","M","M","?","$","R","M","E","T","E","?","?","M","E","R","BOSS","M","M","?","M","?","R","E"],"items_purchased_type":["Card"],"build_version":"2020-12-22","purchased_purges":0,"victory":false,"max_hp_per_floor":[75,75,75,75,75,75,75,75,75,75,75,75,75,75,75,75,75,75,75,75,75,75,75,75,75],"relic_stats":{"Dream Catcher":1,"counters":[13,49],"Dead Branch":[29],"Tiny Chest":1,"Nloth\u0027s Gift":1,"obtain_stats":[{"Dream Catcher":22,"hierophant:PropheticMaskRelic":0,"Dead Branch":4,"Tiny Chest":10,"Philosopher\u0027s Stone":17,"Bag of Preparation":8,"Incense Burner":14,"Nloth\u0027s Gift":20,"Bottled Lightning":9},{"Dream Catcher":12,"hierophant:PropheticMaskRelic":0,"Dead Branch":3,"Tiny Chest":6,"Philosopher\u0027s Stone":9,"Bag of Preparation":5,"Incense Burner":8,"Nloth\u0027s Gift":11,"Bottled Lightning":5},{"Dream Catcher":44,"hierophant:PropheticMaskRelic":0,"Dead Branch":9,"Tiny Chest":19,"Philosopher\u0027s Stone":34,"Bag of Preparation":17,"Incense Burner":26,"Nloth\u0027s Gift":40,"Bottled Lightning":17}]},"card_choices":[{"not_picked":["hierophant:Repentance","hierophant:Patience"],"picked":"hierophant:AuricBeam","floor":1},{"not_picked":["hierophant:DisplayOfPower","hierophant:HolyVerse"],"picked":"hierophant:RustyCrate","floor":2},{"not_picked":["hierophant:HolyVerse","hierophant:Flagellation"],"picked":"hierophant:CoinFling","floor":3},{"not_picked":["hierophant:Martyrdom","hierophant:RepressedViolence"],"picked":"hierophant:ThreeLashes","floor":7},{"not_picked":["hierophant:Dazzle","hierophant:Endure"],"picked":"hierophant:Mercenaries","floor":8},{"not_picked":["hierophant:PassingBell","hierophant:AuricForm"],"picked":"hierophant:SealAway","floor":10},{"not_picked":["hierophant:RustyCrate","hierophant:Doubloon"],"picked":"hierophant:Shelter","floor":13},{"not_picked":["hierophant:FaithHealing","hierophant:Rebuild","hierophant:Flagellation"],"picked":"SKIP","floor":14},{"not_picked":["hierophant:Determination","hierophant:AuricForm"],"picked":"hierophant:MintersHammer","floor":16},{"not_picked":["hierophant:FieryStrike","hierophant:CoinFling","hierophant:RepressedViolence"],"picked":"SKIP","floor":18},{"not_picked":["hierophant:Shelter","hierophant:Zeal"],"picked":"hierophant:HammerAndAnvil","floor":19},{"not_picked":["hierophant:Martyrdom","hierophant:Upheaval","hierophant:Invocation"],"picked":"SKIP","floor":21},{"not_picked":["hierophant:HammerAndAnvil","hierophant:FlamingChariot"],"picked":"hierophant:AuricBeam","floor":23}],"player_experience":1956997,"relics_obtained":[{"floor":8,"key":"Bag of Preparation"},{"floor":9,"key":"Bottled Lightning"},{"floor":10,"key":"Tiny Chest"},{"floor":14,"key":"Incense Burner"},{"floor":22,"key":"Dream Catcher"}],"event_choices":[{"damage_healed":0,"gold_gain":0,"player_choice":"Success","damage_taken":11,"relics_obtained":["Dead Branch"],"max_hp_gain":0,"max_hp_loss":0,"event_name":"Scrap Ooze","floor":4,"gold_loss":0},{"damage_healed":18,"gold_gain":0,"player_choice":"Healed","damage_taken":0,"max_hp_gain":0,"max_hp_loss":0,"event_name":"The Cleric","floor":11,"gold_loss":35},{"damage_healed":0,"gold_gain":30,"player_choice":"Searched \u00272\u0027 times","damage_taken":0,"max_hp_gain":0,"max_hp_loss":0,"event_name":"Dead Adventurer","floor":12,"gold_loss":0},{"damage_healed":0,"gold_gain":30,"player_choice":"Searched \u00272\u0027 times","damage_taken":0,"max_hp_gain":0,"max_hp_loss":0,"event_name":"Dead Adventurer","floor":12,"gold_loss":0},{"damage_healed":0,"gold_gain":0,"player_choice":"Traded Relic","damage_taken":0,"relics_obtained":["Nloth\u0027s Gift"],"max_hp_gain":0,"max_hp_loss":0,"event_name":"N\u0027loth","floor":20,"relics_lost":["Bag of Preparation"],"gold_loss":0}],"is_beta":false,"boss_relics":[{"not_picked":["Snecko Eye","Tiny House"],"picked":"Philosopher\u0027s Stone"}],"items_purged_floors":[],"is_endless":false,"potions_floor_spawned":[1,3,7,10,13,19],"killed_by":"Gremlin Leader","ascension_level":15}}