{"host":"¿à÷økuyou","time":1609309903,"event":{"mods":["ATMod(°¢èªMod)","Act Like it!","BaseMod","Minty Spire (QoL Compilation)","Pale of the Ancients","Quick Restart","StSLib"],"gold_per_floor":[116,116,116,116,132,165,165,203,258,273,223,74,74,115,115,245,245,265,180,280,294,314,355,355,379,379,379,66,191,231,264,264,385,385,404,420,753,128,128,163,183,196,222,254,304,331,134,145,145,145,145,145,2,30,30],"floor_reached":56,"playtime":2359,"items_purged":["Strike_B","Doom and Gloom","Reprogram"],"score":1830,"play_id":"60204ef7-2d40-4a09-b82a-e04573aa06ca","local_time":"20201230143143","is_ascension_mode":true,"campfire_choices":[{"data":"AT_ThunderBolt","floor":7.0,"key":"SMITH"},{"data":"Dualcast","floor":15.0,"key":"SMITH"},{"data":"Self Repair","floor":24.0,"key":"SMITH"},{"data":"Heatsinks","floor":27.0,"key":"SMITH"},{"floor":32.0,"key":"RECALL"},{"data":"Capacitor","floor":49,"key":"SMITH"},{"data":"AT_ThreeBodyProblem","floor":52,"key":"SMITH"}],"circlet_count":0,"master_deck":["Zap","Dualcast+1","AT_WaterDrop","Hologram","AT_ThunderBolt+1","Sunder+1","Self Repair+1","AT_ThreeBodyProblem+1","Seek","Heatsinks+1","Cold Snap+1","Storm","Turbo+1","Static Discharge+1","Meteor Strike","AT_EMC2+1","FTL","Doom and Gloom","Creative AI","Force Field+1","Capacitor+1","Glacier+1","AT_EMC2+1","Amplify+1","AT_StudyProgram","Hologram+1"],"relics":["Cracked Core","AT_ATBox","NeowsBlessing","Whetstone","White Beast Statue","Toy Ornithopter","Runic Capacitor","Akabeko","AT_TrinityForce","Shuriken","Oddly Smooth Stone","AT_ImmortalShieldbow","Toxic Egg 2","StoneCalendar","Bottled Tornado","Red Mask","Vajra","Pandora\u0027s Box","OrangePellets","CaptainsWheel","AT_SunfireAegis","Blue Candle","TungstenRod","Mercury Hourglass","DataDisk","Pen Nib"],"acts_visited":["Exordium","TheCity","TheBeyond","TheEnding"],"potions_floor_usage":[40,45,54,55,55],"damage_taken":[{"damage":0.0,"enemies":"2 Louse","floor":1.0,"turns":1.0},{"damage":0.0,"enemies":"Small Slimes","floor":5.0,"turns":1.0},{"damage":0.0,"enemies":"Gremlin Nob","floor":6.0,"turns":1.0},{"damage":32.0,"enemies":"Lagavulin","floor":8.0,"turns":7.0},{"damage":0.0,"enemies":"Cultist","floor":10.0,"turns":3.0},{"damage":11.0,"enemies":"Gremlin Nob","floor":14.0,"turns":4.0},{"damage":37.0,"enemies":"Hexaghost","floor":16.0,"turns":13.0},{"damage":8.0,"enemies":"Shell Parasite","floor":18.0,"turns":6.0},{"damage":4.0,"enemies":"Chosen","floor":21.0,"turns":5.0},{"damage":5.0,"enemies":"Centurion and Healer","floor":22.0,"turns":4.0},{"damage":23.0,"enemies":"Book of Stabbing","floor":23.0,"turns":6.0},{"damage":2.0,"enemies":"3 Cultists","floor":25.0,"turns":5.0},{"damage":7.0,"enemies":"Colosseum Slavers","floor":29.0,"turns":2.0},{"damage":29.0,"enemies":"Colosseum Nobs","floor":29.0,"turns":5.0},{"damage":4.0,"enemies":"Masked Bandits","floor":30.0,"turns":3.0},{"damage":18.0,"enemies":"Slavers","floor":31.0,"turns":3.0},{"damage":23.0,"enemies":"Champ","floor":33.0,"turns":6.0},{"damage":8.0,"enemies":"3 Darklings","floor":35.0,"turns":2.0},{"damage":0.0,"enemies":"Orb Walker","floor":36.0,"turns":3.0},{"damage":9,"enemies":"Giant Head","floor":40,"turns":7},{"damage":2,"enemies":"Writhing Mass","floor":41,"turns":3},{"damage":0,"enemies":"Spire Growth","floor":42,"turns":3},{"damage":21,"enemies":"Nemesis","floor":44,"turns":4},{"damage":0,"enemies":"Mind Bloom Boss Battle","floor":45,"turns":3},{"damage":0,"enemies":"Giant Head","floor":46,"turns":8},{"damage":7,"enemies":"Jaw Worm Horde","floor":48,"turns":4},{"damage":22,"enemies":"Donu and Deca","floor":50,"turns":7},{"damage":0,"enemies":"Shield and Spear","floor":54,"turns":4},{"damage":48,"enemies":"The Heart","floor":55,"turns":5}],"seed_played":"7724565854659739877","potions_obtained":[{"floor":1.0,"key":"EssenceOfSteel"},{"floor":8.0,"key":"Strength Potion"},{"floor":10.0,"key":"AttackPotion"},{"floor":14.0,"key":"Fruit Juice"},{"floor":16.0,"key":"GamblersBrew"},{"floor":18.0,"key":"EssenceOfDarkness"},{"floor":21.0,"key":"SteroidPotion"},{"floor":22.0,"key":"FocusPotion"},{"floor":23.0,"key":"ColorlessPotion"},{"floor":25.0,"key":"SkillPotion"},{"floor":29.0,"key":"SteroidPotion"},{"floor":30.0,"key":"Weak Potion"},{"floor":31.0,"key":"PotionOfCapacity"},{"floor":33.0,"key":"SteroidPotion"},{"floor":35.0,"key":"DistilledChaos"},{"floor":36.0,"key":"Swift Potion"},{"floor":40,"key":"LiquidMemories"},{"floor":41,"key":"FairyPotion"},{"floor":45,"key":"PotionOfCapacity"},{"floor":54,"key":"AttackPotion"}],"is_trial":false,"path_per_floor":["M","?","?","?","M","E","R","E","T","M","?","$","?","E","R","B",null,"M","?","?","M","M","E","R","M","T","R","$","?","?","E","R","B",null,"M","M","?","$","?","E","M","M","T","E","?","E","$","M","R","B",null,"R","$","E","B",null],"character_chosen":"DEFECT","items_purchased":["Runic Capacitor","Toxic Egg 2","OrangePellets","Capacitor","CaptainsWheel","AT_StudyProgram","DataDisk"],"campfire_rested":0,"item_purchase_floors":[12,28,38,38,38,47,53],"current_hp_per_floor":[68,68,68,61,61,61,61,29,29,29,29,29,34,45,45,15,63,67,67,67,75,77,66,66,79,79,79,79,65,71,63,63,55,73,79,79,79,79,79,79,79,79,79,68,79,79,79,72,72,60,74,74,74,79,46],"gold":30,"neow_bonus":"THREE_ENEMY_KILL","is_daily":false,"chose_seed":false,"campfire_upgraded":6,"win_rate":0.0,"timestamp":1609309903,"path_taken":["M","?","?","?","M","E","R","E","T","M","?","$","?","E","R","BOSS","M","?","?","M","M","E","R","?","T","R","$","?","?","E","R","BOSS","M","M","?","$","?","E","M","M","T","E","?","E","$","M","R","BOSS","R","$","E","BOSS"],"items_purchased_type":["Relic","Relic","Relic","Card","Relic","Card","Relic"],"build_version":"2020-12-18","purchased_purges":3,"victory":true,"max_hp_per_floor":[75,69,69,69,69,69,69,69,69,69,69,69,74,79,79,79,79,79,79,79,79,79,79,79,79,79,79,79,79,79,79,79,79,79,79,79,79,79,79,79,79,79,79,79,79,79,79,79,79,79,79,79,79,79,79],"card_choices":[{"not_picked":["BootSequence","Conserve Battery"],"picked":"Hologram","floor":1.0},{"not_picked":["Barrage","Hologram"],"picked":"AT_ThunderBolt","floor":5.0},{"not_picked":["Stack","AT_DarkMatter"],"picked":"Sunder","floor":6.0},{"not_picked":["AT_WarpDrive","Sweeping Beam"],"picked":"Self Repair","floor":8.0},{"not_picked":["Hologram","Double Energy"],"picked":"Reprogram","floor":10.0},{"not_picked":["Self Repair","Blizzard"],"picked":"AT_ThreeBodyProblem","floor":14.0},{"not_picked":["Fission","Amplify"],"picked":"Seek","floor":16.0},{"not_picked":["AT_WarpDrive","Self Repair","Melter"],"picked":"SKIP","floor":18.0},{"not_picked":["Barrage","Hologram","Stack"],"picked":"SKIP","floor":21.0},{"not_picked":["Gash","AT_HeatAcrobatics","BootSequence"],"picked":"SKIP","floor":22.0},{"not_picked":["Auto Shields+1","Aggregate+1"],"picked":"Heatsinks","floor":23.0},{"not_picked":["Steam","Leap"],"picked":"Cold Snap+1","floor":25.0},{"not_picked":["Cold Snap+1","Rebound"],"picked":"Storm","floor":29.0},{"not_picked":["Conserve Battery+1","Seek+1"],"picked":"Turbo+1","floor":30.0},{"not_picked":["Turbo+1","Rebound"],"picked":"Static Discharge+1","floor":31.0},{"not_picked":["Biased Cognition","Rainbow+1"],"picked":"Meteor Strike","floor":33.0},{"not_picked":["Streamline+1","Stack+1","Force Field+1"],"picked":"SKIP","floor":35.0},{"not_picked":["Streamline+1","Stack+1"],"picked":"Force Field+1","floor":35.0},{"not_picked":["Redo+1","Beam Cell","Go for the Eyes"],"picked":"SKIP","floor":36.0},{"not_picked":["AT_RightCognition","Cold Snap"],"picked":"Glacier+1","floor":40},{"not_picked":["Doom and Gloom+1","Leap+1","Conserve Battery+1"],"picked":"SKIP","floor":41},{"not_picked":["AT_RobotInSpace+1","Melter+1"],"picked":"AT_EMC2+1","floor":42},{"not_picked":["Gash","Ball Lightning+1"],"picked":"Amplify+1","floor":44},{"not_picked":["Undo+1","Genetic Algorithm+1","Auto Shields+1"],"picked":"SKIP","floor":46},{"not_picked":["Stack+1","AT_EMC2+1"],"picked":"Hologram+1","floor":48},{"not_picked":["Redo+1","Gash+1","Conserve Battery+1"],"picked":"SKIP","floor":54}],"player_experience":154755,"relics_obtained":[{"floor":6.0,"key":"Whetstone"},{"floor":8.0,"key":"White Beast Statue"},{"floor":9.0,"key":"Toy Ornithopter"},{"floor":14.0,"key":"Akabeko"},{"floor":23.0,"key":"Oddly Smooth Stone"},{"floor":26.0,"key":"AT_ImmortalShieldbow"},{"floor":29.0,"key":"StoneCalendar"},{"floor":29.0,"key":"Bottled Tornado"},{"floor":30.0,"key":"Red Mask"},{"floor":31.0,"key":"Vajra"},{"floor":40,"key":"AT_SunfireAegis"},{"floor":44,"key":"Blue Candle"},{"floor":45,"key":"TungstenRod"},{"floor":46,"key":"Mercury Hourglass"},{"floor":54,"key":"Pen Nib"}],"event_choices":[{"damage_healed":0.0,"max_hp_gain":0.0,"max_hp_loss":6.0,"gold_gain":0.0,"event_name":"Golden Idol","player_choice":"Lose Max HP","floor":2.0,"gold_loss":0.0,"damage_taken":0.0,"relics_obtained":["Golden Idol"]},{"damage_healed":0.0,"max_hp_gain":0.0,"max_hp_loss":0.0,"gold_gain":0.0,"event_name":"Liars Game","player_choice":"Ignored","floor":3.0,"gold_loss":0.0,"damage_taken":0.0},{"cards_removed":["Strike_B"],"damage_healed":0.0,"max_hp_gain":0.0,"max_hp_loss":0.0,"gold_gain":0.0,"event_name":"Golden Wing","player_choice":"Card Removal","floor":4.0,"gold_loss":0.0,"damage_taken":7.0},{"cards_removed":["Strike_B"],"damage_healed":0.0,"max_hp_gain":0.0,"max_hp_loss":0.0,"gold_gain":0.0,"event_name":"The Cleric","player_choice":"Card Removal","floor":11.0,"gold_loss":50.0,"damage_taken":0.0},{"damage_healed":0.0,"max_hp_gain":5.0,"max_hp_loss":0.0,"gold_gain":0.0,"event_name":"Big Fish","player_choice":"Donut","floor":13.0,"gold_loss":0.0,"damage_taken":0.0},{"damage_healed":0.0,"max_hp_gain":0.0,"max_hp_loss":0.0,"gold_gain":0.0,"event_name":"Addict","player_choice":"Obtained Relic","floor":19.0,"gold_loss":85.0,"damage_taken":0.0,"relics_obtained":["Shuriken"]},{"damage_healed":0.0,"max_hp_gain":0.0,"max_hp_loss":0.0,"gold_gain":100.0,"event_name":"Golden Shrine","player_choice":"Pray","floor":20.0,"gold_loss":0.0,"damage_taken":0.0},{"damage_healed":0.0,"max_hp_gain":0.0,"max_hp_loss":0.0,"gold_gain":0.0,"event_name":"Colosseum","player_choice":"Fight","floor":29.0,"gold_loss":0.0,"damage_taken":0.0},{"damage_healed":0.0,"max_hp_gain":0.0,"max_hp_loss":0.0,"gold_gain":0.0,"event_name":"Colosseum","player_choice":"Fought Nobs","floor":29.0,"gold_loss":0.0,"damage_taken":0.0},{"damage_healed":0.0,"max_hp_gain":0.0,"max_hp_loss":0.0,"gold_gain":0.0,"event_name":"Masked Bandits","player_choice":"Fought Bandits","floor":30.0,"gold_loss":0.0,"damage_taken":0.0},{"damage_healed":0.0,"max_hp_gain":0.0,"max_hp_loss":0.0,"gold_gain":333.0,"event_name":"The Moai Head","player_choice":"Gave Idol","floor":37.0,"relics_lost":["Golden Idol"],"gold_loss":0.0,"damage_taken":0.0},{"damage_healed":0,"gold_gain":0,"player_choice":"Memory 1","damage_taken":0,"max_hp_gain":0,"max_hp_loss":0,"event_name":"SensoryStone","floor":39,"gold_loss":0},{"damage_healed":0,"gold_gain":0,"player_choice":"Fight","damage_taken":0,"max_hp_gain":0,"max_hp_loss":0,"event_name":"MindBloom","floor":45,"gold_loss":0}],"is_beta":true,"boss_relics":[{"not_picked":["Fusion Hammer","Inserter"],"picked":"AT_TrinityForce"},{"not_picked":["Velvet Choker","Empty Cage"],"picked":"Pandora\u0027s Box"}],"items_purged_floors":[28,38,47],"is_endless":false,"potions_floor_spawned":[1,8,10,14,16,18,21,22,23,25,29,29,30,31,33,35,36,40,41,42,44,45,46,48,54],"ascension_level":8}}