{"host":"l8lkgdumzpe3823a","time":1609352131,"event":{"mods":["Always Whale","Aspiration","BaseMod","Beaked The Cultist","Better Note","Clockwork Mod","Colored Powertips","Curses Come First","Custom Start","DeckTracker","Defuse TimeMaze Blight","Highlight Path","Hubris","Infinite Spire","Minty Spire (QoL Compilation)","Quick Restart","Replay The Spire","Shop Mod","StSLib","SuperFastMode","The Construct","The Dragon Tamer","The Servant 0.9.4","vexMod"],"gold_per_floor":[112,33,101,101,120,155,155,170,170,170,202,221,221,57,57,134,134,150,75,86,86,98,130,130,130,156,191,191,191,208,208,208],"floor_reached":31,"playtime":869,"items_purged":["construct:Defend_Gold"],"score":659,"play_id":"9e631546-2a78-4ac8-ab51-66503200a19a","local_time":"20201230121531","is_ascension_mode":true,"campfire_choices":[{"data":"construct:ReactiveShield","floor":7.0,"key":"SMITH"},{"data":"construct:ReactiveShield+1","floor":10.0,"key":"SMITH"},{"data":"construct:LaserCore","floor":15.0,"key":"SMITH"},{"data":"construct:GuardCore","floor":24.0,"key":"SMITH"},{"data":"construct:GuardCore+1","floor":29,"key":"SMITH"}],"circlet_count":0,"master_deck":["AscendersBane","construct:Strike_Gold","construct:Strike_Gold","construct:Strike_Gold","construct:Strike_Gold","construct:Strike_Gold","construct:Defend_Gold","construct:Defend_Gold","construct:Defend_Gold","construct:AttackMode","construct:DefenseMode","construct:ReactiveShield+2","construct:LaserCore+1","construct:MetalShell","construct:LaserCore+1","construct:GuardCore+2","ReplaySolidLightProjector","construct:PanicFire"],"relics":["construct:ClockworkPhoenix","NeowsBlessing","hubris:TenFootPole","hubris:Towel","Replay:Wax Seal","Mango","Art of War","Omamori","SlaversCollar","hubris:BottledHeart","infinitespire:BottledMercury","Blue Doll","TungstenRod"],"acts_visited":["Exordium","TheCity"],"potions_floor_usage":[],"damage_taken":[{"damage":0.0,"enemies":"Jaw Worm","floor":1.0,"turns":1.0},{"damage":0.0,"enemies":"2 Louse","floor":5.0,"turns":1.0},{"damage":0.0,"enemies":"Lagavulin","floor":6.0,"turns":2.0},{"damage":0.0,"enemies":"Small Slimes","floor":8.0,"turns":5.0},{"damage":9.0,"enemies":"3 Sentries","floor":11.0,"turns":8.0},{"damage":5.0,"enemies":"Looter","floor":12.0,"turns":3.0},{"damage":21.0,"enemies":"Slime Boss","floor":16.0,"turns":9.0},{"damage":8.0,"enemies":"3 Byrds","floor":18.0,"turns":4.0},{"damage":20.0,"enemies":"Shell Parasite","floor":20.0,"turns":5.0},{"damage":0.0,"enemies":"Centurion and Healer","floor":22.0,"turns":6.0},{"damage":0.0,"enemies":"Gremlin Leader","floor":23.0,"turns":7.0},{"damage":0,"enemies":"Book of Stabbing","floor":27,"turns":6},{"damage":0,"enemies":"Sentry and Sphere","floor":30,"turns":5},{"damage":1,"enemies":"Shelled Parasite and Fungi","floor":31,"turns":3}],"seed_played":"-7496747764610690309","potions_obtained":[{"floor":3.0,"key":"DuplicationPotion"},{"floor":3.0,"key":"LiquidMemories"},{"floor":20.0,"key":"AttackPotion"},{"floor":30,"key":"Weak Potion"}],"is_trial":false,"path_per_floor":["M","$","?","?","M","E","R","M","T","R","E","M","T","$","R","B",null,"M","$","M","?","M","E","R","?","T","E","?","R","M","M"],"character_chosen":"THE_CONSTRUCT_MOD","items_purchased":["construct:ReactiveShield","Omamori"],"campfire_rested":0,"item_purchase_floors":[2,14],"current_hp_per_floor":[72,72,72,72,72,72,72,72,86,86,77,72,72,72,72,51,83,75,75,55,1,1,1,1,1,1,1,1,1,1,0,0],"gold":208,"neow_bonus":"THREE_ENEMY_KILL","is_daily":false,"chose_seed":false,"campfire_upgraded":5,"win_rate":0.0,"timestamp":1609352131,"path_taken":["M","$","?","?","M","E","R","M","T","R","E","M","?","$","R","BOSS","M","$","M","?","M","E","R","?","T","E","?","R","?","M"],"items_purchased_type":["Card","Relic"],"build_version":"2020-12-22","purchased_purges":1,"victory":false,"max_hp_per_floor":[80,80,80,80,80,80,80,80,94,94,94,94,94,94,94,94,94,94,94,94,1,1,1,1,1,1,1,1,1,1,1,1],"card_choices":[{"not_picked":["construct:Boost","construct:Anticipate","construct:FocusedBeam"],"picked":"SKIP","floor":1.0},{"not_picked":["construct:FocusedBeam","construct:Anticipate"],"picked":"construct:LaserCore","floor":3.0},{"not_picked":["construct:ShiftingStance","construct:SyphonStrike","construct:Backfire"],"picked":"SKIP","floor":5.0},{"not_picked":["construct:Antimatter","construct:ScrapCannon","construct:Forcefield"],"picked":"SKIP","floor":6.0},{"not_picked":["construct:UnbalancingBlast","construct:Backup","construct:FlakBarrage"],"picked":"SKIP","floor":8.0},{"not_picked":["construct:Backfire","construct:Isolate","construct:Analyze"],"picked":"SKIP","floor":11.0},{"not_picked":["construct:PointDefense","construct:ElectricArmor"],"picked":"construct:MetalShell","floor":12.0},{"not_picked":["construct:ClusterMines","construct:VentSteam"],"picked":"construct:LaserCore+1","floor":18.0},{"not_picked":["construct:Electrocute","construct:SuppressiveFire","construct:Tumble"],"picked":"SKIP","floor":20.0},{"not_picked":["construct:Construct_Overclock","construct:Impenetrable","construct:Backfire"],"picked":"SKIP","floor":22.0},{"not_picked":["construct:Overcharge","construct:HeavyBolt+1"],"picked":"construct:GuardCore","floor":23.0},{"not_picked":["construct:ScrapCannon","construct:Analyze"],"picked":"construct:PanicFire","floor":27},{"not_picked":["construct:Disrupt","construct:Versatility","construct:ScrapCannon"],"picked":"SKIP","floor":30}],"player_experience":720105,"relics_obtained":[{"floor":3.0,"key":"hubris:TenFootPole"},{"floor":6.0,"key":"Replay:Wax Seal"},{"floor":9.0,"key":"Mango"},{"floor":11.0,"key":"Art of War"},{"floor":23.0,"key":"infinitespire:BottledMercury"},{"floor":26.0,"key":"Blue Doll"},{"floor":27,"key":"TungstenRod"}],"event_choices":[{"damage_healed":0.0,"max_hp_gain":0.0,"max_hp_loss":0.0,"gold_gain":0.0,"event_name":"The Library","player_choice":"Read","floor":25.0,"gold_loss":0.0,"damage_taken":0.0,"cards_obtained":["ReplaySolidLightProjector"]},{"cards_removed":["construct:Defend_Gold"],"damage_healed":0,"gold_gain":0,"player_choice":"Card Removal","damage_taken":0,"max_hp_gain":0,"max_hp_loss":0,"event_name":"Wheel of Change","floor":28,"gold_loss":0}],"is_beta":false,"boss_relics":[{"not_picked":["Ring of Chaos","vexMod:EndlessSickness"],"picked":"SlaversCollar"}],"items_purged_floors":[19],"is_endless":false,"potions_floor_spawned":[5,6,12,20,22,30],"killed_by":"Shelled Parasite and Fungi","ascension_level":17}}