{"host":"w2kjv12xyhtt0cv2","time":1609319264,"event":{"mods":["Act Like it!","BaseMod","Colored Map","Friendly Minions","Gensokyo","Highlight Path","Hubris","Kiyohime（清姬）","Marisa（F雨　魔理沙）","Minty Spire (QoL Compilation)","Quick Restart","Reimu（博丽灵梦）","Relic Stats","Replay The Spire","RumiaBox-露米娅的神秘盒子","Shop Mod","Spicy Shops","StSLib","The Cursed","The Servant 0.9.4","UnlockEverythingMod","Waifu the Spire","[功能]功能增强和修复MOD","vexMod","【功能Mod】Neow奖励","【遗物卡牌】REMEMod","没有小屋子和绿帽子啦"],"gold_per_floor":[118,129,129,129,41,74,88,88,88,147,201,311,45,63,63,252,252,365,71,71,31,31,31,61,61,61,93,93,93,93,132,132,343,343,459,487,570,276,335,398,398,534,561,606,742,779,817,869,869,967,967,1000,1225,1296,346],"floor_reached":56,"playtime":3822,"items_purged":["ReplayTheSpireMod:Restless Dread","Decay","Parasite"],"score":2433,"play_id":"8ff558d3-aa51-4121-85b9-cd0cd944f416","local_time":"20201230170744","is_ascension_mode":true,"campfire_choices":[{"data":"ForgedInTime","floor":15.0,"key":"SMITH"},{"data":"FlawlessForm","floor":23.0,"key":"SMITH"},{"data":"Barrier","floor":25.0,"key":"SMITH"},{"data":"SilverMatrix","floor":32.0,"key":"SMITH"},{"data":"Initiator","floor":41.0,"key":"SMITH"},{"floor":49,"key":"RECALL"}],"circlet_count":0,"master_deck":["Defend_S+1","KidneyShot+1","Exchange+1","REME_WheelOfFate+1","Apotheosis+1","ForgedInTime+1","FlawlessForm+1","Barrier+1","SilverMatrix+1","Dilation+1","Initiator+1","BottledTime+1","Advance+1","SoulSculpture","REME_TwoStrings+1","Pot Of Greed","Pot Of Greed"],"relics":["SplendidAttire","REME_ComplimentaryCards","NeowsBlessing","Letter Opener","ReplayTheSpireMod:CursedCoin","REME_PuzzleBoxRelic","Singing Bowl","Boot","Replay:Bandana","vexMod:PaidLearning","Akabeko","AddBug","NeowsBlessing","hubris:EmptyBottle","GodSword4","ZunR:ReiMu","War Paint","Bottled Tornado","hubris:64BitClover","Mastiff:ReiMu","PlanX","Replay:Grab Bag","Coffee Dripper","vexMod:CursedCompass","Kintsugi","Replay:Multitool","vexMod:Spyglass","Bag of Marbles","Gremlin Horn","Replay:Rubber Ducky","Toy Ornithopter","vexMod:BarristanHead","hubris:NiceRug","vexMod:FocusSash","Incense Burner","REME_OnlineShoppingPlatform","MagicDraw2","hubris:Teleporter","Cauldron","War Paint","Grinning Jar"],"acts_visited":["Exordium","TheCity","TheBeyond","TheEnding"],"potions_floor_usage":[50,50,50,50,50,55,55,55,55,55,55,55,55,55,55,55,55,55,55,55,55,55,55,55,55,55,55,55,55,55,55,55,55,55,55,55,55,55,55,55,55,55,55,55,55,55,55,55,55,55,55,55,55,55,55,55],"damage_taken":[{"damage":0.0,"enemies":"Cultist","floor":1.0,"turns":1.0},{"damage":0.0,"enemies":"Small Slimes","floor":2.0,"turns":2.0},{"damage":0.0,"enemies":"Gremlin Nob","floor":6.0,"turns":2.0},{"damage":9.0,"enemies":"Jaw Worm","floor":7.0,"turns":3.0},{"damage":8.0,"enemies":"Lagavulin","floor":10.0,"turns":8.0},{"damage":14.0,"enemies":"3 Louse","floor":12.0,"turns":4.0},{"damage":0.0,"enemies":"Looter","floor":14.0,"turns":1.0},{"damage":35.0,"enemies":"The Guardian","floor":16.0,"turns":9.0},{"damage":12.0,"enemies":"Shell Parasite","floor":18.0,"turns":4.0},{"damage":0.0,"enemies":"Gremlin Leader","floor":24.0,"turns":1.0},{"damage":0.0,"enemies":"Book of Stabbing","floor":27.0,"turns":1.0},{"damage":0.0,"enemies":"Gremlin Leader","floor":31.0,"turns":1.0},{"damage":0.0,"enemies":"Pondfish","floor":33.0,"turns":14.0},{"damage":0.0,"enemies":"Orb Walker","floor":35.0,"turns":3.0},{"damage":0.0,"enemies":"3 Shapes","floor":36.0,"turns":4.0},{"damage":0.0,"enemies":"2 Orb Walkers","floor":37.0,"turns":6.0},{"damage":1.0,"enemies":"Spire Growth","floor":39.0,"turns":3.0},{"damage":0.0,"enemies":"Giant Head","floor":40.0,"turns":8.0},{"damage":1.0,"enemies":"Nemesis","floor":42.0,"turns":6.0},{"damage":0.0,"enemies":"Sphere and 2 Shapes","floor":44.0,"turns":4.0},{"damage":0.0,"enemies":"R_Hoarder","floor":45.0,"turns":7.0},{"damage":0,"enemies":"4 Shapes","floor":46,"turns":2},{"damage":0,"enemies":"Spire Growth","floor":47,"turns":3},{"damage":0,"enemies":"Transient","floor":48,"turns":5},{"damage":0,"enemies":"Donu and Deca","floor":50,"turns":12},{"damage":23,"enemies":"hubris:Merchant","floor":53,"turns":7},{"damage":0,"enemies":"Shield and Spear","floor":54,"turns":6},{"damage":1,"enemies":"The Heart","floor":55,"turns":4}],"seed_played":"1891279513623728282","potions_obtained":[{"floor":1.0,"key":"Milkshake"},{"floor":7.0,"key":"Adrenaline Potion"},{"floor":12.0,"key":"LiquidMemories"},{"floor":18.0,"key":"DistilledChaos"},{"floor":33.0,"key":"Dexterity Potion"},{"floor":35.0,"key":"Weak Potion"},{"floor":37.0,"key":"Regen Potion"},{"floor":45.0,"key":"EntropicBrew"},{"floor":48,"key":"Elixir"},{"floor":52,"key":"FairyPotion"}],"is_trial":false,"path_per_floor":["M","M","$","T","$","E","M","?","T","E","T","M","$","M","R","B",null,"M","$","?","?","?","R","E","R","T","E","?","$","?","E","R","B",null,"M","M","?","$","M","E","R","E","T","M","E","M","M","M","R","B",null,"R","$","E","B",null],"character_chosen":"THE_SERVANT","items_purchased":["ReplayTheSpireMod:CursedCoin","Apotheosis","vexMod:PaidLearning","Akabeko","hubris:EmptyBottle","GodSword4","vexMod:Spyglass","Bag of Marbles"],"campfire_rested":0,"item_purchase_floors":[5,5,13,13,19,19,38,38],"current_hp_per_floor":[65,65,65,65,65,65,56,56,56,59,59,47,47,49,49,14,57,47,47,47,47,47,47,47,47,47,49,49,49,49,51,51,51,71,73,73,75,75,76,76,76,77,77,87,89,91,93,95,95,95,95,57,46,48,106],"gold":346,"neow_bonus":"THREE_ENEMY_KILL","is_daily":false,"chose_seed":false,"campfire_upgraded":5,"win_rate":0.0,"timestamp":1609319264,"path_taken":["M","?","$","?","$","E","?","?","T","E","?","M","$","M","R","BOSS","M","$","?","?","?","R","E","R","T","E","?","?","?","E","R","BOSS","M","M","?","$","M","E","R","E","T","M","E","M","M","M","R","BOSS","R","$","E","BOSS"],"items_purchased_type":["Relic","Card","Relic","Relic","Relic","Relic","Relic","Relic"],"build_version":"2020-12-22","purchased_purges":3,"victory":true,"max_hp_per_floor":[65,65,65,65,65,65,65,65,65,67,67,69,69,71,71,71,71,73,73,73,73,73,73,73,73,73,75,75,75,75,77,77,77,77,79,79,81,81,83,83,83,85,85,87,89,91,93,95,95,95,95,95,104,106,106],"relic_stats":{"Singing Bowl":44,"Gremlin Horn":[7,8],"counters":[28,131],"Letter Opener":[507],"War Paint":["Exchange","Defend_S","Dilation","REME_TwoStrings"],"Boot":[179],"obtain_stats":[{"SplendidAttire":34,"Singing Bowl":9,"Gremlin Horn":40,"ZunR:ReiMu":21,"Uniform":0,"Replay:Multitool":37,"Incense Burner":53,"hubris:EmptyBottle":19,"Bottled Tornado":26,"Boot":10,"vexMod:Spyglass":38,"MagicDraw2":53,"Replay:Rubber Ducky":42,"Replay:Bandana":11,"Mastiff:ReiMu":30,"REME_OnlineShoppingPlatform":53,"hubris:Teleporter":53,"NeowsBlessing":0,"ReplayTheSpireMod:CursedCoin":5,"hubris:64BitClover":27,"Replay:Grab Bag":34,"AddBug":17,"vexMod:PaidLearning":13,"Letter Opener":4,"vexMod:FocusSash":53,"War Paint":24,"Akabeko":13,"Cauldron":53,"vexMod:BarristanHead":47,"PlanX":31,"Coffee Dripper":34,"vexMod:CursedCompass":34,"Bag of Marbles":38,"REME_PuzzleBoxRelic":6,"GodSword4":19,"Kintsugi":34,"Grinning Jar":54,"Toy Ornithopter":45,"REME_ComplimentaryCards":0,"hubris:NiceRug":53},{"SplendidAttire":13,"Singing Bowl":4,"Gremlin Horn":18,"ZunR:ReiMu":9,"Uniform":0,"Replay:Multitool":16,"Incense Burner":26,"hubris:EmptyBottle":9,"Bottled Tornado":10,"Boot":5,"vexMod:Spyglass":16,"MagicDraw2":26,"Replay:Rubber Ducky":19,"Replay:Bandana":5,"Mastiff:ReiMu":11,"REME_OnlineShoppingPlatform":26,"hubris:Teleporter":26,"NeowsBlessing":0,"ReplayTheSpireMod:CursedCoin":2,"hubris:64BitClover":11,"Replay:Grab Bag":13,"AddBug":8,"vexMod:PaidLearning":6,"Letter Opener":2,"vexMod:FocusSash":26,"War Paint":10,"Akabeko":6,"Cauldron":26,"vexMod:BarristanHead":23,"PlanX":12,"Coffee Dripper":13,"vexMod:CursedCompass":13,"Bag of Marbles":16,"REME_PuzzleBoxRelic":3,"GodSword4":9,"Kintsugi":13,"Grinning Jar":27,"Toy Ornithopter":21,"REME_ComplimentaryCards":0,"hubris:NiceRug":26},{"SplendidAttire":51,"Singing Bowl":8,"Gremlin Horn":75,"ZunR:ReiMu":34,"Uniform":0,"Replay:Multitool":64,"Incense Burner":121,"hubris:EmptyBottle":34,"Bottled Tornado":35,"Boot":16,"vexMod:Spyglass":64,"MagicDraw2":121,"Replay:Rubber Ducky":81,"Replay:Bandana":16,"Mastiff:ReiMu":36,"REME_OnlineShoppingPlatform":121,"hubris:Teleporter":121,"NeowsBlessing":0,"ReplayTheSpireMod:CursedCoin":3,"hubris:64BitClover":36,"Replay:Grab Bag":51,"AddBug":30,"vexMod:PaidLearning":20,"Letter Opener":3,"vexMod:FocusSash":121,"War Paint":35,"Akabeko":20,"Cauldron":121,"vexMod:BarristanHead":97,"PlanX":37,"Coffee Dripper":51,"vexMod:CursedCompass":51,"Bag of Marbles":64,"REME_PuzzleBoxRelic":5,"GodSword4":34,"Kintsugi":51,"Grinning Jar":127,"Toy Ornithopter":92,"REME_ComplimentaryCards":0,"hubris:NiceRug":121}],"Toy Ornithopter":54},"card_choices":[{"not_picked":["Misdirection","DoubleEdge","Starlight"],"picked":"SKIP","floor":1.0},{"not_picked":["Starlight","Rearm","TimeWarp"],"picked":"SKIP","floor":2.0},{"not_picked":["Moondial","Revamp"],"picked":"ForgedInTime","floor":6.0},{"not_picked":["Replace","Misdirection","Orbit"],"picked":"SKIP","floor":7.0},{"not_picked":["Manipulate","Hightail","Rearm"],"picked":"Singing Bowl","floor":10.0},{"not_picked":["Unruled","Replace","Luminosity"],"picked":"Singing Bowl","floor":12.0},{"not_picked":["Spin","BestPractice","Ricochet"],"picked":"Singing Bowl","floor":14.0},{"not_picked":["Embodiment","MurderousAura"],"picked":"FlawlessForm","floor":16.0},{"not_picked":["Ricochet","FastForward","Alleviate+1"],"picked":"Singing Bowl","floor":18.0},{"not_picked":["Spin+1","ReturningBlade"],"picked":"Dilation","floor":24.0},{"not_picked":["Rewind","Solidify","Moondial"],"picked":"Singing Bowl","floor":27.0},{"not_picked":["Unruled","Snipe","Replace"],"picked":"Singing Bowl","floor":31.0},{"not_picked":["Duplication","KillingDoll"],"picked":"Initiator","floor":33.0},{"not_picked":["Defy","Rearm","Comet"],"picked":"Singing Bowl","floor":35.0},{"not_picked":["ShatteredReality","Moonlight"],"picked":"BottledTime+1","floor":36.0},{"not_picked":["Read","FastForward","Sabotage"],"picked":"Singing Bowl","floor":37.0},{"not_picked":["SilverBlades","Defy+1","ShatteredReality"],"picked":"Singing Bowl","floor":39.0},{"not_picked":["Revamp","Unruled"],"picked":"Advance+1","floor":40.0},{"not_picked":["Replace+1","DoubleEdge+1","TimeWarp+1"],"picked":"Singing Bowl","floor":42.0},{"not_picked":["ShatteredReality","FastForward","Rewind+1"],"picked":"Singing Bowl","floor":44.0},{"not_picked":["LightFlow","Contraction","Moondial+1"],"picked":"Singing Bowl","floor":45.0},{"not_picked":["TimeWarp+1","Rearm+1","RealityMarble+1"],"picked":"Singing Bowl","floor":46},{"not_picked":["Rearm+1","Manipulate+1","BottledTime"],"picked":"Singing Bowl","floor":47},{"not_picked":["BestPractice","SurpressingFire+1","Unruled+1"],"picked":"Singing Bowl","floor":48},{"not_picked":["Advance+1","Unruled"],"picked":"SoulSculpture","floor":52},{"not_picked":["Spin"],"picked":"Singing Bowl","floor":53},{"not_picked":["DoubleEdge"],"picked":"Singing Bowl","floor":53},{"not_picked":["GearUp"],"picked":"Singing Bowl","floor":53},{"not_picked":["SilverBlades"],"picked":"Singing Bowl","floor":53},{"not_picked":["Replace"],"picked":"Singing Bowl","floor":53},{"not_picked":["The Bomb"],"picked":"Singing Bowl","floor":53},{"not_picked":[],"picked":"REME_TwoStrings","floor":53},{"not_picked":["FanOfKnives","Snipe","TimeWarp"],"picked":"Singing Bowl","floor":54}],"player_experience":64452,"relics_obtained":[{"floor":4.0,"key":"Letter Opener"},{"floor":6.0,"key":"REME_PuzzleBoxRelic"},{"floor":9.0,"key":"Singing Bowl"},{"floor":10.0,"key":"Boot"},{"floor":11.0,"key":"Replay:Bandana"},{"floor":18.0,"key":"NeowsBlessing"},{"floor":24.0,"key":"War Paint"},{"floor":26.0,"key":"Bottled Tornado"},{"floor":27.0,"key":"hubris:64BitClover"},{"floor":31.0,"key":"PlanX"},{"floor":37.0,"key":"Replay:Multitool"},{"floor":40.0,"key":"Gremlin Horn"},{"floor":42.0,"key":"Replay:Rubber Ducky"},{"floor":45.0,"key":"Toy Ornithopter"},{"floor":47,"key":"vexMod:BarristanHead"},{"floor":53,"key":"vexMod:FocusSash"},{"floor":53,"key":"Incense Burner"},{"floor":53,"key":"REME_OnlineShoppingPlatform"},{"floor":53,"key":"MagicDraw2"},{"floor":53,"key":"hubris:Teleporter"},{"floor":53,"key":"Cauldron"},{"floor":53,"key":"War Paint"},{"floor":54,"key":"Grinning Jar"}],"event_choices":[{"damage_healed":0.0,"max_hp_gain":0.0,"max_hp_loss":0.0,"gold_gain":0.0,"cards_transformed":["Strike_S","Strike_S"],"event_name":"Drug Dealer","player_choice":"Became Test Subject","floor":20.0,"gold_loss":0.0,"damage_taken":0.0,"cards_obtained":["Barrier","SilverMatrix"]},{"damage_healed":0.0,"max_hp_gain":0.0,"max_hp_loss":0.0,"gold_gain":0.0,"event_name":"ZunEvent","player_choice":"购买神酒","floor":21.0,"gold_loss":40.0,"damage_taken":0.0,"relics_obtained":["ZunR:ReiMu"]},{"damage_healed":0.0,"max_hp_gain":0.0,"max_hp_loss":0.0,"gold_gain":0.0,"event_name":"Ghosts","player_choice":"Ignored","floor":28.0,"gold_loss":0.0,"damage_taken":0.0},{"damage_healed":0.0,"max_hp_gain":0.0,"max_hp_loss":0.0,"gold_gain":0.0,"event_name":"The Mausoleum","player_choice":"Opened","floor":30.0,"gold_loss":0.0,"damage_taken":0.0,"relics_obtained":["Mastiff:ReiMu"]},{"damage_healed":0.0,"max_hp_gain":0.0,"max_hp_loss":0.0,"gold_gain":0.0,"event_name":"Mysterious Sphere","player_choice":"Fight","floor":37.0,"gold_loss":0.0,"damage_taken":0.0}],"is_beta":false,"boss_relics":[{"not_picked":["hubris:RunicObelisk","hubris:CrackedHourglass"],"picked":"AddBug"},{"not_picked":["ChewingGum","vexMod:TanglingVine"],"picked":"Replay:Grab Bag"},{"not_picked":["Sozu","SlaversCollar"],"picked":"Coffee Dripper"},{"not_picked":["vexMod:RockOfEvil","Busted Crown"],"picked":"vexMod:CursedCompass"},{"not_picked":["RedLine:ReiMu","Calling Bell"],"picked":"SplendidAttire"},{"not_picked":["Ring of Chaos","REME_DuelDisc"],"picked":"Kintsugi"}],"items_purged_floors":[5,38,53],"is_endless":false,"potions_floor_spawned":[1,7,12,14,18,24,27,33,35,37,45,47,48,54],"ascension_level":5}}