{"host":"79pwvnyrdes6uj7k","time":1609309409,"event":{"mods":["2.2 Compatiblity","Astrologer","BaseMod","Beaked The Cultist","Colored Powertips","Downfall","Exacting","Friendly Minions","HexUI Lib","Highlight Path","Hubris","Infinite Spire","JesterMod","Mad Scientist","Mimic Mod","Minty Spire (QoL Compilation)","Random Character Button","Replay The Spire","Reworked Bosses","Shop Mod","Somnambulant","StSLib","The Cursed","The Disciple","The Factory","The Judge","The Jungle","The Marked","The Poker Player","The Runesmith","TheHeartMod"],"gold_per_floor":[99,110,110,124,142,153,231,231,246,281,6,0,0,100,130,233,233,83,94,126,126,126,126,157,157,173,273,273,301,301,301,320,420,420,420,465,484,504,504,549,549,549,568,617,636,650,681,697,711,711],"floor_reached":51,"playtime":5697,"items_purged":[],"score":1005,"play_id":"76fd2089-a92e-4cc9-b152-1ee39978ee1b","local_time":"20201230002329","is_ascension_mode":false,"campfire_choices":[{"floor":1.0,"key":"DIG"},{"floor":13.0,"key":"RECALL"},{"data":"Guardian:FloatingOrbs","floor":18.0,"key":"SMITH"},{"data":"Ghostly","floor":25.0,"key":"SMITH"},{"floor":28.0,"key":"REST"},{"floor":35.0,"key":"DIG"}],"circlet_count":0,"master_deck":["Guardian:Strike_Guardian","Guardian:Strike_Guardian","Guardian:Defend_Guardian","Guardian:Defend_Guardian","Guardian:Defend_Guardian","Guardian:CurlUp","Guardian:TwinSlam","Guardian:FloatingOrbs+1","Guardian:SpikerProtocol","Guardian:SentryBeam","Guardian:Reroute","Guardian:Planning","Guardian:PrismaticBeam","Guardian:TimeCapacitor","Guardian:RevengeProtocol","infinitespire:Gouge","Ghostly","Ghostly","Ghostly","Ghostly","Ghostly+1","Guardian:TemporalStrike+1","Guardian:CrystalBeam","Guardian:ShieldCharger","Guardian:BronzeArmor+1","ReplayTheSpireMod:Book of Names","ReplayTheSpireMod:Splinters","Guardian:Gem_Purple","Guardian:Gem_Red","Parasite","Guardian:SentryBeam+1","Guardian:ChargeCore+1","Guardian:EvasiveProtocol+1","Guardian:PrismaticBeam+1","Guardian:TimeCapacitor","Guardian:Gem_Green"],"relics":["Replay:Drink Me","MerchantsRug","downfall:GremlinWheel","SlaversCollar","downfall:HeartBlessingRed","downfall:HeartBlessingBlue","Darkstone Periapt","Replay:Accelerometer","hubris:Towel","Replay:Fungal Core","Replay:Ringing Soul","beaked:MawFillet","Art of War","Replay:Rubber Ducky","Matryoshka","Pear","Bronze Scales","Replay:Mystery Machine","Mirror"],"acts_visited":["Exordium","TheCity","TheBeyond"],"potions_floor_usage":[],"damage_taken":[{"damage":2.0,"enemies":"Cultist","floor":2.0,"turns":4.0},{"damage":0.0,"enemies":"Small Slimes","floor":4.0,"turns":2.0},{"damage":1.0,"enemies":"Jaw Worm","floor":5.0,"turns":2.0},{"damage":0.0,"enemies":"Large Slime","floor":6.0,"turns":6.0},{"damage":0.0,"enemies":"Exordium Thugs","floor":9.0,"turns":5.0},{"damage":0.0,"enemies":"Blue Slaver","floor":10.0,"turns":3.0},{"damage":0.0,"enemies":"downfall:FleeingMerchant","floor":11.0,"turns":4.0},{"damage":0.0,"enemies":"downfall:FleeingMerchant","floor":12.0,"turns":4.0},{"damage":17.0,"enemies":"downfall:FleeingMerchant","floor":14.0,"turns":4.0},{"damage":5.0,"enemies":"Large Slime","floor":15.0,"turns":5.0},{"damage":0.0,"enemies":"downfall:Silent","floor":16.0,"turns":4.0},{"damage":0.0,"enemies":"3 Byrds","floor":19.0,"turns":3.0},{"damage":0.0,"enemies":"Shell Parasite","floor":20.0,"turns":4.0},{"damage":0.0,"enemies":"Shelled Parasite and Fungi","floor":24.0,"turns":5.0},{"damage":12.0,"enemies":"Shelled Parasite and Fungi","floor":26.0,"turns":4.0},{"damage":18.0,"enemies":"Chosen and Byrds","floor":29.0,"turns":6.0},{"damage":1.0,"enemies":"Snecko","floor":32.0,"turns":5.0},{"damage":0.0,"enemies":"downfall:Ironclad","floor":33.0,"turns":5.0},{"damage":10.0,"enemies":"3 Shapes","floor":36.0,"turns":5.0},{"damage":1.0,"enemies":"3 Darklings","floor":37.0,"turns":4.0},{"damage":1.0,"enemies":"Transient","floor":38.0,"turns":5.0},{"damage":0.0,"enemies":"Writhing Mass","floor":43.0,"turns":4.0},{"damage":0,"enemies":"Nemesis","floor":44,"turns":5},{"damage":4,"enemies":"4 Shapes","floor":45,"turns":4},{"damage":0,"enemies":"Maw","floor":46,"turns":6},{"damage":0,"enemies":"beaked:SuperParasite","floor":47,"turns":6},{"damage":2,"enemies":"3 Darklings","floor":48,"turns":4},{"damage":0,"enemies":"Transient","floor":49,"turns":5},{"damage":0,"enemies":"downfall:Defect","floor":50,"turns":8}],"seed_played":"-113243072197156988","potions_obtained":[{"floor":4.0,"key":"Slimebound:ThreeZeroPotion"},{"floor":5.0,"key":"Reflective Coating"},{"floor":6.0,"key":"Elixir"},{"floor":14.0,"key":"Strength Potion"},{"floor":15.0,"key":"Slimebound:ThreeZeroPotion"},{"floor":16.0,"key":"Strength Potion"},{"floor":26.0,"key":"Venom Potion"},{"floor":32.0,"key":"Flashbang"},{"floor":33.0,"key":"SkillPotion"},{"floor":37.0,"key":"Guardian:AcceleratePotion"}],"is_trial":false,"path_per_floor":["R","M","?","M","M","M","T","?","M","M","$","$","R","?","M","B",null,"R","M","M","?","?","?","MIM","R","M","?","R","M","?","AVR","M","B",null,"R","M","M","M","AVR","?","T","?","M","E","M","M","E","M","M","B",null],"character_chosen":"GUARDIAN","items_purchased":["MerchantsRug","Guardian:PrismaticBeam","Guardian:TimeCapacitor"],"campfire_rested":1,"item_purchase_floors":[11,11,11],"current_hp_per_floor":[60,58,58,58,57,57,57,57,57,57,57,57,57,40,35,35,60,70,70,70,70,53,35,35,35,23,23,33,15,15,15,14,14,35,35,25,24,26,29,38,48,48,60,63,62,65,68,69,69,69],"gold":711,"neow_bonus":"BOSS_RELIC","is_daily":false,"chose_seed":false,"campfire_upgraded":2,"win_rate":0.0,"timestamp":1609309409,"path_taken":["R","M","?","M","?","M","T","?","M","?","?","$","R","?","M","BOSS","R","M","M","?","?","?","MIM","R","?","?","R","M","?","AVR","M","BOSS","R","M","M","M","AVR","?","T","?","M","E","?","M","E","M","M","BOSS"],"items_purchased_type":["Relic","Card","Card"],"build_version":"2020-12-22","purchased_purges":0,"victory":true,"max_hp_per_floor":[60,60,60,60,60,60,60,60,60,60,60,60,60,60,60,60,60,70,70,70,70,70,35,35,35,35,35,35,35,35,35,35,35,35,35,35,35,38,41,50,60,60,72,75,78,81,84,87,87,87],"card_choices":[{"not_picked":["Guardian:Repulse","Guardian:Preprogram"],"picked":"Guardian:Gem_Blue","floor":2.0},{"not_picked":["Guardian:SpikerProtocol","Guardian:TemporalShield"],"picked":"Guardian:FloatingOrbs","floor":4.0},{"not_picked":["Guardian:Gem_Green","Guardian:Emergency"],"picked":"Guardian:Gem_Blue","floor":5.0},{"not_picked":["Guardian:TemporalShield","Guardian:Gem_Blue"],"picked":"Guardian:SpikerProtocol","floor":6.0},{"not_picked":["Guardian:Clone","Guardian:Gem_Green"],"picked":"Guardian:SentryBeam","floor":9.0},{"not_picked":["Guardian:DonusPower","Guardian:CrystalBeam"],"picked":"Guardian:Reroute","floor":10.0},{"not_picked":["Guardian:TemporalStrike","Guardian:TemporalShield"],"picked":"Guardian:Planning","floor":11.0},{"not_picked":["Guardian:BronzeArmor","Guardian:SphericShield","Guardian:Reroute"],"picked":"SKIP","floor":12.0},{"not_picked":["Guardian:BronzeOrb","Guardian:VentSteam"],"picked":"Guardian:Gem_Purple","floor":15.0},{"not_picked":["Guardian:HyperBeam_Guardian","Guardian:FastForward"],"picked":"Guardian:RevengeProtocol","floor":16.0},{"not_picked":["Guardian:TemporalStrike","Guardian:Recover"],"picked":"Guardian:Gem_Cyan","floor":19.0},{"not_picked":["Guardian:Incinerate","Guardian:ShieldSpikes","Guardian:Planning"],"picked":"SKIP","floor":20.0},{"not_picked":["ReplayTheSpireMod:Haul","ReplayTheSpireMod:Black Plague"],"picked":"infinitespire:Gouge","floor":22.0},{"not_picked":["Guardian:PiercingHide","Guardian:Harden"],"picked":"Guardian:TemporalStrike+1","floor":24.0},{"not_picked":["Guardian:ShieldSpikes","Guardian:DonusPower+1"],"picked":"Guardian:CrystalBeam","floor":26.0},{"not_picked":["Guardian:TemporalStrike","Guardian:Recover"],"picked":"Guardian:ShieldCharger","floor":29.0},{"not_picked":["Guardian:Reroute","Guardian:RefractedBeam","Guardian:Gem_Cyan"],"picked":"SKIP","floor":32.0},{"not_picked":["Guardian:Repulse+1","Guardian:PolyBeam+1","Guardian:Gem_Lightblue"],"picked":"SKIP","floor":36.0},{"not_picked":["Guardian:BronzeOrb","Guardian:ShieldCharger","Guardian:VentSteam"],"picked":"SKIP","floor":37.0},{"not_picked":["Guardian:GuardianWhirl","Guardian:SpikerProtocol"],"picked":"Guardian:BronzeArmor+1","floor":38.0},{"not_picked":["Guardian:RefractedBeam","Guardian:RollAttack"],"picked":"Guardian:Gem_Purple","floor":40.0},{"not_picked":["Guardian:Gem_Green","Guardian:PrimingBeam+1"],"picked":"Guardian:Gem_Red","floor":40.0},{"not_picked":["Guardian:Gem_Lightblue","Guardian:Gem_Cyan"],"picked":"Guardian:SentryBeam+1","floor":43},{"not_picked":["Guardian:CrystalBeam","Guardian:TimeSifter"],"picked":"Guardian:ChargeCore+1","floor":44},{"not_picked":["Guardian:Suspension","Guardian:Gem_Cyan"],"picked":"Guardian:EvasiveProtocol+1","floor":45},{"not_picked":["Guardian:Gem_Purple","Guardian:Reroute"],"picked":"Guardian:PrismaticBeam+1","floor":46},{"not_picked":["Guardian:Gem_Red","Guardian:VentSteam"],"picked":"Guardian:TimeCapacitor","floor":47},{"not_picked":["Guardian:Incinerate+1","Guardian:Planning"],"picked":"Guardian:Gem_Green","floor":48},{"not_picked":["Guardian:Gem_Green","Guardian:Recover","Guardian:RefractedBeam+1"],"picked":"SKIP","floor":49}],"player_experience":349288,"relics_obtained":[{"floor":1.0,"key":"Centennial Puzzle"},{"floor":14.0,"key":"downfall:GremlinWheel"},{"floor":24.0,"key":"Darkstone Periapt"},{"floor":28.0,"key":"Replay:Accelerometer"},{"floor":35.0,"key":"Art of War"},{"floor":40.0,"key":"Matryoshka"},{"floor":41.0,"key":"Pear"},{"floor":41.0,"key":"Bronze Scales"},{"floor":44,"key":"Replay:Mystery Machine"},{"floor":47,"key":"Mirror"}],"event_choices":[{"damage_healed":0.0,"max_hp_gain":0.0,"max_hp_loss":35.0,"gold_gain":0.0,"event_name":"Ghosts","player_choice":"Became a Ghost","floor":23.0,"gold_loss":0.0,"damage_taken":0.0,"cards_obtained":["Ghostly","Ghostly","Ghostly","Ghostly","Ghostly"]},{"damage_healed":0.0,"max_hp_gain":0.0,"max_hp_loss":0.0,"gold_gain":0.0,"event_name":"Wheel of Change","player_choice":"Relic","floor":28.0,"gold_loss":0.0,"damage_taken":0.0}],"is_beta":false,"boss_relics":[{"not_picked":["Busted Crown","Calling Bell"],"picked":"SlaversCollar"},{"not_picked":["ReplayTheSpireMod:DimensionalGlitch","Kintsugi"],"picked":"beaked:MawFillet"}],"items_purged_floors":[],"is_endless":false,"potions_floor_spawned":[4,5,6,10,14,15,16,26,32,33,37,43,44,46,47],"ascension_level":0}}