{"host":"9ylwqx3xq4e4v98b","time":1609287282,"event":{"mods":["AchievementEnabler","BaseMod","Better Silent Start","Colored Map","DeckTracker","Hero for Fun","Minty Spire (QoL Compilation)","Permanent Neow","Quick Restart","Spicy Shops","StSLib","SuperFastMode","Td1madao Mod","The Animator","The Saiyan"],"gold_per_floor":[15,33,33,45,55,55,73,89,164,192,192,227,52,62,62,161,161,172,172,172,185,199,199,212,212,212,229,242,242,260,274,274,370,370,382,399,399,414,210,210,210,210,233,233,248,98,115,82,82,82,82],"floor_reached":50,"playtime":411,"items_purged":["Defend_Y","Defend_Y","Defend_Y","Defend_Y"],"score":910,"play_id":"5abda869-ed99-4e47-8d11-c322896dea9a","local_time":"20201229161442","is_ascension_mode":false,"campfire_choices":[{"data":"Yawn","floor":6,"key":"SMITH"},{"data":"Slap","floor":15,"key":"SMITH"},{"data":"Normal_Punch","floor":23,"key":"SMITH"},{"data":"Slap","floor":25,"key":"SMITH"},{"data":"Consecutive_Normal_Punch","floor":29,"key":"SMITH"},{"data":"Oh","floor":32,"key":"SMITH"},{"data":"Slap","floor":40,"key":"SMITH"},{"floor":42,"key":"RECALL"},{"floor":49,"key":"REST"}],"circlet_count":0,"master_deck":["Strike_Y","Strike_Y","Strike_Y","Strike_Y","Strike_Y","Normal_Punch+1","Slap+1","Yawn","Wear_Disguise","Toss_Stone","Hip_Strike+1","Slap+1","Slap+1","Consecutive_Normal_Punch+1","Oh+1","Slap+1","Normal_Punch","Slap"],"relics":["Cape"],"acts_visited":["Exordium","TheCity","TheBeyond"],"potions_floor_usage":[],"damage_taken":[{"damage":0,"enemies":"Jaw Worm","floor":1,"turns":1},{"damage":0,"enemies":"Cultist","floor":2,"turns":1},{"damage":0,"enemies":"Small Slimes","floor":4,"turns":1},{"damage":0,"enemies":"Exordium Thugs","floor":5,"turns":1},{"damage":0,"enemies":"Blue Slaver","floor":7,"turns":1},{"damage":0,"enemies":"Looter","floor":8,"turns":1},{"damage":0,"enemies":"Gremlin Nob","floor":10,"turns":1},{"damage":0,"enemies":"3 Sentries","floor":12,"turns":2},{"damage":0,"enemies":"Exordium Wildlife","floor":14,"turns":1},{"damage":0,"enemies":"Slime Boss","floor":16,"turns":1},{"damage":0,"enemies":"Shell Parasite","floor":18,"turns":1},{"damage":0,"enemies":"2 Thieves","floor":21,"turns":2},{"damage":0,"enemies":"Centurion and Healer","floor":22,"turns":1},{"damage":0,"enemies":"Sentry and Sphere","floor":24,"turns":1},{"damage":0,"enemies":"Snake Plant","floor":27,"turns":1},{"damage":0,"enemies":"Chosen and Byrds","floor":28,"turns":1},{"damage":0,"enemies":"Centurion and Healer","floor":30,"turns":1},{"damage":0,"enemies":"3 Cultists","floor":31,"turns":2},{"damage":0,"enemies":"Champ","floor":33,"turns":1},{"damage":0,"enemies":"3 Shapes","floor":35,"turns":1},{"damage":0,"enemies":"3 Darklings","floor":36,"turns":1},{"damage":0,"enemies":"Spire Growth","floor":38,"turns":1},{"damage":0,"enemies":"Jaw Worm Horde","floor":45,"turns":1},{"damage":0,"enemies":"Writhing Mass","floor":47,"turns":1},{"damage":0,"enemies":"Donu and Deca","floor":50,"turns":1}],"seed_played":"3830509551926517689","potions_obtained":[{"floor":2,"key":"Swift Potion"},{"floor":8,"key":"SpeedPotion"},{"floor":22,"key":"BlessingOfTheForge"}],"is_trial":false,"path_per_floor":["M","M","?","M","M","R","M","M","T","E","?","E","$","M","R","B",null,"M","T","?","M","M","R","M","R","T","M","M","R","M","M","R","B",null,"M","M","?","M","$","R","?","R","T","?","M","$","M","$","R","B"],"character_chosen":"OPM","items_purchased":["Normal_Punch","Slap"],"campfire_rested":1,"item_purchase_floors":[39,48],"current_hp_per_floor":[999,999,999,999,999,999,999,999,999,999,999,999,999,999,999,999,999,999,999,999,999,999,999,999,999,999,999,999,999,999,999,999,999,999,999,999,999,999,999,999,949,949,949,949,949,949,949,949,949,949,949],"gold":82,"neow_bonus":"RANDOM_COLORLESS_2","is_daily":false,"chose_seed":false,"campfire_upgraded":7,"win_rate":0.0,"timestamp":1609287282,"path_taken":["M","M","?","M","M","R","M","M","T","E","?","E","?","M","R","BOSS","M","?","?","M","M","R","M","R","T","M","?","R","M","M","R","BOSS","M","M","?","M","$","R","?","R","T","?","?","?","M","$","R","BOSS"],"items_purchased_type":["Card","Card"],"build_version":"2020-12-22","purchased_purges":4,"victory":false,"max_hp_per_floor":[999,999,999,999,999,999,999,999,999,999,999,999,999,999,999,999,999,999,999,999,999,999,999,999,999,999,999,999,999,999,999,999,999,999,999,999,999,999,999,999,949,949,949,949,949,949,949,949,949,949,949],"card_choices":[{"not_picked":["Ignore","Yawn"],"picked":"Normal_Punch","floor":1},{"not_picked":["Consecutive_Normal_Punch","Wear_Disguise"],"picked":"Slap","floor":2},{"not_picked":["Ignore","Hop"],"picked":"Yawn","floor":4},{"not_picked":["Toss_Stone","Normal_Punch"],"picked":"Yawn","floor":5},{"not_picked":["Yawn","Hop","Side_Hop"],"picked":"SKIP","floor":7},{"not_picked":["Yawn","Slap"],"picked":"Wear_Disguise","floor":8},{"not_picked":["Consecutive_Normal_Punch","Do_Nothing","Wear_Disguise"],"picked":"SKIP","floor":10},{"not_picked":["Toss_Stone","Hop","Consecutive_Normal_Punch"],"picked":"SKIP","floor":12},{"not_picked":["Toss_Stone","Normal_Punch","Do_Nothing"],"picked":"SKIP","floor":14},{"not_picked":["Terrifying_Presence","Get_Hopes_Up"],"picked":"Hip_Strike","floor":16},{"not_picked":["Wear_Disguise","Hop","Toss_Stone"],"picked":"SKIP","floor":18},{"not_picked":["Side_Hop","Do_Nothing","Ignore"],"picked":"SKIP","floor":21},{"not_picked":["Do_Nothing","Yawn","Toss_Stone"],"picked":"SKIP","floor":22},{"not_picked":["Normal_Punch","Do_Nothing+1"],"picked":"Slap","floor":24},{"not_picked":["Toss_Stone","Normal_Punch"],"picked":"Slap+1","floor":27},{"not_picked":["Side_Hop+1","Hop"],"picked":"Consecutive_Normal_Punch","floor":28},{"not_picked":["Toss_Stone","Side_Hop"],"picked":"Oh","floor":30},{"not_picked":["Side_Hop+1","Yawn"],"picked":"Slap","floor":31},{"not_picked":["Hop","Side_Hop+1","Consecutive_Normal_Punch"],"picked":"SKIP","floor":35},{"not_picked":["Consecutive_Normal_Punch","Slap","Wear_Disguise"],"picked":"SKIP","floor":36},{"not_picked":["Wear_Disguise+1","Do_Nothing","Consecutive_Normal_Punch+1"],"picked":"SKIP","floor":38},{"not_picked":["Normal_Punch+1","Toss_Stone+1","Side_Hop+1"],"picked":"SKIP","floor":45},{"not_picked":["Toss_Stone+1","Ignore+1","Slap+1"],"picked":"SKIP","floor":47}],"player_experience":193483,"relics_obtained":[],"event_choices":[{"cards_removed":["Clumsy"],"damage_healed":0,"gold_gain":0,"player_choice":"Card Removal","damage_taken":7,"max_hp_gain":0,"max_hp_loss":0,"event_name":"Golden Wing","floor":3,"gold_loss":0},{"damage_healed":0,"gold_gain":0,"cards_transformed":["Defend_Y"],"player_choice":"Change","damage_taken":0,"max_hp_gain":0,"max_hp_loss":0,"event_name":"Living Wall","floor":11,"gold_loss":0,"cards_obtained":["Toss_Stone"]},{"damage_healed":0,"gold_gain":0,"player_choice":"Upgraded","damage_taken":0,"max_hp_gain":0,"max_hp_loss":0,"event_name":"Upgrade Shrine","floor":20,"gold_loss":0,"cards_upgraded":["Hip_Strike"]},{"cards_removed":["Yawn"],"damage_healed":0,"gold_gain":0,"player_choice":"Removed Skill","damage_taken":0,"max_hp_gain":0,"max_hp_loss":0,"event_name":"Falling","floor":37,"gold_loss":0},{"damage_healed":0,"gold_gain":0,"player_choice":"Max HP","damage_taken":0,"max_hp_gain":0,"max_hp_loss":50,"event_name":"Winding Halls","floor":41,"gold_loss":0},{"damage_healed":0,"gold_gain":0,"player_choice":"Ignored","damage_taken":0,"max_hp_gain":0,"max_hp_loss":0,"event_name":"Tomb of Lord Red Mask","floor":44,"gold_loss":0}],"is_beta":false,"boss_relics":[{"not_picked":[]},{"not_picked":[]}],"items_purged_floors":[13,13,39,46],"is_endless":false,"potions_floor_spawned":[2,8,10,14,16,22,24,30,33,35,38,47],"killed_by":"Donu and Deca","ascension_level":0}}