{"host":"eeeqmyc7a1933jos","time":1609337361,"event":{"mods":["2.2 Compatiblity","Act Like it!","BaseMod","CapriCore","Colored Powertips","Conspire","Downfall","Elementarium","Friendly Minions","Gensokyo","GifTheSpireLib","Gremlin Mod","Hallownest","Hermit","Hubris","Infinite Spire","Jorbs\u0027s Wanderer Trilogy","Marisa????????","Mimic Mod","Minty Spire (QoL Compilation)","Pale of the Ancients","Random Character Button","Random Character Mod","Reimu??????","Relic Sorter","Relic Stats","Replay The Spire","SIMod","Shade Mod","StSLib","The Administrix","The Bug Knight","The Hierophant","The Immortal","The Mystic","The Runesmith","The Senshi","The Vixen","TheBandit","TheFirefly","TheVacant","Wandering Minibosses"],"gold_per_floor":[99,109,39,49,66,66,66,13,13,0,11,25,58,43,58,155,155,80,100,113,113,113,113,113],"floor_reached":22,"playtime":2779,"items_purged":[],"score":211,"play_id":"5b830ba3-45ca-4b77-808d-c6a3b0677c05","local_time":"20201230150921","is_ascension_mode":false,"campfire_choices":[{"data":"MokouMod:Defend","floor":1,"key":"PURGE"},{"data":"MokouMod:Scorch","floor":6,"key":"SMITH"},{"data":"MokouMod:IndiscriminateIgnition","floor":9,"key":"SMITH"},{"data":"MokouMod:Ventilation","floor":18,"key":"SMITH"}],"circlet_count":0,"master_deck":["MokouMod:Strike","MokouMod:Strike","MokouMod:Strike","MokouMod:Strike+1","MokouMod:Strike","MokouMod:Defend","MokouMod:Defend","MokouMod:Defend","MokouMod:HeatSpark","MokouMod:HeartofFire+1","MokouMod:Scorch+1","MokouMod:IndiscriminateIgnition+1","MokouMod:ImperishableFlame","MokouMod:TemporalFireSeal","MokouMod:Refresh","MokouMod:Afterburner","MokouMod:SearingBlow+2","MokouMod:FlareStarter","MokouMod:Ventilation+1","MokouMod:Firecracker","MokouMod:HeatCyclone","Gensokyo:FourOfAKind","Gensokyo:FourOfAKind","Gensokyo:FourOfAKind","Gensokyo:FourOfAKind"],"relics":["MokouMod:PhoenixFeather","hubris:CrystalStatue","infinitespire:PuzzleCube","ReplayTheSpireMod:TigerMarble","conspire:SlowCooker","downfall:HeartBlessingGreen"],"acts_visited":["Exordium","Gensokyo:Gensokyo"],"potions_floor_usage":[10,16,16],"damage_taken":[{"damage":7,"enemies":"Gensokyo:2_Kodama","floor":2,"turns":4},{"damage":6,"enemies":"Gensokyo:3_Fairies","floor":4,"turns":4},{"damage":11,"enemies":"Gensokyo:Gryphon","floor":5,"turns":4},{"damage":5,"enemies":"downfall:FleeingMerchant","floor":10,"turns":4},{"damage":9,"enemies":"Gensokyo:Kitsune","floor":11,"turns":3},{"damage":0,"enemies":"Gensokyo:LivingMonolith","floor":12,"turns":2},{"damage":2,"enemies":"Gensokyo:Cirno","floor":13,"turns":4},{"damage":5,"enemies":"downfall:FleeingMerchant","floor":14,"turns":4},{"damage":0,"enemies":"Gensokyo:3_Kodama","floor":15,"turns":2},{"damage":37,"enemies":"downfall:Watcher","floor":16,"turns":8},{"damage":60,"enemies":"Gensokyo:2_Gloops","floor":19,"turns":8},{"damage":18,"enemies":"Gensokyo:3_Dogs","floor":20,"turns":3},{"damage":30,"enemies":"Gensokyo:Swordslinger","floor":22,"turns":4}],"seed_played":"222660743432981944","potions_obtained":[{"floor":2,"key":"Swift Potion"},{"floor":11,"key":"BlessingOfTheForge"},{"floor":13,"key":"SneckoOil"},{"floor":15,"key":"MagicPotion:ReiMu"},{"floor":20,"key":"Swift Potion"}],"is_trial":false,"path_per_floor":["R","M","?","M","M","R","T","COS","R","$","M","M","E","$","M","B",null,"R","M","M","?","M"],"character_chosen":"MKU","items_purchased":[],"campfire_rested":0,"item_purchase_floors":[],"current_hp_per_floor":[82,75,75,69,58,58,58,58,58,53,44,44,42,37,37,20,82,82,22,4,4,14,14,14],"gold":113,"neow_bonus":"TEN_PERCENT_HP_BONUS","is_daily":false,"chose_seed":false,"campfire_upgraded":3,"win_rate":0.0,"timestamp":1609337361,"path_taken":["R","M","?","M","?","R","T","COS","R","?","M","?","E","$","M","BOSS","R","M","M","?","M"],"items_purchased_type":[],"build_version":"2020-12-22","purchased_purges":0,"victory":false,"max_hp_per_floor":[82,82,82,82,82,82,82,82,82,82,82,82,82,82,82,82,82,82,82,82,58,58,58,58],"relic_stats":{"counters":[13,54],"obtain_stats":[{"hubris:CrystalStatue":7,"MokouMod:PhoenixFeather":0,"downfall:HeartBlessingGreen":18,"conspire:SlowCooker":17,"ReplayTheSpireMod:TigerMarble":13,"infinitespire:PuzzleCube":13},{"hubris:CrystalStatue":3,"MokouMod:PhoenixFeather":0,"downfall:HeartBlessingGreen":10,"conspire:SlowCooker":10,"ReplayTheSpireMod:TigerMarble":7,"infinitespire:PuzzleCube":7},{"hubris:CrystalStatue":12,"MokouMod:PhoenixFeather":0,"downfall:HeartBlessingGreen":39,"conspire:SlowCooker":39,"ReplayTheSpireMod:TigerMarble":25,"infinitespire:PuzzleCube":24}]},"card_choices":[{"not_picked":["MokouMod:ControlledCombustion","MokouMod:BurningDraft"],"picked":"MokouMod:HeartofFire","floor":2},{"not_picked":["MokouMod:GuidingSmoke","MokouMod:Sear"],"picked":"MokouMod:Scorch","floor":4},{"not_picked":["MokouMod:EternalBurstReactor","MokouMod:DanceofFlames"],"picked":"MokouMod:IndiscriminateIgnition","floor":5},{"not_picked":["MokouMod:ShiftIgnition","MokouMod:UncontrollableSolarReaction"],"picked":"MokouMod:ImperishableFlame","floor":10},{"not_picked":["MokouMod:Ember","MokouMod:EternalBurstReactor"],"picked":"MokouMod:TemporalFireSeal","floor":11},{"not_picked":["MokouMod:ShiftIgnition","MokouMod:TemporalFireSeal"],"picked":"MokouMod:Refresh","floor":12},{"not_picked":["MokouMod:ScorchedEarth","MokouMod:GuidingSmoke"],"picked":"MokouMod:Afterburner","floor":13},{"not_picked":["MokouMod:Combust","MokouMod:FlickeringFlame"],"picked":"MokouMod:SearingBlow","floor":14},{"not_picked":["MokouMod:FujiyamaVolcano","MokouMod:BlazingComet"],"picked":"MokouMod:FlareStarter","floor":15},{"not_picked":["MokouMod:ResonatingAura","MokouMod:ExplosiveFlame"],"picked":"MokouMod:Ventilation","floor":16},{"not_picked":["MokouMod:ResoluteFlare","MokouMod:FujiyamaVolcano"],"picked":"MokouMod:Firecracker","floor":19},{"not_picked":["MokouMod:ThermalPressure+1","MokouMod:Scorch"],"picked":"MokouMod:HeatCyclone","floor":20}],"player_experience":1379926,"relics_obtained":[{"floor":7,"key":"hubris:CrystalStatue"},{"floor":13,"key":"ReplayTheSpireMod:TigerMarble"}],"event_choices":[],"is_beta":false,"boss_relics":[{"not_picked":["hubris:TerracottaHorce","Runic Dome"],"picked":"conspire:SlowCooker"}],"items_purged_floors":[],"is_endless":false,"potions_floor_spawned":[2,11,13,15,20],"killed_by":"Gensokyo:Swordslinger","ascension_level":0}}