{"host":"ft2xazkv7v30fddt","time":1609322214,"event":{"mods":["AchievementEnabler","Act Like it!","Aspiration","Astrologer","Bard","BaseMod","Better Altar","Better Match","Better Note","Better Sensory Stone","Better Skull","CapriCore","Chen","Colored Powertips","Downfall","Elementarium","Energized Spire","Gensokyo","GifTheSpireLib","Gremlin Mod","Hallownest","Hermit","Hubris","Infinite Spire","KinomotoSakuraMod(????)","Koishi","Marisa????????","Minty Spire (QoL Compilation)","Pale of the Ancients","Permanent Neow","Potionbrewer","Prisma Mod","Replay The Spire","StSLib","Stuff the Spire","The Blackbeard","The Bladedancer","The Construct","The Cursed","The Forsaken","The Gatherer","The Hayseed","The Immortal","The Runesmith","The Servant 0.9.4","The Showman","The Vixen","TheArtist","TheSwordswoman","Wandering Minibosses","thorton","vexMod"],"gold_per_floor":[115,15,15,15,46,46,71,71,71,9,71,71,87,87,87,339,339,352,352,352,397,397],"floor_reached":21,"playtime":971,"items_purged":[],"score":175,"play_id":"b968a9d0-99ef-4f05-8c1e-6f95753f4bf9","local_time":"20201230175654","is_ascension_mode":false,"campfire_choices":[{"data":"blazmod:StanceChange","floor":6,"key":"SMITH"},{"data":"blazmod:Kyokasuigetsu","floor":8,"key":"SMITH"},{"data":"blazmod:ForgeWays","floor":12,"key":"SMITH"},{"floor":15,"key":"REST"}],"circlet_count":0,"master_deck":["blazmod:Strike","blazmod:Strike","blazmod:Defend","blazmod:Defend","blazmod:Defend","blazmod:ButterflyEffect","blazmod:Kyokasuigetsu+1","blazmod:Trasient","blazmod:StanceChange+1","blazmod:ForgeWays+1","blazmod:BeTheBlade+1","blazmod:PerennialBeauty","hexamod:Haunted","blazmod:NaturesBeauty","blazmod:PhysicalEndurance+1","Backstab","Finisher","Dodge and Roll"],"relics":["blazmod:Venustas","potionbrewer:ToyAutogyro","StrikeDummy","Ring of Panic","ReplayTheSpireMod:Ring of Challenge","Pantograph","Pen Nib","Darkstone Periapt","Sozu","Gensokyo:UndefinedDarkness"],"acts_visited":["Gensokyo:Gensokyo","Gensokyo:Gensokyoer"],"potions_floor_usage":[],"damage_taken":[{"damage":1,"enemies":"Gensokyo:Python","floor":1,"turns":4},{"damage":3,"enemies":"Gensokyo:2_Kodama","floor":5,"turns":3},{"damage":9,"enemies":"Gensokyo:Aya","floor":7,"turns":5},{"damage":3,"enemies":"Gensokyo:3_Fairies","floor":11,"turns":2},{"damage":16,"enemies":"Gensokyo:Gryphon_and_Rabbit","floor":13,"turns":4},{"damage":39,"enemies":"Gensokyo:Reimu","floor":16,"turns":6},{"damage":0,"enemies":"Gensokyo:AngelMirror","floor":18,"turns":1},{"damage":47,"enemies":"Gensokyo:3_Dogs","floor":21,"turns":5}],"seed_played":"3962515747258481672","potions_obtained":[{"floor":11,"key":"Ancient Potion"}],"is_trial":false,"path_per_floor":["M","?","?","?","M","R","E","R","T","COS","M","R","M","?","R","B",null,"M","?","?","M"],"character_chosen":"THE_SWORDSWOMAN","items_purchased":[],"campfire_rested":1,"item_purchase_floors":[],"current_hp_per_floor":[39,39,39,39,36,36,27,27,27,27,24,24,8,14,27,7,46,46,46,46,0,0],"gold":397,"neow_bonus":"RANDOM_COMMON_RELIC","is_daily":false,"chose_seed":false,"campfire_upgraded":3,"win_rate":0.0,"timestamp":1609322214,"path_taken":["M","?","?","?","M","R","E","R","T","COS","?","R","M","?","R","BOSS","M","?","?","M"],"items_purchased_type":[],"build_version":"2020-12-22","purchased_purges":0,"victory":false,"max_hp_per_floor":[40,40,40,40,40,40,40,40,40,40,40,40,40,46,46,46,46,46,46,46,46,46],"card_choices":[{"not_picked":["blazmod:PhysicalEndurance","blazmod:SidewaySolace"],"picked":"blazmod:Trasient","floor":1},{"not_picked":["blazmod:MentalFocus","blazmod:Contingency"],"picked":"blazmod:StanceChange","floor":5},{"not_picked":["blazmod:MyEverything","blazmod:FleetingDawn"],"picked":"blazmod:ForgeWays","floor":7},{"not_picked":["blazmod:Valiance","blazmod:FleetOfFoot","blazmod:Trasient"],"picked":"SKIP","floor":11},{"not_picked":["blazmod:PhoenixPlume+1","blazmod:StanceChange+1"],"picked":"blazmod:BeTheBlade+1","floor":13},{"not_picked":["blazmod:PhysicalEndurance","blazmod:Crosscut"],"picked":"blazmod:PerennialBeauty","floor":13},{"not_picked":["blazmod:GlasswingWaltz","blazmod:MindAtPeace"],"picked":"blazmod:NaturesBeauty","floor":16},{"not_picked":["blazmod:Valiance+1","blazmod:Trasient"],"picked":"blazmod:PhysicalEndurance+1","floor":18}],"player_experience":1639576,"relics_obtained":[{"floor":4,"key":"Ring of Panic"},{"floor":4,"key":"ReplayTheSpireMod:Ring of Challenge"},{"floor":7,"key":"Pantograph"},{"floor":9,"key":"Pen Nib"}],"event_choices":[],"is_beta":false,"boss_relics":[{"not_picked":["Honey Jar","Empty Cage"],"picked":"Sozu"}],"items_purged_floors":[],"is_endless":false,"potions_floor_spawned":[11],"killed_by":"Gensokyo:3_Dogs","ascension_level":0}}