{"host":"gttgmv2wah99hzdm","time":1609292413,"event":{"mods":["AchievementEnabler","BaseMod","Bestiary","Block Reminder","Filter the Spire","Minty Spire (QoL Compilation)","Relic Stats","ojb\u0027s Better Paths Mod","ojb\u0027s Info Mod"],"gold_per_floor":[112,5,17,17,17,17,43,43,43,83,102,102,142,163,163,259,259,275,190,465,49,70,70,70],"floor_reached":23,"playtime":3015,"items_purged":["Regret"],"score":394,"play_id":"a0f52f99-9508-45d4-ad2e-5abaa8055640","local_time":"20201229194013","is_ascension_mode":true,"campfire_choices":[{"data":"Cold Snap","floor":6.0,"key":"SMITH"},{"floor":8.0,"key":"REST"},{"floor":12.0,"key":"REST"},{"data":"Capacitor","floor":15,"key":"SMITH"}],"circlet_count":0,"master_deck":["AscendersBane","Strike_B","Strike_B","Strike_B","Strike_B","Defend_B","Defend_B","Defend_B","Defend_B","Zap","Dualcast","Cold Snap+1","Ball Lightning+1","Ball Lightning","Go for the Eyes","Self Repair","Leap","Capacitor+1","Seek","Chill+1","Loop","Hologram"],"relics":["SacredBark","Golden Idol","Odd Mushroom","Sundial","Tiny Chest","Lantern","Nuclear Battery","Dream Catcher","Runic Capacitor"],"acts_visited":["Exordium","TheCity"],"potions_floor_usage":[13,16,23],"damage_taken":[{"damage":14.0,"enemies":"Jaw Worm","floor":1.0,"turns":5.0},{"damage":0.0,"enemies":"Small Slimes","floor":3.0,"turns":2.0},{"damage":13.0,"enemies":"The Mushroom Lair","floor":7.0,"turns":4.0},{"damage":26.0,"enemies":"3 Sentries","floor":10.0,"turns":6.0},{"damage":7.0,"enemies":"2 Louse","floor":11.0,"turns":2.0},{"damage":5,"enemies":"Gremlin Nob","floor":13,"turns":3},{"damage":4,"enemies":"Exordium Thugs","floor":14,"turns":5},{"damage":39,"enemies":"Hexaghost","floor":16,"turns":10},{"damage":21,"enemies":"Spheric Guardian","floor":18,"turns":5},{"damage":22,"enemies":"Shell Parasite","floor":22,"turns":6},{"damage":23,"enemies":"Gremlin Leader","floor":23,"turns":4}],"seed_played":"-2558670132933253636","potions_obtained":[{"floor":7.0,"key":"Weak Potion"},{"floor":11.0,"key":"SteroidPotion"},{"floor":14,"key":"Explosive Potion"},{"floor":16,"key":"Ancient Potion"}],"is_trial":false,"path_per_floor":["M","$","M","?","?","R","?","R","T","E","M","R","E","M","R","B",null,"M","?","?","$","M","E"],"character_chosen":"DEFECT","items_purchased":["Fire Potion","Ball Lightning","Runic Capacitor","Loop","DuplicationPotion"],"campfire_rested":2,"item_purchase_floors":[2,2,21,21,21],"current_hp_per_floor":[50,50,50,50,50,50,37,56,56,30,23,42,37,40,40,8,50,36,36,36,36,21,0,0],"gold":70,"neow_bonus":"BOSS_RELIC","is_daily":false,"chose_seed":false,"campfire_upgraded":2,"win_rate":0.0,"timestamp":1609292413,"path_taken":["M","$","M","?","?","R","?","R","T","E","M","R","E","M","R","BOSS","M","?","?","$","M","E"],"items_purchased_type":["Potion","Card","Relic","Card","Potion"],"build_version":"2020-12-22","purchased_purges":1,"victory":false,"max_hp_per_floor":[71,71,71,71,64,64,64,64,64,64,64,64,64,64,64,64,64,64,64,64,64,64,64,64],"relic_stats":{"Dream Catcher":0,"counters":[11,52],"Golden Idol":55,"Sundial":[4],"Tiny Chest":0,"obtain_stats":[{"Lantern":13,"Dream Catcher":19,"Golden Idol":5,"Sundial":9,"SacredBark":0,"Tiny Chest":10,"Runic Capacitor":21,"Odd Mushroom":7,"Cracked Core":0,"Nuclear Battery":17},{"Lantern":6,"Dream Catcher":9,"Golden Idol":2,"Sundial":3,"SacredBark":0,"Tiny Chest":4,"Runic Capacitor":9,"Odd Mushroom":3,"Cracked Core":0,"Nuclear Battery":8},{"Lantern":22,"Dream Catcher":42,"Golden Idol":7,"Sundial":11,"SacredBark":0,"Tiny Chest":17,"Runic Capacitor":42,"Odd Mushroom":11,"Cracked Core":0,"Nuclear Battery":37}]},"card_choices":[{"not_picked":["Conserve Battery","Capacitor"],"picked":"Cold Snap","floor":1.0},{"not_picked":["Undo","Stack"],"picked":"Ball Lightning","floor":3.0},{"not_picked":["White Noise","Chaos"],"picked":"Go for the Eyes","floor":7.0},{"not_picked":["Heatsinks","Turbo"],"picked":"Self Repair","floor":10.0},{"not_picked":["Hologram","Turbo","Streamline"],"picked":"SKIP","floor":11.0},{"not_picked":["Hello World","Rebound"],"picked":"Leap","floor":13},{"not_picked":["Static Discharge","Force Field"],"picked":"Capacitor","floor":14},{"not_picked":["Machine Learning","Multi-Cast"],"picked":"Seek","floor":16},{"not_picked":["Ball Lightning","White Noise"],"picked":"Chill+1","floor":18},{"not_picked":["Gash","Sweeping Beam"],"picked":"Hologram","floor":22}],"player_experience":1033156,"relics_obtained":[{"floor":7.0,"key":"Odd Mushroom"},{"floor":9.0,"key":"Sundial"},{"floor":10.0,"key":"Tiny Chest"},{"floor":13,"key":"Lantern"}],"event_choices":[{"damage_healed":0.0,"max_hp_gain":0.0,"max_hp_loss":0.0,"gold_gain":0.0,"event_name":"Living Wall","player_choice":"Grow","floor":4.0,"gold_loss":0.0,"damage_taken":0.0,"cards_upgraded":["Ball Lightning"]},{"damage_healed":0.0,"max_hp_gain":0.0,"max_hp_loss":7.0,"gold_gain":0.0,"event_name":"Golden Idol","player_choice":"Lose Max HP","floor":5.0,"gold_loss":0.0,"damage_taken":0.0,"relics_obtained":["Golden Idol"]},{"damage_healed":0.0,"max_hp_gain":0.0,"max_hp_loss":0.0,"gold_gain":0.0,"event_name":"Mushrooms","player_choice":"Fought Mushrooms","floor":7.0,"gold_loss":0.0,"damage_taken":0.0},{"damage_healed":0,"gold_gain":0,"player_choice":"Obtained Relic","damage_taken":0,"relics_obtained":["Dream Catcher"],"max_hp_gain":0,"max_hp_loss":0,"event_name":"Addict","floor":19,"gold_loss":85},{"damage_healed":0,"gold_gain":275,"player_choice":"Desecrate","damage_taken":0,"max_hp_gain":0,"max_hp_loss":0,"event_name":"Golden Shrine","floor":20,"gold_loss":0,"cards_obtained":["Regret"]}],"is_beta":false,"boss_relics":[{"not_picked":["Velvet Choker","Tiny House"],"picked":"Nuclear Battery"}],"items_purged_floors":[21],"is_endless":false,"potions_floor_spawned":[7,11,14,16,18],"killed_by":"Gremlin Leader","ascension_level":20}}