{"host":"vhvm1b4sel61ztfv","time":1609293438,"event":{"mods":["BaseMod","BetterRewards","Displayed Cursed Tome","Minty Spire (QoL Compilation)","Replay The Spire","StSLib"],"gold_per_floor":[40,53,53,107,122,122,142,162,162,162,195,195,212,25,25,124,124,142,155,165,264,264,264,264,36,36,48,9,21,21,36,36,137,137,149,160,160,160,34,34,17,31,112,131,142,14,14,33,33,33,33],"floor_reached":50,"playtime":2708,"items_purged":["Strike_B","Defend_B"],"score":621,"play_id":"74e71144-c846-4131-8873-7ea7aeb35f39","local_time":"20201229205718","is_ascension_mode":false,"campfire_choices":[{"data":"Loop","floor":6,"key":"SMITH"},{"data":"Ball Lightning","floor":10,"key":"SMITH"},{"data":"Sunder","floor":15,"key":"SMITH"},{"floor":23,"key":"REST"},{"data":"Storm","floor":32,"key":"SMITH"},{"data":"Consume","floor":40,"key":"SMITH"},{"data":"Buffer","floor":47,"key":"SMITH"},{"data":"Doom and Gloom","floor":49,"key":"SMITH"}],"circlet_count":0,"master_deck":["Strike_B","Strike_B","Strike_B","Defend_B","Defend_B","Defend_B","Zap","Dualcast","Loop+1","Gash","Ball Lightning+1","Conserve Battery","Panic Button","Sweeping Beam","Barrage","Sunder+1","Buffer+1","Stack","Melter+1","Consume+1","Self Repair","Lockon","Darkness+1","Storm+1","Doom and Gloom","Reboot","Doom and Gloom+1","Panache","Self Repair","Panic Button+1","Leap","Chaos+1"],"relics":["Cracked Core","Philosopher\u0027s Stone","Pantograph","Frozen Eye","Strawberry","HornCleat","Pear","Membership Card","SlaversCollar","MutagenicStrength","ReplayTheSpireMod:Ninjato","Lizard Tail","Replay:Bottled Steam","Inserter","Replay:Wax Seal","BargainBundle","Iron Hammer","Toolbox"],"acts_visited":["Exordium","TheCity","TheBeyond"],"potions_floor_usage":[16,16,16,16,16,16,16,16,16,18,27,29,42,50,50,50],"damage_taken":[{"damage":3,"enemies":"Jaw Worm","floor":1,"turns":3},{"damage":0,"enemies":"Small Slimes","floor":2,"turns":2},{"damage":0,"enemies":"Cultist","floor":5,"turns":3},{"damage":3,"enemies":"Blue Slaver","floor":7,"turns":3},{"damage":1,"enemies":"Exordium Wildlife","floor":8,"turns":3},{"damage":0,"enemies":"Gremlin Nob","floor":11,"turns":3},{"damage":2,"enemies":"3 Louse","floor":13,"turns":2},{"damage":17,"enemies":"Fading Forest","floor":16,"turns":11},{"damage":28,"enemies":"2 Thieves","floor":18,"turns":4},{"damage":0,"enemies":"Chosen","floor":19,"turns":4},{"damage":18,"enemies":"3 Cultists","floor":20,"turns":5},{"damage":28,"enemies":"Chosen and Byrds","floor":27,"turns":6},{"damage":40,"enemies":"Snake Plant","floor":29,"turns":4},{"damage":6,"enemies":"Centurion and Healer","floor":31,"turns":3},{"damage":65,"enemies":"Champ","floor":33,"turns":9},{"damage":8,"enemies":"3 Shapes","floor":35,"turns":4},{"damage":4,"enemies":"Orb Walker","floor":36,"turns":3},{"damage":17,"enemies":"Spire Growth","floor":42,"turns":4},{"damage":0,"enemies":"Sphere and 2 Shapes","floor":44,"turns":2},{"damage":13,"enemies":"Maw","floor":45,"turns":7},{"damage":23,"enemies":"Spire Growth","floor":48,"turns":4},{"damage":152,"enemies":"Awakened One","floor":50,"turns":8}],"seed_played":"-7672800490407110490","potions_obtained":[{"floor":4,"key":"LiquidBronze"},{"floor":4,"key":"SmokeBomb"},{"floor":8,"key":"SteroidPotion"},{"floor":11,"key":"FocusPotion"},{"floor":16,"key":"Adrenaline Potion"},{"floor":20,"key":"Death Potion"},{"floor":27,"key":"AttackPotion"},{"floor":36,"key":"Venom Potion"},{"floor":42,"key":"CultistPotion"}],"is_trial":false,"path_per_floor":["M","M","?","?","M","R","M","M","T","R","E","?","M","$","R","B",null,"M","M","M","?","?","R","?","$","T","M","$","M","?","M","R","B",null,"M","M","?","?","$","R","$","M","T","M","M","$","R","M","R","B"],"character_chosen":"DEFECT","items_purchased":["Pantograph","Frozen Eye","Capacitor","Membership Card","Sunder","Self Repair","Lizard Tail","Lockon","Storm","Replay:Wax Seal","BargainBundle","LiquidMemories","Block Potion","Panache","Self Repair","Toolbox"],"campfire_rested":1,"item_purchase_floors":[0,0,0,14,14,25,25,25,28,39,39,39,39,39,41,46],"current_hp_per_floor":[54,54,75,64,64,64,61,60,60,60,70,70,68,68,68,85,92,64,64,46,46,46,73,73,73,73,52,52,12,92,86,86,34,92,84,80,80,80,80,80,80,77,77,87,87,87,87,71,71,0,0],"gold":33,"neow_bonus":"","is_daily":false,"chose_seed":false,"campfire_upgraded":7,"win_rate":0.0,"timestamp":1609293438,"path_taken":["M","M","?","?","?","R","M","M","T","R","E","?","M","$","R","BOSS","M","M","M","?","?","R","?","$","T","M","?","M","?","M","R","BOSS","M","M","?","?","$","R","$","M","T","M","M","?","R","M","R","BOSS"],"items_purchased_type":["Relic","Relic","Card","Relic","Card","Card","Relic","Card","Card","Relic","Relic","Potion","Potion","Card","Card","Relic"],"build_version":"2020-12-22","purchased_purges":2,"victory":false,"max_hp_per_floor":[75,75,75,82,82,82,82,82,82,82,92,92,92,92,92,92,92,92,92,92,92,92,92,92,92,92,92,92,92,92,92,92,92,92,92,92,92,87,87,87,87,87,87,87,87,87,87,87,87,87,87],"card_choices":[{"not_picked":["ReplayTheSpireMod:Reroute Power","Stack"],"picked":"Loop","floor":1},{"not_picked":["Coolheaded","Steam Power"],"picked":"Gash","floor":2},{"not_picked":["Leap","Creative AI"],"picked":"Ball Lightning","floor":4},{"not_picked":["Rebound","Compile Driver"],"picked":"Conserve Battery","floor":5},{"not_picked":["Streamline","Sweeping Beam"],"picked":"Panic Button","floor":7},{"not_picked":["Streamline","Barrage"],"picked":"Sweeping Beam","floor":8},{"not_picked":["Conserve Battery","Skim"],"picked":"Barrage","floor":11},{"not_picked":["Force Field","Recycle"],"picked":"Chaos","floor":13},{"not_picked":["Fission","Machine Learning"],"picked":"Buffer","floor":16},{"not_picked":["Redo","Go for the Eyes+1"],"picked":"Stack","floor":18},{"not_picked":["Darkness","ReplayGash"],"picked":"Melter+1","floor":19},{"not_picked":["Storm","BasicCrystalCard"],"picked":"Consume","floor":20},{"not_picked":["Hologram","Turbo"],"picked":"Darkness+1","floor":27},{"not_picked":["Conserve Battery","Barrage"],"picked":"Doom and Gloom","floor":29},{"not_picked":["Turbo","BasicCrystalCard","Barrage"],"picked":"SKIP","floor":31},{"not_picked":["ReplayTheSpireMod:Omega Cannon","Buffer"],"picked":"Reboot","floor":33},{"not_picked":["Ball Lightning","ReplayTheSpireMod:Reroute Power+1","Compile Driver"],"picked":"SKIP","floor":35},{"not_picked":["Redo","Compile Driver"],"picked":"Doom and Gloom","floor":36},{"not_picked":["Stack+1","Genetic Algorithm+1"],"picked":"Panic Button+1","floor":42},{"not_picked":["Tempest","Ball Lightning"],"picked":"Leap","floor":44},{"not_picked":["ReplayTheSpireMod:System Scan+1","Conserve Battery+1"],"picked":"Chaos+1","floor":45},{"not_picked":["Turbo","Go for the Eyes","BasicCrystalCard+1"],"picked":"SKIP","floor":48}],"player_experience":97316,"relics_obtained":[{"floor":4,"key":"Strawberry"},{"floor":9,"key":"HornCleat"},{"floor":11,"key":"Pear"},{"floor":26,"key":"Replay:Bottled Steam"},{"floor":43,"key":"Iron Hammer"}],"event_choices":[{"damage_healed":25,"gold_gain":0,"player_choice":"Banana","damage_taken":0,"max_hp_gain":0,"max_hp_loss":0,"event_name":"Big Fish","floor":3,"gold_loss":0},{"damage_healed":0,"gold_gain":0,"player_choice":"Leave","damage_taken":0,"max_hp_gain":0,"max_hp_loss":0,"event_name":"The Cleric","floor":12,"gold_loss":0},{"damage_healed":0,"gold_gain":99,"player_choice":"Stole From Cult","damage_taken":0,"max_hp_gain":0,"max_hp_loss":0,"event_name":"Nest","floor":21,"gold_loss":0},{"damage_healed":0,"gold_gain":0,"player_choice":"Inject Mutagens","damage_taken":0,"relics_obtained":["MutagenicStrength"],"max_hp_gain":0,"max_hp_loss":0,"event_name":"Drug Dealer","floor":22,"gold_loss":0},{"cards_removed":["Chaos"],"damage_healed":80,"gold_gain":0,"player_choice":"Offered Uncommon","damage_taken":0,"max_hp_gain":0,"max_hp_loss":0,"event_name":"Bonfire Elementals","floor":30,"gold_loss":0},{"cards_removed":["Capacitor"],"damage_healed":0,"gold_gain":0,"player_choice":"Removed Power","damage_taken":0,"max_hp_gain":0,"max_hp_loss":0,"event_name":"Falling","floor":37,"gold_loss":0},{"damage_healed":0,"gold_gain":0,"player_choice":"Max HP","damage_taken":0,"max_hp_gain":0,"max_hp_loss":5,"event_name":"Winding Halls","floor":38,"gold_loss":0}],"is_beta":false,"boss_relics":[{"not_picked":["Ectoplasm","Abe\u0027s Treasure"],"picked":"SlaversCollar"},{"not_picked":["Runic Pyramid","ChewingGum"],"picked":"Inserter"}],"items_purged_floors":[39,46],"is_endless":false,"potions_floor_spawned":[8,11,16,20,27,36,42],"killed_by":"Awakened One","ascension_level":0}}