{"host":"kda2p2afd6bvz6qo","time":1609300727,"event":{"mods":["BaseMod","Colored Map","Minty Spire (QoL Compilation)","Relic Stats"],"gold_per_floor":[112,128,128,146,156,156,187,187,211,237,27,54,64,96,96,171,171,189,104,129,129,129,129,141,141,141,158,108,125,155,167,167,241,241,254,35,51,1,1,1,14,42,68,97,107,140,140,158,158,158],"floor_reached":51,"playtime":4120,"items_purged":["Strike_G","Writhe","Strike_G","Strike_G"],"score":1323,"play_id":"68bff918-f0d6-4a71-9c15-dd9c0c866fb0","local_time":"20201230035847","is_ascension_mode":true,"campfire_choices":[{"data":"Neutralize","floor":6.0,"key":"SMITH"},{"data":"Grand Finale","floor":8.0,"key":"SMITH"},{"floor":15.0,"key":"REST"},{"data":"Calculated Gamble","floor":23.0,"key":"SMITH"},{"floor":25.0,"key":"REST"},{"data":"Night Terror","floor":32.0,"key":"SMITH"},{"data":"Venomology","floor":40.0,"key":"SMITH"},{"data":"Tools of the Trade","floor":49,"key":"SMITH"}],"circlet_count":0,"master_deck":["AscendersBane","Strike_G+1","Strike_G+1","Defend_G","Defend_G","Defend_G","Defend_G","Defend_G","Survivor","Neutralize+1","Backflip","Quick Slash","Slice","Grand Finale+1","Venomology+1","Calculated Gamble+1","Night Terror+1","Backflip","Backflip","Bullet Time","Terror","Tools of the Trade+1","Grand Finale+1","Grand Finale+1","Prepared"],"relics":["Ring of the Snake","NeowsBlessing","Smiling Mask","Potion Belt","Strawberry","ClockworkSouvenir","Ancient Tea Set","Bag of Preparation","SacredBark","Mercury Hourglass","Red Mask","Nilry\u0027s Codex","Bag of Marbles","Gremlin Horn","MealTicket","Philosopher\u0027s Stone","DollysMirror","Thread and Needle","Happy Flower","Eternal Feather","Molten Egg 2"],"acts_visited":["Exordium","TheCity","TheBeyond"],"potions_floor_usage":[46,48,50,50,50],"damage_taken":[{"damage":0.0,"enemies":"2 Louse","floor":1.0,"turns":1.0},{"damage":0.0,"enemies":"Jaw Worm","floor":2.0,"turns":1.0},{"damage":0.0,"enemies":"Small Slimes","floor":4.0,"turns":1.0},{"damage":0.0,"enemies":"Exordium Wildlife","floor":5.0,"turns":6.0},{"damage":9.0,"enemies":"Gremlin Nob","floor":7.0,"turns":4.0},{"damage":10.0,"enemies":"Lagavulin","floor":10.0,"turns":5.0},{"damage":6.0,"enemies":"Gremlin Nob","floor":12.0,"turns":3.0},{"damage":0.0,"enemies":"Blue Slaver","floor":13.0,"turns":6.0},{"damage":3.0,"enemies":"Lagavulin","floor":14.0,"turns":9.0},{"damage":10.0,"enemies":"Slime Boss","floor":16.0,"turns":8.0},{"damage":9.0,"enemies":"Shell Parasite","floor":18.0,"turns":4.0},{"damage":6.0,"enemies":"Masked Bandits","floor":20.0,"turns":3.0},{"damage":1.0,"enemies":"Spheric Guardian","floor":24.0,"turns":3.0},{"damage":0.0,"enemies":"Snecko","floor":27.0,"turns":3.0},{"damage":0.0,"enemies":"Snake Plant","floor":29.0,"turns":2.0},{"damage":4.0,"enemies":"Slavers","floor":30.0,"turns":8.0},{"damage":0.0,"enemies":"Chosen and Byrds","floor":31.0,"turns":1.0},{"damage":89.0,"enemies":"Automaton","floor":33.0,"turns":14.0},{"damage":0.0,"enemies":"3 Shapes","floor":35.0,"turns":7.0},{"damage":20.0,"enemies":"Orb Walker","floor":37.0,"turns":4.0},{"damage":0.0,"enemies":"4 Shapes","floor":41.0,"turns":3.0},{"damage":17.0,"enemies":"Reptomancer","floor":42.0,"turns":10.0},{"damage":1.0,"enemies":"Nemesis","floor":44.0,"turns":5.0},{"damage":0,"enemies":"Spire Growth","floor":45,"turns":2},{"damage":11,"enemies":"Reptomancer","floor":46,"turns":4},{"damage":0,"enemies":"Maw","floor":48,"turns":5},{"damage":18,"enemies":"Donu and Deca","floor":50,"turns":4}],"seed_played":"4002336251267860025","potions_obtained":[{"floor":2.0,"key":"Poison Potion"},{"floor":4.0,"key":"Poison Potion"},{"floor":13.0,"key":"SteroidPotion"},{"floor":14.0,"key":"FearPotion"},{"floor":27.0,"key":"LiquidMemories"},{"floor":30.0,"key":"Poison Potion"},{"floor":31.0,"key":"Explosive Potion"},{"floor":33.0,"key":"Explosive Potion"},{"floor":37.0,"key":"Dexterity Potion"},{"floor":44.0,"key":"Swift Potion"},{"floor":45,"key":"GamblersBrew"},{"floor":48,"key":"SkillPotion"}],"is_trial":false,"path_per_floor":["M","M","?","M","M","R","E","R","T","E","$","E","M","E","R","B",null,"M","?","?","?","?","R","M","R","T","M","$","M","E","M","R","B",null,"M","$","M","$","?","R","M","E","T","E","M","E","?","M","R","B",null],"character_chosen":"THE_SILENT","items_purchased":["ClockworkSouvenir","DollysMirror"],"campfire_rested":2,"item_purchase_floors":[11,36],"current_hp_per_floor":[59,59,39,39,39,39,30,30,30,27,27,21,21,18,39,29,62,53,53,47,26,26,26,25,46,46,46,46,46,42,42,42,8,57,57,72,52,67,67,67,67,50,50,73,73,62,62,62,73,55],"gold":158,"neow_bonus":"THREE_ENEMY_KILL","is_daily":false,"chose_seed":false,"campfire_upgraded":6,"win_rate":0.0,"timestamp":1609300727,"path_taken":["M","M","?","M","M","R","E","R","T","E","$","E","M","E","R","BOSS","M","?","?","?","?","R","M","R","T","M","$","M","E","M","R","BOSS","M","$","M","$","?","R","M","E","T","E","M","E","?","M","R","BOSS"],"items_purchased_type":["Relic","Relic"],"build_version":"2020-12-22","purchased_purges":4,"victory":true,"max_hp_per_floor":[66,66,66,66,66,66,66,66,66,73,73,73,73,73,73,73,73,73,73,73,73,73,73,73,73,73,73,73,73,73,73,73,73,73,73,73,73,73,73,73,73,73,73,73,73,73,73,73,73,73],"relic_stats":{"Gremlin Horn":[13,13],"Happy Flower":[6],"counters":[27,126],"MealTicket":30,"Eternal Feather":11,"Bag of Preparation":[36],"Smiling Mask":250,"obtain_stats":[{"Potion Belt":9,"NeowsBlessing":0,"Gremlin Horn":26,"Happy Flower":43,"Nilry\u0027s Codex":21,"SacredBark":17,"Thread and Needle":42,"Eternal Feather":44,"Bag of Preparation":14,"Smiling Mask":7,"Ancient Tea Set":12,"ClockworkSouvenir":11,"Mercury Hourglass":19,"DollysMirror":36,"Strawberry":10,"MealTicket":30,"Philosopher\u0027s Stone":34,"Molten Egg 2":46,"Red Mask":20,"Bag of Marbles":22,"Ring of the Snake":0},{"Potion Belt":5,"NeowsBlessing":0,"Gremlin Horn":13,"Happy Flower":22,"Nilry\u0027s Codex":12,"SacredBark":10,"Thread and Needle":22,"Eternal Feather":23,"Bag of Preparation":9,"Smiling Mask":5,"Ancient Tea Set":7,"ClockworkSouvenir":6,"Mercury Hourglass":11,"DollysMirror":19,"Strawberry":6,"MealTicket":16,"Philosopher\u0027s Stone":18,"Molten Egg 2":25,"Red Mask":12,"Bag of Marbles":12,"Ring of the Snake":0},{"Potion Belt":13,"NeowsBlessing":0,"Gremlin Horn":54,"Happy Flower":106,"Nilry\u0027s Codex":51,"SacredBark":44,"Thread and Needle":106,"Eternal Feather":111,"Bag of Preparation":36,"Smiling Mask":13,"Ancient Tea Set":21,"ClockworkSouvenir":18,"Mercury Hourglass":48,"DollysMirror":89,"Strawberry":18,"MealTicket":67,"Philosopher\u0027s Stone":82,"Molten Egg 2":117,"Red Mask":51,"Bag of Marbles":51,"Ring of the Snake":0}],"Ring of the Snake":[54],"Mercury Hourglass":[356]},"card_choices":[{"not_picked":["Deflect","Setup"],"picked":"Backflip","floor":1.0},{"not_picked":["Setup","Prepared"],"picked":"Quick Slash","floor":2.0},{"not_picked":["Sucker Punch","Heel Hook","Finisher"],"picked":"SKIP","floor":4.0},{"not_picked":["Poisoned Stab","Flechettes"],"picked":"Slice","floor":5.0},{"not_picked":["Underhanded Strike","Outmaneuver"],"picked":"Grand Finale","floor":7.0},{"not_picked":["Distraction","Riddle With Holes"],"picked":"Venomology","floor":10.0},{"not_picked":["Masterful Stab","Finisher","Dagger Spray"],"picked":"SKIP","floor":12.0},{"not_picked":["Leg Sweep","Backflip"],"picked":"Calculated Gamble","floor":13.0},{"not_picked":["Blade Dance","Concentrate","PiercingWail"],"picked":"SKIP","floor":14.0},{"not_picked":["Wraith Form v2","Storm of Steel"],"picked":"Night Terror","floor":16.0},{"not_picked":["Deadly Poison","Dagger Spray"],"picked":"Backflip","floor":18.0},{"not_picked":["Riddle With Holes","Slice+1"],"picked":"Backflip","floor":20.0},{"not_picked":["Slice","Dagger Throw","Dodge and Roll"],"picked":"SKIP","floor":24.0},{"not_picked":["PiercingWail","Dodge and Roll+1","Underhanded Strike"],"picked":"SKIP","floor":27.0},{"not_picked":["Deflect","Caltrops"],"picked":"Bullet Time","floor":29.0},{"not_picked":["Finisher","Riddle With Holes"],"picked":"Terror","floor":30.0},{"not_picked":["Blade Dance","Bane"],"picked":"Setup","floor":31.0},{"not_picked":["Malaise","Die Die Die"],"picked":"Tools of the Trade","floor":33.0},{"not_picked":["Flying Knee","Bane+1","Slice+1"],"picked":"SKIP","floor":35.0},{"not_picked":["Dodge and Roll","Expertise","Sucker Punch"],"picked":"SKIP","floor":37.0},{"not_picked":["Leg Sweep","Caltrops","Skewer"],"picked":"SKIP","floor":41.0},{"not_picked":["Leg Sweep","Caltrops","Skewer"],"picked":"SKIP","floor":41.0},{"not_picked":["Deflect","Slice","Corpse Explosion"],"picked":"SKIP","floor":42.0},{"not_picked":["Riddle With Holes","Catalyst","Infinite Blades"],"picked":"SKIP","floor":44.0},{"not_picked":["Blur","Terror","Flying Knee+1"],"picked":"SKIP","floor":45},{"not_picked":["Glass Knife+1","PiercingWail","Outmaneuver"],"picked":"SKIP","floor":46},{"not_picked":["Concentrate","Deadly Poison"],"picked":"Prepared","floor":48}],"player_experience":98994,"relics_obtained":[{"floor":7.0,"key":"Smiling Mask"},{"floor":9.0,"key":"Potion Belt"},{"floor":10.0,"key":"Strawberry"},{"floor":12.0,"key":"Ancient Tea Set"},{"floor":14.0,"key":"Bag of Preparation"},{"floor":20.0,"key":"Red Mask"},{"floor":21.0,"key":"Nilry\u0027s Codex"},{"floor":26.0,"key":"Gremlin Horn"},{"floor":30.0,"key":"MealTicket"},{"floor":42.0,"key":"Thread and Needle"},{"floor":43.0,"key":"Happy Flower"},{"floor":44.0,"key":"Eternal Feather"},{"floor":46,"key":"Molten Egg 2"}],"event_choices":[{"damage_healed":0.0,"max_hp_gain":0.0,"max_hp_loss":0.0,"gold_gain":0.0,"event_name":"Shining Light","player_choice":"Entered Light","floor":3.0,"gold_loss":0.0,"damage_taken":20.0,"cards_upgraded":["Strike_G","Strike_G"]},{"damage_healed":0.0,"max_hp_gain":0.0,"max_hp_loss":0.0,"gold_gain":0.0,"event_name":"Addict","player_choice":"Obtained Relic","floor":19.0,"gold_loss":85.0,"damage_taken":0.0,"relics_obtained":["Mercury Hourglass"]},{"damage_healed":0.0,"max_hp_gain":0.0,"max_hp_loss":0.0,"gold_gain":0.0,"event_name":"Masked Bandits","player_choice":"Fought Bandits","floor":20.0,"gold_loss":0.0,"damage_taken":0.0},{"damage_healed":0.0,"max_hp_gain":0.0,"max_hp_loss":0.0,"gold_gain":0.0,"event_name":"Cursed Tome","player_choice":"Obtained Book","floor":21.0,"gold_loss":0.0,"damage_taken":21.0},{"damage_healed":0.0,"max_hp_gain":0.0,"max_hp_loss":0.0,"gold_gain":0.0,"event_name":"The Mausoleum","player_choice":"Opened","floor":22.0,"gold_loss":0.0,"damage_taken":0.0,"relics_obtained":["Bag of Marbles"],"cards_obtained":["Writhe"]},{"cards_removed":["Setup"],"damage_healed":0.0,"max_hp_gain":0.0,"max_hp_loss":0.0,"gold_gain":0.0,"event_name":"Falling","player_choice":"Removed Skill","floor":39.0,"gold_loss":0.0,"damage_taken":0.0},{"damage_healed":0,"gold_gain":0,"player_choice":"Copied","damage_taken":0,"max_hp_gain":0,"max_hp_loss":0,"event_name":"Duplicator","floor":47,"gold_loss":0,"cards_obtained":["Grand Finale"]}],"is_beta":false,"boss_relics":[{"not_picked":["WristBlade","Sozu"],"picked":"SacredBark"},{"not_picked":["Fusion Hammer","Runic Dome"],"picked":"Philosopher\u0027s Stone"}],"items_purged_floors":[11,28,36,38],"is_endless":false,"potions_floor_spawned":[2,4,5,13,14,27,30,31,33,37,44,45,48],"ascension_level":16}}