{"host":"qxeepl7ydvsgmfdb","time":1609339647,"event":{"mods":["AchievementEnabler","BaseMod","Colored Powertips","Minty Spire (QoL Compilation)","Quick Restart","slay the spire mod where everything is the same but ironclad has a cowboy hat"],"gold_per_floor":[109,109,34,34,48,48,76,76,130,150,19,194,224,224,224,224,224],"floor_reached":16,"playtime":826,"items_purged":["Regret"],"score":127,"play_id":"751eee79-a730-4e93-86d8-c18c286f005a","local_time":"20201230094727","is_ascension_mode":true,"campfire_choices":[{"data":"White Noise","floor":6,"key":"SMITH"},{"data":"White Noise","floor":8,"key":"SMITH"},{"floor":15,"key":"RECALL"}],"circlet_count":0,"master_deck":["Strike_B","Strike_B","Strike_B","Strike_B+1","Defend_B","Defend_B","Defend_B+1","Zap","Dualcast","White Noise+1","Undo","White Noise+1","Storm","Storm","Coolheaded","Doubt","Glacier","Rebound"],"relics":["Cracked Core","NeowsBlessing","MealTicket","Gremlin Horn","Odd Mushroom"],"acts_visited":["Exordium"],"potions_floor_usage":[13,16,16,16],"damage_taken":[{"damage":0,"enemies":"Small Slimes","floor":1,"turns":1},{"damage":0,"enemies":"Jaw Worm","floor":5,"turns":1},{"damage":0,"enemies":"Gremlin Nob","floor":7,"turns":1},{"damage":4,"enemies":"2 Louse","floor":10,"turns":2},{"damage":9,"enemies":"The Mushroom Lair","floor":13,"turns":3},{"damage":21,"enemies":"The Guardian","floor":16,"turns":13}],"seed_played":"-7335778671822336979","potions_obtained":[{"floor":5,"key":"SpeedPotion"},{"floor":7,"key":"Explosive Potion"},{"floor":10,"key":"DuplicationPotion"},{"floor":13,"key":"Swift Potion"}],"is_trial":false,"path_per_floor":["M","?","$","?","M","R","E","R","T","M","$","?","?","?","R","B"],"character_chosen":"DEFECT","items_purchased":["Storm","Coolheaded"],"campfire_rested":0,"item_purchase_floors":[11,11],"current_hp_per_floor":[75,75,75,60,60,60,60,60,60,56,71,71,62,62,62,41,41],"gold":224,"neow_bonus":"THREE_ENEMY_KILL","is_daily":false,"chose_seed":false,"campfire_upgraded":2,"win_rate":0.0,"timestamp":1609339647,"path_taken":["M","?","$","?","M","R","E","R","T","M","?","?","?","?","R","BOSS"],"items_purchased_type":["Card","Card"],"build_version":"2020-12-22","purchased_purges":1,"victory":false,"max_hp_per_floor":[75,75,75,75,75,75,75,75,75,75,75,75,75,75,75,75,75],"card_choices":[{"not_picked":["Turbo","Go for the Eyes"],"picked":"White Noise","floor":1},{"not_picked":["Hologram","FTL"],"picked":"Undo","floor":5},{"not_picked":["Conserve Battery","Rebound"],"picked":"White Noise","floor":7},{"not_picked":["FTL","Darkness"],"picked":"Storm","floor":10},{"not_picked":["Streamline","Gash"],"picked":"Glacier","floor":13}],"player_experience":331684,"relics_obtained":[{"floor":7,"key":"Gremlin Horn"},{"floor":13,"key":"Odd Mushroom"}],"event_choices":[{"damage_healed":0,"gold_gain":0,"player_choice":"Box","damage_taken":0,"relics_obtained":["MealTicket"],"max_hp_gain":0,"max_hp_loss":0,"event_name":"Big Fish","floor":2,"gold_loss":0,"cards_obtained":["Regret"]},{"damage_healed":0,"gold_gain":0,"player_choice":"Entered Light","damage_taken":15,"max_hp_gain":0,"max_hp_loss":0,"event_name":"Shining Light","floor":4,"gold_loss":0,"cards_upgraded":["Strike_B","Defend_B"]},{"damage_healed":0,"gold_gain":175,"player_choice":"AGREE","damage_taken":0,"max_hp_gain":0,"max_hp_loss":0,"event_name":"Liars Game","floor":12,"gold_loss":0,"cards_obtained":["Doubt"]},{"damage_healed":0,"gold_gain":0,"player_choice":"Fought Mushrooms","damage_taken":0,"max_hp_gain":0,"max_hp_loss":0,"event_name":"Mushrooms","floor":13,"gold_loss":0},{"damage_healed":0,"gold_gain":0,"cards_transformed":["Defend_B"],"player_choice":"Transformed","damage_taken":0,"max_hp_gain":0,"max_hp_loss":0,"event_name":"Transmorgrifier","floor":14,"gold_loss":0,"cards_obtained":["Rebound"]}],"is_beta":false,"boss_relics":[],"items_purged_floors":[3],"is_endless":false,"potions_floor_spawned":[5,7,10,13],"killed_by":"The Guardian","ascension_level":1}}