{"host":"burc58cqo5ugqx9i","time":1609297571,"event":{"mods":["Act Like it!","BaseMod","Better Altar","Better Silent Start","Better Third Choice","Emptier Cage","Energized Spire","Hermit","Jorbs\u0027s Wanderer Trilogy","Minty Spire (QoL Compilation)","Rare Cards Sparkle","Relic Stats","Reworked Bosses","Spicy Shops","StSLib"],"gold_per_floor":[113,138,155,155,171,171,197,197,197,197,208,0,15,15,15,119,119,133,133,150,7,23,23,23,23],"floor_reached":24,"playtime":752,"items_purged":[],"score":196,"play_id":"59aed562-4551-4bfb-94b7-5dd6a82eb0c7","local_time":"20201229190611","is_ascension_mode":false,"campfire_choices":[{"data":"Offering","floor":6.0,"key":"SMITH"},{"data":"Pommel Strike","floor":8.0,"key":"SMITH"},{"data":"Pommel Strike","floor":15.0,"key":"SMITH"},{"data":"Bash","floor":23.0,"key":"SMITH"}],"circlet_count":0,"master_deck":["Strike_R","Strike_R","Strike_R","Strike_R","Defend_R","Defend_R","Defend_R","Defend_R","Bash+1","Offering+1","Thunderclap","Pommel Strike+1","Burn","Power Through","Hemokinesis","Enlightenment+1","Pommel Strike+1","Feed","Cleave","Rupture+1"],"relics":["Burning Blood","Blood Vial","InkBottle","Question Card","energizedSpire:MagnifyingGlass","TheAbacus"],"acts_visited":["Exordium","TheCity"],"potions_floor_usage":[],"damage_taken":[{"damage":6.0,"enemies":"Cultist","floor":1.0,"turns":2.0},{"damage":6.0,"enemies":"Jaw Worm","floor":3.0,"turns":4.0},{"damage":5.0,"enemies":"2 Louse","floor":5.0,"turns":3.0},{"damage":25.0,"enemies":"3 Sentries","floor":7.0,"turns":7.0},{"damage":16.0,"enemies":"Looter","floor":11.0,"turns":4.0},{"damage":10.0,"enemies":"Exordium Wildlife","floor":13.0,"turns":2.0},{"damage":50.0,"enemies":"Slime Boss","floor":16.0,"turns":11.0},{"damage":18.0,"enemies":"Spheric Guardian","floor":18.0,"turns":3.0},{"damage":15.0,"enemies":"3 Byrds","floor":20.0,"turns":3.0},{"damage":35.0,"enemies":"Snecko","floor":22.0,"turns":5.0},{"damage":0,"enemies":"Slavers","floor":24,"turns":1}],"seed_played":"1168534812348725327","potions_obtained":[{"floor":3.0,"key":"Fire Potion"},{"floor":7.0,"key":"Dexterity Potion"},{"floor":16.0,"key":"BlessingOfTheForge"}],"is_trial":false,"path_per_floor":["M","T","M","?","M","R","E","R","T","?","M","?","M","$","R","B",null,"M","?","M","$","M","R","E"],"character_chosen":"IRONCLAD","items_purchased":["TheAbacus"],"campfire_rested":0,"item_purchase_floors":[21],"current_hp_per_floor":[80,80,80,80,80,80,61,61,61,61,53,59,57,57,57,15,86,77,77,73,73,46,46,48,48],"gold":23,"neow_bonus":"ONE_RANDOM_RARE_CARD","is_daily":false,"chose_seed":false,"campfire_upgraded":4,"win_rate":0.0,"timestamp":1609297571,"path_taken":["M","?","M","?","M","R","E","R","T","?","M","?","?","?","R","BOSS","M","?","M","$","M","R","E"],"items_purchased_type":["Relic"],"build_version":"2020-12-22","purchased_purges":0,"victory":false,"max_hp_per_floor":[80,80,80,80,80,80,80,80,80,80,80,86,86,86,86,86,86,89,89,92,92,92,92,92,92],"relic_stats":{"Blood Vial":12,"TheAbacus":[12],"counters":[11,45],"Question Card":6,"obtain_stats":[{"Blood Vial":2,"TheAbacus":21,"energizedSpire:MagnifyingGlass":17,"Question Card":9,"Burning Blood":0,"InkBottle":7},{"Blood Vial":1,"TheAbacus":9,"energizedSpire:MagnifyingGlass":7,"Question Card":4,"Burning Blood":0,"InkBottle":4},{"Blood Vial":2,"TheAbacus":39,"energizedSpire:MagnifyingGlass":33,"Question Card":16,"Burning Blood":0,"InkBottle":16}],"Burning Blood":59,"InkBottle":[7]},"card_choices":[{"not_picked":["Ghostly Armor","Reckless Charge"],"picked":"Thunderclap","floor":1.0},{"not_picked":["Twin Strike","Perfected Strike"],"picked":"Pommel Strike","floor":3.0},{"not_picked":["Twin Strike","Pummel"],"picked":"Power Through","floor":5.0},{"not_picked":["Blood for Blood","Heavy Blade","Thunderclap"],"picked":"SKIP","floor":7.0},{"not_picked":["Thunderclap","Spot Weakness","Flex"],"picked":"Hemokinesis","floor":11.0},{"not_picked":["Armaments","Perfected Strike","Burning Pact"],"picked":"Pommel Strike","floor":13.0},{"not_picked":["Impervious","Bludgeon","Offering"],"picked":"Feed","floor":16.0},{"not_picked":["Sword Boomerang","Shrug It Off","Thunderclap"],"picked":"Cleave","floor":18.0},{"not_picked":["Clothesline","Headbutt","Ghostly Armor+1","Thunderclap"],"picked":"SKIP","floor":20.0},{"not_picked":["Perfected Strike","Warcry","Sever Soul"],"picked":"Rupture+1","floor":22.0}],"player_experience":5815,"relics_obtained":[{"floor":2.0,"key":"Blood Vial"},{"floor":7.0,"key":"InkBottle"},{"floor":9.0,"key":"Question Card"}],"event_choices":[{"damage_healed":80.0,"max_hp_gain":0.0,"max_hp_loss":80.0,"gold_gain":0.0,"event_name":"betterThird:BetterShining","player_choice":"Embrace Burn","floor":4.0,"gold_loss":0.0,"damage_taken":0.0},{"cards_removed":["Strike_R"],"damage_healed":0.0,"max_hp_gain":0.0,"max_hp_loss":0.0,"gold_gain":0.0,"event_name":"Living Wall","player_choice":"Forget","floor":10.0,"gold_loss":0.0,"damage_taken":0.0},{"damage_healed":0.0,"max_hp_gain":0.0,"max_hp_loss":0.0,"gold_gain":0.0,"event_name":"betterThird:BetterSerpent","player_choice":"RENOUNCE","floor":12.0,"gold_loss":208.0,"damage_taken":208.0,"cards_obtained":["Enlightenment"]},{"damage_healed":0.0,"max_hp_gain":0.0,"max_hp_loss":0.0,"gold_gain":0.0,"event_name":"BanditSerpent","player_choice":"Serpent","floor":19.0,"gold_loss":0.0,"damage_taken":0.0}],"is_beta":false,"boss_relics":[{"not_picked":["Snecko Eye","energizedSpire:NeverEndingSparkler"],"picked":"energizedSpire:MagnifyingGlass"}],"items_purged_floors":[],"is_endless":false,"potions_floor_spawned":[3,7,16],"killed_by":"Slavers","ascension_level":0}}