{"host":"96bpdudduaq3ttpf","time":1609327981,"event":{"mods":["Act Like it!","Astrologer","Bard","Bartender","BaseMod","CapriCore","Challenge The Spire","Chen","Downfall","Elementarium","Energized Spire","Friendly Minions","GifTheSpireLib","Hallownest","Hermit","Jorbs\u0027s Wanderer Trilogy","Koishi","Mari Mod (Legacy)","Mari\u0027s V1 Patch","Marisa????????","Mimic Mod","Minty Spire (QoL Compilation)","Prisma Mod","Remilia??????","Replay The Spire","Shade Mod","StSLib","Td1madao Mod","The Administrix","The Bladedancer","The Bug Knight","The Construct","The Cursed","The Factory","The Gatherer","The Hierophant","The Immortal","The IronCluck","The Jungle","The Marked","The Mystic","The Necromancer","The Runesmith","The Servant 0.9.4","Wandering Minibosses","WarShipGirlsR/????R mod","Yohane!","Yuyuko"],"gold_per_floor":[117,97,112,287,299,329,356,356,356,356,373,390,408,427,427,532,532,628,628,628,642,582,613,629,646,682,526,572,228,228,74,74,176,176,186,198,208,220,237,270,290,290,290,290,310,320,320,332,332,332,332,332,21,50,50,50],"floor_reached":55,"playtime":3440,"items_purged":["Doubt"],"score":727,"play_id":"143f01e5-ea84-4e87-abbf-8e068491d2b5","local_time":"20201230043301","is_ascension_mode":false,"campfire_choices":[{"floor":8,"key":"REST"},{"data":"OpoOpo_Form","floor":10,"key":"SMITH"},{"data":"Meteodrive","floor":15,"key":"SMITH"},{"floor":30,"key":"RECALL"},{"floor":42,"key":"REST"},{"data":"Breathe_Deep","floor":44,"key":"SMITH"},{"data":"Torment","floor":47,"key":"SMITH"},{"floor":49,"key":"REST"},{"data":"Momentum","floor":52,"key":"SMITH"}],"circlet_count":0,"master_deck":["Strike_Bartender","Strike_Bartender","Strike_Bartender","Strike_Bartender","Defend_Bartender","Defend_Bartender","Defend_Bartender","Defend_Bartender","Somersault","Bitters","On_The_House","OpoOpo_Form+1","Dragonkick","stsjorbsmod:PollutedStrike","Ripple","Greased_Lightning","Perfect_Balance","Meteodrive+1","Sucker_Punch","Beat_Rush","With_A_Twist","Momentum+1","Mirage+1","Vortex+","Fading_Blow","Alacrity","Free_Pour","With_A_Twist+1","Ripple","Training_Dummy","Breathe_Deep+1","Delirium","Spirits_Within","Greased_Lightning+1","Snap_Punch+1","Pony_Shot+1","Wall_of_Ice+1","On_The_Rocks","Hook","Ball_Of_Ice+1","Torment+1","Power_Up_Punch+1","Sucker_Punch+1"],"relics":["Sneakers","NeowsBlessing","Mercury Hourglass","ReplayTheSpireMod:CursedCoin","HollowMod:PaleOreRelic","Runesmith:UraniumAnvil","ReplayFunnel","HollowMod:LifeEnderRelic","Lee\u0027s Waffle","Bag of Preparation","Orrery","Toolbox","ReplayTheSpireMod:Ring of Collecting","Ring of Panic","Painkiller Herb","Potion Belt","ReplayTheSpireMod:Ring of Exchange","Replay:Towering Pillar of Hats","Sundial"],"acts_visited":["Exordium","TheCity","TheBeyond","TheEnding"],"potions_floor_usage":[6,6,14,16,23,41,46,50,50,55,55,55],"damage_taken":[{"damage":0,"enemies":"2 Louse","floor":1,"turns":1},{"damage":0,"enemies":"Cultist","floor":3,"turns":1},{"damage":0,"enemies":"Small Slimes","floor":5,"turns":1},{"damage":30,"enemies":"3 Sentries","floor":6,"turns":9},{"damage":4,"enemies":"Exordium Wildlife","floor":11,"turns":3},{"damage":4,"enemies":"2 Fungi Beasts","floor":12,"turns":2},{"damage":7,"enemies":"Looter","floor":13,"turns":3},{"damage":0,"enemies":"Gremlin Gang","floor":14,"turns":3},{"damage":13,"enemies":"Slime Boss","floor":16,"turns":9},{"damage":15,"enemies":"Spheric Guardian","floor":18,"turns":5},{"damage":0,"enemies":"Chosen","floor":21,"turns":3},{"damage":15,"enemies":"Book of Stabbing","floor":23,"turns":5},{"damage":15,"enemies":"Snake Plant","floor":24,"turns":3},{"damage":1,"enemies":"Sentry and Sphere","floor":25,"turns":4},{"damage":3,"enemies":"Centurion and Healer","floor":26,"turns":6},{"damage":5,"enemies":"Centurion and Healer","floor":28,"turns":6},{"damage":5,"enemies":"Pondfish","floor":33,"turns":10},{"damage":0,"enemies":"Orb Walker","floor":35,"turns":2},{"damage":0,"enemies":"3 Darklings","floor":36,"turns":3},{"damage":4,"enemies":"Jaw Worm Horde","floor":37,"turns":4},{"damage":0,"enemies":"Spire Growth","floor":38,"turns":4},{"damage":0,"enemies":"Transient","floor":39,"turns":5},{"damage":32,"enemies":"Nemesis","floor":40,"turns":7},{"damage":8,"enemies":"Spire Growth","floor":41,"turns":6},{"damage":27,"enemies":"HollowMod:SlobberingHusk","floor":45,"turns":9},{"damage":0,"enemies":"Transient","floor":46,"turns":5},{"damage":1,"enemies":"4 Shapes","floor":48,"turns":3},{"damage":25,"enemies":"Replay:Hell Engine","floor":50,"turns":11},{"damage":26,"enemies":"Shield and Spear","floor":54,"turns":8},{"damage":68,"enemies":"The Heart","floor":55,"turns":3}],"seed_played":"6561786129521668267","potions_obtained":[{"floor":1,"key":"LiquidMemories"},{"floor":2,"key":"Swift Potion"},{"floor":3,"key":"DuplicationPotion"},{"floor":5,"key":"SteroidPotion"},{"floor":13,"key":"LiquidBronze"},{"floor":21,"key":"ColorlessPotion"},{"floor":25,"key":"Energy Potion"},{"floor":33,"key":"construct:ShiftPotion"},{"floor":38,"key":"Cursed Concoction"},{"floor":39,"key":"CultistPotion"},{"floor":41,"key":"Ancient Potion"},{"floor":45,"key":"Explosive Potion"},{"floor":46,"key":"hexamod:EctoCoolerPotion"},{"floor":54,"key":"sneckomod:MuddlingPotion"}],"is_trial":false,"path_per_floor":["M","?","M","?","M","E","$","R","T","R","M","M","M","M","R","B",null,"M","$","?","M","?","E","M","M","MIM","$","M","$","R","$","R","B",null,"?","?","?","?","?","E","?","T","T","T","?","?","T","?","T","B",null,"T","T","E","B"],"character_chosen":"BARTENDER","items_purchased":["ReplayTheSpireMod:CursedCoin","Ripple","Lee\u0027s Waffle","Bag of Preparation","Free_Pour","Orrery","Toolbox","Replay:Towering Pillar of Hats"],"campfire_rested":3,"item_purchase_floors":[7,7,27,29,29,29,31,53],"current_hp_per_floor":[70,70,70,70,70,40,40,61,61,61,57,53,46,46,46,33,70,55,55,55,55,55,40,25,24,21,77,72,72,72,72,72,67,77,77,77,73,73,73,41,33,56,56,56,29,29,29,28,51,26,77,77,77,51,0,0],"gold":50,"neow_bonus":"THREE_ENEMY_KILL","is_daily":false,"chose_seed":false,"campfire_upgraded":5,"win_rate":0.0,"timestamp":1609327981,"path_taken":["M","?","?","?","M","E","$","R","T","R","M","M","M","M","R","BOSS","M","$","?","M","?","E","M","M","MIM","?","M","$","R","$","R","BOSS","?","?","?","?","?","E","?","T","T","T","?","?","T","?","T","BOSS","T","T","E","BOSS"],"items_purchased_type":["Relic","Card","Relic","Relic","Card","Relic","Relic","Relic"],"build_version":"2020-12-22","purchased_purges":1,"victory":false,"max_hp_per_floor":[70,70,70,70,70,70,70,70,70,70,70,70,70,70,70,70,70,70,70,70,70,70,70,70,70,70,77,77,77,77,77,77,77,77,77,77,77,77,77,77,77,77,77,77,77,77,77,77,77,77,77,77,77,77,77,77],"card_choices":[{"not_picked":["Stick_and_Move","Rope_A_Dope"],"picked":"Bitters","floor":1},{"not_picked":["Insight_B","Bicycle_Kick"],"picked":"On_The_House","floor":3},{"not_picked":["Ripple","Dragonkick"],"picked":"OpoOpo_Form","floor":5},{"not_picked":["With_A_Twist","Axe_Heel_Kick"],"picked":"Dragonkick","floor":6},{"not_picked":["Coeurl_Form","Raptor_Form"],"picked":"Greased_Lightning","floor":11},{"not_picked":["Feint","RockBreaker"],"picked":"Perfect_Balance","floor":12},{"not_picked":["Mirage","Pony_Shot"],"picked":"Meteodrive","floor":13},{"not_picked":["Greased_Lightning","ThreeSidedStar"],"picked":"Sucker_Punch","floor":14},{"not_picked":["Moonsault_Kick","Storage"],"picked":"Beat_Rush","floor":16},{"not_picked":["Wall_of_Ice","Foot_Thrust"],"picked":"With_A_Twist","floor":18},{"not_picked":["Ripple+1","Hook"],"picked":"Momentum","floor":21},{"not_picked":["Tornado_Kick","Foot_Thrust"],"picked":"Mirage+1","floor":23},{"not_picked":["Perfect_Balance","Dragonkick"],"picked":"Vortex+","floor":24},{"not_picked":["Waterkick","Press_Forward"],"picked":"Fading_Blow","floor":25},{"not_picked":["Training_Dummy+1","Bloodbath_Bartender"],"picked":"Alacrity","floor":28},{"not_picked":["RockBreaker","Meditate"],"picked":"With_A_Twist+1","floor":29},{"not_picked":["Insight_B+1","Sucker_Punch"],"picked":"Ripple","floor":29},{"not_picked":["Feint","Scoop"],"picked":"Training_Dummy","floor":29},{"not_picked":["Greased_Lightning","Fading_Blow"],"picked":"Breathe_Deep","floor":29},{"not_picked":["Combo_Master","Windup"],"picked":"Spirits_Within","floor":33},{"not_picked":["Ripple","Pony_Shot"],"picked":"Greased_Lightning+1","floor":35},{"not_picked":["Step_Of_The_Wind","Power_Up_Punch"],"picked":"Snap_Punch+1","floor":36},{"not_picked":["Greased_Lightning+1","Well_Drinks+1"],"picked":"Pony_Shot+1","floor":37},{"not_picked":["Sucker_Punch","Foot_Thrust"],"picked":"Wall_of_Ice+1","floor":38},{"not_picked":["Bitters+1","Press_Forward+1"],"picked":"On_The_Rocks","floor":39},{"not_picked":["Elbow_Slash","Meditate"],"picked":"Hook","floor":40},{"not_picked":["Vortex","Snap_Punch+1"],"picked":"Ball_Of_Ice+1","floor":41},{"not_picked":["Free_Pour","Stick_and_Move"],"picked":"Torment","floor":45},{"not_picked":["Axe_Heel_Kick+1","Cross+1"],"picked":"Power_Up_Punch+1","floor":46},{"not_picked":["Meteodrive","High_Tide","On_The_Rocks+1"],"picked":"SKIP","floor":48},{"not_picked":["Raptor_Form","Dart"],"picked":"Sucker_Punch+1","floor":54}],"player_experience":747515,"relics_obtained":[{"floor":6,"key":"Mercury Hourglass"},{"floor":9,"key":"HollowMod:PaleOreRelic"},{"floor":23,"key":"ReplayFunnel"},{"floor":26,"key":"HollowMod:LifeEnderRelic"},{"floor":32,"key":"ReplayTheSpireMod:Ring of Collecting"},{"floor":32,"key":"Ring of Panic"},{"floor":40,"key":"Potion Belt"},{"floor":43,"key":"ReplayTheSpireMod:Ring of Exchange"},{"floor":54,"key":"Sundial"}],"event_choices":[{"damage_healed":0,"gold_gain":0,"player_choice":"Bought 1 Potion","damage_taken":0,"max_hp_gain":0,"max_hp_loss":0,"event_name":"The Woman in Blue","floor":2,"gold_loss":0},{"damage_healed":0,"gold_gain":175,"player_choice":"AGREE","damage_taken":0,"max_hp_gain":0,"max_hp_loss":0,"event_name":"Liars Game","floor":4,"gold_loss":0,"cards_obtained":["Doubt"]},{"damage_healed":0,"gold_gain":0,"player_choice":"Ignored","damage_taken":0,"max_hp_gain":0,"max_hp_loss":0,"event_name":"Vampires","floor":20,"gold_loss":0}],"is_beta":false,"boss_relics":[{"not_picked":["Honey Jar","Black Star"],"picked":"Runesmith:UraniumAnvil"},{"not_picked":["Silver_Glasses","Snecko Eye"],"picked":"Painkiller Herb"}],"items_purged_floors":[7],"is_endless":false,"potions_floor_spawned":[1,3,5,13,21,25,33,38,39,41,45,46,54],"killed_by":"The Heart","ascension_level":0}}