{"host":"88hg6ocvqrqxrx5h","time":1609369513,"event":{"mods":["BaseMod","Colored Map","Minty Spire (QoL Compilation)","Unceasing Turn Reminder","slay the spire mod where everything is the same but ironclad has a cowboy hat"],"gold_per_floor":[116,116,116,130,51,87,87,120,144,144,164,182,182,220,220,341,341,365,388,388,313,313,313,313],"floor_reached":23,"playtime":1134,"items_purged":[],"score":290,"play_id":"057d6e7f-43f1-4c7a-8e2a-0a08b690f710","local_time":"20201230150513","is_ascension_mode":true,"campfire_choices":[{"data":"Seeing Red","floor":7.0,"key":"SMITH"},{"data":"Bash","floor":10.0,"key":"SMITH"},{"data":"Bloodletting","floor":13.0,"key":"SMITH"},{"floor":15.0,"key":"REST"}],"circlet_count":0,"master_deck":["Strike_R","Strike_R","Strike_R","Strike_R","Defend_R","Defend_R","Defend_R","Defend_R","Bash+1","Spot Weakness","Impervious","Shrug It Off","Seeing Red+1","Flame Barrier","Metallicize","Uppercut","Bloodletting+1","Anger","Reaper","Flex","Headbutt"],"relics":["Burning Blood","NeowsBlessing","Golden Idol","Nunchaku","Ancient Tea Set","Strawberry","Ornamental Fan","Mark of Pain","Molten Egg 2"],"acts_visited":["Exordium","TheCity"],"potions_floor_usage":[16],"damage_taken":[{"damage":0.0,"enemies":"2 Louse","floor":1.0,"turns":2.0},{"damage":0.0,"enemies":"Jaw Worm","floor":4.0,"turns":1.0},{"damage":0.0,"enemies":"Lagavulin","floor":6.0,"turns":2.0},{"damage":7.0,"enemies":"3 Sentries","floor":8.0,"turns":7.0},{"damage":17.0,"enemies":"Cultist","floor":11.0,"turns":5.0},{"damage":18.0,"enemies":"3 Louse","floor":12.0,"turns":5.0},{"damage":40.0,"enemies":"Gremlin Nob","floor":14.0,"turns":7.0},{"damage":39,"enemies":"The Guardian","floor":16,"turns":15},{"damage":17,"enemies":"Shell Parasite","floor":18,"turns":4},{"damage":21,"enemies":"Spheric Guardian","floor":19,"turns":6},{"damage":70,"enemies":"Book of Stabbing","floor":23,"turns":7}],"seed_played":"6076340749203197328","potions_obtained":[{"floor":1.0,"key":"AttackPotion"},{"floor":4.0,"key":"SpeedPotion"},{"floor":8.0,"key":"Weak Potion"}],"is_trial":false,"path_per_floor":["M","?","?","M","$","E","R","E","T","R","M","M","R","E","R","B",null,"M","M","?","?","T","E"],"character_chosen":"IRONCLAD","items_purchased":["Flame Barrier"],"campfire_rested":1,"item_purchase_floors":[5],"current_hp_per_floor":[80,60,60,66,66,72,72,71,78,78,67,55,55,21,47,14,69,68,60,60,60,60,0,0],"gold":313,"neow_bonus":"THREE_ENEMY_KILL","is_daily":false,"chose_seed":false,"campfire_upgraded":3,"win_rate":0.0,"timestamp":1609369513,"path_taken":["M","?","?","?","$","E","R","E","T","R","M","M","R","E","R","BOSS","M","M","?","?","?","E"],"items_purchased_type":["Card"],"build_version":"2020-12-22","purchased_purges":0,"victory":false,"max_hp_per_floor":[80,80,80,80,80,80,80,80,87,87,87,87,87,87,87,87,87,87,87,87,87,87,87,87],"card_choices":[{"not_picked":["Infernal Blade","Ghostly Armor"],"picked":"Spot Weakness","floor":1.0},{"not_picked":["Heavy Blade","Feel No Pain"],"picked":"Seeing Red","floor":4.0},{"not_picked":["Spot Weakness","Havoc","Burning Pact"],"picked":"SKIP","floor":6.0},{"not_picked":["True Grit","Sever Soul"],"picked":"Metallicize","floor":8.0},{"not_picked":["Pommel Strike","Sever Soul"],"picked":"Uppercut","floor":11.0},{"not_picked":["Cleave","Heavy Blade"],"picked":"Bloodletting","floor":12.0},{"not_picked":["Perfected Strike","Shrug It Off"],"picked":"Anger","floor":14.0},{"not_picked":["Demon Form","Corruption"],"picked":"Reaper","floor":16},{"not_picked":["Twin Strike","Wild Strike"],"picked":"Flex","floor":18},{"not_picked":["Cleave","Headbutt","Pommel Strike"],"picked":"SKIP","floor":19}],"player_experience":143874,"relics_obtained":[{"floor":6.0,"key":"Nunchaku"},{"floor":8.0,"key":"Ancient Tea Set"},{"floor":9.0,"key":"Strawberry"},{"floor":14.0,"key":"Ornamental Fan"},{"floor":22,"key":"Molten Egg 2"}],"event_choices":[{"damage_healed":0.0,"max_hp_gain":0.0,"max_hp_loss":0.0,"gold_gain":0.0,"event_name":"Golden Idol","player_choice":"Take Damage","floor":2.0,"gold_loss":0.0,"damage_taken":20.0,"relics_obtained":["Golden Idol"]},{"damage_healed":0.0,"max_hp_gain":0.0,"max_hp_loss":0.0,"gold_gain":0.0,"event_name":"Match and Keep!","player_choice":"2 cards matched","floor":3.0,"gold_loss":0.0,"damage_taken":0.0,"cards_obtained":["Impervious","Shrug It Off"]},{"damage_healed":0.0,"max_hp_gain":0.0,"max_hp_loss":0.0,"gold_gain":0.0,"event_name":"Match and Keep!","player_choice":"2 cards matched","floor":3.0,"gold_loss":0.0,"damage_taken":0.0,"cards_obtained":["Impervious","Shrug It Off"]},{"damage_healed":0,"gold_gain":0,"player_choice":"Read","damage_taken":0,"max_hp_gain":0,"max_hp_loss":0,"event_name":"The Library","floor":20,"gold_loss":0,"cards_obtained":["Headbutt"]},{"cards_removed":["Strike_R"],"damage_healed":0,"gold_gain":0,"player_choice":"Gave Gold","damage_taken":0,"max_hp_gain":0,"max_hp_loss":0,"event_name":"Beggar","floor":21,"gold_loss":75}],"is_beta":false,"boss_relics":[{"not_picked":["Calling Bell","Philosopher\u0027s Stone"],"picked":"Mark of Pain"}],"items_purged_floors":[],"is_endless":false,"potions_floor_spawned":[1,4,8],"killed_by":"Book of Stabbing","ascension_level":5}}