{"host":"0i8dz4ityulxi1rd","time":1609337042,"event":{"mods":["BaseMod","Colored Map","Colored Powertips","Custom Start","Highlight Path","Hubris","Infinite Spire","Keyboard Shortcuts","Minty Spire (QoL Compilation)","StSLib","SuperFastMode"],"gold_per_floor":[110,110,110,128,53,88,88,104,155,174,192,219,219,232,232,232,232],"floor_reached":16,"playtime":328,"items_purged":["Strike_B"],"score":274,"play_id":"6007556a-7796-44f3-ac63-8cf8451583d1","local_time":"20201230230402","is_ascension_mode":true,"campfire_choices":[{"data":"Zap","floor":7,"key":"SMITH"},{"floor":13,"key":"REST"},{"data":"Genetic Algorithm","floor":15,"key":"SMITH"}],"circlet_count":0,"master_deck":["AscendersBane","Strike_B","Strike_B+1","Strike_B","Defend_B","Defend_B","Defend_B","Defend_B","Zap+1","Dualcast","Undo","Recycle","Gash","Beam Cell+1","Electrodynamics","Genetic Algorithm+1"],"relics":["Ring of the Snake","NeowsBlessing","Orichalcum","infinitespire:Cubic Diamond","MealTicket","Whetstone","infinitespire:WardingShard"],"acts_visited":["Exordium"],"potions_floor_usage":[12,16,16],"damage_taken":[{"damage":0,"enemies":"Jaw Worm","floor":1,"turns":1},{"damage":1,"enemies":"2 Louse","floor":4,"turns":2},{"damage":0,"enemies":"Gremlin Nob","floor":6,"turns":1},{"damage":4,"enemies":"infinitespire:Voidling","floor":8,"turns":4},{"damage":6,"enemies":"Looter","floor":10,"turns":3},{"damage":16,"enemies":"Large Slime","floor":11,"turns":7},{"damage":21,"enemies":"Lagavulin","floor":12,"turns":5},{"damage":14,"enemies":"Exordium Thugs","floor":14,"turns":4},{"damage":18,"enemies":"Slime Boss","floor":16,"turns":3}],"seed_played":"4902626167125497115","potions_obtained":[{"floor":1,"key":"infinitespire:BlackPotion"},{"floor":11,"key":"Swift Potion"},{"floor":14,"key":"PowerPotion"}],"is_trial":false,"path_per_floor":["M","?","?","M","$","E","R","M","T","M","M","E","R","M","R","B"],"character_chosen":"DEFECT","items_purchased":[],"campfire_rested":1,"item_purchase_floors":[],"current_hp_per_floor":[64,46,46,45,45,45,45,41,41,35,19,8,29,15,15,0,0],"gold":232,"neow_bonus":"THREE_ENEMY_KILL","is_daily":false,"chose_seed":false,"campfire_upgraded":2,"win_rate":0.0,"timestamp":1609337042,"path_taken":["M","?","?","M","$","E","R","M","T","M","M","E","R","M","R","BOSS"],"items_purchased_type":[],"build_version":"2020-12-22","purchased_purges":1,"victory":false,"max_hp_per_floor":[71,71,71,71,71,71,71,71,71,71,71,71,71,71,71,71,71],"card_choices":[{"not_picked":["Streamline","Redo"],"picked":"Undo","floor":1},{"not_picked":["BootSequence","Force Field"],"picked":"Recycle","floor":4},{"not_picked":["Steam","Tempest"],"picked":"Gash","floor":6},{"not_picked":["Turbo","Sweeping Beam"],"picked":"Beam Cell","floor":8},{"not_picked":["Auto Shields","Hologram","Redo"],"picked":"SKIP","floor":10},{"not_picked":["Leap","Auto Shields"],"picked":"Electrodynamics","floor":11},{"not_picked":["Chaos","Redo","Turbo"],"picked":"SKIP","floor":12},{"not_picked":["Hologram","Lockon"],"picked":"Genetic Algorithm","floor":14}],"player_experience":1272309,"relics_obtained":[{"floor":6,"key":"MealTicket"},{"floor":9,"key":"Whetstone"},{"floor":12,"key":"infinitespire:WardingShard"}],"event_choices":[{"damage_healed":0,"gold_gain":0,"player_choice":"Success","damage_taken":18,"relics_obtained":["Orichalcum"],"max_hp_gain":0,"max_hp_loss":0,"event_name":"Scrap Ooze","floor":2,"gold_loss":0}],"is_beta":false,"boss_relics":[],"items_purged_floors":[5],"is_endless":false,"potions_floor_spawned":[1,11,14],"killed_by":"Slime Boss","ascension_level":20}}