{"host":"bq4pt811tk9yrmjl","time":1609334561,"event":{"mods":["AchievementEnabler","BaseMod","Colored Map","Colored Powertips","Defuse TimeMaze Blight","Hermit","Minty Spire (QoL Compilation)","StSLib","SuperFastMode"],"gold_per_floor":[111,186,148,158,158,158,158,184,208,208,225,235,235,268,268,364,364,379,399,414,329,329,329,345,4,4,4,4,15,29,48,48,146,146,156,156,168,218,218,218,218,218],"floor_reached":41,"playtime":900,"items_purged":[],"score":447,"play_id":"1d47c7fa-6616-46d7-9075-c4f42849ac60","local_time":"20201230112241","is_ascension_mode":true,"campfire_choices":[{"data":"hermit:Maintenance","floor":6.0,"key":"SMITH"},{"data":"hermit:CalledShot","floor":10.0,"key":"SMITH"},{"floor":15,"key":"REST"},{"floor":23,"key":"RECALL"},{"data":"Apotheosis","floor":27,"key":"SMITH"},{"floor":32,"key":"REST"},{"floor":40,"key":"REST"}],"circlet_count":0,"master_deck":["hermit:Strike_Hermit","hermit:Strike_Hermit","hermit:Strike_Hermit","hermit:Strike_Hermit","hermit:Defend_Hermit","hermit:Defend_Hermit","hermit:Defend_Hermit","hermit:Defend_Hermit","hermit:Snapshot+1","hermit:Covet","hermit:Maintenance+1","hermit:CalledShot+1","hermit:RoundhouseKick","hermit:Roughhouse","CurseOfTheBell","hermit:Shortfuse","hermit:LowProfile+1","Apotheosis+1","hermit:Glare+1","hermit:FlashPowder","Writhe"],"relics":["hermit:Momento","NeowsBlessing","Calipers","Mercury Hourglass","Happy Flower","Calling Bell","Bronze Scales","Ornamental Fan","StoneCalendar","Question Card","Medical Kit","hermit:Horseshoe","Black Star","Unceasing Top"],"acts_visited":["Exordium","TheCity","TheBeyond"],"potions_floor_usage":[14,14,16,20,31,33,33,41],"damage_taken":[{"damage":0.0,"enemies":"2 Louse","floor":1.0,"turns":1.0},{"damage":0.0,"enemies":"Small Slimes","floor":4.0,"turns":1.0},{"damage":0.0,"enemies":"3 Sentries","floor":8.0,"turns":1.0},{"damage":0.0,"enemies":"Cultist","floor":11.0,"turns":3.0},{"damage":3.0,"enemies":"Exordium Wildlife","floor":12.0,"turns":4.0},{"damage":5,"enemies":"Lagavulin","floor":14,"turns":7},{"damage":24,"enemies":"Slime Boss","floor":16,"turns":9},{"damage":8,"enemies":"Shell Parasite","floor":18,"turns":5},{"damage":1,"enemies":"Chosen","floor":19,"turns":3},{"damage":16,"enemies":"Snake Plant","floor":20,"turns":3},{"damage":16,"enemies":"Shelled Parasite and Fungi","floor":24,"turns":4},{"damage":0,"enemies":"Centurion and Healer","floor":29,"turns":6},{"damage":1,"enemies":"3 Cultists","floor":30,"turns":4},{"damage":10,"enemies":"Snecko","floor":31,"turns":5},{"damage":33,"enemies":"Automaton","floor":33,"turns":11},{"damage":15,"enemies":"3 Shapes","floor":35,"turns":4},{"damage":4,"enemies":"3 Darklings","floor":37,"turns":4},{"damage":7,"enemies":"Mind Bloom Boss Battle","floor":38,"turns":9},{"damage":82,"enemies":"Giant Head","floor":41,"turns":9}],"seed_played":"-5080553121520221060","potions_obtained":[{"floor":1.0,"key":"LiquidBronze"},{"floor":4.0,"key":"Block Potion"},{"floor":12.0,"key":"SpeedPotion"},{"floor":14,"key":"Explosive Potion"},{"floor":20,"key":"FearPotion"},{"floor":24,"key":"hermit:Eclipse"},{"floor":29,"key":"Swift Potion"},{"floor":31,"key":"DistilledChaos"},{"floor":33,"key":"SkillPotion"},{"floor":37,"key":"hermit:BlackBile"}],"is_trial":false,"path_per_floor":["M","?","$","M","?","R","?","E","T","R","M","M","?","E","R","B",null,"M","M","M","?","?","R","M","$","T","R","?","M","M","M","R","B",null,"M","?","M","?","?","R","E"],"character_chosen":"HERMIT","items_purchased":["hermit:Maintenance","Apotheosis","Medical Kit"],"campfire_rested":3,"item_purchase_floors":[3,25,25],"current_hp_per_floor":[75,64,64,64,57,57,57,57,57,57,57,54,54,49,71,47,75,67,66,50,50,50,50,34,34,34,34,34,34,33,23,45,12,75,60,60,56,49,68,75,0,0],"gold":218,"neow_bonus":"THREE_ENEMY_KILL","is_daily":false,"chose_seed":false,"campfire_upgraded":3,"win_rate":0.0,"timestamp":1609334561,"path_taken":["M","?","$","M","?","R","?","E","T","R","M","M","?","E","R","BOSS","M","M","?","?","?","R","?","$","T","R","?","M","M","M","R","BOSS","M","?","M","?","?","R","E"],"items_purchased_type":["Card","Card","Relic"],"build_version":"2020-12-22","purchased_purges":0,"victory":false,"max_hp_per_floor":[75,75,75,75,75,75,75,75,75,75,75,75,75,75,75,75,75,75,75,75,75,75,75,75,75,75,75,75,75,75,75,75,75,75,75,75,75,75,75,75,75,75],"card_choices":[{"not_picked":["hermit:LoneWolf","hermit:FullyLoaded","hermit:Ricochet"],"picked":"SKIP","floor":1.0},{"not_picked":["hermit:Headshot","hermit:Midnight","hermit:WideOpen"],"picked":"SKIP","floor":4.0},{"not_picked":["hermit:ItchyTrigger","hermit:TakeCover"],"picked":"hermit:CalledShot","floor":8.0},{"not_picked":["hermit:Glare","hermit:SprayPray","hermit:HoleUp"],"picked":"SKIP","floor":11.0},{"not_picked":["hermit:Horror","hermit:LoneWolf"],"picked":"hermit:RoundhouseKick","floor":12.0},{"not_picked":["hermit:TakeCover","hermit:Scavenge","hermit:CursedWeapon"],"picked":"SKIP","floor":14},{"not_picked":["hermit:Gambit","hermit:RoundhouseKick"],"picked":"hermit:Roughhouse","floor":16},{"not_picked":["hermit:Snipe","hermit:DeadMansHand","hermit:Dive"],"picked":"SKIP","floor":18},{"not_picked":["hermit:BigShot","hermit:ItchyTrigger","hermit:LowProfile"],"picked":"SKIP","floor":19},{"not_picked":["hermit:Ricochet","hermit:Quickdraw+1"],"picked":"hermit:Shortfuse","floor":20},{"not_picked":["hermit:Ricochet","hermit:DeadMansHand","hermit:Headshot"],"picked":"hermit:LowProfile+1","floor":24},{"not_picked":["hermit:Ricochet","hermit:CalledShot+1","hermit:Feint","hermit:Horror+1"],"picked":"SKIP","floor":29},{"not_picked":["hermit:LowProfile","hermit:ItchyTrigger+1","hermit:Dive","hermit:Desperado"],"picked":"SKIP","floor":30},{"not_picked":["hermit:HighCaliber","hermit:Vantage","hermit:LoneWolf","hermit:TakeCover"],"picked":"SKIP","floor":31},{"not_picked":["hermit:Coalescence+1","hermit:Headshot","hermit:Combo"],"picked":"hermit:Glare+1","floor":35},{"not_picked":["hermit:Feint","hermit:CalledShot","hermit:TrackingShot+1"],"picked":"hermit:FlashPowder","floor":37}],"player_experience":140621,"relics_obtained":[{"floor":8.0,"key":"Mercury Hourglass"},{"floor":14,"key":"Happy Flower"},{"floor":17,"key":"Bronze Scales"},{"floor":17,"key":"Ornamental Fan"},{"floor":17,"key":"StoneCalendar"},{"floor":26,"key":"hermit:Horseshoe"},{"floor":38,"key":"Unceasing Top"}],"event_choices":[{"damage_healed":0.0,"max_hp_gain":0.0,"max_hp_loss":0.0,"gold_gain":75.0,"event_name":"World of Goop","player_choice":"Gather Gold","floor":2.0,"gold_loss":0.0,"damage_taken":11.0},{"damage_healed":0.0,"max_hp_gain":0.0,"max_hp_loss":0.0,"gold_gain":0.0,"event_name":"Scrap Ooze","player_choice":"Success","floor":5.0,"gold_loss":0.0,"damage_taken":7.0,"relics_obtained":["Calipers"]},{"damage_healed":0.0,"max_hp_gain":0.0,"max_hp_loss":0.0,"gold_gain":0.0,"event_name":"Living Wall","player_choice":"Grow","floor":7.0,"gold_loss":0.0,"damage_taken":0.0,"cards_upgraded":["hermit:Snapshot"]},{"damage_healed":0,"gold_gain":0,"player_choice":"Ignored","damage_taken":0,"max_hp_gain":0,"max_hp_loss":0,"event_name":"Purifier","floor":13,"gold_loss":0},{"damage_healed":0,"gold_gain":0,"player_choice":"Obtained Relic","damage_taken":0,"relics_obtained":["Question Card"],"max_hp_gain":0,"max_hp_loss":0,"event_name":"Addict","floor":21,"gold_loss":85},{"damage_healed":0,"gold_gain":0,"player_choice":"0 cards matched","damage_taken":0,"max_hp_gain":0,"max_hp_loss":0,"event_name":"Match and Keep!","floor":22,"gold_loss":0,"cards_obtained":[]},{"damage_healed":0,"gold_gain":0,"player_choice":"Ignored","damage_taken":0,"max_hp_gain":0,"max_hp_loss":0,"event_name":"Vampires","floor":28,"gold_loss":0},{"damage_healed":0,"gold_gain":0,"player_choice":"Ignored","damage_taken":0,"max_hp_gain":0,"max_hp_loss":0,"event_name":"Mysterious Sphere","floor":36,"gold_loss":0},{"damage_healed":0,"gold_gain":0,"player_choice":"Fight","damage_taken":0,"max_hp_gain":0,"max_hp_loss":0,"event_name":"MindBloom","floor":38,"gold_loss":0},{"damage_healed":19,"gold_gain":0,"player_choice":"Writhe","damage_taken":0,"max_hp_gain":0,"max_hp_loss":0,"event_name":"Winding Halls","floor":39,"gold_loss":0,"cards_obtained":["Writhe"]}],"is_beta":false,"boss_relics":[{"not_picked":["SlaversCollar","Runic Pyramid"],"picked":"Calling Bell"},{"not_picked":["Astrolabe","Coffee Dripper"],"picked":"Black Star"}],"items_purged_floors":[],"is_endless":false,"potions_floor_spawned":[1,4,12,14,20,24,29,31,33,37],"killed_by":"Giant Head","ascension_level":1}}