{"host":"hxb85ejwp6zvj2g7","time":1609329193,"event":{"mods":["BaseMod","BetterRewards","Colored Map","Friendly Minions","Marisa£®ÏF”Í°°ƒß¿Ì…≥£©","Minty Spire (QoL Compilation)","Remilia£®¿Ÿ√◊¿Ú—«£©","The Administrix","The Construct","The Servant 0.9.4"],"gold_per_floor":[116,116,116,86,101,101,144,144,144,144,144,160,183,201,201,321,321,335,348,348,372,372,410,5,5,5],"floor_reached":25,"playtime":2249,"items_purged":[],"score":221,"play_id":"1ef49855-6ad0-4f5b-b206-0abc8ea24319","local_time":"20201230195313","is_ascension_mode":false,"campfire_choices":[{"data":"Infinite Blades","floor":6,"key":"SMITH"},{"data":"Pain","floor":11,"key":"PURGE"},{"floor":15,"key":"REST"}],"circlet_count":0,"master_deck":["Strike_G","Strike_G","Strike_G","Strike_G","Strike_G","Defend_G","Defend_G","Defend_G","Defend_G","Defend_G","Survivor","Neutralize","Dramatic Entrance","Infinite Blades+1","Underhanded Strike","Burst+1","Backflip","Blade Dance","Footwork","Phantasmal Killer","Masterful Stab+1","Flying Knee+1","Dagger Throw+1","Noxious Fumes+1"],"relics":["Ring of the Snake","Golden Idol","Pen Nib","Peace Pipe","Ornamental Fan","WarpedTongs","Snecko Eye","Lantern","HandDrill","Molten Egg 2"],"acts_visited":["Exordium","TheCity"],"potions_floor_usage":[16,18,19,23,23,25],"damage_taken":[{"damage":0,"enemies":"Jaw Worm","floor":1,"turns":4},{"damage":0,"enemies":"Small Slimes","floor":5,"turns":3},{"damage":39,"enemies":"Gremlin Nob","floor":7,"turns":6},{"damage":0,"enemies":"Cultist","floor":12,"turns":3},{"damage":3,"enemies":"Blue Slaver","floor":13,"turns":4},{"damage":0,"enemies":"3 Louse","floor":14,"turns":3},{"damage":27,"enemies":"The Guardian","floor":16,"turns":11},{"damage":3,"enemies":"Shell Parasite","floor":18,"turns":3},{"damage":1,"enemies":"3 Byrds","floor":19,"turns":4},{"damage":18,"enemies":"Snecko","floor":21,"turns":6},{"damage":31,"enemies":"Gremlin Leader","floor":23,"turns":6},{"damage":19,"enemies":"Slavers","floor":25,"turns":1}],"seed_played":"-7581243725678556489","potions_obtained":[{"floor":4,"key":"LiquidMemories"},{"floor":4,"key":"construct:ShiftPotion"},{"floor":5,"key":"construct:ShiftPotion"},{"floor":13,"key":"SneckoOil"},{"floor":16,"key":"AttackPotion"},{"floor":21,"key":"DistilledChaos"},{"floor":23,"key":"Explosive Potion"}],"is_trial":false,"path_per_floor":["M","?","?","?","M","R","E","?","T","?","R","M","M","M","R","B",null,"M","M","?","M","?","E","$","E"],"character_chosen":"THE_SILENT","items_purchased":["HandDrill","Molten Egg 2"],"campfire_rested":1,"item_purchase_floors":[24,24],"current_hp_per_floor":[70,70,63,63,63,63,24,24,24,24,24,24,21,21,42,15,70,67,66,66,48,48,17,17,0,0],"gold":5,"neow_bonus":"RANDOM_COLORLESS","is_daily":false,"chose_seed":false,"campfire_upgraded":1,"win_rate":0.0,"timestamp":1609329193,"path_taken":["M","?","?","?","?","R","E","?","T","?","R","?","M","M","R","BOSS","M","?","?","M","?","E","$","E"],"items_purchased_type":["Relic","Relic"],"build_version":"2020-12-22","purchased_purges":0,"victory":false,"max_hp_per_floor":[70,70,70,70,70,70,70,70,70,70,70,70,70,70,70,70,70,70,70,70,70,70,70,70,70,70],"card_choices":[{"not_picked":["Impatience","Discovery"],"picked":"Dramatic Entrance","floor":0},{"not_picked":["Dash","Deadly Poison"],"picked":"Infinite Blades","floor":1},{"not_picked":["Heel Hook","Reflex"],"picked":"Underhanded Strike","floor":5},{"not_picked":["Night Terror","Blur"],"picked":"Burst","floor":7},{"not_picked":["Heel Hook","Acrobatics"],"picked":"Backflip","floor":12},{"not_picked":["Reflex","Calculated Gamble"],"picked":"Blade Dance","floor":13},{"not_picked":["Dagger Throw","Deflect"],"picked":"Footwork","floor":14},{"not_picked":["Die Die Die","Tools of the Trade"],"picked":"Phantasmal Killer","floor":16},{"not_picked":["Dagger Throw","Prepared"],"picked":"Masterful Stab+1","floor":18},{"not_picked":["Dodge and Roll+1","Skewer"],"picked":"Flying Knee+1","floor":19},{"not_picked":["PiercingWail","Prepared"],"picked":"Dagger Throw+1","floor":21},{"not_picked":["Distraction+1","Backflip"],"picked":"Noxious Fumes+1","floor":23}],"player_experience":57746,"relics_obtained":[{"floor":7,"key":"Peace Pipe"},{"floor":9,"key":"Ornamental Fan"},{"floor":23,"key":"Lantern"}],"event_choices":[{"damage_healed":0,"gold_gain":0,"player_choice":"Take Wound","damage_taken":0,"relics_obtained":["Golden Idol"],"max_hp_gain":0,"max_hp_loss":0,"event_name":"Golden Idol","floor":2,"gold_loss":0,"cards_obtained":["Injury"]},{"damage_healed":0,"gold_gain":0,"player_choice":"Success","damage_taken":7,"relics_obtained":["Pen Nib"],"max_hp_gain":0,"max_hp_loss":0,"event_name":"Scrap Ooze","floor":3,"gold_loss":0},{"damage_healed":0,"gold_gain":0,"player_choice":"Bought 2 Potions","damage_taken":0,"max_hp_gain":0,"max_hp_loss":0,"event_name":"The Woman in Blue","floor":4,"gold_loss":0},{"damage_healed":0,"gold_gain":0,"player_choice":"Grow","damage_taken":0,"max_hp_gain":0,"max_hp_loss":0,"event_name":"Living Wall","floor":8,"gold_loss":0,"cards_upgraded":["Burst"]},{"damage_healed":0,"gold_gain":0,"player_choice":"Rummage","damage_taken":0,"relics_obtained":["WarpedTongs"],"max_hp_gain":0,"max_hp_loss":0,"event_name":"Accursed Blacksmith","floor":10,"gold_loss":0,"cards_obtained":["Pain"]},{"damage_healed":0,"gold_gain":0,"player_choice":"Ignored","damage_taken":0,"max_hp_gain":0,"max_hp_loss":0,"event_name":"Vampires","floor":20,"gold_loss":0},{"cards_removed":["Injury"],"damage_healed":0,"gold_gain":0,"player_choice":"Removed Curses","damage_taken":0,"max_hp_gain":0,"max_hp_loss":0,"event_name":"Fountain of Cleansing","floor":22,"gold_loss":0}],"is_beta":false,"boss_relics":[{"not_picked":["SacredBark","Astrolabe"],"picked":"Snecko Eye"}],"items_purged_floors":[],"is_endless":false,"potions_floor_spawned":[5,13,16,21,23],"killed_by":"Slavers","ascension_level":0}}