{"host":"ab3ipg3fqe03b2ex","time":1609325411,"event":{"mods":["AchievementEnabler","BaseMod","Colored Powertips","Minty Spire (QoL Compilation)","MostiFishMod","Quick Restart","Shop Mod","StSLib","Uncapped","【功能Mod】Neow奖励","【功能Mod】精心准备"],"gold_per_floor":[119,134,107,107,121,121,135,147,147,178,190,190,206,219,219,316,316,330,350,350,366,306,306,341,341,341,358,392,422,462,486,498,614,626,654,586,598,598,498,532,532,582,582,593,593,628,644,673,673,673,673,673,70,97,97],"floor_reached":56,"playtime":1411,"items_purged":["Defend_B","Defend_B","Defend_B","Defend_B"],"score":1866,"play_id":"a26b9eed-61a7-45b1-bc04-d0588b89f3a3","local_time":"20201230185011","is_ascension_mode":true,"campfire_choices":[{"floor":6,"key":"RECALL"},{"floor":12,"key":"REST"},{"floor":15,"key":"REST"},{"floor":23,"key":"REST"},{"floor":25,"key":"REST"},{"floor":32,"key":"REST"},{"floor":41,"key":"REST"},{"floor":49,"key":"REST"},{"floor":52,"key":"REST"}],"circlet_count":0,"master_deck":["Strike_B","Strike_B","Strike_B","Zap","Dualcast","MostiFishMod:PushDownKick","White Noise","Skim","Cold Snap","MostiFishMod:ActiveDefenseSystem","Lockon","Ball Lightning","Ball Lightning","Ball Lightning","Double Energy+1","Ball Lightning+1","MostiFishMod:IntelligentEquipment","MostiFishMod:SephirahHod","Electrodynamics"],"relics":["OneHitWonderSystem","Civilization","Fusion Hammer","SynthV:TestCard","The Courier","PatriotShield","Pen Nib","HornCleat","MawBank","Bird Faced Urn","MostiFishMod:Hod","Centennial Puzzle","Lizard Tail","Ornamental Fan","Blue Candle","Bag of Preparation","BrkXgEgg","Bag of Marbles","Torii","Orichalcum"],"acts_visited":["Exordium","TheCity","TheBeyond","TheEnding"],"potions_floor_usage":[16],"damage_taken":[{"damage":0,"enemies":"Jaw Worm","floor":1,"turns":2},{"damage":0,"enemies":"Small Slimes","floor":2,"turns":2},{"damage":0,"enemies":"Cultist","floor":5,"turns":3},{"damage":0,"enemies":"Blue Slaver","floor":7,"turns":2},{"damage":0,"enemies":"Large Slime","floor":8,"turns":2},{"damage":0,"enemies":"Gremlin Nob","floor":10,"turns":3},{"damage":0,"enemies":"3 Louse","floor":11,"turns":2},{"damage":0,"enemies":"Looter","floor":13,"turns":2},{"damage":0,"enemies":"Exordium Thugs","floor":14,"turns":2},{"damage":0,"enemies":"The Guardian","floor":16,"turns":4},{"damage":0,"enemies":"2 Thieves","floor":18,"turns":2},{"damage":0,"enemies":"3 Byrds","floor":19,"turns":2},{"damage":0,"enemies":"3 Cultists","floor":21,"turns":1},{"damage":0,"enemies":"Slavers","floor":24,"turns":1},{"damage":0,"enemies":"Snake Plant","floor":27,"turns":1},{"damage":0,"enemies":"Gremlin Leader","floor":28,"turns":1},{"damage":0,"enemies":"Chosen and Byrds","floor":29,"turns":1},{"damage":0,"enemies":"Slavers","floor":30,"turns":1},{"damage":0,"enemies":"Centurion and Healer","floor":31,"turns":1},{"damage":0,"enemies":"Champ","floor":33,"turns":2},{"damage":0,"enemies":"3 Shapes","floor":35,"turns":1},{"damage":0,"enemies":"Orb Walker","floor":37,"turns":1},{"damage":0,"enemies":"Giant Head","floor":40,"turns":2},{"damage":0,"enemies":"Mind Bloom Boss Battle","floor":42,"turns":1},{"damage":0,"enemies":"Maw","floor":44,"turns":1},{"damage":0,"enemies":"Reptomancer","floor":46,"turns":1},{"damage":0,"enemies":"4 Shapes","floor":47,"turns":1},{"damage":0,"enemies":"Giant Head","floor":48,"turns":1},{"damage":0,"enemies":"Awakened One","floor":50,"turns":2},{"damage":0,"enemies":"Shield and Spear","floor":54,"turns":1},{"damage":0,"enemies":"The Heart","floor":55,"turns":3}],"seed_played":"8564770614775329454","potions_obtained":[{"floor":2,"key":"ColorlessPotion"},{"floor":8,"key":"Dexterity Potion"},{"floor":10,"key":"SpeedPotion"},{"floor":18,"key":"SpeedPotion"},{"floor":44,"key":"DistilledChaos"}],"is_trial":false,"path_per_floor":["M","M","?","?","M","R","M","M","T","E","M","R","M","M","R","B",null,"M","M","?","M","$","R","E","R","T","M","E","M","E","M","R","B",null,"M","$","M","?","$","E","R","?","T","M","?","E","M","E","R","B",null,"R","$","E","B",null],"character_chosen":"DEFECT","items_purchased":["BrkXgEgg","Bag of Marbles","Torii"],"campfire_rested":8,"item_purchase_floors":[53,53,53],"current_hp_per_floor":[2,4,1,1,5,1,6,7,1,8,11,1,12,14,1,15,1,17,20,1,23,1,1,26,1,1,27,28,30,33,35,1,36,1,39,1,40,1,1,41,1,42,1,43,1,46,50,51,1,56,1,1,1,58,59],"gold":97,"neow_bonus":"BOSS_RELIC","is_daily":false,"chose_seed":false,"campfire_upgraded":0,"win_rate":0.0,"timestamp":1609325411,"path_taken":["M","M","?","?","M","R","?","M","T","E","M","R","M","M","R","BOSS","M","?","?","M","$","R","E","R","T","M","E","M","E","M","R","BOSS","M","$","M","?","$","E","R","?","T","M","?","E","?","E","R","BOSS","R","$","E","BOSS"],"items_purchased_type":["Relic","Relic","Relic"],"build_version":"2020-12-22","purchased_purges":4,"victory":true,"max_hp_per_floor":[2,4,1,1,5,1,6,7,1,8,11,1,12,14,1,15,1,17,20,1,23,1,1,26,1,1,27,28,30,33,35,1,36,1,39,1,40,1,1,41,1,42,1,43,1,46,50,51,1,56,1,1,1,58,59],"card_choices":[{"not_picked":["Streamline","Steam","Stack"],"picked":"SKIP","floor":1},{"not_picked":["Doom and Gloom","Coolheaded","Barrage","Auto Shields"],"picked":"MostiFishMod:PushDownKick","floor":2},{"not_picked":["Sunder","Hologram","Barrage","Force Field"],"picked":"White Noise","floor":5},{"not_picked":["Tempest","BootSequence","Stack","Steam"],"picked":"Skim","floor":7},{"not_picked":["Genetic Algorithm","Go for the Eyes","Hyperbeam","Scrape"],"picked":"Cold Snap","floor":8},{"not_picked":["Sweeping Beam","MostiFishMod:PushDownKick","Cold Snap","MostiFishMod:GoodWordForIt","Auto Shields"],"picked":"SKIP","floor":10},{"not_picked":["Turbo","Self Repair","Consume","Chill","Conserve Battery"],"picked":"SKIP","floor":11},{"not_picked":["Chill","Streamline","Compile Driver","Sunder","Cold Snap"],"picked":"SKIP","floor":13},{"not_picked":["MostiFishMod:LinkProtocol","Chill","MostiFishMod:Impulse","Aggregate"],"picked":"MostiFishMod:ActiveDefenseSystem","floor":14},{"not_picked":["Beam Cell","Conserve Battery+1","Gash+1","Redo","Heatsinks+1"],"picked":"SKIP","floor":18},{"not_picked":["Recycle","MostiFishMod:Impulse","MostiFishMod:FluxCapactior","Rebound"],"picked":"Lockon","floor":19},{"not_picked":["Leap","Conserve Battery","Beam Cell","Turbo"],"picked":"Ball Lightning","floor":21},{"not_picked":["Sweeping Beam+1","Undo+1","Barrage","Ball Lightning","Self Repair"],"picked":"SKIP","floor":24},{"not_picked":["Barrage","Static Discharge","Hologram","Recycle+1"],"picked":"Ball Lightning","floor":27},{"not_picked":["Ball Lightning","Leap","BootSequence","MostiFishMod:SeaWaves"],"picked":"Double Energy+1","floor":28},{"not_picked":["Coolheaded+1","Reinforced Body","Beam Cell","Conserve Battery","MostiFishMod:PushDownKick"],"picked":"SKIP","floor":29},{"not_picked":["Melter+1","Hologram","MostiFishMod:ReprogramOld","MostiFishMod:LinkProtocol+1"],"picked":"Ball Lightning+1","floor":30},{"not_picked":["Steam","Hologram","Blizzard","Rebound","MostiFishMod:Prepare"],"picked":"SKIP","floor":31},{"not_picked":["MostiFishMod:ActiveDefenseSystem","MostiFishMod:Tomorrow","Fission","MostiFishMod:Overload"],"picked":"MostiFishMod:IntelligentEquipment","floor":33},{"not_picked":["Barrage","Genetic Algorithm","Double Energy+1","Conserve Battery","Gash"],"picked":"SKIP","floor":35},{"not_picked":["Leap+1","Go for the Eyes","Stack+1","Barrage","Skim+1"],"picked":"SKIP","floor":37},{"not_picked":["Glacier","FTL","Self Repair","Leap"],"picked":"Electrodynamics","floor":40},{"not_picked":["Hologram","Sweeping Beam+1","Rainbow","Barrage","Conserve Battery+1"],"picked":"SKIP","floor":44},{"not_picked":["Sunder","Force Field","Cold Snap+1","Undo","Hologram+1"],"picked":"SKIP","floor":46},{"not_picked":["Go for the Eyes+1","Redo","Doom and Gloom+1","Turbo","Conserve Battery"],"picked":"SKIP","floor":47},{"not_picked":["Force Field","Meteor Strike","Streamline+1","Redo","Cold Snap+1"],"picked":"SKIP","floor":48},{"not_picked":["Leap","Rip and Tear","Meteor Strike+1","Consume+1","Barrage"],"picked":"SKIP","floor":54}],"player_experience":20564,"relics_obtained":[{"floor":1,"key":"SynthV:TestCard"},{"floor":10,"key":"The Courier"},{"floor":24,"key":"Pen Nib"},{"floor":26,"key":"HornCleat"},{"floor":28,"key":"MawBank"},{"floor":30,"key":"Bird Faced Urn"},{"floor":40,"key":"Centennial Puzzle"},{"floor":42,"key":"Lizard Tail"},{"floor":43,"key":"Ornamental Fan"},{"floor":46,"key":"Blue Candle"},{"floor":48,"key":"Bag of Preparation"},{"floor":54,"key":"Orichalcum"}],"event_choices":[{"damage_healed":0,"gold_gain":0,"player_choice":"Left Gold","damage_taken":0,"max_hp_gain":0,"max_hp_loss":0,"event_name":"World of Goop","floor":3,"gold_loss":27},{"damage_healed":0,"gold_gain":0,"player_choice":"Banana","damage_taken":0,"max_hp_gain":0,"max_hp_loss":0,"event_name":"Big Fish","floor":4,"gold_loss":0},{"damage_healed":0,"gold_gain":0,"player_choice":"Read","damage_taken":0,"max_hp_gain":0,"max_hp_loss":0,"event_name":"The Library","floor":20,"gold_loss":0,"cards_obtained":["Ball Lightning"]},{"cards_removed":["Strike_B"],"damage_healed":0,"gold_gain":0,"player_choice":"Removed Attack","damage_taken":0,"max_hp_gain":0,"max_hp_loss":0,"event_name":"Falling","floor":38,"gold_loss":0},{"damage_healed":0,"gold_gain":0,"player_choice":"Fight","damage_taken":0,"max_hp_gain":0,"max_hp_loss":0,"event_name":"MindBloom","floor":42,"gold_loss":0},{"damage_healed":0,"gold_gain":0,"player_choice":"Memory 1","damage_taken":0,"max_hp_gain":0,"max_hp_loss":0,"event_name":"SensoryStone","floor":45,"gold_loss":0}],"is_beta":false,"boss_relics":[{"not_picked":["JellyFishMachine","GuanYuAspect"],"picked":"PatriotShield"},{"not_picked":["RhineSuit","Astrolabe"],"picked":"MostiFishMod:Hod"}],"items_purged_floors":[22,36,39,53],"is_endless":false,"potions_floor_spawned":[2,8,10,13,18,24,28,29,37,42,44],"ascension_level":2}}