{"host":"7uuqqk35leady37t","time":1609328995,"event":{"mods":["BaseMod","Colored Map","Colored Powertips","Downfall","Marisa£®ÏF”Í°°ƒß¿Ì…≥£©","Minty Spire (QoL Compilation)","Robot Space Explorer","StSLib","The Bug Knight","The Servant 0.9.4","Waifu the Spire","Yuri Mod","[IsaacMod]“‘»ˆº‚À˛"],"gold_per_floor":[110,128,128,48,61,121,121,132,157,157,192,192,207,222,222,322,322,337,337,152,162,172,207,225,255,357,282,282,382,411,446,446,548,548,567,582,682,167,389,416,416,427,450,467,481,510,521,534,534,534],"floor_reached":51,"playtime":2957,"items_purged":[],"score":904,"play_id":"5517fd74-8d7c-47cb-b140-114c1ac485f1","local_time":"20201230194955","is_ascension_mode":false,"campfire_choices":[{"data":"Rainbow","floor":7.0,"key":"SMITH"},{"data":"EpicFetus","floor":10.0,"key":"SMITH"},{"floor":15.0,"key":"REST"},{"floor":28,"key":"REST"},{"floor":32,"key":"REST"},{"data":"Consume","floor":41,"key":"SMITH"},{"data":"Aggregate","floor":49,"key":"SMITH"}],"circlet_count":0,"master_deck":["Strike_B+1","Strike_B+1","Strike_B+1","Defend_B+1","Defend_B+1","Defend_B+1","Defend_B+1","Zap","Dualcast","EpicFetus+1","Cancel","Chill","Thunder Strike","Capacitor","Rainbow+1","Ball Lightning","Capacitor","Storm","Self Repair","Streamline","Electrodynamics","Go for the Eyes","Hello World","Cold Snap","Reinforced Body","Loop","Heatsinks","Gash+1","Consume+1","Gash","Buffer+1","Buffer+1","Auto Shields","Leap+1","Machine Learning+1","Heatsinks+1","Pulse","Consume","Lockon","Compile Driver+1","Reinforced Body+1","Redo","Creative AI+1","Gash+1","Aggregate+1","Electrodynamics+1"],"relics":["Cracked Core","HushsDoor","D6","Pen Nib","Happy Flower","UnicornStump","DeathBook","SlaversCollar","Lantern","Vajra","Frozen Egg 2","HollowMod:PaleOreRelic","FossilizedHelix","Gremlin Horn","Orichalcum","Red Mask","Nuclear Battery","HowToJump","DollysMirror","Bronze Scales","Strawberry","Ancient Tea Set"],"acts_visited":["Exordium","TheCity","TheBeyond"],"potions_floor_usage":[29,33,33,40,50,50],"damage_taken":[{"damage":5.0,"enemies":"Small Slimes","floor":1.0,"turns":3.0},{"damage":4.0,"enemies":"Cultist","floor":2.0,"turns":4.0},{"damage":13.0,"enemies":"Jaw Worm","floor":5.0,"turns":4.0},{"damage":21.0,"enemies":"3 Sentries","floor":6.0,"turns":6.0},{"damage":6.0,"enemies":"Exordium Wildlife","floor":8.0,"turns":3.0},{"damage":17.0,"enemies":"Gremlin Nob","floor":11.0,"turns":4.0},{"damage":5.0,"enemies":"Looter","floor":13.0,"turns":4.0},{"damage":22.0,"enemies":"Blue Slaver","floor":14.0,"turns":4.0},{"damage":14.0,"enemies":"Slime Boss","floor":16.0,"turns":6.0},{"damage":11.0,"enemies":"Chosen","floor":18.0,"turns":4.0},{"damage":3.0,"enemies":"Shell Parasite","floor":21.0,"turns":6.0},{"damage":24.0,"enemies":"Centurion and Healer","floor":22.0,"turns":6.0},{"damage":19.0,"enemies":"Book of Stabbing","floor":23.0,"turns":4.0},{"damage":26.0,"enemies":"Chosen and Byrds","floor":24.0,"turns":6.0},{"damage":0.0,"enemies":"Gremlin Leader","floor":25.0,"turns":4.0},{"damage":0,"enemies":"Colosseum Slavers","floor":29,"turns":1},{"damage":46,"enemies":"Colosseum Nobs","floor":29,"turns":5},{"damage":0,"enemies":"HollowMod:Nosk","floor":30,"turns":6},{"damage":1,"enemies":"Masked Bandits","floor":31,"turns":3},{"damage":18,"enemies":"Collector","floor":33,"turns":8},{"damage":13,"enemies":"3 Shapes","floor":35,"turns":4},{"damage":0,"enemies":"Orb Walker","floor":36,"turns":3},{"damage":0,"enemies":"Giant Head","floor":40,"turns":7},{"damage":0,"enemies":"4 Shapes","floor":42,"turns":3},{"damage":0,"enemies":"Transient","floor":44,"turns":5},{"damage":2,"enemies":"Writhing Mass","floor":45,"turns":6},{"damage":0,"enemies":"Reptomancer","floor":46,"turns":6},{"damage":35,"enemies":"Spire Growth","floor":47,"turns":6},{"damage":6,"enemies":"Maw","floor":48,"turns":8},{"damage":8,"enemies":"Time Eater","floor":50,"turns":9}],"seed_played":"8626701204861852965","potions_obtained":[{"floor":3.0,"key":"Fire Potion"},{"floor":3.0,"key":"SteroidPotion"},{"floor":3.0,"key":"EssenceOfDarkness"},{"floor":5.0,"key":"DuplicationPotion"},{"floor":13.0,"key":"Energy Potion"},{"floor":16.0,"key":"ColorlessPotion"},{"floor":18.0,"key":"Slimebound:ThreeZeroPotion"},{"floor":21.0,"key":"GamblersBrew"},{"floor":24.0,"key":"Fire Potion"},{"floor":29,"key":"Ancient Potion"},{"floor":33,"key":"DistilledChaos"},{"floor":35,"key":"FearPotion"},{"floor":45,"key":"champ:CounterPotion"}],"is_trial":false,"path_per_floor":["M","M","?","$","M","E","R","M","T","R","E","T","M","M","R","B",null,"M","?","$","M","M","E","M","E","T","?","R","?","E","?","R","B",null,"M","M","?","$","?","E","R","M","T","M","M","E","M","M","R","B",null],"character_chosen":"DEFECT","items_purchased":["Thunder Strike","Lantern","Hello World","Heatsinks+1","Pulse","HowToJump","DollysMirror","Lockon"],"campfire_rested":3,"item_purchase_floors":[4,20,20,38,38,38,38,38],"current_hp_per_floor":[77,73,73,73,66,49,49,43,43,43,30,30,30,25,49,35,82,74,74,74,81,64,45,34,41,41,41,65,26,33,32,56,45,82,76,76,76,76,76,82,82,82,89,89,89,89,61,62,62,54],"gold":534,"neow_bonus":"TEN_PERCENT_HP_BONUS","is_daily":false,"chose_seed":false,"campfire_upgraded":4,"win_rate":0.0,"timestamp":1609328995,"path_taken":["M","M","?","$","M","E","R","M","T","R","E","?","M","M","R","BOSS","M","?","$","M","M","E","M","E","T","?","R","?","E","?","R","BOSS","M","?","?","$","?","E","R","M","T","M","M","E","M","M","R","BOSS"],"items_purchased_type":["Card","Relic","Card","Card","Card","Relic","Relic","Card"],"build_version":"2020-12-22","purchased_purges":0,"victory":true,"max_hp_per_floor":[82,82,82,82,82,82,82,82,82,82,82,82,82,82,82,82,82,82,82,82,82,82,82,82,82,82,82,82,82,82,82,82,82,82,82,82,82,82,82,82,82,82,89,89,89,89,89,89,89,89],"card_choices":[{"not_picked":[],"picked":"EpicFetus","floor":0.0},{"not_picked":["Auto Shields","Gash"],"picked":"Cancel","floor":1.0},{"not_picked":["Go for the Eyes","Blizzard"],"picked":"Chill","floor":2.0},{"not_picked":["Compile Driver","Fusion"],"picked":"Capacitor","floor":5.0},{"not_picked":["Hello World","Coolheaded"],"picked":"Rainbow","floor":6.0},{"not_picked":["Doom and Gloom","Barrage"],"picked":"Ball Lightning","floor":6.0},{"not_picked":["Beam Cell","Coolheaded"],"picked":"Capacitor","floor":8.0},{"not_picked":["Rip and Tear","Hologram"],"picked":"Storm","floor":11.0},{"not_picked":["Cancel","Conserve Battery"],"picked":"Self Repair","floor":13.0},{"not_picked":["Cold Snap","Fission"],"picked":"Streamline","floor":14.0},{"not_picked":["Biased Cognition","ElectricPowerLearning"],"picked":"Electrodynamics","floor":16.0},{"not_picked":["Compile Driver","Beam Cell+1"],"picked":"Go for the Eyes","floor":18.0},{"not_picked":["Double Energy","Skim"],"picked":"Cold Snap","floor":21.0},{"not_picked":["Steam","Genetic Algorithm"],"picked":"Reinforced Body","floor":22.0},{"not_picked":["Sweeping Beam","Steam+1"],"picked":"Loop","floor":23.0},{"not_picked":["Coolheaded","White Noise"],"picked":"Heatsinks","floor":24.0},{"not_picked":["Leap","Beam Cell+1"],"picked":"Gash+1","floor":25.0},{"not_picked":["Streamline","Coolheaded"],"picked":"Consume","floor":29},{"not_picked":["Sweeping Beam","Distribution"],"picked":"Gash","floor":30},{"not_picked":["Conserve Battery","Compile Driver"],"picked":"Buffer+1","floor":31},{"not_picked":["Seek","Reboot"],"picked":"Buffer+1","floor":33},{"not_picked":["Redo+1","White Noise"],"picked":"Auto Shields","floor":35},{"not_picked":["Skim+1","Reprogram"],"picked":"Leap+1","floor":36},{"not_picked":["Beam Cell","Redo+1"],"picked":"Machine Learning+1","floor":37},{"not_picked":["Steam","Scrape"],"picked":"Compile Driver+1","floor":40},{"not_picked":["Compile Driver","Streamline"],"picked":"Reinforced Body+1","floor":42},{"not_picked":["Stack+1","Leap+1"],"picked":"Redo","floor":44},{"not_picked":["Chill","Go for the Eyes+1"],"picked":"Creative AI+1","floor":45},{"not_picked":["Leap+1","Compile Driver+1"],"picked":"Gash+1","floor":46},{"not_picked":["FTL+1","Leap+1"],"picked":"Aggregate","floor":47},{"not_picked":["Cold Snap+1","Beam Cell+1"],"picked":"Electrodynamics+1","floor":48}],"player_experience":22580,"relics_obtained":[{"floor":6.0,"key":"Pen Nib"},{"floor":9.0,"key":"Happy Flower"},{"floor":11.0,"key":"UnicornStump"},{"floor":12.0,"key":"DeathBook"},{"floor":23.0,"key":"Vajra"},{"floor":25.0,"key":"Frozen Egg 2"},{"floor":26.0,"key":"HollowMod:PaleOreRelic"},{"floor":29,"key":"FossilizedHelix"},{"floor":29,"key":"Gremlin Horn"},{"floor":30,"key":"Orichalcum"},{"floor":31,"key":"Red Mask"},{"floor":40,"key":"Bronze Scales"},{"floor":43,"key":"Strawberry"},{"floor":46,"key":"Ancient Tea Set"}],"event_choices":[{"damage_healed":0.0,"max_hp_gain":0.0,"max_hp_loss":0.0,"gold_gain":0.0,"event_name":"Lab","player_choice":"Got Potions","floor":3.0,"gold_loss":0.0,"damage_taken":0.0},{"damage_healed":0.0,"max_hp_gain":0.0,"max_hp_loss":0.0,"gold_gain":0.0,"event_name":"Back to Basics","player_choice":"Simplicity","floor":19.0,"gold_loss":0.0,"damage_taken":0.0,"cards_upgraded":["Strike_B","Strike_B","Strike_B","Strike_B","Defend_B","Defend_B","Defend_B","Defend_B"]},{"cards_removed":["Strike_B"],"damage_healed":0.0,"max_hp_gain":0.0,"max_hp_loss":0.0,"gold_gain":0.0,"event_name":"Beggar","player_choice":"Gave Gold","floor":27.0,"gold_loss":75.0,"damage_taken":0.0},{"damage_healed":0,"gold_gain":0,"player_choice":"Fight","damage_taken":0,"max_hp_gain":0,"max_hp_loss":0,"event_name":"Colosseum","floor":29,"gold_loss":0},{"damage_healed":0,"gold_gain":0,"player_choice":"Fought Nobs","damage_taken":0,"max_hp_gain":0,"max_hp_loss":0,"event_name":"Colosseum","floor":29,"gold_loss":0},{"damage_healed":0,"gold_gain":0,"player_choice":"Fought Bandits","damage_taken":0,"max_hp_gain":0,"max_hp_loss":0,"event_name":"Masked Bandits","floor":31,"gold_loss":0},{"damage_healed":0,"gold_gain":222,"player_choice":"Wore Mask","damage_taken":0,"max_hp_gain":0,"max_hp_loss":0,"event_name":"Tomb of Lord Red Mask","floor":39,"gold_loss":0}],"is_beta":false,"boss_relics":[{"not_picked":["Cursed Key","Fusion Hammer"],"picked":"SlaversCollar"},{"not_picked":[]},{"not_picked":["Tiny House","ChampionBelt"],"picked":"Nuclear Battery"},{"not_picked":[]}],"items_purged_floors":[],"is_endless":false,"potions_floor_spawned":[5,6,8,13,14,16,18,21,24,29,33,35,36,45,46,47],"ascension_level":0}}