{"host":"h5acbxt0wmjo1kpm","time":1609314607,"event":{"mods":["2.2 Compatiblity","Act Like it!","AlwaysNeverKeys","Aspiration","Bartender","BaseMod","Better Third Choice","Colored Map","Elementarium","Gensokyo","GifTheSpireLib","Hallownest","Marisa????????","Menagerie","Minty Spire (QoL Compilation)","Permanent Neow","Potionbrewer","Relic Filter","Replay The Spire","Robot Space Explorer","RumiaBox-????????","Shade Mod","Spicy Shops","StSLib","Strawberry Spire","The Blackbeard","The Dragon Tamer","The Forsaken","The Gatherer","The Problem Sleuth","The Servant 0.9.4","Wandering Minibosses","vexMod"],"gold_per_floor":[112,129,129,146,181,181,210,221,245,245,245,245,255,255,255,255,255,255],"floor_reached":16,"playtime":785,"items_purged":[],"score":165,"play_id":"0d5870bc-feb9-4c5e-8342-926f1169bc06","local_time":"20201229235007","is_ascension_mode":true,"metric_token":2129,"campfire_choices":[{"data":"ReplayTheSpireMod:Brewmster","floor":6.0,"key":"SMITH"},{"data":"Gatherer:Transmute","floor":12,"key":"SMITH"},{"data":"Exchange","floor":15,"key":"PURGE"}],"circlet_count":1,"master_deck":["AscendersBane","Gatherer:Strike_Gatherer","Gatherer:Strike_Gatherer","Gatherer:Strike_Gatherer","Gatherer:Strike_Gatherer","Gatherer:Strike_Gatherer","Gatherer:Defend_Gatherer","Gatherer:Defend_Gatherer","Gatherer:Defend_Gatherer","Gatherer:Defend_Gatherer","Gatherer:Defend_Gatherer","Gatherer:Centralize","Gatherer:FlowerWhip","RobotSpaceExplorer:Strike","ReplayTheSpireMod:Brewmster+1","Gatherer:WitheringStrike","Gatherer:Snatch+1","Gatherer:FlowerFalling+1","Gatherer:DrugPower","Gatherer:FlowerFalling","Gatherer:Transmute+1","Gatherer:FruitForce"],"relics":["Gatherer:AlchemyBag","Hallownest:DreamNailRelic","Whetstone","Circlet","Hallownest:TeacherSealRelic"],"acts_visited":["Hallownest:Greenpath"],"potions_floor_usage":[16],"damage_taken":[{"damage":16.0,"enemies":"Hallownest:2_MossCreeps","floor":1.0,"turns":8.0},{"damage":13.0,"enemies":"Hallownest:monsterHuskGuard","floor":2.0,"turns":4.0},{"damage":0.0,"enemies":"Hallownest:monsterHuskWarrior","floor":4.0,"turns":4.0},{"damage":19.0,"enemies":"Hallownest:Guard_and_Warrior","floor":5.0,"turns":5.0},{"damage":12.0,"enemies":"Hallownest:2_Tiktiks_1_Baldur_1_Crawlid","floor":7.0,"turns":6.0},{"damage":0.0,"enemies":"Hallownest:monsterMossCharger","floor":8.0,"turns":4.0},{"damage":1,"enemies":"Hallownest:Wandering_and_Horned","floor":13,"turns":4},{"damage":16,"enemies":"Hallownest:BossHornet","floor":16,"turns":2}],"seed_played":"-6334248890367220917","potions_obtained":[{"floor":1.0,"key":"potionbrewer:SplittingPotion"},{"floor":8.0,"key":"Energy Potion"}],"is_trial":false,"path_per_floor":["M","M","?","M","M","R","M","M","T","?","?","R","M","?","R_BF","B"],"character_chosen":"THE_GATHERER","items_purchased":[],"campfire_rested":0,"item_purchase_floors":[],"current_hp_per_floor":[44,44,44,44,25,25,13,13,13,13,13,13,16,16,16,0,0,0],"gold":255,"neow_bonus":"RANDOM_COLORLESS_2","is_daily":false,"chose_seed":false,"campfire_upgraded":2,"win_rate":0.0,"timestamp":1609314607,"path_taken":["M","M","?","M","?","R","M","M","T","?","?","R","M","?","R_BF","BOSS"],"items_purchased_type":[],"build_version":"2020-12-22","purchased_purges":0,"victory":false,"max_hp_per_floor":[67,67,67,67,67,67,67,67,67,67,67,67,71,71,71,71,71,71],"card_choices":[{"not_picked":["Panache","strawberrySpire:Neurons"],"picked":"ReplayTheSpireMod:Brewmster","floor":0.0},{"not_picked":["Gatherer:CarefulStrike","Gatherer:RottenStipe"],"picked":"Gatherer:WitheringStrike","floor":1.0},{"not_picked":["Gatherer:WoolGloves","Gatherer:Misfortune"],"picked":"Gatherer:Snatch","floor":2.0},{"not_picked":["Gatherer:ScrollOfWall","Gatherer:Convert"],"picked":"Gatherer:FlowerFalling","floor":4.0},{"not_picked":["Gatherer:Convert","Gatherer:RottenStipe"],"picked":"Gatherer:DrugPower","floor":5.0},{"not_picked":["Gatherer:Convert","Gatherer:RecoveryHerb"],"picked":"Gatherer:FlowerFalling","floor":7.0},{"not_picked":["Gatherer:Convert","Gatherer:Polymorphism"],"picked":"Gatherer:Transmute","floor":8.0},{"not_picked":["Gatherer:FlowerFalling","Gatherer:RottenStipe"],"picked":"Gatherer:FruitForce","floor":13}],"player_experience":1991125,"relics_obtained":[{"floor":9.0,"key":"Whetstone"}],"event_choices":[],"is_beta":false,"boss_relics":[],"items_purged_floors":[],"is_endless":false,"potions_floor_spawned":[1,4,8],"killed_by":"Hallownest:BossHornet","ascension_level":15}}