{"host":"idmgg8r816nmas40","time":1609315930,"event":{"mods":["AchievementEnabler","AlwaysNeverKeys","BaseMod","BetterRewards","Block Reminder","Colored Map","Colored Powertips","DeckTracker","Googly Eyes","Highlight Path","Hubris","Infinite Spire","Minty Spire (QoL Compilation)","Quick Restart","Relic Stats","Replay The Spire","Shop Mod","StSLib","SuperFastMode","Synergy Search","Transform Curses"],"gold_per_floor":[114,114,189,203,223,257,257,285,285,285,285,300,300,280,280,354,354,368,387,387,413,428,428,440,440,440,440,458,458,458,469,469,557,557,586,586,586,586,586,586],"floor_reached":39,"playtime":1308,"items_purged":[],"score":810,"play_id":"88be5d63-b6c9-497b-83ed-64c2bf07ce48","local_time":"20201230011210","is_ascension_mode":true,"campfire_choices":[{"floor":7,"key":"REST"},{"floor":11,"key":"DIG"},{"floor":15,"key":"REST"},{"floor":23,"key":"DIG"},{"floor":25,"key":"REST"},{"floor":30,"key":"DIG"},{"floor":32,"key":"DIG"}],"circlet_count":0,"master_deck":["AscendersBane","Strike_B","Strike_B","Strike_B","Strike_B","Defend_B","Defend_B","Defend_B","Defend_B","Zap","Dualcast","hubris:PowerSurge","Panic Button","Cold Snap","Ball Lightning","Machine Learning","Storm","Gash","Electrodynamics","CurseOfTheBell","Genetic Algorithm","Barrage","Leap+1","Rebound","White Noise","Conserve Battery+1","Self Repair","Gash","Decay","Core Surge","Gash+1","Amnesia","Loop","Chill","Mirror Shield","Sunder"],"relics":["Cracked Core","Bag of Preparation","Du-Vu Doll","Tiny Chest","infinitespire:PuzzleCube","Regal Pillow","hubris:SphereOfDissonance","Shovel","Calipers","Peace Pipe","Mirror","Prayer Wheel","Calling Bell","Bronze Scales","infinitespire:ShieldingShard","infinitespire:Lychee Nut","MutagenicStrength","Replay:Baseball","Juzu Bracelet","hubris:64BitClover","ReplayTheSpireMod:Ring of Challenge","Cables","CeramicFish","Black Star","hubris:Towel","Replay:Bottled Flurry","hubris:CuriousFeather","Nuclear Battery"],"acts_visited":["Exordium","TheCity","TheBeyond"],"potions_floor_usage":[8,16,18,18,24,33,35],"damage_taken":[{"damage":2.0,"enemies":"Jaw Worm","floor":1.0,"turns":2.0},{"damage":3.0,"enemies":"Small Slimes","floor":4.0,"turns":3.0},{"damage":0,"enemies":"Cultist","floor":5,"turns":3},{"damage":20,"enemies":"Lagavulin","floor":6,"turns":5},{"damage":2,"enemies":"Gremlin Nob","floor":8,"turns":3},{"damage":6,"enemies":"Looter","floor":12,"turns":2},{"damage":32,"enemies":"Hexaghost","floor":16,"turns":8},{"damage":24,"enemies":"Shell Parasite","floor":18,"turns":3},{"damage":1,"enemies":"Spheric Guardian","floor":19,"turns":2},{"damage":9,"enemies":"Cultist and Chosen","floor":22,"turns":4},{"damage":21,"enemies":"Shelled Parasite and Fungi","floor":24,"turns":4},{"damage":23,"enemies":"Snake Plant","floor":28,"turns":3},{"damage":0,"enemies":"Cultist and Chosen","floor":31,"turns":3},{"damage":7,"enemies":"Collector","floor":33,"turns":7},{"damage":3,"enemies":"3 Darklings","floor":35,"turns":3},{"damage":5,"enemies":"infinitespire:Three Voidlings","floor":39,"turns":3},{"damage":57,"enemies":"Nightmare_Alpha","floor":39,"turns":4}],"seed_played":"-8545236129604348778","potions_obtained":[{"floor":6,"key":"SneckoOil"},{"floor":8,"key":"Regen Potion"},{"floor":12,"key":"LifebloodPotion"},{"floor":16,"key":"Energy Potion"},{"floor":18,"key":"SkillPotion"},{"floor":22,"key":"Swift Potion"},{"floor":28,"key":"FearPotion"},{"floor":33,"key":"Explosive Potion"}],"is_trial":false,"path_per_floor":["M","?","?","M","M","E","R","E","T","?","R","M","T","?","R","B",null,"M","M","?","T","M","R","M","R","T","?","M","?","R","M","R","B",null,"M","?","T","AVR","?"],"character_chosen":"DEFECT","items_purchased":["hubris:PowerSurge","Bag of Preparation","Tiny Chest"],"campfire_rested":3,"item_purchase_floors":[0,0,0],"current_hp_per_floor":[54,54,43,40,40,20,56,54,54,49,49,43,43,43,71,39,50,36,40,40,40,37,37,22,52,52,53,37,40,40,52,52,46,51,50,53,53,53,0,0],"gold":586,"neow_bonus":"","is_daily":false,"chose_seed":false,"campfire_upgraded":0,"win_rate":0.0,"timestamp":1609315930,"path_taken":["M","?","?","M","M","E","R","E","T","?","R","M","?","?","R","BOSS","M","?","?","?","M","R","M","R","T","?","M","?","R","M","R","BOSS","M","?","?","AVR","?"],"items_purchased_type":["Card","Relic","Relic"],"build_version":"2020-12-22","purchased_purges":0,"victory":false,"max_hp_per_floor":[71,71,71,71,71,71,71,71,71,71,71,71,71,71,71,71,53,53,53,53,53,53,53,53,53,53,53,53,53,53,53,53,53,53,53,53,53,53,53,53],"relic_stats":{"Regal Pillow":37,"counters":[63,289],"CeramicFish":18,"Bag of Preparation":[34],"Juzu Bracelet":1,"Cables":[16,11,4,0,1],"Peace Pipe":0,"Shovel":4,"Bronze Scales":[136],"Tiny Chest":3,"Prayer Wheel":7,"Black Star":0,"obtain_stats":[{"Replay:Accelerometer":0,"Calipers":9,"CeramicFish":32,"Boot":53,"Sling":0,"Blood Vial":28,"infinitespire:ShieldingShard":17,"Sundial":2,"Strawberry":46,"infinitespire:Golems Mask":0,"Prayer Wheel":16,"Replay:Bottled Flurry":37,"Kunai":54,"Pear":21,"Ring of Hypnosis":2,"Blue Candle":27,"Oddly Smooth Stone":0,"hubris:SphereOfDissonance":26,"Replay:Kaleidoscope":6,"Question Card":0,"Cables":17,"WarpedTongs":36,"Du-Vu Doll":0,"OrangePellets":0,"SlaversCollar":34,"Replay:Baseball":21,"Shuriken":0,"infinitespire:Lychee Nut":17,"Bronze Scales":17,"MutagenicStrength":20,"hubris:TenFootPole":0,"Black Star":34,"Mirror":11,"infinitespire:PuzzleCube":0,"Solar Panel":6,"Lantern":12,"Regal Pillow":2,"StoneCalendar":17,"Juzu Bracelet":17,"Replay:Multitool":0,"Bag of Preparation":0,"Dream Catcher":26,"Replay:Bandana":5,"Shovel":8,"Pantograph":42,"Tiny Chest":24,"hubris:CuriousFeather":38,"Cracked Core":0,"Potion Belt":9,"Lee\u0027s Waffle":0,"Inserter":17,"Golden Idol":3,"hubris:64BitClover":26,"Thread and Needle":0,"Geode":3,"infinitespire:Lucky Rock":30,"Orichalcum":10,"hubris:Towel":36,"MawBank":40,"Nuclear Battery":38,"Calling Bell":0,"Peace Pipe":0,"Cauldron":53,"Orrery":46,"Art of War":43,"Durian":14,"Membership Card":22,"ReplayTheSpireMod:Ring of Challenge":29,"Toy Ornithopter":6,"hubris:OldNail":9},{"Replay:Accelerometer":26,"Calipers":51,"CeramicFish":59,"Boot":24,"Sling":26,"Blood Vial":15,"infinitespire:ShieldingShard":53,"Sundial":1,"Strawberry":23,"infinitespire:Golems Mask":26,"Prayer Wheel":33,"Replay:Bottled Flurry":61,"Kunai":25,"Pear":35,"Ring of Hypnosis":42,"Blue Candle":15,"Oddly Smooth Stone":0,"hubris:SphereOfDissonance":37,"Replay:Kaleidoscope":29,"Question Card":0,"Cables":11,"WarpedTongs":18,"Du-Vu Doll":46,"OrangePellets":3,"SlaversCollar":17,"Replay:Baseball":55,"Shuriken":3,"infinitespire:Lychee Nut":53,"Bronze Scales":53,"MutagenicStrength":55,"hubris:TenFootPole":26,"Black Star":60,"Mirror":51,"infinitespire:PuzzleCube":46,"Solar Panel":44,"Lantern":9,"Regal Pillow":47,"StoneCalendar":11,"Juzu Bracelet":11,"Replay:Multitool":26,"Bag of Preparation":46,"Dream Catcher":14,"Replay:Bandana":28,"Shovel":51,"Pantograph":22,"Tiny Chest":37,"hubris:CuriousFeather":61,"Cracked Core":0,"Potion Belt":7,"Lee\u0027s Waffle":3,"Inserter":33,"Golden Idol":5,"hubris:64BitClover":57,"Thread and Needle":41,"Geode":27,"infinitespire:Lucky Rock":39,"Orichalcum":8,"hubris:Towel":61,"MawBank":20,"Nuclear Battery":61,"Calling Bell":0,"Peace Pipe":0,"Cauldron":24,"Orrery":23,"Art of War":22,"Durian":32,"Membership Card":13,"ReplayTheSpireMod:Ring of Challenge":58,"Toy Ornithopter":7,"hubris:OldNail":30},{"Replay:Accelerometer":152,"Calipers":243,"CeramicFish":272,"Boot":141,"Sling":152,"Blood Vial":78,"infinitespire:ShieldingShard":253,"Sundial":4,"Strawberry":132,"infinitespire:Golems Mask":152,"Prayer Wheel":176,"Replay:Bottled Flurry":282,"Kunai":146,"Pear":188,"Ring of Hypnosis":213,"Blue Candle":78,"Oddly Smooth Stone":0,"hubris:SphereOfDissonance":194,"Replay:Kaleidoscope":161,"Question Card":0,"Cables":57,"WarpedTongs":101,"Du-Vu Doll":227,"OrangePellets":20,"SlaversCollar":94,"Replay:Baseball":258,"Shuriken":20,"infinitespire:Lychee Nut":253,"Bronze Scales":253,"MutagenicStrength":258,"hubris:TenFootPole":152,"Black Star":279,"Mirror":243,"infinitespire:PuzzleCube":227,"Solar Panel":221,"Lantern":45,"Regal Pillow":229,"StoneCalendar":57,"Juzu Bracelet":57,"Replay:Multitool":152,"Bag of Preparation":227,"Dream Catcher":71,"Replay:Bandana":157,"Shovel":243,"Pantograph":125,"Tiny Chest":194,"hubris:CuriousFeather":282,"Cracked Core":0,"Potion Belt":35,"Lee\u0027s Waffle":20,"Inserter":181,"Golden Idol":28,"hubris:64BitClover":266,"Thread and Needle":210,"Geode":155,"infinitespire:Lucky Rock":202,"Orichalcum":41,"hubris:Towel":282,"MawBank":113,"Nuclear Battery":282,"Calling Bell":0,"Peace Pipe":0,"Cauldron":141,"Orrery":132,"Art of War":125,"Durian":172,"Membership Card":66,"ReplayTheSpireMod:Ring of Challenge":269,"Toy Ornithopter":35,"hubris:OldNail":164}]},"card_choices":[{"not_picked":["BasicCrystalCard","Stack"],"picked":"Panic Button","floor":1.0},{"not_picked":["ReplayTheSpireMod:Reroute Power","Storm"],"picked":"Cold Snap","floor":4.0},{"not_picked":["Gash","Time Bomb"],"picked":"Ball Lightning","floor":5},{"not_picked":["Loop","Beam Cell"],"picked":"Machine Learning","floor":6},{"not_picked":["Redo","Coolheaded"],"picked":"Storm","floor":8},{"not_picked":["hubris:Ukulele","Leap"],"picked":"Gash","floor":12},{"not_picked":["All For One","Mirror Shield"],"picked":"Electrodynamics","floor":16},{"not_picked":["ReplayTheSpireMod:Repulse","Fusion"],"picked":"Genetic Algorithm","floor":18},{"not_picked":["Steam","Streamline"],"picked":"Barrage","floor":18},{"not_picked":["Panic Button","ReplayRNGCard"],"picked":"Leap+1","floor":19},{"not_picked":["Redo","Barrage"],"picked":"Rebound","floor":19},{"not_picked":["Stack","Barrage"],"picked":"White Noise","floor":22},{"not_picked":["Barrage","Streamline"],"picked":"Conserve Battery+1","floor":22},{"not_picked":["Steam","Compile Driver"],"picked":"Self Repair","floor":24},{"not_picked":["Barrage","Hologram"],"picked":"Gash","floor":24},{"not_picked":["Steam","Go for the Eyes"],"picked":"Core Surge","floor":28},{"not_picked":["Ball Lightning","Steam+1"],"picked":"Gash+1","floor":28},{"not_picked":["Panic Button","BasicCrystalCard"],"picked":"Loop","floor":31},{"not_picked":["Coolheaded","Beam Cell"],"picked":"Chill","floor":31},{"not_picked":["Buffer","Fission"],"picked":"Mirror Shield","floor":33},{"not_picked":["Conserve Battery","Rebound+1"],"picked":"Sunder","floor":35},{"not_picked":["Panic Button","Leap","Hologram+1"],"picked":"SKIP","floor":35}],"player_experience":1011379,"relics_obtained":[{"floor":2.0,"key":"Regal Pillow"},{"floor":6,"key":"hubris:SphereOfDissonance"},{"floor":8,"key":"Shovel"},{"floor":9,"key":"Calipers"},{"floor":11,"key":"Mirror"},{"floor":13,"key":"Prayer Wheel"},{"floor":17,"key":"Bronze Scales"},{"floor":17,"key":"infinitespire:ShieldingShard"},{"floor":17,"key":"infinitespire:Lychee Nut"},{"floor":21,"key":"Replay:Baseball"},{"floor":23,"key":"Juzu Bracelet"},{"floor":26,"key":"hubris:64BitClover"},{"floor":29,"key":"ReplayTheSpireMod:Ring of Challenge"},{"floor":30,"key":"Cables"},{"floor":32,"key":"CeramicFish"},{"floor":37,"key":"Replay:Bottled Flurry"}],"event_choices":[{"damage_healed":0.0,"max_hp_gain":0.0,"max_hp_loss":0.0,"gold_gain":75.0,"event_name":"World of Goop","player_choice":"Gather Gold","floor":3.0,"gold_loss":0.0,"damage_taken":11.0},{"damage_healed":0,"gold_gain":0,"player_choice":"Success","damage_taken":5,"relics_obtained":["Peace Pipe"],"max_hp_gain":0,"max_hp_loss":0,"event_name":"Scrap Ooze","floor":10,"gold_loss":0},{"damage_healed":0,"gold_gain":0,"player_choice":"Bought 1 Potion","damage_taken":0,"max_hp_gain":0,"max_hp_loss":0,"event_name":"The Woman in Blue","floor":14,"gold_loss":0},{"damage_healed":0,"gold_gain":0,"player_choice":"Inject Mutagens","damage_taken":0,"relics_obtained":["MutagenicStrength"],"max_hp_gain":0,"max_hp_loss":0,"event_name":"Drug Dealer","floor":20,"gold_loss":0},{"damage_healed":0,"gold_gain":0,"player_choice":"Smashed Altar","damage_taken":0,"max_hp_gain":0,"max_hp_loss":0,"event_name":"Forgotten Altar","floor":27,"gold_loss":0,"cards_obtained":["Decay"]}],"is_beta":false,"boss_relics":[{"not_picked":["ReplayTheSpireMod:DimensionalGlitch","hubris:Backtick"],"picked":"Calling Bell"},{"not_picked":["Painkiller Herb","SacredBark"],"picked":"Black Star"}],"items_purged_floors":[],"is_endless":false,"potions_floor_spawned":[6,8,12,16,18,22,28,33],"killed_by":"Nightmare_Alpha","ascension_level":18}}