{"host":"6i7jlcm7o9r8pzco","time":1609356184,"event":{"mods":["AchievementEnabler","BaseMod","Card Forge","Colored Powertips","Minty Spire (QoL Compilation)","StSLib"],"gold_per_floor":[116,127,127,302,302,335,335,373,423,451,466,205,205,219,219,347,347,363,206,233,251,106,106,157,195,195,195,206,206,206,233,233,334,334,349,349,359,359,48,98,98,158,158,158,233,82,82,117,117,142,142,142,67,102,102,102],"floor_reached":55,"playtime":2572,"items_purged":[],"score":976,"play_id":"4ad57471-63e0-494d-946c-8ddc8feef363","local_time":"20201230142304","is_ascension_mode":true,"campfire_choices":[{"floor":7,"key":"RECALL"},{"floor":15,"key":"REST"},{"floor":23,"key":"REST"},{"floor":27,"key":"REST"},{"floor":32,"key":"REST"},{"floor":41,"key":"REST"},{"floor":44,"key":"REST"},{"floor":47,"key":"REST"},{"floor":49,"key":"REST"},{"floor":52,"key":"REST"}],"circlet_count":0,"master_deck":["BattleHymn+1","Brilliance+1","Conclude+1","Consecrate+1","DeceiveReality+1","Devotion+1","EmptyBody+1","EmptyFist+1","FollowUp+1","InnerPeace+1","Halt+1","Judgement+1","LikeWater+1","MentalFortress+1","Prostrate+1","Tantrum+1","TalkToTheHand+1","Perseverance+1","Consecrate+1","DeceiveReality+1","Halt+1","Prostrate+1","Tantrum+1","Swivel+1","Dramatic Entrance+1","Good Instincts+1","HandOfGreed+1","Consecrate+1","PathToVictory+1","Protect+1","Tantrum+1","Meditate+1","InnerPeace+1","FearNoEvil+1","PathToVictory+1","Halt+1","DevaForm+1","Wallop+1","SandsOfTime+1","Prostrate+1"],"relics":["PureWater","Hammer of Thor","Seething Fire","Anvil of the Gods","NeowsBlessing","PreservedInsect","Blood Vial","Bottled Tornado","Mummified Hand","Runic Pyramid","Juzu Bracelet","Boot","Lantern","Nunchaku","Pocketwatch","Red Mask","SlaversCollar","Membership Card","Damaru","Orichalcum","Meat on the Bone","Bottled Lightning","War Paint","TungstenRod","Vajra","OrangePellets","Lee\u0027s Waffle","Anchor"],"acts_visited":["Exordium","TheCity","TheBeyond","TheEnding"],"potions_floor_usage":[37,50],"damage_taken":[{"damage":0,"enemies":"2 Louse","floor":1,"turns":1},{"damage":0,"enemies":"Jaw Worm","floor":2,"turns":1},{"damage":0,"enemies":"3 Sentries","floor":6,"turns":1},{"damage":0,"enemies":"Small Slimes","floor":8,"turns":1},{"damage":0,"enemies":"Lagavulin","floor":10,"turns":5},{"damage":12,"enemies":"Exordium Wildlife","floor":11,"turns":2},{"damage":0,"enemies":"Lots of Slimes","floor":14,"turns":1},{"damage":1,"enemies":"Hexaghost","floor":16,"turns":5},{"damage":12,"enemies":"Chosen","floor":18,"turns":3},{"damage":0,"enemies":"Shell Parasite","floor":21,"turns":3},{"damage":0,"enemies":"Gremlin Leader","floor":24,"turns":2},{"damage":27,"enemies":"Snake Plant","floor":25,"turns":3},{"damage":0,"enemies":"Centurion and Healer","floor":28,"turns":3},{"damage":12,"enemies":"Masked Bandits","floor":31,"turns":2},{"damage":34,"enemies":"Automaton","floor":33,"turns":7},{"damage":12,"enemies":"Orb Walker","floor":35,"turns":2},{"damage":0,"enemies":"3 Darklings","floor":37,"turns":4},{"damage":35,"enemies":"Nemesis","floor":40,"turns":3},{"damage":34,"enemies":"Reptomancer","floor":42,"turns":4},{"damage":28,"enemies":"2 Orb Walkers","floor":45,"turns":5},{"damage":10,"enemies":"4 Shapes","floor":48,"turns":2},{"damage":44,"enemies":"Awakened One","floor":50,"turns":7},{"damage":26,"enemies":"Shield and Spear","floor":54,"turns":5},{"damage":98,"enemies":"The Heart","floor":55,"turns":6}],"seed_played":"6742871325608764916","potions_obtained":[{"floor":1,"key":"FairyPotion"},{"floor":8,"key":"PowerPotion"},{"floor":16,"key":"SpeedPotion"},{"floor":24,"key":"StancePotion"},{"floor":28,"key":"DistilledChaos"},{"floor":40,"key":"GamblersBrew"}],"is_trial":false,"path_per_floor":["M","M","?","?","?","E","R","M","T","E","M","$","?","M","R","B",null,"M","$","T","M","$","R","E","M","T","R","M","?","?","?","R","B",null,"M","?","M","?","$","E","R","E","T","R","?","$","R","M","R","B",null,"R","$","E","B"],"character_chosen":"WATCHER","items_purchased":["Bottled Tornado","Juzu Bracelet","Lantern","Membership Card","Damaru","Orichalcum","Vajra","OrangePellets","Lee\u0027s Waffle"],"campfire_rested":9,"item_purchase_floors":[12,19,22,39,39,39,46,46,53],"current_hp_per_floor":[72,72,72,72,72,72,72,72,72,72,60,60,60,62,72,71,72,60,60,60,62,62,72,72,45,45,66,68,82,66,56,82,50,87,75,75,77,87,87,52,78,46,46,72,46,46,72,64,87,55,87,87,94,68,0,0],"gold":102,"neow_bonus":"THREE_ENEMY_KILL","is_daily":false,"chose_seed":false,"campfire_upgraded":0,"win_rate":0.0,"timestamp":1609356184,"path_taken":["M","M","?","?","?","E","R","M","T","E","M","$","?","?","R","BOSS","M","$","?","M","$","R","E","M","T","R","M","?","?","?","R","BOSS","M","?","M","?","$","E","R","E","T","R","?","?","R","M","R","BOSS","R","$","E","BOSS"],"items_purchased_type":["Relic","Relic","Relic","Relic","Relic","Relic","Relic","Relic","Relic"],"build_version":"2020-12-22","purchased_purges":0,"victory":false,"max_hp_per_floor":[72,72,72,72,72,72,72,72,72,72,72,72,72,72,72,72,72,72,72,72,72,72,72,72,72,72,72,72,82,87,87,87,87,87,87,87,87,87,87,87,87,87,87,87,87,87,87,87,87,87,87,87,94,94,94,94],"card_choices":[{"not_picked":["EmptyMind","Protect"],"picked":"Consecrate","floor":1},{"not_picked":["Protect","Swivel","Consecrate"],"picked":"SKIP","floor":2},{"not_picked":["EmptyFist","ConjureBlade","Crescendo"],"picked":"SKIP","floor":6},{"not_picked":["LikeWater","Weave","Tantrum"],"picked":"SKIP","floor":8},{"not_picked":["EmptyFist","DeceiveReality"],"picked":"PathToVictory","floor":10},{"not_picked":["Consecrate","FlyingSleeves"],"picked":"Protect","floor":11},{"not_picked":["FlurryOfBlows","Evaluate","Crescendo"],"picked":"SKIP","floor":14},{"not_picked":["Judgement","Scrawl"],"picked":"Ragnarok","floor":16},{"not_picked":["ClearTheMind","Tantrum"],"picked":"PathToVictory+1","floor":18},{"not_picked":["PathToVictory+1","Pray"],"picked":"Halt","floor":21},{"not_picked":["Adaptation","SashWhip+1","Judgement"],"picked":"SKIP","floor":24},{"not_picked":["Pray","JustLucky+1","Adaptation"],"picked":"SKIP","floor":25},{"not_picked":["Swivel+1","FlurryOfBlows","BowlingBash+1"],"picked":"SKIP","floor":28},{"not_picked":["Judgement","Vault"],"picked":"DevaForm","floor":33},{"not_picked":["SashWhip","MentalFortress"],"picked":"Wallop","floor":35},{"not_picked":["MentalFortress","SignatureMove+1"],"picked":"SandsOfTime+1","floor":37},{"not_picked":["CutThroughFate","Ragnarok","Wallop"],"picked":"SKIP","floor":40},{"not_picked":["WaveOfTheHand","Crescendo","Judgement"],"picked":"SKIP","floor":42},{"not_picked":["FlyingSleeves+1","EmptyBody+1","Crescendo"],"picked":"SKIP","floor":48},{"not_picked":["FlyingSleeves","Alpha"],"picked":"Prostrate","floor":54}],"player_experience":15985,"relics_obtained":[{"floor":6,"key":"PreservedInsect"},{"floor":10,"key":"Blood Vial"},{"floor":20,"key":"Boot"},{"floor":24,"key":"Nunchaku"},{"floor":26,"key":"Pocketwatch"},{"floor":31,"key":"Red Mask"},{"floor":40,"key":"Meat on the Bone"},{"floor":42,"key":"Bottled Lightning"},{"floor":43,"key":"War Paint"},{"floor":45,"key":"TungstenRod"},{"floor":54,"key":"Anchor"}],"event_choices":[{"damage_healed":0,"gold_gain":0,"cards_transformed":["Bandage Up"],"player_choice":"Change","damage_taken":0,"max_hp_gain":0,"max_hp_loss":0,"event_name":"Living Wall","floor":3,"gold_loss":0,"cards_obtained":["Panache"]},{"damage_healed":0,"gold_gain":175,"player_choice":"AGREE","damage_taken":0,"max_hp_gain":0,"max_hp_loss":0,"event_name":"Liars Game","floor":4,"gold_loss":0,"cards_obtained":["Doubt"]},{"damage_healed":0,"gold_gain":0,"player_choice":"Leave","damage_taken":0,"max_hp_gain":0,"max_hp_loss":0,"event_name":"The Cleric","floor":5,"gold_loss":0},{"damage_healed":0,"gold_gain":0,"player_choice":"Box","damage_taken":0,"relics_obtained":["Mummified Hand"],"max_hp_gain":0,"max_hp_loss":0,"event_name":"Big Fish","floor":13,"gold_loss":0,"cards_obtained":["Regret"]},{"cards_removed":["Ragnarok"],"damage_healed":4,"gold_gain":0,"player_choice":"Offered Rare","damage_taken":0,"max_hp_gain":10,"max_hp_loss":0,"event_name":"Bonfire Elementals","floor":29,"gold_loss":0},{"damage_healed":0,"gold_gain":0,"player_choice":"Shed Blood","damage_taken":21,"max_hp_gain":5,"max_hp_loss":0,"event_name":"Forgotten Altar","floor":30,"gold_loss":0},{"damage_healed":0,"gold_gain":0,"player_choice":"Fought Bandits","damage_taken":0,"max_hp_gain":0,"max_hp_loss":0,"event_name":"Masked Bandits","floor":31,"gold_loss":0},{"damage_healed":0,"gold_gain":0,"player_choice":"Ignored","damage_taken":0,"max_hp_gain":0,"max_hp_loss":0,"event_name":"SecretPortal","floor":36,"gold_loss":0},{"damage_healed":22,"gold_gain":0,"player_choice":"Writhe","damage_taken":0,"max_hp_gain":0,"max_hp_loss":0,"event_name":"Winding Halls","floor":38,"gold_loss":0,"cards_obtained":["Writhe"]},{"damage_healed":0,"gold_gain":0,"player_choice":"Fight","damage_taken":0,"max_hp_gain":0,"max_hp_loss":0,"event_name":"Mysterious Sphere","floor":45,"gold_loss":0}],"is_beta":false,"boss_relics":[{"not_picked":["SacredBark","Velvet Choker"],"picked":"Runic Pyramid"},{"not_picked":["Empty Cage","Cursed Key"],"picked":"SlaversCollar"}],"items_purged_floors":[],"is_endless":false,"potions_floor_spawned":[1,8,16,24,28,31,40,42,45],"killed_by":"The Heart","ascension_level":2}}