{"host":"9l2xd2qbyxfqdc97","time":1609345246,"event":{"mods":["BaseMod","Colored Map","Highlight Path","Minty Spire (QoL Compilation)","Quick Restart"],"gold_per_floor":[114,114,37,57,77,77,108,38,38,38,50,50,64,64,64,161,161,177,102,118,118,138,138,38,54,77,77,77,97,48,68,68,173,173,189,189,203,52,52,52,0,17,17,17,36,36,0,15,15,15],"floor_reached":51,"playtime":1631,"items_purged":["Defend_G","Strike_G"],"score":881,"play_id":"636b6877-3b3d-4654-a1fe-041f8aef3ed2","local_time":"20201231012046","is_ascension_mode":true,"campfire_choices":[{"data":"Blade Dance","floor":6.0,"key":"SMITH"},{"floor":10.0,"key":"REST"},{"data":"Accuracy","floor":15.0,"key":"SMITH"},{"data":"Wraith Form v2","floor":23.0,"key":"SMITH"},{"floor":32.0,"key":"REST"},{"floor":40,"key":"REST"},{"data":"Accuracy","floor":44,"key":"SMITH"},{"data":"Cloak And Dagger","floor":46,"key":"SMITH"},{"data":"Tactician","floor":49,"key":"SMITH"}],"circlet_count":0,"master_deck":["Defend_G","Defend_G","Survivor","Neutralize","Prepared","Accuracy+1","Blade Dance+1","Footwork","Escape Plan","Choke","Wraith Form v2+1","Crippling Poison+1","Doppelganger+1","Storm of Steel+1","Accuracy+1","Cloak And Dagger+1","Cloak And Dagger","Tactician+1","Ghostly","Ghostly","Ghostly","Ghostly","Ghostly","Acrobatics","Backflip","Burst+1","Accuracy","Tactician+1"],"relics":["Ring of the Snake","NeowsBlessing","Meat on the Bone","Gremlin Horn","Astrolabe","Nunchaku","HoveringKite","Bag of Marbles","Red Mask","Eternal Feather"],"acts_visited":["Exordium","TheCity","TheBeyond"],"potions_floor_usage":[33,42,50,50],"damage_taken":[{"damage":0.0,"enemies":"Small Slimes","floor":1.0,"turns":1.0},{"damage":0.0,"enemies":"2 Louse","floor":4.0,"turns":1.0},{"damage":0.0,"enemies":"Cultist","floor":5.0,"turns":1.0},{"damage":48.0,"enemies":"Gremlin Nob","floor":7.0,"turns":5.0},{"damage":1.0,"enemies":"Large Slime","floor":11.0,"turns":5.0},{"damage":4.0,"enemies":"Red Slaver","floor":13.0,"turns":3.0},{"damage":28.0,"enemies":"The Guardian","floor":16.0,"turns":11.0},{"damage":12.0,"enemies":"Chosen","floor":18.0,"turns":2.0},{"damage":0.0,"enemies":"Shell Parasite","floor":20.0,"turns":1.0},{"damage":18.0,"enemies":"Chosen and Byrds","floor":22.0,"turns":5.0},{"damage":3.0,"enemies":"Cultist and Chosen","floor":25.0,"turns":3.0},{"damage":1.0,"enemies":"Snecko","floor":29.0,"turns":5.0},{"damage":20.0,"enemies":"Snake Plant","floor":31.0,"turns":4.0},{"damage":2,"enemies":"Automaton","floor":33,"turns":9},{"damage":5,"enemies":"Orb Walker","floor":35,"turns":7},{"damage":7,"enemies":"3 Darklings","floor":37,"turns":5},{"damage":3,"enemies":"Jaw Worm Horde","floor":42,"turns":4},{"damage":2,"enemies":"Spire Growth","floor":45,"turns":5},{"damage":2,"enemies":"Transient","floor":48,"turns":5},{"damage":0,"enemies":"Awakened One","floor":50,"turns":9}],"seed_played":"2278786788879373849","potions_obtained":[{"floor":11.0,"key":"Strength Potion"},{"floor":13.0,"key":"LiquidMemories"},{"floor":18.0,"key":"SpeedPotion"},{"floor":22.0,"key":"DistilledChaos"},{"floor":29.0,"key":"SneckoOil"},{"floor":31.0,"key":"EssenceOfSteel"},{"floor":35,"key":"Explosive Potion"},{"floor":42,"key":"Swift Potion"}],"is_trial":false,"path_per_floor":["M","?","$","M","M","R","E","$","T","R","M","?","M","?","R","B",null,"M","$","M","?","M","R","$","M","T","?","?","M","$","M","R","B",null,"M","?","M","$","?","R","?","M","T","R","M","R","$","M","R","B",null],"character_chosen":"THE_SILENT","items_purchased":["Accuracy","Escape Plan","Acrobatics","Bag of Marbles","Accuracy"],"campfire_rested":3,"item_purchase_floors":[3,8,30,38,47],"current_hp_per_floor":[70,63,63,63,63,63,15,15,15,36,47,47,43,66,66,38,70,58,58,58,58,40,40,40,37,37,35,35,34,34,26,35,33,35,30,30,23,23,23,33,33,30,30,35,33,35,35,33,35,35],"gold":15,"neow_bonus":"THREE_ENEMY_KILL","is_daily":false,"chose_seed":false,"campfire_upgraded":6,"win_rate":0.0,"timestamp":1609345246,"path_taken":["M","?","$","M","M","R","E","$","T","R","M","?","M","?","R","BOSS","M","$","M","?","M","R","$","M","T","?","?","?","$","M","R","BOSS","M","?","?","$","?","R","?","M","T","R","M","R","$","M","R","BOSS"],"items_purchased_type":["Card","Card","Card","Relic","Card"],"build_version":"2020-12-22","purchased_purges":2,"victory":true,"max_hp_per_floor":[70,70,70,70,70,70,70,70,70,70,70,70,70,70,70,70,70,70,70,70,70,70,70,70,70,70,35,35,35,35,35,35,35,35,35,35,35,35,35,35,35,35,35,35,35,35,35,35,35,35],"card_choices":[{"not_picked":["Dodge and Roll","Dagger Throw"],"picked":"Prepared","floor":1.0},{"not_picked":["Acrobatics","Flying Knee"],"picked":"Blade Dance","floor":4.0},{"not_picked":["Slice","Outmaneuver","Dodge and Roll"],"picked":"SKIP","floor":5.0},{"not_picked":["Setup","Burst"],"picked":"Footwork","floor":7.0},{"not_picked":["Heel Hook","Poisoned Stab"],"picked":"Choke","floor":11.0},{"not_picked":["Catalyst","Concentrate","Dagger Throw"],"picked":"SKIP","floor":13.0},{"not_picked":["Adrenaline","Unload"],"picked":"Wraith Form v2","floor":16.0},{"not_picked":["Dodge and Roll","Flechettes","Dagger Throw"],"picked":"SKIP","floor":18.0},{"not_picked":["Skewer","Underhanded Strike"],"picked":"Accuracy","floor":20.0},{"not_picked":["Dagger Throw+1","Flying Knee"],"picked":"Cloak And Dagger","floor":22.0},{"not_picked":["Poisoned Stab","Cloak And Dagger"],"picked":"Tactician+1","floor":25.0},{"not_picked":["Eviscerate","PiercingWail","All Out Attack"],"picked":"SKIP","floor":29.0},{"not_picked":["Leg Sweep","Infinite Blades+1"],"picked":"Backflip","floor":31.0},{"not_picked":["Venomology","Unload"],"picked":"Burst","floor":33},{"not_picked":["PiercingWail+1","Cloak And Dagger","Eviscerate"],"picked":"SKIP","floor":35},{"not_picked":["Slice+1","Noxious Fumes+1","Footwork"],"picked":"SKIP","floor":37},{"not_picked":["Cloak And Dagger","Deflect+1","Infinite Blades+1"],"picked":"SKIP","floor":42},{"not_picked":["Dagger Throw+1","Bouncing Flask","Poisoned Stab"],"picked":"SKIP","floor":45},{"not_picked":["Grand Finale","Predator"],"picked":"Tactician","floor":48}],"player_experience":205896,"relics_obtained":[{"floor":7.0,"key":"Meat on the Bone"},{"floor":9.0,"key":"Gremlin Horn"},{"floor":26.0,"key":"Nunchaku"},{"floor":43,"key":"Eternal Feather"}],"event_choices":[{"cards_removed":["Defend_G"],"damage_healed":0.0,"max_hp_gain":0.0,"max_hp_loss":0.0,"gold_gain":0.0,"event_name":"Golden Wing","player_choice":"Card Removal","floor":2.0,"gold_loss":0.0,"damage_taken":7.0},{"cards_removed":["Strike_G"],"damage_healed":0.0,"max_hp_gain":0.0,"max_hp_loss":0.0,"gold_gain":0.0,"event_name":"Living Wall","player_choice":"Forget","floor":12.0,"gold_loss":0.0,"damage_taken":0.0},{"damage_healed":23.0,"max_hp_gain":0.0,"max_hp_loss":0.0,"gold_gain":0.0,"event_name":"Big Fish","player_choice":"Banana","floor":14.0,"gold_loss":0.0,"damage_taken":0.0},{"damage_healed":0.0,"max_hp_gain":0.0,"max_hp_loss":0.0,"gold_gain":0.0,"event_name":"The Library","player_choice":"Read","floor":21.0,"gold_loss":0.0,"damage_taken":0.0,"cards_obtained":["Cloak And Dagger"]},{"damage_healed":0.0,"max_hp_gain":0.0,"max_hp_loss":35.0,"gold_gain":0.0,"event_name":"Ghosts","player_choice":"Became a Ghost","floor":27.0,"gold_loss":0.0,"damage_taken":0.0,"cards_obtained":["Ghostly","Ghostly","Ghostly","Ghostly","Ghostly"]},{"damage_healed":0.0,"max_hp_gain":0.0,"max_hp_loss":0.0,"gold_gain":0.0,"cards_transformed":["Strike_G"],"event_name":"Transmorgrifier","player_choice":"Transformed","floor":28.0,"gold_loss":0.0,"damage_taken":0.0,"cards_obtained":["Distraction"]},{"damage_healed":0,"gold_gain":0,"player_choice":"Upgraded","damage_taken":0,"max_hp_gain":0,"max_hp_loss":0,"event_name":"Upgrade Shrine","floor":36,"gold_loss":0,"cards_upgraded":["Burst"]},{"cards_removed":["Distraction"],"damage_healed":0,"gold_gain":0,"player_choice":"Removed Skill","damage_taken":0,"max_hp_gain":0,"max_hp_loss":0,"event_name":"Falling","floor":39,"gold_loss":0},{"damage_healed":0,"gold_gain":0,"player_choice":"Paid","damage_taken":0,"relics_obtained":["Red Mask"],"max_hp_gain":0,"max_hp_loss":0,"event_name":"Tomb of Lord Red Mask","floor":41,"gold_loss":52}],"is_beta":false,"boss_relics":[{"not_picked":["Ectoplasm","Black Star"],"picked":"Astrolabe"},{"not_picked":["Philosopher\u0027s Stone","Pandora\u0027s Box"],"picked":"HoveringKite"}],"items_purged_floors":[19,24],"is_endless":false,"potions_floor_spawned":[11,13,18,22,29,31,35,42],"ascension_level":4}}