{"host":"xazfs2cmso1lkipw","time":1609346942,"event":{"mods":["Arknights The Spire","BaseMod","Bestiary","Better Third Choice","Colored Powertips","Custom Start","Highlight Path","Mad Scientist","Marisa????????","Minty Spire (QoL Compilation)","Quick Restart","Railgun Mod","Relic Stats","Remilia??????","Shop Mod","StSLib","The Alterego","The Elementalist","The Servant 0.9.4","TheSwordswoman"],"gold_per_floor":[115,134,147,147,158,184,231,275,333,357,369,395,434,500,512,628,640,664,119,194,221,233,233,268,282,282,282,300,300,300,332,332,427,427,397,307,307],"floor_reached":36,"playtime":1932,"items_purged":[],"score":655,"play_id":"91d02798-f6c0-4b6a-8e9c-9fd53f794ad7","local_time":"20201231004902","daily_mods":["Hoarder","Specialized","Vintage","Heirloom","Time Dilation","Flight","DeadlyEvents","Elite Swarm","Lethality","Binary"],"is_ascension_mode":false,"campfire_choices":[{"floor":11,"key":"REST"},{"data":"Echo Form","floor":15,"key":"SMITH"},{"floor":23,"key":"REST"},{"data":"alterego_mod:BrynhildrsRune","floor":27,"key":"PURGE"},{"data":"alterego_mod:GIGAMILK","floor":29,"key":"PURGE"},{"data":"BatForm","floor":30,"key":"PURGE"},{"data":"FlawlessForm","floor":32,"key":"PURGE"}],"circlet_count":0,"master_deck":["Demon Form","Wraith Form v2","Echo Form+1","DevaForm","TheRailgun:Level_6","alterego_mod:Strike","alterego_mod:Strike","alterego_mod:Strike","alterego_mod:Strike","alterego_mod:Defend","alterego_mod:Defend","alterego_mod:Defend+1","alterego_mod:Defend+1","alterego_mod:Impale+1","alterego_mod:BigMeatyClaws","alterego_mod:BusterCard","alterego_mod:BusterCard","alterego_mod:BusterCard+1","alterego_mod:BusterCard","alterego_mod:BusterCard","alterego_mod:BusterCard","alterego_mod:BusterCard","alterego_mod:BusterCard","alterego_mod:BusterCard","alterego_mod:BusterCard","alterego_mod:BusterCard","alterego_mod:BusterCard","alterego_mod:BusterCard","alterego_mod:BusterCard","alterego_mod:BusterCard","alterego_mod:VirginLaserPalladion","alterego_mod:VirginLaserPalladion","alterego_mod:VirginLaserPalladion","alterego_mod:AlterEgo","alterego_mod:AlterEgo","alterego_mod:AlterEgo","alterego_mod:VirginLaserPalladion","alterego_mod:VirginLaserPalladion","alterego_mod:VirginLaserPalladion","alterego_mod:Antipathy","alterego_mod:Antipathy","alterego_mod:Antipathy","alterego_mod:Cushion","alterego_mod:Cushion","alterego_mod:Cushion","alterego_mod:Belts","alterego_mod:Belts","alterego_mod:Belts","alterego_mod:Valkyrie","alterego_mod:Valkyrie","alterego_mod:Valkyrie","alterego_mod:IdEs","alterego_mod:IdEs","alterego_mod:IdEs","alterego_mod:InsideBaseball+1","alterego_mod:InsideBaseball+1","alterego_mod:InsideBaseball+1"],"relics":["alterego_mod:MasochisticConstitution","Busted Crown","Peace Pipe","Blue Candle","Question Card","Mercury Hourglass","Orichalcum","MawBank","Gambling Chip","Boot","Tiny Chest","Whetstone","Eternal Feather","War Paint","Bag of Preparation","Empty Cage","Lantern","Frozen Egg 2","Strange Spoon","Blood Vial","PreservedInsect","Regal Pillow","Strawberry","Gremlin Horn","Akabeko","Kunai","Philosopher\u0027s Stone","Happy Flower"],"acts_visited":["Exordium","TheCity","TheBeyond"],"potions_floor_usage":[],"damage_taken":[{"damage":8,"enemies":"Small Slimes","floor":1,"turns":2},{"damage":0,"enemies":"Cultist","floor":2,"turns":2},{"damage":9,"enemies":"2 Louse","floor":3,"turns":2},{"damage":22,"enemies":"Lots of Slimes","floor":5,"turns":3},{"damage":11,"enemies":"Gremlin Nob","floor":6,"turns":3},{"damage":6,"enemies":"3 Sentries","floor":7,"turns":3},{"damage":0,"enemies":"Gremlin Nob","floor":8,"turns":2},{"damage":3,"enemies":"3 Louse","floor":10,"turns":2},{"damage":0,"enemies":"Gremlin Gang","floor":12,"turns":3},{"damage":0,"enemies":"Lagavulin","floor":13,"turns":3},{"damage":20,"enemies":"Slime Boss","floor":16,"turns":6},{"damage":30,"enemies":"Chosen","floor":18,"turns":5},{"damage":7,"enemies":"2 Thieves","floor":22,"turns":3},{"damage":41,"enemies":"Gremlin Leader","floor":24,"turns":5},{"damage":10,"enemies":"Chosen and Byrds","floor":25,"turns":4},{"damage":0,"enemies":"Centurion and Healer","floor":28,"turns":2},{"damage":20,"enemies":"Slavers","floor":31,"turns":4},{"damage":86,"enemies":"Champ","floor":33,"turns":11},{"damage":9,"enemies":"Orb Walker","floor":35,"turns":2}],"seed_played":"488303299314231017","potions_obtained":[{"floor":1,"key":"FearPotion"},{"floor":8,"key":"Explosive Potion"},{"floor":10,"key":"PowerPotion"},{"floor":25,"key":"AttackPotion"}],"is_trial":true,"path_per_floor":["M","M","M","?","M","E","E","E","T","M","R","M","E","T","R","B",null,"M","$","?","T","M","R","E","M","T","R","M","R","R","E","R","B",null,"M","M"],"character_chosen":"The_Alterego","items_purchased":["alterego_mod:Cushion","alterego_mod:Belts","Frozen Egg 2","Strange Spoon"],"campfire_rested":2,"item_purchase_floors":[19,19,19,19],"current_hp_per_floor":[63,63,55,55,34,24,19,19,19,17,39,39,39,39,66,47,77,48,48,41,41,37,79,39,58,58,88,88,88,88,69,89,4,90,82,62,62],"gold":307,"neow_bonus":"","is_daily":false,"chose_seed":false,"campfire_upgraded":1,"win_rate":0.0,"timestamp":1609346942,"path_taken":["M","M","M","?","?","E","?","E","T","M","R","M","E","?","R","BOSS","M","?","?","?","M","R","E","M","T","R","M","R","R","E","R","BOSS","M","M"],"items_purchased_type":["Card","Card","Relic","Relic"],"build_version":"2020-12-22","purchased_purges":0,"victory":false,"max_hp_per_floor":[71,71,72,72,73,74,75,75,75,76,76,76,76,76,76,77,77,78,78,78,78,79,79,80,88,88,88,88,88,88,89,89,90,90,91,91,91],"relic_stats":{"Regal Pillow":0,"Gremlin Horn":[4,4],"Happy Flower":[1],"counters":[20,71],"Blue Candle":[0],"Eternal Feather":107,"PreservedInsect":84,"Bag of Preparation":[20],"Whetstone":["alterego_mod:Impale","alterego_mod:BusterCard"],"Orichalcum":[180],"War Paint":["alterego_mod:Defend","alterego_mod:Defend"],"Question Card":8,"MawBank":156,"Boot":[14],"Mercury Hourglass":[259],"Peace Pipe":4,"Blood Vial":6,"Strange Spoon":[11],"Busted Crown":16,"Gambling Chip":[38],"Tiny Chest":1,"Kunai":[5],"obtain_stats":[{"Lantern":18,"Regal Pillow":24,"Gremlin Horn":26,"Bag of Preparation":14,"Whetstone":10,"Boot":8,"Empty Cage":17,"Blood Vial":21,"Gambling Chip":7,"Strawberry":25,"Tiny Chest":9,"Philosopher\u0027s Stone":34,"Kunai":31,"alterego_mod:MasochisticConstitution":0,"Happy Flower":35,"Blue Candle":1,"Eternal Feather":12,"PreservedInsect":22,"Orichalcum":5,"War Paint":13,"Frozen Egg 2":19,"Question Card":2,"MawBank":6,"Akabeko":28,"Mercury Hourglass":3,"Peace Pipe":0,"Strange Spoon":19,"Busted Crown":0},{"Lantern":12,"Regal Pillow":14,"Gremlin Horn":15,"Bag of Preparation":10,"Whetstone":8,"Boot":7,"Empty Cage":11,"Blood Vial":12,"Gambling Chip":6,"Strawberry":15,"Tiny Chest":7,"Philosopher\u0027s Stone":18,"Kunai":17,"alterego_mod:MasochisticConstitution":0,"Happy Flower":19,"Blue Candle":1,"Eternal Feather":9,"PreservedInsect":13,"Orichalcum":4,"War Paint":10,"Frozen Egg 2":12,"Question Card":2,"MawBank":5,"Akabeko":16,"Mercury Hourglass":3,"Peace Pipe":0,"Strange Spoon":12,"Busted Crown":0},{"Lantern":36,"Regal Pillow":44,"Gremlin Horn":47,"Bag of Preparation":25,"Whetstone":19,"Boot":17,"Empty Cage":31,"Blood Vial":36,"Gambling Chip":15,"Strawberry":47,"Tiny Chest":17,"Philosopher\u0027s Stone":64,"Kunai":53,"alterego_mod:MasochisticConstitution":0,"Happy Flower":66,"Blue Candle":2,"Eternal Feather":22,"PreservedInsect":39,"Orichalcum":9,"War Paint":25,"Frozen Egg 2":36,"Question Card":4,"MawBank":12,"Akabeko":49,"Mercury Hourglass":6,"Peace Pipe":0,"Strange Spoon":36,"Busted Crown":0}]},"card_choices":[{"not_picked":[],"picked":"alterego_mod:GIGAMILK","floor":6},{"not_picked":[],"picked":"alterego_mod:VirginLaserPalladion","floor":7},{"not_picked":[],"picked":"alterego_mod:AlterEgo","floor":8},{"not_picked":[],"picked":"alterego_mod:VirginLaserPalladion","floor":13},{"not_picked":[],"picked":"alterego_mod:Antipathy","floor":16},{"not_picked":[],"picked":"alterego_mod:Valkyrie","floor":24},{"not_picked":[],"picked":"alterego_mod:IdEs","floor":31},{"not_picked":[],"picked":"alterego_mod:InsideBaseball+1","floor":33}],"player_experience":18492,"relics_obtained":[{"floor":1,"key":"Blue Candle"},{"floor":2,"key":"Question Card"},{"floor":3,"key":"Mercury Hourglass"},{"floor":5,"key":"Orichalcum"},{"floor":6,"key":"MawBank"},{"floor":7,"key":"Gambling Chip"},{"floor":8,"key":"Boot"},{"floor":9,"key":"Tiny Chest"},{"floor":10,"key":"Whetstone"},{"floor":12,"key":"Eternal Feather"},{"floor":13,"key":"War Paint"},{"floor":14,"key":"Bag of Preparation"},{"floor":18,"key":"Lantern"},{"floor":21,"key":"Blood Vial"},{"floor":22,"key":"PreservedInsect"},{"floor":24,"key":"Regal Pillow"},{"floor":25,"key":"Strawberry"},{"floor":26,"key":"Gremlin Horn"},{"floor":28,"key":"Akabeko"},{"floor":31,"key":"Kunai"},{"floor":35,"key":"Happy Flower"}],"event_choices":[{"damage_healed":0,"gold_gain":0,"player_choice":"Ignored","damage_taken":0,"max_hp_gain":0,"max_hp_loss":0,"event_name":"NoteForYourself","floor":4,"gold_loss":0},{"damage_healed":0,"gold_gain":75,"player_choice":"Touch","damage_taken":7,"max_hp_gain":0,"max_hp_loss":0,"event_name":"FaceTrader","floor":20,"gold_loss":0}],"is_beta":false,"boss_relics":[{"not_picked":["Snecko Eye","Astrolabe"],"picked":"Empty Cage"},{"not_picked":["Runic Dome","Coffee Dripper"],"picked":"Philosopher\u0027s Stone"}],"items_purged_floors":[],"is_endless":false,"potions_floor_spawned":[1,8,10,12,16,24,25,31],"killed_by":"3 Darklings","ascension_level":0}}