{"host":"ty2cix8xj6r3ad26","time":1609340185,"event":{"mods":["AchievementEnabler","BaseMod","BetterRewards","Downfall","Minty Spire (QoL Compilation)","StSLib","SuperFastMode"],"gold_per_floor":[99,117,292,305,405,421,470,7,7,7,38,23,41,56,66,164,164,164,164,264,325,375,389,412,412,412,412,412],"floor_reached":26,"playtime":2712,"items_purged":["Doubt"],"score":231,"play_id":"c921725c-353e-4054-8ed2-29062d492780","local_time":"20201230165625","is_ascension_mode":false,"campfire_choices":[{"data":"champ:Taunt","floor":1,"key":"SMITH"},{"data":"champ:IronFortress","floor":18,"key":"SMITH"},{"data":"champ:CrownThrow","floor":25,"key":"SMITH"}],"circlet_count":0,"master_deck":["champ:Strike","champ:Strike","champ:Strike+1","champ:Strike","champ:Defend","champ:Defend","champ:Defend+1","champ:Defend","champ:Execute+1","champ:Taunt+1","champ:BringItOn","champ:FanOfKnives","champ:AdrenalArmor","champ:Backstep","champ:FocusedGladiator+1","champ:ArenaPreparation+1","champ:EnGarde+1","champ:CrownThrow+1","champ:IronFortress+1","champ:FalseCounter+1","champ:DefensiveShout+1","champ:HoldFirm+1","champ:IronFortress","champ:BerserkerStyle"],"relics":["champ:ChampionCrown","PreservedInsect","Toxic Egg 2","Anchor","Philosopher\u0027s Stone","downfall:CloakOfManyFaces","CultistMask","FaceOfCleric","NlothsMask","GremlinMask","SsserpentHead","Happy Flower"],"acts_visited":["Exordium","TheCity"],"potions_floor_usage":[8,11,16],"damage_taken":[{"damage":16,"enemies":"Jaw Worm","floor":2,"turns":5},{"damage":6,"enemies":"2 Louse","floor":4,"turns":4},{"damage":21,"enemies":"Cultist","floor":6,"turns":5},{"damage":12,"enemies":"downfall:FleeingMerchant","floor":8,"turns":4},{"damage":10,"enemies":"3 Sentries","floor":11,"turns":5},{"damage":21,"enemies":"downfall:FleeingMerchant","floor":12,"turns":4},{"damage":5,"enemies":"2 Fungi Beasts","floor":13,"turns":3},{"damage":22,"enemies":"Blue Slaver","floor":14,"turns":3},{"damage":20,"enemies":"Exordium Thugs","floor":15,"turns":5},{"damage":55,"enemies":"downfall:Defect","floor":16,"turns":6},{"damage":26,"enemies":"downfall:FaceTrader","floor":20,"turns":5},{"damage":34,"enemies":"3 Byrds","floor":21,"turns":7},{"damage":30,"enemies":"Shell Parasite","floor":23,"turns":3},{"damage":12,"enemies":"Shelled Parasite and Fungi","floor":26,"turns":3}],"seed_played":"-4740689287544407969","potions_obtained":[{"floor":2,"key":"SpeedPotion"},{"floor":6,"key":"BlessingOfTheForge"},{"floor":15,"key":"FearPotion"},{"floor":16,"key":"Energy Potion"},{"floor":23,"key":"SpeedPotion"}],"is_trial":false,"path_per_floor":["R","M","?","M","?","M","T","$","?","?","E","$","M","M","M","B",null,"R","?","?","M","T","M","T","R","M"],"character_chosen":"THE_CHAMP","items_purchased":["Toxic Egg 2","champ:FocusedGladiator+1","champ:ArenaPreparation+1"],"campfire_rested":0,"item_purchase_floors":[8,8,8],"current_hp_per_floor":[99,93,93,92,92,79,79,79,79,79,71,71,71,71,58,30,99,99,99,83,76,76,76,76,76,64,64,64],"gold":412,"neow_bonus":"TEN_PERCENT_HP_BONUS","is_daily":false,"chose_seed":false,"campfire_upgraded":3,"win_rate":0.0,"timestamp":1609340185,"path_taken":["R","M","?","M","?","?","T","$","?","?","E","$","M","M","M","BOSS","R","?","?","?","?","M","T","R","M"],"items_purchased_type":["Relic","Card","Card"],"build_version":"2020-12-22","purchased_purges":1,"victory":false,"max_hp_per_floor":[99,99,99,99,99,99,99,99,99,99,99,99,99,99,99,99,99,99,99,99,100,100,101,101,101,101,101,101],"card_choices":[{"not_picked":["champ:FanOfKnives","champ:FalseCounter"],"picked":"champ:BringItOn","floor":2},{"not_picked":["champ:StanceDance","champ:CalledShot"],"picked":"champ:FanOfKnives","floor":4},{"not_picked":["champ:GutPunch","champ:Circumvent"],"picked":"champ:AdrenalArmor","floor":6},{"not_picked":["champ:FanOfKnives","champ:CrookedStrike"],"picked":"champ:Backstep","floor":8},{"not_picked":["champ:RecklessLeap","champ:FocusedGladiator+1"],"picked":"champ:EnGarde+1","floor":11},{"not_picked":["champ:DefensiveStyle","champ:AdrenalArmor+1"],"picked":"champ:CrownThrow","floor":12},{"not_picked":["champ:StanceDance+1","champ:DefensiveShout+1"],"picked":"champ:IronFortress","floor":13},{"not_picked":["champ:BladeFlurry","champ:BerserkerStyle"],"picked":"champ:FalseCounter+1","floor":14},{"not_picked":["champ:CalledShot","champ:GutPunch"],"picked":"champ:DefensiveShout+1","floor":15},{"not_picked":["champ:SwordThrow","champ:CheapShot"],"picked":"champ:HoldFirm+1","floor":16},{"not_picked":["champ:BerserkersShout+1","champ:AdrenalArmor+1"],"picked":"champ:IronFortress","floor":20},{"not_picked":["champ:CrookedStrike","champ:EnragedBash","champ:StanceDance+1"],"picked":"SKIP","floor":21},{"not_picked":["champ:BerserkersShout+1","champ:AdrenalArmor+1"],"picked":"champ:BerserkerStyle","floor":23}],"player_experience":441726,"relics_obtained":[{"floor":7,"key":"PreservedInsect"},{"floor":11,"key":"Anchor"},{"floor":20,"key":"downfall:CloakOfManyFaces"},{"floor":24,"key":"Happy Flower"}],"event_choices":[{"cards_removed":["Regret"],"damage_healed":0,"gold_gain":0,"player_choice":"Forget","damage_taken":0,"max_hp_gain":0,"max_hp_loss":0,"event_name":"Living Wall","floor":10,"gold_loss":0}],"is_beta":false,"boss_relics":[{"not_picked":["SacredBark","Busted Crown"],"picked":"Philosopher\u0027s Stone"}],"items_purged_floors":[8],"is_endless":false,"potions_floor_spawned":[2,6,15,16,23],"killed_by":"Shelled Parasite and Fungi","ascension_level":0}}