{"host":"6azrrw3tf7wb0f4b","time":1609307802,"event":{"mods":["BaseMod","DeckTracker","Minty Spire (QoL Compilation)","SuperFastMode"],"gold_per_floor":[114,189,189,139,157,188,188,37,91,91,109,126,126,138,138,242,242,253,253,353,372,93,93,106,106,106,132,132,143,143,143],"floor_reached":30,"playtime":523,"items_purged":["Defend_B","Strike_B"],"score":410,"play_id":"8ed2eb42-b998-40aa-8de1-b04ac60eb5bc","local_time":"20201230145642","is_ascension_mode":true,"campfire_choices":[{"data":"Dualcast","floor":7,"key":"SMITH"},{"data":"Fission","floor":13,"key":"SMITH"},{"data":"Blizzard","floor":15,"key":"SMITH"},{"data":"Echo Form","floor":23,"key":"SMITH"},{"floor":25,"key":"REST"},{"floor":28,"key":"REST"}],"circlet_count":0,"master_deck":["AscendersBane","Strike_B","Defend_B","Defend_B","Zap","Dualcast+1","Ball Lightning","Capacitor","Cold Snap","Barrage","Conserve Battery","Cold Snap","Fission+1","Blizzard+1","Echo Form+1","Darkness","Cold Snap+1","Turbo","Streamline","Hologram+1","Self Repair+1"],"relics":["Cracked Core","NeowsBlessing","Bottled Flame","Boot","Snecko Eye","ClockworkSouvenir","Tiny Chest","Frozen Egg 2"],"acts_visited":["Exordium","TheCity"],"potions_floor_usage":[16,21,27],"damage_taken":[{"damage":0,"enemies":"Jaw Worm","floor":1,"turns":1},{"damage":0,"enemies":"2 Louse","floor":5,"turns":1},{"damage":0,"enemies":"Lagavulin","floor":6,"turns":1},{"damage":0,"enemies":"Cultist","floor":11,"turns":3},{"damage":10,"enemies":"3 Louse","floor":12,"turns":3},{"damage":5,"enemies":"Exordium Thugs","floor":14,"turns":3},{"damage":8,"enemies":"Hexaghost","floor":16,"turns":9},{"damage":16,"enemies":"Chosen","floor":18,"turns":6},{"damage":22,"enemies":"Shell Parasite","floor":21,"turns":4},{"damage":16,"enemies":"3 Cultists","floor":24,"turns":5},{"damage":28,"enemies":"Slavers","floor":27,"turns":4},{"damage":0,"enemies":"Cultist and Chosen","floor":29,"turns":4},{"damage":32,"enemies":"Centurion and Healer","floor":30,"turns":2}],"seed_played":"7755652555565510224","potions_obtained":[{"floor":5,"key":"DistilledChaos"},{"floor":6,"key":"PotionOfCapacity"},{"floor":12,"key":"SpeedPotion"},{"floor":18,"key":"FearPotion"},{"floor":24,"key":"GamblersBrew"},{"floor":27,"key":"CultistPotion"}],"is_trial":false,"path_per_floor":["M","?","?","?","M","E","R","$","T","?","M","M","R","M","R","B",null,"M","?","?","M","$","R","M","R","T","E","R","M","M"],"character_chosen":"DEFECT","items_purchased":["Barrage","Conserve Battery","ClockworkSouvenir","Turbo"],"campfire_rested":2,"item_purchase_floors":[8,8,22,22],"current_hp_per_floor":[68,57,50,50,50,50,50,50,50,50,50,40,40,35,35,27,63,47,47,47,25,25,25,9,31,31,3,25,25,0,0],"gold":143,"neow_bonus":"THREE_ENEMY_KILL","is_daily":false,"chose_seed":false,"campfire_upgraded":4,"win_rate":0.0,"timestamp":1609307802,"path_taken":["M","?","?","?","M","E","R","$","T","?","M","M","R","?","R","BOSS","M","?","?","M","$","R","M","R","T","E","R","?","M"],"items_purchased_type":["Card","Card","Relic","Card"],"build_version":"2020-12-22","purchased_purges":2,"victory":false,"max_hp_per_floor":[75,75,75,75,75,75,75,75,75,75,75,75,75,75,75,75,75,75,75,75,75,75,75,75,75,75,75,75,75,75,75],"card_choices":[{"not_picked":["Redo","Fusion"],"picked":"Ball Lightning","floor":1},{"not_picked":["Hologram","Ball Lightning"],"picked":"Capacitor","floor":5},{"not_picked":["Steam","Hologram"],"picked":"Cold Snap","floor":6},{"not_picked":["Double Energy","Gash"],"picked":"Cold Snap","floor":11},{"not_picked":["Aggregate","Cold Snap"],"picked":"Fission","floor":12},{"not_picked":["Tempest","Fusion"],"picked":"Blizzard","floor":14},{"not_picked":["Reboot","Electrodynamics"],"picked":"Echo Form","floor":16},{"not_picked":["Turbo","Ball Lightning"],"picked":"Darkness","floor":18},{"not_picked":["Stack+1","Turbo"],"picked":"Cold Snap+1","floor":21},{"not_picked":["Seek","Turbo"],"picked":"Streamline","floor":24},{"not_picked":["Gash","Self Repair+1"],"picked":"Hologram+1","floor":27},{"not_picked":["Redo","Leap"],"picked":"Self Repair+1","floor":29}],"player_experience":651876,"relics_obtained":[{"floor":6,"key":"Bottled Flame"},{"floor":9,"key":"Boot"},{"floor":26,"key":"Tiny Chest"},{"floor":27,"key":"Frozen Egg 2"}],"event_choices":[{"damage_healed":0,"gold_gain":75,"player_choice":"Gather Gold","damage_taken":11,"max_hp_gain":0,"max_hp_loss":0,"event_name":"World of Goop","floor":2,"gold_loss":0},{"cards_removed":["Strike_B"],"damage_healed":0,"gold_gain":0,"player_choice":"Card Removal","damage_taken":7,"max_hp_gain":0,"max_hp_loss":0,"event_name":"Golden Wing","floor":3,"gold_loss":0},{"cards_removed":["Defend_B"],"damage_healed":0,"gold_gain":0,"player_choice":"Card Removal","damage_taken":0,"max_hp_gain":0,"max_hp_loss":0,"event_name":"The Cleric","floor":4,"gold_loss":50},{"cards_removed":["Strike_B"],"damage_healed":0,"gold_gain":0,"player_choice":"Offered Basic","damage_taken":0,"max_hp_gain":0,"max_hp_loss":0,"event_name":"Bonfire Elementals","floor":10,"gold_loss":0},{"damage_healed":0,"gold_gain":0,"player_choice":"Ignored","damage_taken":0,"max_hp_gain":0,"max_hp_loss":0,"event_name":"Ghosts","floor":19,"gold_loss":0},{"damage_healed":0,"gold_gain":100,"player_choice":"Pray","damage_taken":0,"max_hp_gain":0,"max_hp_loss":0,"event_name":"Golden Shrine","floor":20,"gold_loss":0}],"is_beta":false,"boss_relics":[{"not_picked":["SacredBark","Inserter"],"picked":"Snecko Eye"}],"items_purged_floors":[8,22],"is_endless":false,"potions_floor_spawned":[5,6,12,18,24,27],"killed_by":"Centurion and Healer","ascension_level":10}}