{"host":"ft2xazkv7v30fddt","time":1609319678,"event":{"mods":["AchievementEnabler","Act Like it!","Aspiration","Astrologer","Bard","BaseMod","Better Altar","Better Match","Better Note","Better Sensory Stone","Better Skull","CapriCore","Chen","Colored Powertips","Downfall","Elementarium","Energized Spire","Gensokyo","GifTheSpireLib","Gremlin Mod","Hallownest","Hermit","Hubris","Infinite Spire","KinomotoSakuraMod(????)","Koishi","Marisa????????","Minty Spire (QoL Compilation)","Pale of the Ancients","Permanent Neow","Potionbrewer","Prisma Mod","Replay The Spire","StSLib","Stuff the Spire","The Blackbeard","The Bladedancer","The Construct","The Cursed","The Forsaken","The Gatherer","The Hayseed","The Immortal","The Runesmith","The Servant 0.9.4","The Showman","The Vixen","TheArtist","TheSwordswoman","Wandering Minibosses","thorton","vexMod"],"gold_per_floor":[199,199,299,310,235,235,235,264,22,56,41,74,74,74,86,183,183,108,125,125,179,279,310,362,362,378,378,158,174,207,220,238,338,338,338,357,99,114,114,114,114,126,126,141,172,184,216,247,272,284],"floor_reached":51,"playtime":2816,"items_purged":["Guardian:Strike_Guardian","Guardian:Strike_Guardian"],"score":897,"play_id":"4df98638-93dd-4a7d-8bd5-a5c08653b8d1","local_time":"20201230171438","is_ascension_mode":true,"campfire_choices":[{"data":"Guardian:TwinSlam","floor":1,"key":"SMITH"},{"data":"Guardian:SphericShield","floor":18,"key":"SMITH"},{"floor":27,"key":"REST"},{"data":"Guardian:MultiBeam","floor":35,"key":"SMITH"},{"data":"Guardian:BaubleBeam","floor":40,"key":"SMITH"},{"data":"Guardian:ExploitGems","floor":43,"key":"SMITH"}],"circlet_count":0,"master_deck":["Guardian:Defend_Guardian","Guardian:Defend_Guardian","Guardian:Defend_Guardian","Guardian:CurlUp","Guardian:TwinSlam+1","Guardian:ChargeCore","Guardian:BronzeOrb+1","Guardian:MultiBeam+1","Guardian:TemporalStrike","Guardian:ShieldSpikes","expansioncontent:DonusPower","Guardian:ChargeUp","Guardian:SphericShield+1","Guardian:ShieldCharger+1","Guardian:Orbwalk","Guardian:SentryBeam+1","Guardian:SpikerProtocol+1","Guardian:ExploitGems+1","Guardian:Preprogram+1","Guardian:BaubleBeam+1","Guardian:Incinerate+1","Guardian:ShieldCharger+1","Guardian:FloatingOrbs+1","Guardian:Gem_Lightblue","Guardian:Gem_Purple","Guardian:CrystalBeam+1","Guardian:AncientConstruct"],"relics":["Guardian:ModeShifter","StuffTheSpire:Tea","Sundial","Replay:Bottled Steam","Akabeko","hubris:Zylophone","Art of War","vexMod:TanglingVine","downfall:HeartBlessingGreen","StuffTheSpire:ForceGauntlet","potionbrewer:BhaskarasWheel","Ice Cream","HornCleat","Happy Flower","Blue Doll","Bottled Tornado","Tiny Chest","Guardian:PocketSentry","Astrolabe","hubris:PeanutButter","Durian","MawBank"],"acts_visited":["Exordium","TheCity","TheBeyond"],"potions_floor_usage":[10,16,28,30,50,50,50],"damage_taken":[{"damage":0,"enemies":"Small Slimes","floor":4,"turns":5},{"damage":29,"enemies":"3 Sentries","floor":8,"turns":11},{"damage":7,"enemies":"downfall:FleeingMerchant","floor":9,"turns":4},{"damage":8,"enemies":"Gremlin Nob","floor":10,"turns":3},{"damage":0,"enemies":"downfall:FleeingMerchant","floor":11,"turns":4},{"damage":17,"enemies":"Replay:BlueRogue","floor":12,"turns":4},{"damage":6,"enemies":"infinitespire:Voidling","floor":15,"turns":3},{"damage":3,"enemies":"downfall:Ironclad","floor":16,"turns":6},{"damage":0,"enemies":"Chosen","floor":19,"turns":3},{"damage":5,"enemies":"downfall:Silent","floor":22,"turns":5},{"damage":3,"enemies":"Book of Stabbing","floor":23,"turns":5},{"damage":0,"enemies":"3 Cultists","floor":26,"turns":3},{"damage":0,"enemies":"downfall:FleeingMerchant","floor":28,"turns":4},{"damage":5,"enemies":"Snake Plant","floor":29,"turns":3},{"damage":2,"enemies":"Gremlin Leader","floor":30,"turns":5},{"damage":0,"enemies":"Snecko","floor":31,"turns":3},{"damage":2,"enemies":"Shelled Parasite and Fungi","floor":32,"turns":3},{"damage":0,"enemies":"downfall:Defect","floor":33,"turns":6},{"damage":0,"enemies":"3 Shapes","floor":36,"turns":3},{"damage":11,"enemies":"3 Darklings","floor":38,"turns":1},{"damage":0,"enemies":"Jaw Worm Horde","floor":42,"turns":1},{"damage":0,"enemies":"Writhing Mass","floor":44,"turns":3},{"damage":20,"enemies":"Reptomancer","floor":45,"turns":4},{"damage":0,"enemies":"Maw","floor":47,"turns":5},{"damage":0,"enemies":"Jaw Worm Horde","floor":48,"turns":1},{"damage":0,"enemies":"Sphere and 2 Shapes","floor":49,"turns":1},{"damage":0,"enemies":"downfall:Silent","floor":50,"turns":5}],"seed_played":"-6756122030514780374","potions_obtained":[{"floor":4,"key":"DuplicationPotion"},{"floor":8,"key":"DistilledChaos"},{"floor":16,"key":"SpeedPotion"},{"floor":21,"key":"PowerPotion"},{"floor":21,"key":"DuplicationPotion"},{"floor":30,"key":"Elixir"},{"floor":31,"key":"Strength Potion"},{"floor":42,"key":"DuplicationPotion"}],"is_trial":false,"path_per_floor":["R","?","?","M","?","?","T","E","$","E","$","E","?","?","M","B",null,"R","M","AVR","?","?","E","T","?","M","R","$","M","E","M","M","B",null,"R","M","$","M","?","R","T","M","R","M","E","?","M","M","M","B",null],"character_chosen":"GUARDIAN","items_purchased":["Guardian:MultiBeam","Akabeko","Guardian:ExploitGems","Bottled Tornado","Tiny Chest","hubris:PeanutButter"],"campfire_rested":1,"item_purchase_floors":[9,9,28,28,28,37],"current_hp_per_floor":[80,80,80,80,80,80,80,51,44,36,36,19,19,19,17,14,80,80,80,80,60,55,52,52,37,37,62,62,57,55,55,53,53,85,85,85,85,74,74,74,79,79,79,79,59,59,59,59,59,59],"gold":296,"neow_bonus":"HUNDRED_GOLD","is_daily":false,"chose_seed":false,"campfire_upgraded":5,"win_rate":0.0,"timestamp":1609319678,"path_taken":["R","?","?","?","?","?","T","E","?","E","$","E","?","?","M","BOSS","R","M","AVR","?","?","E","T","?","?","R","$","M","E","M","M","BOSS","R","M","$","M","?","R","T","?","R","M","E","?","M","M","M","BOSS"],"items_purchased_type":["Card","Relic","Card","Relic","Relic","Relic"],"build_version":"2020-12-22","purchased_purges":2,"victory":true,"max_hp_per_floor":[80,80,80,80,80,80,80,80,80,80,80,80,80,80,80,80,80,80,80,80,80,80,80,80,85,85,85,85,85,85,85,85,85,85,85,85,85,85,85,85,90,90,90,90,90,90,90,90,90,90],"card_choices":[{"not_picked":["Guardian:TemporalShield","Guardian:Gem_Blue"],"picked":"Guardian:ChargeCore","floor":4},{"not_picked":["Guardian:ChargeCore+1","Guardian:TemporalShield+1"],"picked":"Guardian:Gem_Red","floor":5},{"not_picked":["Guardian:TemporalShield","Guardian:VentSteam"],"picked":"Guardian:BronzeOrb","floor":8},{"not_picked":["Guardian:VentSteam","Guardian:Gem_White"],"picked":"Guardian:Gem_Fragmented","floor":9},{"not_picked":["Guardian:SpikerProtocol","Guardian:Gem_Green"],"picked":"Guardian:TemporalStrike","floor":10},{"not_picked":["Guardian:TemporalShield","Guardian:Gem_Fragmented","Guardian:Incinerate"],"picked":"SKIP","floor":11},{"not_picked":["Guardian:TemporalStrike","Guardian:Gem_Green"],"picked":"Guardian:ShieldSpikes","floor":12},{"not_picked":["Transmutation","Replay:Parry"],"picked":"expansioncontent:DonusPower","floor":14},{"not_picked":["Guardian:PrismaticBeam","Guardian:Gem_Green"],"picked":"Guardian:ChargeUp","floor":15},{"not_picked":["Guardian:TimeSifter","Guardian:AncientConstruct"],"picked":"Guardian:SphericShield","floor":16},{"not_picked":["Guardian:Gem_Lightblue","Guardian:Gem_Red"],"picked":"Guardian:ShieldCharger+1","floor":19},{"not_picked":["Guardian:Gem_Yellow","Guardian:Recover"],"picked":"Guardian:Orbwalk","floor":21},{"not_picked":["Guardian:WalkerClaw","Guardian:Gem_Green"],"picked":"Guardian:SentryBeam+1","floor":23},{"not_picked":["Guardian:Repulse+1","Guardian:HyperBeam_Guardian"],"picked":"Guardian:SpikerProtocol+1","floor":26},{"not_picked":["Guardian:Incinerate","Guardian:Gem_Cyan"],"picked":"Guardian:TimeBomb","floor":28},{"not_picked":["Guardian:MultiBeam","Guardian:TemporalShield+1"],"picked":"Guardian:Gem_Lightblue","floor":29},{"not_picked":["Guardian:Gem_Fragmented","Guardian:ExploitGems"],"picked":"Guardian:Preprogram+1","floor":30},{"not_picked":["Guardian:RollAttack","Guardian:Reroute","Guardian:VentSteam"],"picked":"SKIP","floor":31},{"not_picked":["Guardian:VentSteam","Guardian:TemporalStrike+1"],"picked":"Guardian:Gem_Green","floor":32},{"not_picked":["Guardian:TimeSifter","Guardian:SphericShield"],"picked":"Guardian:BaubleBeam","floor":33},{"not_picked":["Guardian:Gem_Cyan","Guardian:PrismaticBarrier"],"picked":"Guardian:FloatingOrbs+1","floor":36},{"not_picked":["Guardian:Repulse+1","Guardian:PrismaticBarrier+1"],"picked":"Guardian:Gem_Green","floor":38},{"not_picked":["Guardian:TimeBomb","Guardian:SpikerProtocol"],"picked":"Guardian:Gem_Cyan","floor":42},{"not_picked":["Guardian:ChargeCore+1","Guardian:Gem_Lightblue"],"picked":"Guardian:Gem_Purple","floor":44},{"not_picked":["Guardian:ChargeCore+1","Guardian:ShieldCharger"],"picked":"Guardian:CrystalBeam+1","floor":45},{"not_picked":["Guardian:WalkerClaw","Guardian:Gem_Cyan","Guardian:Preprogram"],"picked":"SKIP","floor":47},{"not_picked":["Guardian:EvasiveProtocol","Guardian:TemporalStrike","Guardian:ShieldCharger+1"],"picked":"SKIP","floor":48},{"not_picked":["Guardian:VentSteam","Guardian:Planning+1"],"picked":"Guardian:AncientConstruct","floor":49}],"player_experience":1635859,"relics_obtained":[{"floor":7,"key":"Sundial"},{"floor":8,"key":"Replay:Bottled Steam"},{"floor":10,"key":"hubris:Zylophone"},{"floor":12,"key":"Art of War"},{"floor":22,"key":"Ice Cream"},{"floor":22,"key":"HornCleat"},{"floor":23,"key":"Happy Flower"},{"floor":24,"key":"Blue Doll"},{"floor":30,"key":"Guardian:PocketSentry"},{"floor":41,"key":"Durian"},{"floor":45,"key":"MawBank"}],"event_choices":[{"damage_healed":0,"gold_gain":0,"player_choice":"2","damage_taken":0,"max_hp_gain":0,"max_hp_loss":0,"event_name":"betterMatch:BetterMatch","floor":5,"gold_loss":0,"cards_obtained":["betterMatch:CommonCard"]},{"cards_removed":["StuffTheSpire:CuriosityCurse"],"damage_healed":0,"gold_gain":0,"player_choice":"Card Removal","damage_taken":0,"max_hp_gain":0,"max_hp_loss":0,"event_name":"The Cleric","floor":13,"gold_loss":0},{"damage_healed":0,"gold_gain":1,"player_choice":"1","damage_taken":0,"max_hp_gain":0,"max_hp_loss":0,"event_name":"betterStone:BetterStone","floor":14,"gold_loss":0}],"is_beta":false,"boss_relics":[{"not_picked":["vexMod:DeviousBotling","Snecko Eye"],"picked":"vexMod:TanglingVine"},{"not_picked":["theForsaken:PaleLantern","hubris:GrandSneckoEye"],"picked":"Astrolabe"}],"items_purged_floors":[20,28],"is_endless":false,"potions_floor_spawned":[4,8,16,26,30,31,42,47,49],"ascension_level":1}}