{"host":"hhk99zdwe8tkcyq7","time":1609302589,"event":{"mods":["AchievementEnabler","BaseMod","Minty Spire (QoL Compilation)"],"gold_per_floor":[111,111,127,144,144,185,185,185,266,281,312,312,346,361,361,481,481,497,497,422,465,478,478,329,329,329],"floor_reached":25,"playtime":1473,"items_purged":["Strike_G"],"score":219,"play_id":"f9001602-bada-4571-b4e3-7cca3e6e0b78","local_time":"20201229222949","is_ascension_mode":false,"campfire_choices":[{"floor":7,"key":"REST"},{"floor":12,"key":"REST"},{"floor":15,"key":"REST"},{"floor":23,"key":"REST"}],"circlet_count":0,"master_deck":["Strike_G","Strike_G","Strike_G","Strike_G","Defend_G","Defend_G","Defend_G","Defend_G","Survivor","Neutralize","Quick Slash","Dagger Spray","Infinite Blades+1","Caltrops","Reflex","Leg Sweep","After Image","Sucker Punch+1","Dash","Endless Agony","Footwork"],"relics":["Ring of the Snake","Golden Idol","Pen Nib","White Beast Statue","CaptainsWheel","Peace Pipe","SlaversCollar","MutagenicStrength","Red Mask"],"acts_visited":["Exordium","TheCity"],"potions_floor_usage":[16,16,16,21,25],"damage_taken":[{"damage":0,"enemies":"2 Louse","floor":1,"turns":2},{"damage":0,"enemies":"Cultist","floor":3,"turns":4},{"damage":2,"enemies":"Small Slimes","floor":4,"turns":3},{"damage":31,"enemies":"Gremlin Nob","floor":6,"turns":5},{"damage":3,"enemies":"Blue Slaver","floor":10,"turns":4},{"damage":32,"enemies":"Lagavulin","floor":11,"turns":8},{"damage":7,"enemies":"Gremlin Nob","floor":13,"turns":4},{"damage":5,"enemies":"2 Fungi Beasts","floor":14,"turns":3},{"damage":59,"enemies":"The Guardian","floor":16,"turns":15},{"damage":14,"enemies":"3 Byrds","floor":18,"turns":7},{"damage":51,"enemies":"Masked Bandits","floor":21,"turns":7},{"damage":20,"enemies":"Shell Parasite","floor":22,"turns":7},{"damage":30,"enemies":"Chosen and Byrds","floor":25,"turns":6}],"seed_played":"6919470810716668066","potions_obtained":[{"floor":1,"key":"Regen Potion"},{"floor":4,"key":"DuplicationPotion"},{"floor":6,"key":"CultistPotion"},{"floor":16,"key":"EssenceOfSteel"},{"floor":18,"key":"Ancient Potion"},{"floor":21,"key":"FairyPotion"},{"floor":22,"key":"EssenceOfSteel"}],"is_trial":false,"path_per_floor":["M","?","M","M","?","E","R","?","T","M","E","R","E","M","R","B",null,"M","?","?","?","M","R","$","M"],"character_chosen":"THE_SILENT","items_purchased":["Footwork"],"campfire_rested":4,"item_purchase_floors":[24],"current_hp_per_floor":[77,70,70,68,68,37,58,58,58,55,23,44,37,32,53,9,71,57,57,57,6,8,29,29,0,0],"gold":329,"neow_bonus":"TEN_PERCENT_HP_BONUS","is_daily":false,"chose_seed":false,"campfire_upgraded":0,"win_rate":0.0,"timestamp":1609302589,"path_taken":["M","?","M","?","?","E","R","?","T","M","E","R","E","M","R","BOSS","M","?","?","?","M","R","$","M"],"items_purchased_type":["Card"],"build_version":"2020-12-22","purchased_purges":1,"victory":false,"max_hp_per_floor":[77,77,77,77,71,71,71,71,71,71,71,71,71,71,71,71,71,71,71,71,71,71,71,71,71,71],"card_choices":[{"not_picked":["Calculated Gamble","PiercingWail"],"picked":"Quick Slash","floor":1},{"not_picked":["Dagger Throw","Quick Slash"],"picked":"Dagger Spray","floor":3},{"not_picked":["Dagger Throw","Distraction"],"picked":"Infinite Blades","floor":4},{"not_picked":["After Image","All Out Attack"],"picked":"Caltrops","floor":6},{"not_picked":["Blade Dance","Outmaneuver","Dodge and Roll"],"picked":"SKIP","floor":10},{"not_picked":["Dagger Spray","Prepared"],"picked":"Reflex","floor":11},{"not_picked":["Underhanded Strike","Riddle With Holes"],"picked":"Leg Sweep","floor":13},{"not_picked":["Sucker Punch","Quick Slash","Outmaneuver"],"picked":"SKIP","floor":14},{"not_picked":["Glass Knife","Venomology"],"picked":"After Image","floor":16},{"not_picked":["Blade Dance","Slice"],"picked":"Sucker Punch+1","floor":18},{"not_picked":["Choke","Dagger Throw"],"picked":"Dash","floor":21},{"not_picked":["Dagger Throw","Distraction"],"picked":"Endless Agony","floor":22}],"player_experience":8784,"relics_obtained":[{"floor":6,"key":"Pen Nib"},{"floor":9,"key":"White Beast Statue"},{"floor":11,"key":"CaptainsWheel"},{"floor":13,"key":"Peace Pipe"},{"floor":21,"key":"Red Mask"}],"event_choices":[{"damage_healed":0,"gold_gain":0,"player_choice":"Damaged","damage_taken":7,"max_hp_gain":0,"max_hp_loss":0,"event_name":"Wheel of Change","floor":2,"gold_loss":0},{"damage_healed":0,"gold_gain":0,"player_choice":"Lose Max HP","damage_taken":0,"relics_obtained":["Golden Idol"],"max_hp_gain":0,"max_hp_loss":6,"event_name":"Golden Idol","floor":5,"gold_loss":0},{"damage_healed":0,"gold_gain":0,"player_choice":"Grow","damage_taken":0,"max_hp_gain":0,"max_hp_loss":0,"event_name":"Living Wall","floor":8,"gold_loss":0,"cards_upgraded":["Infinite Blades"]},{"damage_healed":0,"gold_gain":0,"player_choice":"Inject Mutagens","damage_taken":0,"relics_obtained":["MutagenicStrength"],"max_hp_gain":0,"max_hp_loss":0,"event_name":"Drug Dealer","floor":19,"gold_loss":0},{"cards_removed":["Defend_G"],"damage_healed":0,"gold_gain":0,"player_choice":"Gave Gold","damage_taken":0,"max_hp_gain":0,"max_hp_loss":0,"event_name":"Beggar","floor":20,"gold_loss":75},{"damage_healed":0,"gold_gain":0,"player_choice":"Fought Bandits","damage_taken":0,"max_hp_gain":0,"max_hp_loss":0,"event_name":"Masked Bandits","floor":21,"gold_loss":0}],"is_beta":false,"boss_relics":[{"not_picked":["Philosopher\u0027s Stone","Astrolabe"],"picked":"SlaversCollar"}],"items_purged_floors":[24],"is_endless":false,"potions_floor_spawned":[1,4,6,10,11,13,14,16,18,21,22],"killed_by":"Chosen and Byrds","ascension_level":0}}