{"host":"dftyqn972q7tuon4","time":1609286873,"event":{"mods":["AchievementEnabler","BaseMod","Better Altar","Better Match","Better Note","Better Sensory Stone","Better Skull","Better Third Choice","Colored Powertips","Highlight Path","Minty Spire (QoL Compilation)","Permanent Neow","Quick Restart","StSLib"],"gold_per_floor":[20,20,35,210,135,135,165,175,175,100,111,11,23,52,52,157,157,171,23,23,0,16,48,60,88,88,105,105,105,105],"floor_reached":29,"playtime":1962,"items_purged":["Doubt","Strike_B"],"score":369,"play_id":"c11758d0-6898-41bc-b182-91bfaa95e863","local_time":"20201230010753","is_ascension_mode":true,"campfire_choices":[{"data":"Zap","floor":6.0,"key":"SMITH"},{"data":"Defragment","floor":15.0,"key":"SMITH"}],"circlet_count":0,"master_deck":["Strike_B","Defend_B","Defend_B","Defend_B","Defend_B","Zap+1","Dualcast","Leap","Apotheosis+1","Coolheaded","Chaos","Ball Lightning","Streamline+1","Swift Strike+1","Self Repair","Defragment+1","Skim","Thunder Strike","Capacitor+1","Streamline","Go for the Eyes+1","Consume","Self Repair+1","White Noise+1","Hyperbeam","Steam Power"],"relics":["Cracked Core","Pocketwatch","Darkstone Periapt","Question Card","Anchor","Fusion Hammer","Happy Flower","Vajra","Oddly Smooth Stone","Singing Bowl"],"acts_visited":["Exordium","TheCity"],"potions_floor_usage":[25,29,29,29],"damage_taken":[{"damage":4.0,"enemies":"2 Louse","floor":1.0,"turns":2.0},{"damage":0.0,"enemies":"Small Slimes","floor":3.0,"turns":2.0},{"damage":8.0,"enemies":"Lagavulin","floor":7.0,"turns":7.0},{"damage":0.0,"enemies":"Cultist","floor":8.0,"turns":3.0},{"damage":0.0,"enemies":"Exordium Wildlife","floor":11.0,"turns":2.0},{"damage":18.0,"enemies":"Exordium Thugs","floor":13.0,"turns":4.0},{"damage":10.0,"enemies":"Gremlin Nob","floor":14.0,"turns":3.0},{"damage":16.0,"enemies":"Hexaghost","floor":16.0,"turns":7.0},{"damage":26.0,"enemies":"3 Byrds","floor":18.0,"turns":4.0},{"damage":8.0,"enemies":"Chosen","floor":22.0,"turns":4.0},{"damage":17.0,"enemies":"Gremlin Leader","floor":23.0,"turns":6.0},{"damage":12.0,"enemies":"3 Cultists","floor":24.0,"turns":5.0},{"damage":28,"enemies":"Slavers","floor":25,"turns":5},{"damage":1,"enemies":"Snecko","floor":27,"turns":3},{"damage":50,"enemies":"Gremlin Leader","floor":29,"turns":5}],"seed_played":"-736173256461422906","potions_obtained":[{"floor":7.0,"key":"FearPotion"},{"floor":8.0,"key":"Weak Potion"},{"floor":11.0,"key":"FocusPotion"},{"floor":22.0,"key":"Dexterity Potion"},{"floor":25,"key":"SpeedPotion"},{"floor":27,"key":"LiquidBronze"}],"is_trial":false,"path_per_floor":["M","?","M","?","$","R","E","M","T","?","M","$","M","E","R","B",null,"M","$","?","?","M","E","M","E","T","M","?","E"],"character_chosen":"DEFECT","items_purchased":["Happy Flower"],"campfire_rested":0,"item_purchase_floors":[19],"current_hp_per_floor":[64,64,64,64,64,64,56,56,56,56,56,56,45,45,45,39,66,50,50,50,50,52,42,40,19,19,38,38,0,0],"gold":105,"neow_bonus":"ONE_RARE_RELIC","is_daily":false,"chose_seed":false,"campfire_upgraded":2,"win_rate":0.0,"timestamp":1609286873,"path_taken":["M","?","M","?","$","R","E","M","T","?","?","?","M","E","R","BOSS","M","$","?","?","M","E","M","E","T","M","?","E"],"items_purchased_type":["Relic"],"build_version":"2020-12-22","purchased_purges":2,"victory":false,"max_hp_per_floor":[75,75,75,75,75,75,75,75,75,75,75,75,75,75,75,75,75,75,75,75,75,75,75,75,75,75,75,75,75,75],"card_choices":[{"not_picked":["Hologram","Beam Cell"],"picked":"Leap","floor":1.0},{"not_picked":["Redo","Auto Shields"],"picked":"Coolheaded","floor":3.0},{"not_picked":["Gash","Fusion"],"picked":"Chaos","floor":7.0},{"not_picked":["Barrage","Gash"],"picked":"Ball Lightning","floor":8.0},{"not_picked":["Sweeping Beam+1","Barrage+1","Turbo+1"],"picked":"Streamline+1","floor":10.0},{"not_picked":["Good Instincts+1","Trip+1","PanicButton+1"],"picked":"Swift Strike+1","floor":10.0},{"not_picked":["Stack","Conserve Battery","Beam Cell"],"picked":"Self Repair","floor":11.0},{"not_picked":["Fusion","Beam Cell","Barrage"],"picked":"Defragment","floor":13.0},{"not_picked":["Stack","Static Discharge","Reprogram"],"picked":"Skim","floor":14.0},{"not_picked":["Meteor Strike","Biased Cognition","Hyperbeam"],"picked":"Thunder Strike","floor":16.0},{"not_picked":["Consume","Cold Snap+1","Ball Lightning"],"picked":"Capacitor+1","floor":18.0},{"not_picked":["Genetic Algorithm","Hologram","Compile Driver"],"picked":"Streamline","floor":22.0},{"not_picked":["Turbo","Hello World","Stack"],"picked":"Go for the Eyes+1","floor":23.0},{"not_picked":["Barrage+1","Conserve Battery","Streamline"],"picked":"Consume","floor":24.0},{"not_picked":["Hello World","Sweeping Beam","Streamline"],"picked":"Self Repair+1","floor":25},{"not_picked":["Scrape","BootSequence","Auto Shields"],"picked":"White Noise+1","floor":27}],"player_experience":541974,"relics_obtained":[{"floor":7.0,"key":"Darkstone Periapt"},{"floor":9.0,"key":"Question Card"},{"floor":14.0,"key":"Anchor"},{"floor":23.0,"key":"Vajra"},{"floor":25,"key":"Oddly Smooth Stone"},{"floor":26,"key":"Singing Bowl"}],"event_choices":[{"damage_healed":64.0,"max_hp_gain":0.0,"max_hp_loss":75.0,"gold_gain":0.0,"event_name":"betterThird:BetterShining","player_choice":"Embrace","floor":2.0,"gold_loss":0.0,"damage_taken":0.0},{"damage_healed":0.0,"max_hp_gain":0.0,"max_hp_loss":0.0,"gold_gain":175.0,"event_name":"betterThird:BetterSerpent","player_choice":"AGREE","floor":4.0,"gold_loss":0.0,"damage_taken":35.0},{"damage_healed":0.0,"max_hp_gain":0.0,"max_hp_loss":0.0,"gold_gain":0.0,"event_name":"betterMatch:BetterMatch","player_choice":"2","floor":10.0,"gold_loss":0.0,"damage_taken":0.0,"cards_obtained":["betterMatch:CommonCard","betterMatch:ColorlessUncommonCard"]},{"damage_healed":0.0,"max_hp_gain":0.0,"max_hp_loss":0.0,"gold_gain":0.0,"event_name":"betterThird:BetterWriting","player_choice":"Adaptability","floor":20.0,"gold_loss":0.0,"damage_taken":0.0},{"damage_healed":0.0,"max_hp_gain":0.0,"max_hp_loss":0.0,"gold_gain":0.0,"event_name":"Masked Bandits","player_choice":"Paid Fearfully","floor":21.0,"gold_loss":23.0,"damage_taken":0.0},{"damage_healed":0,"gold_gain":0,"cards_transformed":["Strike_B","Strike_B"],"player_choice":"Became Test Subject","damage_taken":0,"max_hp_gain":0,"max_hp_loss":0,"event_name":"Drug Dealer","floor":28,"gold_loss":0,"cards_obtained":["Hyperbeam","Steam Power"]}],"is_beta":false,"boss_relics":[{"not_picked":["Nuclear Battery","Velvet Choker"],"picked":"Fusion Hammer"}],"items_purged_floors":[5,12],"is_endless":false,"potions_floor_spawned":[7,8,11,22,25,27],"killed_by":"Gremlin Leader","ascension_level":7}}