{"host":"dlskvfecb6rtl9z1","time":1609355126,"event":{"mods":["2.2 Compatiblity","AchievementEnabler","Aspiration","BaseMod","Better Third Choice","Colored Map","Colored Powertips","Downfall","Duelist Mod","Hermit","Hubris","Infinite Spire","KinomotoSakuraMod(????)","Koishi","Marisa????????","Minty Spire (QoL Compilation)","Remilia??????","Replay The Spire","Shop Mod","StSLib","Td1madao Mod","The Administrix","The Bug Knight","The Construct","The Cursed","The Disciple","The Hierophant","The Jungle","The Mystic","The Necromancer","The Runesmith","The Senshi","The Servant 0.9.4"],"gold_per_floor":[116,116,132,57,83,117,117,137,137,137,37,37,48,82,94,106,106],"floor_reached":16,"playtime":1198,"items_purged":["Strike_R","Strike_R"],"score":119,"play_id":"120219d5-e21e-4079-b3c7-05562fcc96b3","local_time":"20201230210526","is_ascension_mode":true,"campfire_choices":[{"data":"Body Slam","floor":7,"key":"SMITH"},{"data":"True Grit","floor":10,"key":"SMITH"},{"data":"Defend_R","floor":12,"key":"SMITH"},{"data":"Shrug It Off","floor":15,"key":"SMITH"}],"circlet_count":0,"master_deck":["Strike_R","Strike_R","Defend_R+1","Defend_R","Defend_R","Defend_R","Bash","Body Slam+1","True Grit+1","Shrug It Off+1"],"relics":["Burning Blood","Oddly Smooth Stone","Replay:Rubber Ducky","aspiration:HiddenCompartment","MawBank"],"acts_visited":["Exordium"],"potions_floor_usage":[],"damage_taken":[{"damage":14,"enemies":"Cultist","floor":1,"turns":5},{"damage":4,"enemies":"Small Slimes","floor":3,"turns":4},{"damage":56,"enemies":"Lagavulin","floor":6,"turns":9},{"damage":8,"enemies":"2 Louse","floor":8,"turns":2},{"damage":7,"enemies":"Lots of Slimes","floor":13,"turns":7},{"damage":2,"enemies":"HollowMod:MossKnight","floor":14,"turns":10},{"damage":37,"enemies":"Slime Boss","floor":16,"turns":9}],"seed_played":"-6737582961209236087","potions_obtained":[{"floor":6,"key":"Swift Potion"},{"floor":8,"key":"SpeedPotion"}],"is_trial":false,"path_per_floor":["M","?","M","$","T","E","R","M","T","R","$","R","M","E","R_BF","B"],"character_chosen":"IRONCLAD","items_purchased":[],"campfire_rested":0,"item_purchase_floors":[],"current_hp_per_floor":[80,80,82,82,82,32,32,30,30,30,30,30,29,33,33,0,0],"gold":106,"neow_bonus":"TEN_PERCENT_HP_BONUS","is_daily":false,"chose_seed":false,"campfire_upgraded":4,"win_rate":0.0,"timestamp":1609355126,"path_taken":["M","?","?","$","?","E","R","M","T","R","$","R","M","E","R_BF","BOSS"],"items_purchased_type":[],"build_version":"2020-12-22","purchased_purges":2,"victory":false,"max_hp_per_floor":[88,88,88,88,88,88,88,88,88,88,88,88,88,88,88,88,88],"card_choices":[{"not_picked":["Hemokinesis","Shrug It Off"],"picked":"Body Slam","floor":1},{"not_picked":["Defy Death","Iron Wave","Sword Boomerang"],"picked":"SKIP","floor":3},{"not_picked":["Shrug It Off","Reaper"],"picked":"True Grit","floor":6},{"not_picked":["Heavy Blade","Replay:Undeath\u0027s Touch","Blood for Blood"],"picked":"SKIP","floor":8},{"not_picked":["Clash","Headbutt"],"picked":"Shrug It Off","floor":13},{"not_picked":["Pummel","Clash","Replay:Undeath\u0027s Touch"],"picked":"SKIP","floor":14}],"player_experience":94478,"relics_obtained":[{"floor":5,"key":"Oddly Smooth Stone"},{"floor":6,"key":"Replay:Rubber Ducky"},{"floor":9,"key":"aspiration:HiddenCompartment"},{"floor":14,"key":"MawBank"}],"event_choices":[{"cards_removed":["Strike_R"],"damage_healed":0,"gold_gain":0,"player_choice":"Purged","damage_taken":0,"max_hp_gain":0,"max_hp_loss":0,"event_name":"Purifier","floor":2,"gold_loss":0}],"is_beta":false,"boss_relics":[],"items_purged_floors":[4,11],"is_endless":false,"potions_floor_spawned":[6,8],"killed_by":"Slime Boss","ascension_level":2}}