{"host":"a7dhdzm3fda48fos","time":1609361544,"event":{"mods":["AchievementEnabler","AlwaysNeverKeys","BaseMod","Better Altar","Better Note","Better Sensory Stone","Better Skull","Better Third Choice","Block Reminder","Colored Map","Gold Saver","Hermit","Minty Spire (QoL Compilation)","Quick Restart","Rare Cards Sparkle","Relic Sorter","Relic Stats","Remove Card Discount Mod","Shop Mod","Spicy Shops","StSLib"],"gold_per_floor":[109,109,32,32,42,42,76,76,76,76,88,103,120,134,134,134,134],"floor_reached":16,"playtime":737,"items_purged":[],"score":107,"play_id":"7cd8881c-a442-4d7f-bf81-0582794b8d10","local_time":"20201230215224","is_ascension_mode":true,"campfire_choices":[{"data":"Evolve","floor":6,"key":"SMITH"},{"data":"Fire Breathing","floor":8,"key":"SMITH"},{"data":"Uppercut","floor":10,"key":"SMITH"},{"floor":15,"key":"REST"}],"circlet_count":0,"master_deck":["Strike_R","Strike_R","Strike_R","Strike_R","Strike_R","Defend_R","Defend_R","Defend_R","Defend_R","Bash","Uppercut+1","Evolve+1","Fire Breathing+1","Thunderclap","Thunderclap","Pommel Strike","Armaments"],"relics":["Burning Blood","Pocketwatch","Ornamental Fan"],"acts_visited":["Exordium"],"potions_floor_usage":[7,16,16],"damage_taken":[{"damage":1,"enemies":"Cultist","floor":1,"turns":3},{"damage":0,"enemies":"2 Louse","floor":5,"turns":1},{"damage":54,"enemies":"Lagavulin","floor":7,"turns":8},{"damage":10,"enemies":"Small Slimes","floor":11,"turns":3},{"damage":14,"enemies":"Exordium Wildlife","floor":12,"turns":3},{"damage":1,"enemies":"Red Slaver","floor":13,"turns":3},{"damage":9,"enemies":"Gremlin Gang","floor":14,"turns":3},{"damage":79,"enemies":"The Guardian","floor":16,"turns":11}],"seed_played":"-8105281315921093159","potions_obtained":[{"floor":5,"key":"SteroidPotion"},{"floor":11,"key":"SkillPotion"},{"floor":14,"key":"SteroidPotion"}],"is_trial":false,"path_per_floor":["M","?","$","$","M","R","E","R","T","R","M","M","M","M","R","B"],"character_chosen":"IRONCLAD","items_purchased":["Uppercut"],"campfire_rested":1,"item_purchase_floors":[3],"current_hp_per_floor":[88,80,80,80,86,86,38,38,38,38,34,26,31,28,54,0,0],"gold":134,"neow_bonus":"TEN_PERCENT_HP_BONUS","is_daily":false,"chose_seed":false,"campfire_upgraded":3,"win_rate":0.0,"timestamp":1609361544,"path_taken":["M","?","?","$","?","R","E","R","T","R","M","M","M","M","R","BOSS"],"items_purchased_type":["Card"],"build_version":"2020-12-22","purchased_purges":0,"victory":false,"max_hp_per_floor":[88,88,88,88,88,88,88,88,88,88,88,88,88,88,88,88,88],"relic_stats":{"counters":[8,35],"Ornamental Fan":[44],"obtain_stats":[{"Ornamental Fan":9,"Burning Blood":0,"Pocketwatch":7},{"Ornamental Fan":3,"Burning Blood":0,"Pocketwatch":3},{"Ornamental Fan":12,"Burning Blood":0,"Pocketwatch":12}],"Burning Blood":37,"Pocketwatch":[39]},"card_choices":[{"not_picked":["Warcry","True Grit","Wild Strike"],"picked":"SKIP","floor":1},{"not_picked":["Headbutt","Seeing Red"],"picked":"Evolve","floor":5},{"not_picked":["Flex","Blood for Blood"],"picked":"Fire Breathing","floor":7},{"not_picked":["Twin Strike","Sword Boomerang"],"picked":"Thunderclap","floor":11},{"not_picked":["Dual Wield","Clash"],"picked":"Thunderclap","floor":12},{"not_picked":["Dark Embrace","Hemokinesis"],"picked":"Pommel Strike","floor":13},{"not_picked":["Headbutt","Heavy Blade"],"picked":"Armaments","floor":14}],"player_experience":53079,"relics_obtained":[{"floor":7,"key":"Pocketwatch"},{"floor":9,"key":"Ornamental Fan"}],"event_choices":[{"damage_healed":0,"gold_gain":0,"player_choice":"Damaged","damage_taken":8,"max_hp_gain":0,"max_hp_loss":0,"event_name":"Wheel of Change","floor":2,"gold_loss":0}],"is_beta":false,"boss_relics":[],"items_purged_floors":[],"is_endless":false,"potions_floor_spawned":[5,11,14],"killed_by":"The Guardian","ascension_level":1}}