{"host":"kda2p2afd6bvz6qo","time":1609372318,"event":{"mods":["BaseMod","Colored Map","Minty Spire (QoL Compilation)","Relic Stats"],"gold_per_floor":[119,133,208,208,208,208,208],"floor_reached":6,"playtime":254,"items_purged":[],"score":63,"play_id":"f17648a0-d180-48b1-aca0-2fab48d8fbf9","local_time":"20201230235158","is_ascension_mode":true,"campfire_choices":[],"circlet_count":0,"master_deck":["AscendersBane","Strike_G","Strike_G","Strike_G","Strike_G","Strike_G","Defend_G","Defend_G+1","Defend_G","Defend_G","Defend_G","Survivor","Neutralize","Footwork","Backflip+1","Injury"],"relics":["HoveringKite","Golden Idol"],"acts_visited":["Exordium"],"potions_floor_usage":[],"damage_taken":[{"damage":7,"enemies":"Jaw Worm","floor":1,"turns":5},{"damage":11,"enemies":"Small Slimes","floor":2,"turns":5},{"damage":13,"enemies":"3 Sentries","floor":6,"turns":4}],"seed_played":"8654905645445897307","potions_obtained":[],"is_trial":false,"path_per_floor":["M","M","?","?","?","E"],"character_chosen":"THE_SILENT","items_purchased":[],"campfire_rested":0,"item_purchase_floors":[],"current_hp_per_floor":[52,41,30,30,10,0,0],"gold":208,"neow_bonus":"BOSS_RELIC","is_daily":false,"chose_seed":false,"campfire_upgraded":0,"win_rate":0.0,"timestamp":1609372318,"path_taken":["M","M","?","?","?","E"],"items_purchased_type":[],"build_version":"2020-12-22","purchased_purges":0,"victory":false,"max_hp_per_floor":[66,66,66,66,66,66,66],"relic_stats":{"counters":[3,14],"Golden Idol":0,"HoveringKite":[4],"obtain_stats":[{"Golden Idol":4,"HoveringKite":0,"Ring of the Snake":0},{"Golden Idol":2,"HoveringKite":0,"Ring of the Snake":0},{"Golden Idol":10,"HoveringKite":0,"Ring of the Snake":0}]},"card_choices":[{"not_picked":["Flying Knee","Slice"],"picked":"Footwork","floor":1},{"not_picked":["Catalyst","Dodge and Roll"],"picked":"Backflip","floor":2}],"player_experience":103114,"relics_obtained":[],"event_choices":[{"damage_healed":0,"gold_gain":75,"player_choice":"Gather Gold","damage_taken":11,"max_hp_gain":0,"max_hp_loss":0,"event_name":"World of Goop","floor":3,"gold_loss":0},{"damage_healed":0,"gold_gain":0,"player_choice":"Take Wound","damage_taken":0,"relics_obtained":["Golden Idol"],"max_hp_gain":0,"max_hp_loss":0,"event_name":"Golden Idol","floor":4,"gold_loss":0,"cards_obtained":["Injury"]},{"damage_healed":0,"gold_gain":0,"player_choice":"Entered Light","damage_taken":20,"max_hp_gain":0,"max_hp_loss":0,"event_name":"Shining Light","floor":5,"gold_loss":0,"cards_upgraded":["Backflip","Defend_G"]}],"is_beta":false,"boss_relics":[],"items_purged_floors":[],"is_endless":false,"potions_floor_spawned":[],"killed_by":"3 Sentries","ascension_level":17}}