{"host":"6a06qhlf17v5rcww","time":1609312466,"event":{"mods":["BaseMod","Beaked The Cultist","Better Altar","Better Match","Better Note","Better Sensory Stone","Better Skull","Better Third Choice","BetterRewards","Downfall","Hermit","Infinite Spire","Minty Spire (QoL Compilation)","Rare Cards Sparkle","Replay The Spire","StSLib","The Cursed","The Marked","The Witch"],"gold_per_floor":[116,81,92,92,20,52,52,52,52,52,70,90,104,104,104,207,207,225,225,242,259,272,272,45,45,69,86,86,97,97,97,97,205,205,238,238,265,315,61,61,82,82,82,113,131,131,131,151,151,151],"floor_reached":51,"playtime":4629,"items_purged":["Guardian:Aged"],"score":677,"play_id":"5db630fe-1b41-43f4-9a13-b27c0c97ef50","local_time":"20201230021426","is_ascension_mode":false,"campfire_choices":[{"floor":7.0,"key":"DIG"},{"floor":10.0,"key":"REST"},{"floor":15.0,"key":"REST"},{"floor":23.0,"key":"REST"},{"floor":25.0,"key":"REST"},{"floor":30.0,"key":"DIG"},{"floor":32.0,"key":"DIG"},{"data":"theMarked:Reabsorb","floor":40.0,"key":"SMITH"},{"floor":42.0,"key":"REST"},{"floor":47.0,"key":"REST"},{"floor":49,"key":"REST"}],"circlet_count":0,"master_deck":["theMarked:Strike","theMarked:Strike","theMarked:Strike","theMarked:Strike","theMarked:Strike","theMarked:Defend","theMarked:Defend","theMarked:Defend","theMarked:Defend","theMarked:SoldierOfQuellstein","theMarked:EmpowerWeapon","Replay:Parry","theMarked:ChainLightning","theMarked:WardOff","theMarked:BanishingWave","theMarked:MaelstromOfLightning","theMarked:HeritageOfTheMarked","theMarked:ElectricStrings","theMarked:Static","theMarked:Reabsorb+1","theMarked:PowerFlow","Apotheosis+1","beaked:AwakenedForm+1","theMarked:Electrocute+1","theMarked:TwofoldDefense+1","theMarked:HeightenedSenses+1","theMarked:SummonStrength+1","theMarked:MysticalArsenal+1","theMarked:ParalyzingBlade","theMarked:BanishingStrike","theMarked:Challenge","theMarked:WardOff","theMarked:Parkour+1","theMarked:MagicAdept+1","Replay:SS_forest_6+1","theMarked:ReduceFriction","UnluckySeven","theMarked:HeightenedSenses","UnluckySeven","theMarked:Aftermath+1"],"relics":["infinitespire:DarkRift","infinitespire:EmpoweringShard","Shovel","infinitespire:Cubic Diamond","Replay:Kaleidoscope","theMarked:VonisonLock","Frozen Egg 2","beaked:SacredDeck","theMarked:Gun","Membership Card","Pen Nib","infinitespire:Satchel","StoneCalendar","infinitespire:EvilPickle","SlaversCollar","ReplayTheSpireMod:Ring of Addiction","Potion Belt","Chameleon Ring","Ring of Greed","Smiling Mask","Blue Doll","Snack Pack","Replay:Wax Seal","Akabeko"],"acts_visited":["Exordium","TheCity","TheBeyond"],"potions_floor_usage":[50,50,50],"damage_taken":[{"damage":0.0,"enemies":"Jaw Worm","floor":1.0,"turns":2.0},{"damage":5.0,"enemies":"Small Slimes","floor":3.0,"turns":3.0},{"damage":18.0,"enemies":"Lagavulin","floor":6.0,"turns":7.0},{"damage":0.0,"enemies":"Cultist","floor":11.0,"turns":3.0},{"damage":10.0,"enemies":"Lots of Slimes","floor":12.0,"turns":4.0},{"damage":16.0,"enemies":"Large Slime","floor":13.0,"turns":4.0},{"damage":8.0,"enemies":"The Guardian","floor":16.0,"turns":8.0},{"damage":25.0,"enemies":"Spheric Guardian","floor":18.0,"turns":6.0},{"damage":26.0,"enemies":"2 Thieves","floor":20.0,"turns":4.0},{"damage":33.0,"enemies":"3 Cultists","floor":21.0,"turns":6.0},{"damage":0.0,"enemies":"Snecko","floor":22.0,"turns":2.0},{"damage":14.0,"enemies":"Snake Plant","floor":27.0,"turns":5.0},{"damage":20.0,"enemies":"Centurion and Healer","floor":29.0,"turns":4.0},{"damage":54.0,"enemies":"Pondfish","floor":33.0,"turns":8.0},{"damage":9.0,"enemies":"Orb Walker","floor":35.0,"turns":5.0},{"damage":12.0,"enemies":"3 Darklings","floor":37.0,"turns":3.0},{"damage":30.0,"enemies":"Jaw Worm Horde","floor":41.0,"turns":6.0},{"damage":40.0,"enemies":"Nemesis","floor":44.0,"turns":7.0},{"damage":35.0,"enemies":"Spire Growth","floor":45.0,"turns":5.0},{"damage":20.0,"enemies":"3 Darklings","floor":48.0,"turns":6.0},{"damage":50,"enemies":"infinitespire:MassOfShapes","floor":50,"turns":9}],"seed_played":"-4158564537555917994","potions_obtained":[{"floor":1.0,"key":"Ancient Potion"},{"floor":6.0,"key":"FearPotion"},{"floor":12.0,"key":"Block Potion"},{"floor":13.0,"key":"theMarked:SummonPotion"},{"floor":21.0,"key":"EntropicBrew"},{"floor":22.0,"key":"SteroidPotion"},{"floor":29.0,"key":"Strength Potion"},{"floor":38.0,"key":"DuplicationPotion"},{"floor":38.0,"key":"Fire Potion"},{"floor":44.0,"key":"Milkshake"}],"is_trial":false,"path_per_floor":["M","?","M","?","$","E","R","?","T","R","M","M","M","?","R","B",null,"M","AVR","M","M","M","R","$","R","T","M","?","M","R","?","R","B",null,"M","?","M","?","$","R","M","R","T","E","M","?","R","M","R","B",null],"character_chosen":"THE_DEFAULT","items_purchased":["infinitespire:EmpoweringShard","theMarked:WardOff","theMarked:BanishingWave","theMarked:HeritageOfTheMarked","Membership Card","theMarked:MysticalArsenal+1","theMarked:ParalyzingBlade","theMarked:MagicAdept+1","Replay:SS_forest_6+1","Snack Pack"],"campfire_rested":7,"item_purchase_floors":[0,0,0,5,24,24,24,39,39,39],"current_hp_per_floor":[30,47,42,42,42,24,24,24,24,45,45,35,19,19,40,32,70,45,45,19,1,1,22,22,43,43,29,80,60,60,60,60,6,80,71,71,59,59,59,59,43,67,67,41,20,20,44,36,60,16],"gold":151,"neow_bonus":"","is_daily":false,"chose_seed":false,"campfire_upgraded":1,"win_rate":0.0,"timestamp":1609312466,"path_taken":["M","?","M","?","?","E","R","?","T","R","?","?","M","?","R","BOSS","M","AVR","M","M","M","R","$","R","T","M","?","M","R","?","R","BOSS","M","?","M","?","?","R","M","R","T","E","?","?","R","M","R","BOSS"],"items_purchased_type":["Relic","Card","Card","Card","Relic","Card","Card","Card","Card","Relic"],"build_version":"2020-12-22","purchased_purges":1,"victory":true,"max_hp_per_floor":[70,70,70,70,70,70,70,70,70,70,70,70,70,70,70,70,70,70,70,70,70,70,70,70,70,70,70,80,80,80,80,80,80,80,80,80,80,80,80,80,80,80,80,80,80,80,80,80,80,80],"card_choices":[{"not_picked":["theMarked:WastefulDefense","theMarked:GodGivenPower","theMarked:WastefulAttack"],"picked":"SKIP","floor":1.0},{"not_picked":["theMarked:LightningStrikesTwice","theMarked:TunnelVision"],"picked":"theMarked:MaelstromOfLightning","floor":3.0},{"not_picked":["theMarked:ParalyzingBlade","theMarked:Parkour"],"picked":"theMarked:ElectricStrings","floor":6.0},{"not_picked":["theMarked:ElectricStrings","theMarked:KeepCalmAndFightOn"],"picked":"theMarked:Static","floor":11.0},{"not_picked":["theMarked:DeterminationOfTheMarked+1","theMarked:ChainLightning"],"picked":"theMarked:Reabsorb","floor":12.0},{"not_picked":["theMarked:EnhanceMovement","theMarked:ElectricStrings"],"picked":"theMarked:PowerFlow","floor":13.0},{"not_picked":["theMarked:Defy","theMarked:SuspiciousRaven"],"picked":"theMarked:SoldierForm+1","floor":16.0},{"not_picked":["theMarked:RepellingDischarge","theMarked:BanishingStrike+1"],"picked":"theMarked:Electrocute+1","floor":18.0},{"not_picked":["theMarked:Static+1","theMarked:Improvise"],"picked":"theMarked:TwofoldDefense+1","floor":20.0},{"not_picked":["theMarked:Static","theMarked:StartUp"],"picked":"theMarked:HeightenedSenses+1","floor":21.0},{"not_picked":["theMarked:EnhancedHearing+1","theMarked:HeightenedSenses"],"picked":"theMarked:SummonStrength+1","floor":22.0},{"not_picked":["theMarked:ResourceFulStrike","theMarked:BanishingWave"],"picked":"theMarked:BanishingStrike","floor":27.0},{"not_picked":["theMarked:Electrocute","theMarked:Convert","theMarked:TwofoldDefense"],"picked":"SKIP","floor":29.0},{"not_picked":["theMarked:TurnInvisible","theMarked:BindingBlade"],"picked":"theMarked:Challenge","floor":33.0},{"not_picked":["theMarked:Improvise","theMarked:ResourceFulStrike+1"],"picked":"theMarked:WardOff","floor":35.0},{"not_picked":["theMarked:Static","theMarked:EnhanceMovement"],"picked":"theMarked:Parkour+1","floor":37.0},{"not_picked":["theMarked:ResourceFulStrike+1","theMarked:ChainLightning"],"picked":"theMarked:ReduceFriction","floor":41.0},{"not_picked":["theMarked:ContemptForTheProud","theMarked:RogueSparks+1"],"picked":"theMarked:HeightenedSenses","floor":44.0},{"not_picked":["theMarked:Electrocute","theMarked:Snap","theMarked:TwofoldDefense+1"],"picked":"SKIP","floor":45.0},{"not_picked":["theMarked:ElectricStrings+1","theMarked:Improvise"],"picked":"theMarked:Aftermath+1","floor":48.0}],"player_experience":724055,"relics_obtained":[{"floor":6.0,"key":"Replay:Kaleidoscope"},{"floor":7.0,"key":"theMarked:VonisonLock"},{"floor":9.0,"key":"Frozen Egg 2"},{"floor":26.0,"key":"Pen Nib"},{"floor":30.0,"key":"infinitespire:Satchel"},{"floor":32.0,"key":"StoneCalendar"},{"floor":38.0,"key":"ReplayTheSpireMod:Ring of Addiction"},{"floor":38.0,"key":"Potion Belt"},{"floor":38.0,"key":"Chameleon Ring"},{"floor":38.0,"key":"Ring of Greed"},{"floor":38.0,"key":"Smiling Mask"},{"floor":38.0,"key":"Blue Doll"},{"floor":43.0,"key":"Replay:Wax Seal"},{"floor":44.0,"key":"Akabeko"}],"event_choices":[{"damage_healed":17.0,"max_hp_gain":0.0,"max_hp_loss":0.0,"gold_gain":0.0,"event_name":"The Cleric","player_choice":"Healed","floor":2.0,"gold_loss":35.0,"damage_taken":0.0},{"damage_healed":0.0,"max_hp_gain":0.0,"max_hp_loss":0.0,"gold_gain":0.0,"event_name":"The Woman in Blue","player_choice":"Bought 0 Potions","floor":8.0,"gold_loss":0.0,"damage_taken":0.0},{"damage_healed":19.0,"max_hp_gain":0.0,"max_hp_loss":70.0,"gold_gain":0.0,"event_name":"betterThird:BetterShining","player_choice":"Embrace","floor":14.0,"gold_loss":0.0,"damage_taken":0.0},{"cards_removed":["theMarked:SoldierForm"],"damage_healed":41.0,"max_hp_gain":10.0,"max_hp_loss":0.0,"gold_gain":0.0,"event_name":"Bonfire Elementals","player_choice":"Offered Rare","floor":28.0,"gold_loss":0.0,"damage_taken":0.0},{"damage_healed":0.0,"max_hp_gain":0.0,"max_hp_loss":0.0,"gold_gain":0.0,"event_name":"betterNote:BetterNote","player_choice":"Ignored","floor":31.0,"gold_loss":0.0,"damage_taken":0.0,"cards_obtained":["Guardian:AncientConstruct"]},{"damage_healed":0.0,"max_hp_gain":0.0,"max_hp_loss":0.0,"gold_gain":0.0,"event_name":"Tomb of Lord Red Mask","player_choice":"Ignored","floor":36.0,"gold_loss":0.0,"damage_taken":0.0}],"is_beta":false,"boss_relics":[{"not_picked":["Sozu","Snecko Eye"],"picked":"beaked:SacredDeck"},{"not_picked":["ChewingGum","Abe\u0027s Treasure"],"picked":"SlaversCollar"}],"items_purged_floors":[39],"is_endless":false,"potions_floor_spawned":[1,6,12,13,21,22,29,44],"ascension_level":0}}