{"host":"w3q5ijqu8eoknil3","time":1609291154,"event":{"mods":["AchievementEnabler","BaseMod","Block Reminder","Colored Powertips","Minty Spire (QoL Compilation)","Quick Restart","Relic Stats","ojb\u0027s Better Paths Mod","ojb\u0027s Info Mod","slay the spire mod where everything is the same but ironclad has a cowboy hat"],"gold_per_floor":[113,128,128,128,152,196,228,31,55,83,132,132,161,51,51,51,51],"floor_reached":16,"playtime":486,"items_purged":[],"score":196,"play_id":"2d4bfc0b-0ef9-43c6-b15e-84b58da4d843","local_time":"20201230011914","is_ascension_mode":true,"campfire_choices":[{"floor":12,"key":"REST"},{"data":"Predator","floor":15,"key":"SMITH"}],"circlet_count":0,"master_deck":["AscendersBane","Strike_G","Strike_G","Strike_G","Strike_G","Defend_G","Defend_G","Defend_G","Defend_G","Defend_G","Survivor","Neutralize","Predator+1","Poisoned Stab","Glass Knife","Blade Dance","Footwork","Poisoned Stab","Outmaneuver","PiercingWail","Slice","Outmaneuver","All Out Attack","Crippling Poison","Deadly Poison","Glass Knife","Infinite Blades"],"relics":["Ring of the Snake","NeowsBlessing","Golden Idol","CeramicFish","ClockworkSouvenir","Ancient Tea Set","Bronze Scales","Orrery"],"acts_visited":["Exordium"],"potions_floor_usage":[6,10,13,13],"damage_taken":[{"damage":0,"enemies":"2 Louse","floor":1,"turns":1},{"damage":0,"enemies":"Cultist","floor":2,"turns":1},{"damage":0,"enemies":"Jaw Worm","floor":5,"turns":1},{"damage":8,"enemies":"3 Sentries","floor":6,"turns":8},{"damage":8,"enemies":"2 Fungi Beasts","floor":7,"turns":3},{"damage":6,"enemies":"Looter","floor":10,"turns":2},{"damage":32,"enemies":"Gremlin Nob","floor":11,"turns":5},{"damage":0,"enemies":"Exordium Thugs","floor":13,"turns":4},{"damage":23,"enemies":"Slime Boss","floor":16,"turns":6}],"seed_played":"-3186426426030635130","potions_obtained":[{"floor":1,"key":"PowerPotion"},{"floor":2,"key":"SteroidPotion"},{"floor":6,"key":"Ancient Potion"},{"floor":11,"key":"LiquidMemories"}],"is_trial":false,"path_per_floor":["M","M","?","?","M","E","M","$","T","M","E","R","M","$","R","B"],"character_chosen":"THE_SILENT","items_purchased":["ClockworkSouvenir","Outmaneuver","Orrery"],"campfire_rested":1,"item_purchase_floors":[8,8,14],"current_hp_per_floor":[59,59,59,59,59,51,43,43,43,37,5,23,23,23,23,0,0],"gold":51,"neow_bonus":"THREE_ENEMY_KILL","is_daily":false,"chose_seed":false,"campfire_upgraded":1,"win_rate":0.0,"timestamp":1609291154,"path_taken":["M","M","?","?","M","E","M","$","T","M","E","R","M","$","R","BOSS"],"items_purchased_type":["Relic","Card","Relic"],"build_version":"2020-12-22","purchased_purges":0,"victory":false,"max_hp_per_floor":[66,66,60,60,60,60,60,60,60,60,60,60,60,60,60,60,60],"relic_stats":{"counters":[9,31],"Golden Idol":33,"CeramicFish":99,"Bronze Scales":[9],"obtain_stats":[{"NeowsBlessing":0,"Golden Idol":3,"CeramicFish":6,"Bronze Scales":11,"Orrery":14,"Ancient Tea Set":9,"Ring of the Snake":0,"ClockworkSouvenir":8},{"NeowsBlessing":0,"Golden Idol":2,"CeramicFish":4,"Bronze Scales":7,"Orrery":8,"Ancient Tea Set":5,"Ring of the Snake":0,"ClockworkSouvenir":5},{"NeowsBlessing":0,"Golden Idol":2,"CeramicFish":11,"Bronze Scales":21,"Orrery":25,"Ancient Tea Set":14,"Ring of the Snake":0,"ClockworkSouvenir":14}],"Ring of the Snake":[18]},"card_choices":[{"not_picked":["Masterful Stab","Slice"],"picked":"Predator","floor":1},{"not_picked":["Cloak And Dagger","Prepared"],"picked":"Poisoned Stab","floor":2},{"not_picked":["Prepared","Outmaneuver"],"picked":"Blade Dance","floor":5},{"not_picked":["Flying Knee","Dagger Spray"],"picked":"Footwork","floor":6},{"not_picked":["Flechettes","Bane"],"picked":"Poisoned Stab","floor":7},{"not_picked":["Prepared","Expertise"],"picked":"PiercingWail","floor":10},{"not_picked":["Bane","Reflex"],"picked":"Slice","floor":11},{"not_picked":["Sucker Punch","Prepared"],"picked":"Outmaneuver","floor":13},{"not_picked":["Flying Knee","Bane"],"picked":"All Out Attack","floor":14},{"not_picked":["Underhanded Strike","Tools of the Trade"],"picked":"Crippling Poison","floor":14},{"not_picked":["Blade Dance","Quick Slash"],"picked":"Deadly Poison","floor":14},{"not_picked":["Deflect","Setup"],"picked":"Glass Knife","floor":14},{"not_picked":["Underhanded Strike","Outmaneuver"],"picked":"Infinite Blades","floor":14}],"player_experience":960351,"relics_obtained":[{"floor":6,"key":"CeramicFish"},{"floor":9,"key":"Ancient Tea Set"},{"floor":11,"key":"Bronze Scales"}],"event_choices":[{"damage_healed":0,"gold_gain":0,"player_choice":"Lose Max HP","damage_taken":0,"relics_obtained":["Golden Idol"],"max_hp_gain":0,"max_hp_loss":6,"event_name":"Golden Idol","floor":3,"gold_loss":0},{"damage_healed":0,"gold_gain":0,"cards_transformed":["Strike_G"],"player_choice":"Transformed","damage_taken":0,"max_hp_gain":0,"max_hp_loss":0,"event_name":"Transmorgrifier","floor":4,"gold_loss":0,"cards_obtained":["Glass Knife"]}],"is_beta":false,"boss_relics":[],"items_purged_floors":[],"is_endless":false,"potions_floor_spawned":[1,2,6,11],"killed_by":"Slime Boss","ascension_level":15}}