{"host":"kh6fvhxn285ncg0o","time":1609306246,"event":{"mods":["Act Like it!","BaseMod","Colored Map","Friendly Minions","Keyboard Shortcuts","Minty Spire (QoL Compilation)","Quick Restart","Relic Stats","StSLib","SuperFastMode"],"gold_per_floor":[117,128,128,53,70,70,97,97,145,180,12,46,46,72,72,146,146,156,170,85,85,85,112,112,137,137,62,90,90,106,117,117,193,193,205,62,112,112,157,157,157],"floor_reached":40,"playtime":1886,"items_purged":["Strike_P","Strike_P"],"score":962,"play_id":"def1a61f-170f-43d2-9b91-2e9aaefd5630","local_time":"20201230143046","is_ascension_mode":true,"campfire_choices":[{"floor":6.0,"key":"REST"},{"floor":8.0,"key":"REST"},{"floor":15.0,"key":"DIG"},{"floor":24.0,"key":"DIG"},{"floor":29.0,"key":"DIG"},{"floor":32.0,"key":"REST"}],"circlet_count":0,"master_deck":["AscendersBane","Strike_P+1","Defend_P+1","Defend_P+1","Eruption+1","Vigilance+1","EmptyFist+1","CutThroughFate+1","Tantrum","LessonLearned+1","Adaptation+1","EmptyMind","FearNoEvil"],"relics":["Fusion Hammer","Odd Mushroom","Bronze Scales","Shovel","PreservedInsect","Juzu Bracelet","Letter Opener","Bag of Marbles","Cursed Key","Shuriken","Omamori","Orichalcum","Pen Nib","The Courier","Black Star","StoneCalendar"],"acts_visited":["Exordium","TheCity","TheBeyond"],"potions_floor_usage":[],"damage_taken":[{"damage":13.0,"enemies":"Small Slimes","floor":1.0,"turns":4.0},{"damage":7.0,"enemies":"Jaw Worm","floor":2.0,"turns":3.0},{"damage":14.0,"enemies":"2 Louse","floor":5.0,"turns":2.0},{"damage":11.0,"enemies":"The Mushroom Lair","floor":7.0,"turns":3.0},{"damage":8.0,"enemies":"Gremlin Nob","floor":10.0,"turns":3.0},{"damage":19.0,"enemies":"3 Sentries","floor":12.0,"turns":7.0},{"damage":0.0,"enemies":"Lagavulin","floor":14.0,"turns":3.0},{"damage":14.0,"enemies":"Hexaghost","floor":16.0,"turns":6.0},{"damage":8.0,"enemies":"Shell Parasite","floor":18.0,"turns":2.0},{"damage":0.0,"enemies":"Chosen","floor":19.0,"turns":3.0},{"damage":6.0,"enemies":"Book of Stabbing","floor":23.0,"turns":3.0},{"damage":1.0,"enemies":"Slavers","floor":25.0,"turns":2.0},{"damage":3.0,"enemies":"Book of Stabbing","floor":28.0,"turns":3.0},{"damage":12.0,"enemies":"Centurion and Healer","floor":30.0,"turns":2.0},{"damage":0.0,"enemies":"Sentry and Sphere","floor":31.0,"turns":2.0},{"damage":12.0,"enemies":"Automaton","floor":33.0,"turns":6.0},{"damage":0.0,"enemies":"3 Darklings","floor":35.0,"turns":3.0},{"damage":21.0,"enemies":"2 Orb Walkers","floor":39.0,"turns":3.0},{"damage":73,"enemies":"Nemesis","floor":40,"turns":5}],"seed_played":"294362680187716348","potions_obtained":[{"floor":7.0,"key":"Energy Potion"},{"floor":10.0,"key":"AttackPotion"},{"floor":12.0,"key":"Dexterity Potion"},{"floor":16.0,"key":"Regen Potion"},{"floor":18.0,"key":"Swift Potion"},{"floor":22.0,"key":"Block Potion"},{"floor":23.0,"key":"Regen Potion"},{"floor":25.0,"key":"FairyPotion"},{"floor":30.0,"key":"Ancient Potion"}],"is_trial":false,"path_per_floor":["M","M","?","?","M","R","?","R","T","E","$","E","?","E","R","B",null,"M","M","?","?","?","E","R","E","T","$","E","R","M","M","R","B",null,"M","$","?","?","?","E"],"character_chosen":"WATCHER","items_purchased":["PreservedInsect","FearNoEvil"],"campfire_rested":3,"item_purchase_floors":[11,36],"current_hp_per_floor":[48,41,34,34,20,40,29,49,49,41,41,22,22,22,22,8,53,45,54,54,54,54,48,48,52,52,52,49,49,37,37,57,45,62,62,62,62,62,41,0,0],"gold":157,"neow_bonus":"BOSS_RELIC","is_daily":false,"chose_seed":false,"campfire_upgraded":0,"win_rate":0.0,"timestamp":1609306246,"path_taken":["M","M","?","?","M","R","?","R","T","E","$","E","?","E","R","BOSS","M","M","?","?","?","E","R","E","T","$","E","R","M","M","R","BOSS","M","$","?","?","?","E"],"items_purchased_type":["Relic","Card"],"build_version":"2020-12-22","purchased_purges":2,"victory":false,"max_hp_per_floor":[68,68,68,68,68,68,68,68,68,68,68,68,68,68,68,68,68,68,68,68,68,68,68,68,68,68,68,68,68,68,68,68,68,68,68,68,68,65,65,65,65],"relic_stats":{"counters":[19,65],"StoneCalendar":[0],"PreservedInsect":237,"Pen Nib":[7],"Juzu Bracelet":2,"Letter Opener":[25],"Orichalcum":[48],"Cursed Key":1,"Shovel":3,"Shuriken":[20],"Bronze Scales":[125],"Black Star":0,"obtain_stats":[{"StoneCalendar":39,"PreservedInsect":11,"Pen Nib":25,"The Courier":29,"Juzu Bracelet":12,"Omamori":23,"Letter Opener":14,"Odd Mushroom":7,"Orichalcum":24,"Cursed Key":17,"Shovel":10,"Shuriken":20,"Bronze Scales":9,"Fusion Hammer":0,"Bag of Marbles":15,"Black Star":34,"PureWater":0},{"StoneCalendar":18,"PreservedInsect":5,"Pen Nib":12,"The Courier":13,"Juzu Bracelet":6,"Omamori":11,"Letter Opener":7,"Odd Mushroom":4,"Orichalcum":11,"Cursed Key":8,"Shovel":5,"Shuriken":10,"Bronze Scales":4,"Fusion Hammer":0,"Bag of Marbles":7,"Black Star":16,"PureWater":0},{"StoneCalendar":60,"PreservedInsect":15,"Pen Nib":41,"The Courier":44,"Juzu Bracelet":22,"Omamori":39,"Letter Opener":25,"Odd Mushroom":12,"Orichalcum":39,"Cursed Key":31,"Shovel":15,"Shuriken":36,"Bronze Scales":12,"Fusion Hammer":0,"Bag of Marbles":25,"Black Star":54,"PureWater":0}]},"card_choices":[{"not_picked":["CrushJoints","WaveOfTheHand"],"picked":"EmptyFist","floor":1.0},{"not_picked":["Protect","SashWhip","PathToVictory"],"picked":"SKIP","floor":5.0},{"not_picked":["ThirdEye","FlurryOfBlows"],"picked":"CutThroughFate","floor":7.0},{"not_picked":["FlurryOfBlows","EmptyBody","DevaForm"],"picked":"SKIP","floor":10.0},{"not_picked":["Prostrate","Worship","Consecrate"],"picked":"SKIP","floor":12.0},{"not_picked":["Crescendo","Collect"],"picked":"Tantrum","floor":14.0},{"not_picked":["MasterReality","DeusExMachina"],"picked":"LessonLearned","floor":16.0},{"not_picked":["WaveOfTheHand","Consecrate"],"picked":"Adaptation","floor":18.0},{"not_picked":["WreathOfFlame","CutThroughFate","EmptyBody"],"picked":"SKIP","floor":19.0},{"not_picked":["CrushJoints","SandsOfTime","WaveOfTheHand+1"],"picked":"SKIP","floor":23.0},{"not_picked":["BowlingBash","Study","JustLucky"],"picked":"SKIP","floor":25.0},{"not_picked":["FlyingSleeves","ConjureBlade","EmptyFist+1"],"picked":"SKIP","floor":28.0},{"not_picked":["Study","CrushJoints","ClearTheMind"],"picked":"SKIP","floor":30.0},{"not_picked":["Weave","ThirdEye"],"picked":"EmptyMind","floor":31.0},{"not_picked":["FollowUp","CrushJoints","WindmillStrike"],"picked":"SKIP","floor":35.0}],"player_experience":3321825,"relics_obtained":[{"floor":7.0,"key":"Odd Mushroom"},{"floor":9.0,"key":"Bronze Scales"},{"floor":10.0,"key":"Shovel"},{"floor":12.0,"key":"Juzu Bracelet"},{"floor":14.0,"key":"Letter Opener"},{"floor":15.0,"key":"Bag of Marbles"},{"floor":23.0,"key":"Omamori"},{"floor":24.0,"key":"Orichalcum"},{"floor":25.0,"key":"Pen Nib"},{"floor":29.0,"key":"The Courier"},{"floor":39.0,"key":"StoneCalendar"}],"event_choices":[{"cards_removed":["Defend_P"],"damage_healed":0.0,"max_hp_gain":0.0,"max_hp_loss":0.0,"gold_gain":0.0,"event_name":"Golden Wing","player_choice":"Card Removal","floor":3.0,"gold_loss":0.0,"damage_taken":7.0},{"cards_removed":["Strike_P"],"damage_healed":0.0,"max_hp_gain":0.0,"max_hp_loss":0.0,"gold_gain":0.0,"event_name":"The Cleric","player_choice":"Card Removal","floor":4.0,"gold_loss":75.0,"damage_taken":0.0},{"damage_healed":0.0,"max_hp_gain":0.0,"max_hp_loss":0.0,"gold_gain":0.0,"event_name":"Mushrooms","player_choice":"Fought Mushrooms","floor":7.0,"gold_loss":0.0,"damage_taken":0.0},{"cards_removed":["Defend_P"],"damage_healed":0.0,"max_hp_gain":0.0,"max_hp_loss":0.0,"gold_gain":0.0,"event_name":"Living Wall","player_choice":"Forget","floor":13.0,"gold_loss":0.0,"damage_taken":0.0},{"damage_healed":0.0,"max_hp_gain":0.0,"max_hp_loss":0.0,"gold_gain":0.0,"event_name":"Addict","player_choice":"Obtained Relic","floor":20.0,"gold_loss":85.0,"damage_taken":0.0,"relics_obtained":["Shuriken"]},{"damage_healed":0.0,"max_hp_gain":0.0,"max_hp_loss":0.0,"gold_gain":0.0,"event_name":"The Mausoleum","player_choice":"Ignored","floor":21.0,"gold_loss":0.0,"damage_taken":0.0},{"damage_healed":0.0,"max_hp_gain":0.0,"max_hp_loss":0.0,"gold_gain":0.0,"event_name":"Lab","player_choice":"Got Potions","floor":22.0,"gold_loss":0.0,"damage_taken":0.0},{"damage_healed":0.0,"max_hp_gain":0.0,"max_hp_loss":0.0,"gold_gain":50.0,"event_name":"Golden Shrine","player_choice":"Pray","floor":37.0,"gold_loss":0.0,"damage_taken":0.0},{"damage_healed":0.0,"max_hp_gain":0.0,"max_hp_loss":3.0,"gold_gain":0.0,"event_name":"Winding Halls","player_choice":"Max HP","floor":38.0,"gold_loss":0.0,"damage_taken":0.0},{"damage_healed":0.0,"max_hp_gain":0.0,"max_hp_loss":0.0,"gold_gain":0.0,"event_name":"Mysterious Sphere","player_choice":"Fight","floor":39.0,"gold_loss":0.0,"damage_taken":0.0}],"is_beta":false,"boss_relics":[{"not_picked":["Runic Dome","Coffee Dripper"],"picked":"Cursed Key"},{"not_picked":["SacredBark","Calling Bell"],"picked":"Black Star"}],"items_purged_floors":[27,36],"is_endless":false,"potions_floor_spawned":[7,10,12,16,18,23,25,30,31],"killed_by":"Nemesis","ascension_level":20}}