{"host":"Qube","time":1609370690,"event":{"mods":["AchievementEnabler","BaseMod","Colored Map","Colored Powertips","Minty Spire (QoL Compilation)","Quick Restart","Random Character Button","StSLib","The Cursed"],"gold_per_floor":[115,128,28,41,54,54,81,81,158,158,158,202,221,254,254,385,385,385,385,385,385,385,385],"floor_reached":22,"playtime":808,"items_purged":[],"score":206,"play_id":"31c5afa0-1717-4a06-9003-70c207889c6f","local_time":"20201230152450","is_ascension_mode":false,"campfire_choices":[{"data":"Zap","floor":6.0,"key":"SMITH"},{"data":"Rainbow","floor":8.0,"key":"SMITH"},{"data":"Defragment","floor":10.0,"key":"SMITH"},{"floor":15,"key":"REST"}],"circlet_count":0,"master_deck":["Strike_B","Strike_B","Strike_B","Strike_B","Defend_B","Defend_B","Defend_B","Defend_B","Zap+1","Dualcast","Conserve Battery","Defragment+1","Beam Cell","Ball Lightning","Conserve Battery","Rainbow+1","Injury","Steam","Chaos","Core Surge","Melter","Glacier"],"relics":["Cracked Core","NeowsBlessing","Emotion Chip","InkBottle","Golden Idol","Omamori","Bottled Lightning","Ectoplasm","Mango"],"acts_visited":["Exordium","TheCity"],"potions_floor_usage":[14,21],"damage_taken":[{"damage":0.0,"enemies":"Cultist","floor":1.0,"turns":1.0},{"damage":0.0,"enemies":"2 Louse","floor":2.0,"turns":1.0},{"damage":0.0,"enemies":"Jaw Worm","floor":4.0,"turns":1.0},{"damage":7.0,"enemies":"Lots of Slimes","floor":5.0,"turns":3.0},{"damage":19.0,"enemies":"Lagavulin","floor":7.0,"turns":7.0},{"damage":26.0,"enemies":"Gremlin Nob","floor":12.0,"turns":4.0},{"damage":0.0,"enemies":"Large Slime","floor":13.0,"turns":5.0},{"damage":7,"enemies":"Lagavulin","floor":14,"turns":4},{"damage":16,"enemies":"The Guardian","floor":16,"turns":8},{"damage":7,"enemies":"3 Byrds","floor":18,"turns":4},{"damage":3,"enemies":"Shell Parasite","floor":20,"turns":5},{"damage":11,"enemies":"Shelled Parasite and Fungi","floor":21,"turns":4},{"damage":0,"enemies":"Sentry and Sphere","floor":22,"turns":2}],"seed_played":"-3070139467303174023","potions_obtained":[{"floor":4.0,"key":"EssenceOfSteel"},{"floor":7.0,"key":"Regen Potion"},{"floor":12.0,"key":"DistilledChaos"},{"floor":14,"key":"SpeedPotion"},{"floor":16,"key":"ColorlessPotion"},{"floor":21,"key":"Strength Potion"}],"is_trial":false,"path_per_floor":["M","M","$","M","M","R","E","R","T","R","?","E","M","E","R","B",null,"M","?","M","M","M"],"character_chosen":"DEFECT","items_purchased":["Defragment","Beam Cell"],"campfire_rested":1,"item_purchase_floors":[3,3],"current_hp_per_floor":[75,75,75,75,68,68,49,49,49,49,49,35,35,28,50,34,75,68,82,79,68,68,68],"gold":385,"neow_bonus":"THREE_ENEMY_KILL","is_daily":false,"chose_seed":false,"campfire_upgraded":3,"win_rate":0.0,"timestamp":1609370690,"path_taken":["M","M","?","M","M","R","E","R","T","R","?","E","M","E","R","BOSS","M","?","?","M","M"],"items_purchased_type":["Card","Card"],"build_version":"2020-12-18","purchased_purges":0,"victory":false,"max_hp_per_floor":[75,75,75,75,75,75,75,75,75,75,75,75,75,75,75,75,75,75,89,89,89,89,89],"card_choices":[{"not_picked":["Stack","Gash"],"picked":"Rebound","floor":1.0},{"not_picked":["Stack","Beam Cell"],"picked":"Conserve Battery","floor":2.0},{"not_picked":["Gash","Hyperbeam"],"picked":"Ball Lightning","floor":4.0},{"not_picked":["Hologram","Rebound"],"picked":"Conserve Battery","floor":5.0},{"not_picked":["Chill","Reprogram"],"picked":"Rainbow","floor":7.0},{"not_picked":["Recycle","Go for the Eyes"],"picked":"Steam","floor":12.0},{"not_picked":["Coolheaded","Chill","Static Discharge"],"picked":"SKIP","floor":13.0},{"not_picked":["Sweeping Beam","Barrage"],"picked":"Chaos","floor":14},{"not_picked":["All For One","Reboot"],"picked":"Core Surge","floor":16},{"not_picked":["Rebound","Hello World"],"picked":"Melter","floor":18},{"not_picked":["Blizzard","Coolheaded","Streamline"],"picked":"SKIP","floor":20},{"not_picked":["Conserve Battery","Barrage"],"picked":"Glacier","floor":21}],"player_experience":741230,"relics_obtained":[{"floor":7.0,"key":"Emotion Chip"},{"floor":9.0,"key":"InkBottle"},{"floor":12.0,"key":"Omamori"},{"floor":14,"key":"Bottled Lightning"}],"event_choices":[{"damage_healed":0.0,"max_hp_gain":0.0,"max_hp_loss":0.0,"gold_gain":0.0,"event_name":"Golden Idol","player_choice":"Take Wound","floor":11.0,"gold_loss":0.0,"damage_taken":0.0,"relics_obtained":["Golden Idol"],"cards_obtained":["Injury"]},{"cards_removed":["Rebound"],"damage_healed":0,"gold_gain":0,"player_choice":"Gave Card","damage_taken":0,"relics_obtained":["Mango"],"max_hp_gain":0,"max_hp_loss":0,"event_name":"WeMeetAgain","floor":19,"gold_loss":0}],"is_beta":true,"boss_relics":[{"not_picked":["Runic Dome","Runic Pyramid"],"picked":"Ectoplasm"}],"items_purged_floors":[],"is_endless":false,"potions_floor_spawned":[4,7,12,14,16,21],"killed_by":"Sentry and Sphere","ascension_level":0}}