{"host":"1eo5f82aifdzd7pr","time":1609343955,"event":{"mods":["AchievementEnabler","BaseMod","Colored Map","Colored Powertips","DeckTracker","Minty Spire (QoL Compilation)","SuperFastMode","The Servant 0.9.4"],"gold_per_floor":[118,136,153,153,171,171,200,200,200,125,139,139,153,173,173,271,271,281,581,597,30,30,62,62,81,81,81,5,5,24,40,40,143,143,158,169,183,200,212,212,239,239,239,239,239,265,62,77,77,77,77,77,4,39,39,39],"floor_reached":55,"playtime":5680,"items_purged":["Defend_S","Writhe","Defend_S"],"score":1277,"play_id":"7630762b-f7d6-410b-83c6-4023a854a633","local_time":"20201230175915","is_ascension_mode":true,"campfire_choices":[{"data":"Revamp","floor":6,"key":"SMITH"},{"floor":8,"key":"REST"},{"floor":15,"key":"REST"},{"data":"Solidify","floor":24,"key":"SMITH"},{"data":"BestPractice","floor":27,"key":"SMITH"},{"data":"SilverBlades","floor":29,"key":"SMITH"},{"data":"BottledTime","floor":32,"key":"SMITH"},{"data":"BottledTime","floor":40,"key":"SMITH"},{"floor":42,"key":"RECALL"},{"data":"BottledTime","floor":44,"key":"SMITH"},{"floor":49,"key":"REST"},{"data":"Revamp","floor":52,"key":"SMITH"}],"circlet_count":0,"master_deck":["AscendersBane","Strike_S","Strike_S","Defend_S","KidneyShot","Exchange","BottledTime+1","Revamp+1","Defy","ShatteredReality","ShiftingGears","Solidify+1","Dilation","BestPractice+1","Master of Strategy","Starlight+1","SilverBlades+1","Revamp+1","PendulumOfEternity","Rewind","BottledTime+1","BottledTime+1","Collapse+1","SilverBlades+1","SurpressingFire","SilverBlades","FastForward+1"],"relics":["SplendidAttire","RomanBracelet","CaptainsWheel","Sozu","Old Coin","TungstenRod","Toy Ornithopter","StrikeDummy","Oddly Smooth Stone","Shuriken","InkBottle"],"acts_visited":["Exordium","TheCity","TheBeyond","TheEnding"],"potions_floor_usage":[5,16,23,50],"damage_taken":[{"damage":4,"enemies":"Jaw Worm","floor":1,"turns":5},{"damage":1,"enemies":"2 Louse","floor":2,"turns":4},{"damage":4,"enemies":"Cultist","floor":3,"turns":4},{"damage":0,"enemies":"3 Louse","floor":5,"turns":3},{"damage":38,"enemies":"Gremlin Nob","floor":7,"turns":5},{"damage":0,"enemies":"Gremlin Gang","floor":11,"turns":3},{"damage":2,"enemies":"Exordium Thugs","floor":13,"turns":3},{"damage":0,"enemies":"Large Slime","floor":14,"turns":3},{"damage":28,"enemies":"Slime Boss","floor":16,"turns":14},{"damage":0,"enemies":"3 Byrds","floor":18,"turns":4},{"damage":0,"enemies":"Shell Parasite","floor":20,"turns":8},{"damage":0,"enemies":"Book of Stabbing","floor":23,"turns":9},{"damage":0,"enemies":"Centurion and Healer","floor":25,"turns":9},{"damage":0,"enemies":"Cultist and Chosen","floor":30,"turns":5},{"damage":3,"enemies":"Snake Plant","floor":31,"turns":3},{"damage":0,"enemies":"Collector","floor":33,"turns":9},{"damage":0,"enemies":"3 Darklings","floor":35,"turns":5},{"damage":10,"enemies":"3 Shapes","floor":36,"turns":4},{"damage":0,"enemies":"3 Darklings","floor":37,"turns":4},{"damage":5,"enemies":"Jaw Worm Horde","floor":38,"turns":5},{"damage":0,"enemies":"Writhing Mass","floor":39,"turns":8},{"damage":0,"enemies":"Giant Head","floor":41,"turns":7},{"damage":20,"enemies":"Reptomancer","floor":46,"turns":6},{"damage":0,"enemies":"Maw","floor":48,"turns":5},{"damage":2,"enemies":"Awakened One","floor":50,"turns":8},{"damage":60,"enemies":"Shield and Spear","floor":54,"turns":9},{"damage":5,"enemies":"The Heart","floor":55,"turns":3}],"seed_played":"-4661077244874631729","potions_obtained":[{"floor":3,"key":"DistilledChaos"},{"floor":11,"key":"GamblersBrew"},{"floor":14,"key":"Dexterity Potion"},{"floor":16,"key":"Weak Potion"}],"is_trial":false,"path_per_floor":["M","M","M","?","M","R","E","R","T","$","M","?","M","M","R","B",null,"M","?","M","$","?","E","R","M","T","R","$","R","M","M","R","B",null,"M","M","M","M","M","R","E","R","T","R","?","E","$","M","R","B",null,"R","$","E","B"],"character_chosen":"THE_SERVANT","items_purchased":["TungstenRod","Master of Strategy","SilverBlades","SurpressingFire","SilverBlades"],"campfire_rested":3,"item_purchase_floors":[21,21,28,47,53],"current_hp_per_floor":[55,54,50,43,43,43,5,24,24,24,24,24,22,22,41,13,52,52,52,52,52,52,52,52,52,52,52,52,52,52,49,49,49,61,61,51,51,46,46,46,46,46,46,46,46,26,26,26,45,48,61,61,61,1,0,0],"gold":39,"neow_bonus":"TRANSFORM_CARD","is_daily":false,"chose_seed":false,"campfire_upgraded":8,"win_rate":0.0,"timestamp":1609343955,"path_taken":["M","M","M","?","M","R","E","R","T","$","M","?","M","M","R","BOSS","M","?","M","$","?","E","R","M","T","R","?","R","M","M","R","BOSS","M","M","M","?","M","R","E","R","T","R","?","E","$","M","R","BOSS","R","$","E","BOSS"],"items_purchased_type":["Relic","Card","Card","Card","Card"],"build_version":"2020-12-22","purchased_purges":3,"victory":false,"max_hp_per_floor":[65,65,65,65,65,65,65,65,65,65,65,65,65,65,65,65,65,65,65,65,65,65,65,65,65,65,65,65,65,65,65,65,65,65,65,65,65,65,65,65,65,65,65,65,65,65,65,65,65,65,65,65,65,65,65,65],"card_choices":[{"not_picked":["Starlight","Potential"],"picked":"Revamp","floor":1},{"not_picked":["Spin","Unruled"],"picked":"Defy","floor":2},{"not_picked":["Manipulate","Advance"],"picked":"ShatteredReality","floor":3},{"not_picked":["FastForward","Reset","Manipulate"],"picked":"SKIP","floor":5},{"not_picked":["Shuttle","Moonlight"],"picked":"ShiftingGears","floor":7},{"not_picked":["Collapse","Desolation","Alleviate"],"picked":"SKIP","floor":11},{"not_picked":["Unruled","Desolation"],"picked":"Solidify","floor":13},{"not_picked":["FastForward","Unruled","Spin"],"picked":"SKIP","floor":14},{"not_picked":["TheWorld","ForgedInTime"],"picked":"Dilation","floor":16},{"not_picked":["Replace","Sabotage","ShatteredReality"],"picked":"SKIP","floor":18},{"not_picked":["Defy","Barrier"],"picked":"BestPractice","floor":20},{"not_picked":["Defy","Gouge","Read"],"picked":"SKIP","floor":23},{"not_picked":["MoonPhase","Defy"],"picked":"Starlight+1","floor":25},{"not_picked":["Replace","Potential"],"picked":"Revamp","floor":30},{"not_picked":["TimeWarp","Revamp","Defy"],"picked":"SKIP","floor":31},{"not_picked":["Embodiment","ForgedInTime"],"picked":"PendulumOfEternity","floor":33},{"not_picked":["Replace","StarChef"],"picked":"Rewind","floor":35},{"not_picked":["DoubleEdge","Reset"],"picked":"BottledTime","floor":36},{"not_picked":["TimeTheft","Barrier+1"],"picked":"BottledTime","floor":37},{"not_picked":["Alleviate+1","Contraction"],"picked":"Collapse+1","floor":38},{"not_picked":["ShatteredReality","Starlight+1","MoonPhase"],"picked":"SKIP","floor":39},{"not_picked":["Unruled","Alleviate","SpecialFormula+1"],"picked":"SKIP","floor":41},{"not_picked":["Alleviate+1","Revamp+1"],"picked":"SilverBlades+1","floor":46},{"not_picked":["Manipulate+1","InstantArmor","SpecialFormula+1"],"picked":"SKIP","floor":48},{"not_picked":["Defy","FanOfKnives+1"],"picked":"FastForward+1","floor":54}],"player_experience":747035,"relics_obtained":[{"floor":7,"key":"RomanBracelet"},{"floor":9,"key":"CaptainsWheel"},{"floor":23,"key":"Toy Ornithopter"},{"floor":26,"key":"StrikeDummy"},{"floor":41,"key":"Oddly Smooth Stone"},{"floor":46,"key":"Shuriken"},{"floor":54,"key":"InkBottle"}],"event_choices":[{"cards_removed":["Defend_S"],"damage_healed":0,"gold_gain":0,"player_choice":"Card Removal","damage_taken":7,"max_hp_gain":0,"max_hp_loss":0,"event_name":"Golden Wing","floor":4,"gold_loss":0},{"cards_removed":["Strike_S"],"damage_healed":0,"gold_gain":0,"player_choice":"Forget","damage_taken":0,"max_hp_gain":0,"max_hp_loss":0,"event_name":"Living Wall","floor":12,"gold_loss":0},{"damage_healed":0,"gold_gain":0,"player_choice":"Opened","damage_taken":0,"relics_obtained":["Old Coin"],"max_hp_gain":0,"max_hp_loss":0,"event_name":"The Mausoleum","floor":19,"gold_loss":0,"cards_obtained":["Writhe"]},{"damage_healed":0,"gold_gain":0,"player_choice":"Ignored","damage_taken":0,"max_hp_gain":0,"max_hp_loss":0,"event_name":"Ghosts","floor":22,"gold_loss":0},{"damage_healed":0,"gold_gain":0,"player_choice":"Memory 1","damage_taken":0,"max_hp_gain":0,"max_hp_loss":0,"event_name":"SensoryStone","floor":45,"gold_loss":0}],"is_beta":false,"boss_relics":[{"not_picked":["Calling Bell","Tiny House"],"picked":"Sozu"},{"not_picked":["StoneMask","Busted Crown"],"picked":"SplendidAttire"}],"items_purged_floors":[10,21,47],"is_endless":false,"potions_floor_spawned":[3,11,14,16,23,31,37,39,41,46],"killed_by":"The Heart","ascension_level":10}}