{"host":"bg8va46pgqgvtzim","time":1609305363,"event":{"mods":["BaseMod","Downfall","Minty Spire (QoL Compilation)","Quick Restart","StSLib","SuperFastMode"],"gold_per_floor":[349,349,366,376,411,411,435,435,435,435,446,461,483,483,495,495,495,495],"floor_reached":16,"playtime":400,"items_purged":[],"score":100,"play_id":"d4f2707f-7ac2-4f22-b1c9-c9be6e11aabd","local_time":"20201230131603","is_ascension_mode":false,"campfire_choices":[{"data":"hexamod:Sear","floor":1.0,"key":"SMITH"},{"data":"hexamod:RainOfEmbers","floor":6.0,"key":"SMITH"},{"floor":9.0,"key":"REST"}],"circlet_count":0,"master_deck":["hexamod:Strike","hexamod:Strike","hexamod:Strike","hexamod:Strike","hexamod:Defend","hexamod:Defend","hexamod:Defend","hexamod:Defend+1","hexamod:Sear+1","hexamod:Float","hexamod:InspiringFlames+1","hexamod:RainOfEmbers+1","hexamod:ChargedBarrage","hexamod:SoulSteal","hexamod:FourthSeal","hexamod:PhantomFireball"],"relics":["hexamod:SpiritBrand","Kunai","War Paint","Odd Mushroom"],"acts_visited":["Exordium"],"potions_floor_usage":[16],"damage_taken":[{"damage":0.0,"enemies":"Small Slimes","floor":3.0,"turns":3.0},{"damage":3.0,"enemies":"Jaw Worm","floor":4.0,"turns":4.0},{"damage":29.0,"enemies":"Gremlin Nob","floor":5.0,"turns":5.0},{"damage":0.0,"enemies":"Cultist","floor":10.0,"turns":1.0},{"damage":11.0,"enemies":"Exordium Wildlife","floor":11.0,"turns":5.0},{"damage":1.0,"enemies":"Blue Slaver","floor":12.0,"turns":3.0},{"damage":18.0,"enemies":"The Mushroom Lair","floor":13.0,"turns":6.0},{"damage":6.0,"enemies":"3 Louse","floor":15.0,"turns":3.0},{"damage":20,"enemies":"downfall:Silent","floor":16,"turns":4}],"seed_played":"-369582740054874886","potions_obtained":[{"floor":5.0,"key":"Block Potion"},{"floor":12.0,"key":"SpeedPotion"},{"floor":15.0,"key":"Swift Potion"},{"floor":15.0,"key":"Fire Potion"}],"is_trial":false,"path_per_floor":["R","?","M","M","E","R","T","?","R","M","M","M","?","?","M","B"],"character_chosen":"THE_SPIRIT","items_purchased":[],"campfire_rested":1,"item_purchase_floors":[],"current_hp_per_floor":[63,68,68,65,36,36,36,36,56,56,45,44,26,26,20,0,0,0],"gold":495,"neow_bonus":"TWO_FIFTY_GOLD","is_daily":false,"chose_seed":false,"campfire_upgraded":2,"win_rate":0.0,"timestamp":1609305363,"path_taken":["R","?","M","M","E","R","T","?","R","M","M","M","?","?","M","BOSS"],"items_purchased_type":[],"build_version":"2020-12-22","purchased_purges":0,"victory":false,"max_hp_per_floor":[63,68,68,68,68,68,68,68,68,68,68,68,68,68,68,68,68,68],"card_choices":[{"not_picked":["hexamod:NightmareStrike","hexamod:GhostShield"],"picked":"hexamod:InspiringFlames","floor":3.0},{"not_picked":["hexamod:InspiringFlames","hexamod:DynamicBlow","hexamod:RetreatToShadows"],"picked":"SKIP","floor":4.0},{"not_picked":["hexamod:NightmareGuise","hexamod:ThermalTransfer"],"picked":"hexamod:RainOfEmbers","floor":5.0},{"not_picked":["hexamod:GhostShield","hexamod:BurningTouch"],"picked":"hexamod:ChargedBarrage","floor":10.0},{"not_picked":["hexamod:NightmareGuise","hexamod:Haunt","hexamod:SecondSeal"],"picked":"SKIP","floor":11.0},{"not_picked":["hexamod:NightmareStrike","hexamod:SpectersWail","hexamod:SwordOfDarkness"],"picked":"SKIP","floor":12.0},{"not_picked":["hexamod:HauntingEcho","hexamod:SwordOfDarkness"],"picked":"hexamod:SoulSteal","floor":13.0},{"not_picked":["hexamod:ThermalTransfer","hexamod:CatchUp"],"picked":"hexamod:PhantomFireball","floor":15.0}],"player_experience":2220736,"relics_obtained":[{"floor":5.0,"key":"Kunai"},{"floor":7.0,"key":"War Paint"},{"floor":13.0,"key":"Odd Mushroom"}],"event_choices":[{"damage_healed":0.0,"max_hp_gain":5.0,"max_hp_loss":0.0,"gold_gain":0.0,"event_name":"Big Fish","player_choice":"Donut","floor":2.0,"gold_loss":0.0,"damage_taken":0.0},{"damage_healed":0.0,"max_hp_gain":0.0,"max_hp_loss":0.0,"gold_gain":0.0,"event_name":"Mushrooms","player_choice":"Fought Mushrooms","floor":13.0,"gold_loss":0.0,"damage_taken":0.0}],"is_beta":false,"boss_relics":[],"items_purged_floors":[],"is_endless":false,"potions_floor_spawned":[5,12,15],"killed_by":"downfall:Silent","ascension_level":0}}