{"host":"cxizwatl5v7zq6a5","time":1609324799,"event":{"mods":["AchievementEnabler","Act Like it!","BaseMod","Colored Map","Colored Powertips","Downfall","Friendly Minions","Gensokyo","Hermit","Hubris","Infinite Spire","Marisa????????","Minty Spire (QoL Compilation)","Quick Restart","READ ME - Guardian Mod","Rare Cards Sparkle","Remilia??????","Replay The Spire","StSLib","The Cursed","The Jungle","The Servant 0.9.4","slay the spire mod where everything is the same but ironclad has a cowboy hat"],"gold_per_floor":[118,118,118,138,138,173,173,173,199,199,229,315,326,326,326,425,425,440,355,372,372,386,417,417,417,417,429,429,429,557,586,586,688,688,704,723,723,633,650,650,667,667,667,686,686,686,701,718,718,718,718],"floor_reached":50,"playtime":3030,"items_purged":[],"score":563,"play_id":"03be7856-dc52-4adf-800e-3f68291ba8b0","local_time":"20201230183959","is_ascension_mode":false,"campfire_choices":[{"data":"FearNoEvil","floor":7.0,"key":"SMITH"},{"data":"Vigilance","floor":10.0,"key":"SMITH"},{"floor":15.0,"key":"REST"},{"floor":28.0,"key":"REST"},{"floor":32.0,"key":"REST"},{"data":"Madness","floor":40.0,"key":"SMITH"},{"data":"infinitespire:Starlight","floor":42.0,"key":"SMITH"},{"floor":49.0,"key":"DIG"}],"circlet_count":0,"master_deck":["Eruption+1","Vigilance+1","Indignation","Sanctity+1","FearNoEvil+1","Halt","ReachHeaven","Crescendo","BowlingBash+1","Injury","infinitespire:Starlight+1","LessonLearned","EmptyBody+1","FlurryOfBlows+1","DeceiveReality","EmptyMind","Halt","JustLucky","SashWhip","PathToVictory+1","ClearTheMind+1","DeusExMachina+1","Indignation+1","Conclude+1","Consecrate+1","FlyingSleeves","EmptyMind+1","Replay:LoomingThreat","CutThroughFate+1","CrushJoints+1","Madness+1","Madness","BowlingBash","TalkToTheHand+1","Evaluate+1","ThirdEye+1","Replay:LoomingThreat+1"],"relics":["PureWater","NeowsBlessing","infinitespire:WardingShard","Regal Pillow","Ice Cream","Orichalcum","Pandora\u0027s Box","CaptainsWheel","ReplayTheSpireMod:TigerMarble","Enchiridion","Ornamental Fan","hubris:MobiusCoin","Red Mask","The Courier","hubris:ScarierMask","Frozen Egg 2","hubris:Towel","Blue Doll"],"acts_visited":["Exordium","TheCity","TheBeyond"],"potions_floor_usage":[50],"damage_taken":[{"damage":0.0,"enemies":"Small Slimes","floor":1.0,"turns":1.0},{"damage":0.0,"enemies":"Jaw Worm","floor":4.0,"turns":1.0},{"damage":0.0,"enemies":"Gremlin Nob","floor":6.0,"turns":1.0},{"damage":11.0,"enemies":"3 Sentries","floor":11.0,"turns":8.0},{"damage":0.0,"enemies":"2 Louse","floor":13.0,"turns":2.0},{"damage":59.0,"enemies":"Hexaghost","floor":16.0,"turns":9.0},{"damage":6.0,"enemies":"3 Byrds","floor":18.0,"turns":6.0},{"damage":7.0,"enemies":"2 Thieves","floor":20.0,"turns":3.0},{"damage":23.0,"enemies":"Chosen and Byrds","floor":22.0,"turns":6.0},{"damage":12.0,"enemies":"Book of Stabbing","floor":23.0,"turns":4.0},{"damage":2.0,"enemies":"Cultist and Chosen","floor":27.0,"turns":4.0},{"damage":0.0,"enemies":"Masked Bandits","floor":30.0,"turns":1.0},{"damage":29.0,"enemies":"Slavers","floor":31.0,"turns":4.0},{"damage":85.0,"enemies":"Champ","floor":33.0,"turns":11.0},{"damage":0.0,"enemies":"3 Darklings","floor":35.0,"turns":2.0},{"damage":0.0,"enemies":"3 Shapes","floor":36.0,"turns":3.0},{"damage":6.0,"enemies":"Sphere and 2 Shapes","floor":39.0,"turns":3.0},{"damage":11.0,"enemies":"Transient","floor":41.0,"turns":5.0},{"damage":14.0,"enemies":"4 Shapes","floor":44.0,"turns":2.0},{"damage":26.0,"enemies":"Spire Growth","floor":47.0,"turns":5.0},{"damage":0.0,"enemies":"Jaw Worm Horde","floor":48.0,"turns":3.0},{"damage":21,"enemies":"Replay:Hell Engine","floor":50,"turns":6}],"seed_played":"8071641187174347799","potions_obtained":[{"floor":6.0,"key":"Ancient Potion"},{"floor":13.0,"key":"Fruit Juice"},{"floor":18.0,"key":"FearPotion"},{"floor":22.0,"key":"Energy Potion"},{"floor":30.0,"key":"BlessingOfTheForge"},{"floor":41.0,"key":"hexamod:EctoCoolerPotion"}],"is_trial":false,"path_per_floor":["M","$","?","M","?","E","R","$","T","R","E","?","M","?","R","B",null,"M","?","M","?","M","E","$","?","T","M","R","T","?","E","R","B",null,"M","M","?","?","M","R","M","R","T","M","?","?","M","M","R_BF","B"],"character_chosen":"WATCHER","items_purchased":[],"campfire_rested":3,"item_purchase_floors":[],"current_hp_per_floor":[72,72,72,72,72,72,72,72,72,72,61,33,38,38,76,27,77,77,77,70,70,57,55,55,39,39,37,75,75,75,46,77,2,77,77,77,67,67,61,61,50,50,50,36,36,36,25,25,25,4,4],"gold":718,"neow_bonus":"THREE_ENEMY_KILL","is_daily":false,"chose_seed":false,"campfire_upgraded":4,"win_rate":0.0,"timestamp":1609324799,"path_taken":["M","$","?","M","?","E","R","$","T","R","E","?","M","?","R","BOSS","M","?","M","?","?","E","?","?","T","M","R","?","?","E","R","BOSS","M","M","?","?","M","R","M","R","T","?","?","?","M","M","R_BF","BOSS"],"items_purchased_type":[],"build_version":"2020-12-22","purchased_purges":0,"victory":false,"max_hp_per_floor":[72,72,72,72,72,72,72,72,72,72,72,72,77,77,77,77,77,77,77,77,77,77,77,77,77,77,77,77,77,77,77,77,77,77,77,77,77,77,77,77,77,77,77,77,77,77,77,77,77,77,77],"card_choices":[{"not_picked":["Evaluate","Consecrate"],"picked":"Indignation","floor":1.0},{"not_picked":["Evaluate","ClearTheMind"],"picked":"Sanctity","floor":4.0},{"not_picked":["CutThroughFate","Swivel"],"picked":"FearNoEvil","floor":6.0},{"not_picked":["FlyingSleeves","BowlingBash"],"picked":"Halt","floor":11.0},{"not_picked":["SignatureMove","JustLucky"],"picked":"ReachHeaven","floor":12.0},{"not_picked":["ThirdEye","Replay:ManipulateFuture"],"picked":"Crescendo","floor":12.0},{"not_picked":["CrushJoints","ThirdEye"],"picked":"BowlingBash","floor":13.0},{"not_picked":["infinitespire:UltimateForm","infinitespire:Gouge"],"picked":"infinitespire:Starlight","floor":14.0},{"not_picked":["Establishment","Scrawl"],"picked":"LessonLearned","floor":16.0},{"not_picked":["Nirvana","Replay:ManipulateFuture"],"picked":"PathToVictory","floor":18.0},{"not_picked":["CrushJoints+1","ThirdEye"],"picked":"ClearTheMind+1","floor":20.0},{"not_picked":["EmptyBody","SignatureMove"],"picked":"Indignation+1","floor":22.0},{"not_picked":["CutThroughFate","EmptyBody+1"],"picked":"Conclude+1","floor":23.0},{"not_picked":["Replay:AtTheReady","Weave"],"picked":"Consecrate+1","floor":27.0},{"not_picked":["Replay:ManipulateFuture","FlurryOfBlows"],"picked":"FlyingSleeves","floor":30.0},{"not_picked":["InnerPeace","Evaluate"],"picked":"EmptyMind+1","floor":31.0},{"not_picked":["Judgement","Establishment"],"picked":"Replay:LoomingThreat","floor":33.0},{"not_picked":["SashWhip","Study"],"picked":"CutThroughFate+1","floor":35.0},{"not_picked":["ForeignInfluence+1","PathToVictory"],"picked":"CrushJoints+1","floor":36.0},{"not_picked":["FlyingSleeves","ThirdEye"],"picked":"BowlingBash","floor":39.0},{"not_picked":["Perseverance+1","Nirvana"],"picked":"TalkToTheHand+1","floor":41.0},{"not_picked":["Replay:AtTheReady","CutThroughFate"],"picked":"Evaluate+1","floor":44.0},{"not_picked":["Consecrate","Weave"],"picked":"ThirdEye+1","floor":47.0},{"not_picked":["Replay:Vibes","Consecrate+1"],"picked":"Replay:LoomingThreat+1","floor":48.0}],"player_experience":122480,"relics_obtained":[{"floor":6.0,"key":"infinitespire:WardingShard"},{"floor":9.0,"key":"Regal Pillow"},{"floor":11.0,"key":"Ice Cream"},{"floor":12.0,"key":"Orichalcum"},{"floor":23.0,"key":"ReplayTheSpireMod:TigerMarble"},{"floor":25.0,"key":"Enchiridion"},{"floor":26.0,"key":"Ornamental Fan"},{"floor":29.0,"key":"hubris:MobiusCoin"},{"floor":30.0,"key":"Red Mask"},{"floor":31.0,"key":"The Courier"},{"floor":43.0,"key":"Frozen Egg 2"},{"floor":49.0,"key":"Blue Doll"}],"event_choices":[{"damage_healed":0.0,"max_hp_gain":0.0,"max_hp_loss":0.0,"gold_gain":0.0,"event_name":"Golden Wing","player_choice":"Ignored","floor":3.0,"gold_loss":0.0,"damage_taken":0.0},{"damage_healed":0.0,"max_hp_gain":0.0,"max_hp_loss":0.0,"gold_gain":0.0,"event_name":"Living Wall","player_choice":"Grow","floor":5.0,"gold_loss":0.0,"damage_taken":0.0,"cards_upgraded":["Eruption"]},{"damage_healed":0.0,"max_hp_gain":0.0,"max_hp_loss":0.0,"gold_gain":0.0,"event_name":"Addict","player_choice":"Obtained Relic","floor":19.0,"gold_loss":85.0,"damage_taken":0.0,"relics_obtained":["CaptainsWheel"]},{"damage_healed":0.0,"max_hp_gain":0.0,"max_hp_loss":0.0,"gold_gain":0.0,"cards_transformed":["Replay:AllIn"],"event_name":"Transmorgrifier","player_choice":"Transformed","floor":21.0,"gold_loss":0.0,"damage_taken":0.0,"cards_obtained":["DeusExMachina"]},{"damage_healed":0.0,"max_hp_gain":0.0,"max_hp_loss":0.0,"gold_gain":0.0,"event_name":"Cursed Tome","player_choice":"Obtained Book","floor":25.0,"gold_loss":0.0,"damage_taken":16.0},{"damage_healed":0.0,"max_hp_gain":0.0,"max_hp_loss":0.0,"gold_gain":0.0,"event_name":"Masked Bandits","player_choice":"Fought Bandits","floor":30.0,"gold_loss":0.0,"damage_taken":0.0},{"damage_healed":0.0,"max_hp_gain":0.0,"max_hp_loss":0.0,"gold_gain":0.0,"event_name":"Winding Halls","player_choice":"Embrace Madness","floor":37.0,"gold_loss":0.0,"damage_taken":10.0,"cards_obtained":["Madness","Madness"]},{"cards_removed":["Overencumbered"],"damage_healed":0.0,"max_hp_gain":0.0,"max_hp_loss":0.0,"gold_gain":0.0,"event_name":"Designer","player_choice":"Upgrade and Remove","floor":38.0,"gold_loss":90.0,"damage_taken":0.0,"cards_upgraded":["PathToVictory"]}],"is_beta":false,"boss_relics":[{"not_picked":["Replay:Bronze Core","Painkiller Herb"],"picked":"Pandora\u0027s Box"},{"not_picked":["Ring of Chaos","hubris:VirtuousBlindfold"],"picked":"hubris:ScarierMask"}],"items_purged_floors":[],"is_endless":false,"potions_floor_spawned":[6,13,18,22,27,30,41,47],"killed_by":"Replay:Hell Engine","ascension_level":0}}