{"host":"v1sr5h8q0mijnzs9","time":1609296281,"event":{"mods":["BaseMod","BetterRewards","Colored Map","Downfall","Duelist Mod","GifTheSpireLib","Googly Eyes","Hero for Fun","Highlight Path","Hubris","Infinite Spire","Jorbs\u0027s Wanderer Trilogy","Marisa????????","Minty Spire (QoL Compilation)","READ ME - Snecko Mod","Shop Mod","StSLib","SuperFastMode","The Animator","The Bug Knight","The Construct","The Death Knight","The Disciple","The Forsaken","The Jungle","The Necromancer","The Saiyan","The Servant 0.9.4"],"gold_per_floor":[118,134,134,154,154,179,179,179,179],"floor_reached":8,"playtime":937,"items_purged":[],"score":56,"play_id":"5c25c5b8-277b-41a6-87e0-50c9c9ae171b","local_time":"20201230034441","is_ascension_mode":false,"campfire_choices":[{"floor":7,"key":"REST"}],"circlet_count":0,"master_deck":["DeathKnight:Strike_DeathKnight","DeathKnight:Strike_DeathKnight","DeathKnight:Strike_DeathKnight","DeathKnight:Strike_DeathKnight","DeathKnight:Strike_DeathKnight","DeathKnight:Defend_DeathKnight","DeathKnight:Defend_DeathKnight","DeathKnight:Defend_DeathKnight","DeathKnight:Defend_DeathKnight","DeathKnight:Defend_DeathKnight","DeathKnight:RuneTap","DeathKnight:RuneStrike","DeathKnight:FrosPresence","DeathKnight:HowlingBlast","DeathKnight:IceboundArmor","DeathKnight:ChainsOfIce"],"relics":["DeathKnight:BrokenRuneblade","Pen Nib","Ancient Tea Set","Ice Cream"],"acts_visited":["Exordium"],"potions_floor_usage":[8,8],"damage_taken":[{"damage":13,"enemies":"Cultist","floor":1,"turns":7},{"damage":4,"enemies":"Jaw Worm","floor":2,"turns":7},{"damage":0,"enemies":"2 Louse","floor":4,"turns":2},{"damage":15,"enemies":"3 Sentries","floor":6,"turns":8},{"damage":85,"enemies":"Gremlin Nob","floor":8,"turns":6}],"seed_played":"-1177795910548004203","potions_obtained":[{"floor":1,"key":"Slimebound:ThreeZeroPotion"},{"floor":2,"key":"DeathKnight:RimePotion"}],"is_trial":false,"path_per_floor":["M","M","?","M","?","E","R","E"],"character_chosen":"DEATH_KNIGHT","items_purchased":[],"campfire_rested":1,"item_purchase_floors":[],"current_hp_per_floor":[69,65,65,65,58,43,67,0,0],"gold":179,"neow_bonus":"TEN_PERCENT_HP_BONUS","is_daily":false,"chose_seed":false,"campfire_upgraded":0,"win_rate":0.0,"timestamp":1609296281,"path_taken":["M","M","?","M","?","E","R","E"],"items_purchased_type":[],"build_version":"2020-12-22","purchased_purges":0,"victory":false,"max_hp_per_floor":[82,82,82,82,82,82,82,82,82],"card_choices":[{"not_picked":["DeathKnight:Parry","DeathKnight:BoneSpear"],"picked":"DeathKnight:FrosPresence","floor":1},{"not_picked":["DeathKnight:Ossuary","DeathKnight:BoneSpear"],"picked":"DeathKnight:HowlingBlast","floor":2},{"not_picked":["DeathKnight:RaiseAlly","DeathKnight:Culling"],"picked":"DeathKnight:IceboundArmor","floor":4},{"not_picked":["DeathKnight:Lichborne","DeathKnight:Pestilence"],"picked":"DeathKnight:ChainsOfIce","floor":6}],"player_experience":60292,"relics_obtained":[{"floor":3,"key":"Pen Nib"},{"floor":6,"key":"Ice Cream"}],"event_choices":[{"damage_healed":0,"gold_gain":0,"player_choice":"Success","damage_taken":7,"relics_obtained":["Ancient Tea Set"],"max_hp_gain":0,"max_hp_loss":0,"event_name":"Scrap Ooze","floor":5,"gold_loss":0}],"is_beta":false,"boss_relics":[],"items_purged_floors":[],"is_endless":false,"potions_floor_spawned":[1,2],"killed_by":"Gremlin Nob","ascension_level":0}}