{"host":"pf47v7h0307523iy","time":1609363732,"event":{"mods":["BaseMod","Minty Spire (QoL Compilation)"],"gold_per_floor":[119,129,139,149,6,6,40,59,114,114,114,141,141,66,66,160,160,178,178,197,197,221,221,252,252,252,287,312,312,343,343,343,436,436,455,469,837,852,1185,1185,1220,1220,1220,1245,1245,1261,1278,681,681,681,681,681,681,113,145,145],"floor_reached":57,"playtime":5157,"items_purged":["Doubt","Strike_G"],"score":3481,"play_id":"4b8885f4-84d3-4425-a44b-79c46c59d49f","local_time":"20201230232852","is_ascension_mode":true,"campfire_choices":[{"data":"Crippling Poison","floor":6.0,"key":"SMITH"},{"floor":10.0,"key":"REST"},{"data":"Leg Sweep","floor":15.0,"key":"SMITH"},{"data":"Cloak And Dagger","floor":23.0,"key":"SMITH"},{"data":"Blade Dance","floor":25.0,"key":"SMITH"},{"data":"Neutralize","floor":29.0,"key":"SMITH"},{"data":"Blade Dance","floor":32.0,"key":"SMITH"},{"data":"Adrenaline","floor":40.0,"key":"SMITH"},{"floor":42.0,"key":"RECALL"},{"floor":49.0,"key":"REST"},{"data":"Dash","floor":53.0,"key":"SMITH"}],"circlet_count":0,"master_deck":["AscendersBane","Strike_G","Strike_G","Strike_G","Defend_G","Defend_G+1","Defend_G+1","Defend_G","Defend_G","Survivor","Neutralize+1","Dash+1","Leg Sweep+1","Masterful Stab","Crippling Poison+1","Escape Plan","Cloak And Dagger+1","Escape Plan","Blade Dance+1","Writhe","Backstab","RitualDagger","Blade Dance+1","Adrenaline+1","Footwork+1","Dark Shackles","Dark Shackles","Infinite Blades"],"relics":["Ring of the Snake","FossilizedHelix","Dead Branch","Nunchaku","Ornamental Fan","SlaversCollar","War Paint","Dream Catcher","Tough Bandages","Paper Crane","HornCleat","MutagenicStrength","Cursed Key","Old Coin","Blood Vial","Eternal Feather","ClockworkSouvenir","Question Card","Letter Opener","Bag of Preparation"],"acts_visited":["Exordium","TheCity","TheBeyond","TheEnding"],"potions_floor_usage":[56],"damage_taken":[{"damage":0.0,"enemies":"Small Slimes","floor":1.0,"turns":5.0},{"damage":0.0,"enemies":"Jaw Worm","floor":2.0,"turns":5.0},{"damage":0.0,"enemies":"2 Louse","floor":3.0,"turns":4.0},{"damage":0.0,"enemies":"2 Fungi Beasts","floor":4.0,"turns":4.0},{"damage":12.0,"enemies":"3 Sentries","floor":7.0,"turns":13.0},{"damage":6.0,"enemies":"Exordium Thugs","floor":8.0,"turns":5.0},{"damage":0.0,"enemies":"Lagavulin","floor":12.0,"turns":7.0},{"damage":0.0,"enemies":"The Guardian","floor":16.0,"turns":10.0},{"damage":0.0,"enemies":"Chosen","floor":18.0,"turns":5.0},{"damage":0.0,"enemies":"Spheric Guardian","floor":20.0,"turns":6.0},{"damage":6.0,"enemies":"Cultist and Chosen","floor":22.0,"turns":4.0},{"damage":1.0,"enemies":"Book of Stabbing","floor":24.0,"turns":6.0},{"damage":0.0,"enemies":"Gremlin Leader","floor":27.0,"turns":8.0},{"damage":0.0,"enemies":"Centurion and Healer","floor":28.0,"turns":6.0},{"damage":0.0,"enemies":"Slavers","floor":30.0,"turns":6.0},{"damage":0.0,"enemies":"Automaton","floor":33.0,"turns":10.0},{"damage":0.0,"enemies":"3 Shapes","floor":35.0,"turns":5.0},{"damage":0.0,"enemies":"3 Darklings","floor":36.0,"turns":3.0},{"damage":11.0,"enemies":"2 Orb Walkers","floor":37.0,"turns":5.0},{"damage":0.0,"enemies":"Jaw Worm Horde","floor":38.0,"turns":6.0},{"damage":0.0,"enemies":"Giant Head","floor":41.0,"turns":6.0},{"damage":0.0,"enemies":"Nemesis","floor":44.0,"turns":5.0},{"damage":0.0,"enemies":"Transient","floor":46.0,"turns":6.0},{"damage":0.0,"enemies":"Maw","floor":47.0,"turns":10.0},{"damage":0.0,"enemies":"Donu and Deca","floor":50.0,"turns":5.0},{"damage":0.0,"enemies":"Awakened One","floor":51.0,"turns":8.0},{"damage":0.0,"enemies":"Shield and Spear","floor":55.0,"turns":5.0},{"damage":7,"enemies":"The Heart","floor":56,"turns":8}],"seed_played":"7369164736343512403","potions_obtained":[{"floor":3.0,"key":"Swift Potion"},{"floor":12.0,"key":"EntropicBrew"},{"floor":16.0,"key":"BlessingOfTheForge"},{"floor":27.0,"key":"Weak Potion"},{"floor":28.0,"key":"Energy Potion"},{"floor":30.0,"key":"Regen Potion"},{"floor":38.0,"key":"AttackPotion"},{"floor":41.0,"key":"PowerPotion"}],"is_trial":false,"path_per_floor":["M","M","M","M","$","R","E","M","T","R","?","E","?","?","R","B",null,"M","?","M","?","M","R","E","R","T","E","M","R","E","?","R","B",null,"M","M","?","M","?","R","E","R","T","E","?","M","M","$","R","B","B",null,"R","$","E","B",null],"character_chosen":"THE_SILENT","items_purchased":["Crippling Poison","PowerPotion","ClockworkSouvenir","Dark Shackles","Question Card","Letter Opener","Dark Shackles","PowerPotion","Infinite Blades"],"campfire_rested":2,"item_purchase_floors":[5,5,48,48,48,54,54,54,54],"current_hp_per_floor":[44,44,44,44,44,44,32,26,26,45,66,66,60,60,60,60,60,60,60,60,54,48,48,47,47,47,47,47,47,47,47,47,47,57,57,57,46,60,60,60,60,60,60,60,60,60,60,60,60,60,60,60,60,60,60,53],"gold":145,"neow_bonus":"ONE_RARE_RELIC","is_daily":false,"chose_seed":false,"campfire_upgraded":8,"win_rate":0.0,"timestamp":1609363732,"path_taken":["M","M","M","M","$","R","E","M","T","R","?","E","?","?","R","BOSS","M","?","M","?","M","R","E","R","T","E","?","R","E","?","R","BOSS","M","M","?","M","?","R","E","R","T","E","?","?","M","$","R","BOSS","BOSS","R","$","E","BOSS"],"items_purchased_type":["Card","Potion","Relic","Card","Relic","Relic","Card","Potion","Card"],"build_version":"2020-12-22","purchased_purges":2,"victory":true,"max_hp_per_floor":[66,66,66,66,66,66,66,66,66,66,66,66,60,60,60,60,60,60,60,60,60,60,60,60,60,60,60,60,60,60,60,60,60,60,60,60,60,60,60,60,60,60,60,60,60,60,60,60,60,60,60,60,60,60,60,60],"card_choices":[{"not_picked":["Prepared","Deflect"],"picked":"Dash","floor":1.0},{"not_picked":["Outmaneuver","Underhanded Strike","Dodge and Roll"],"picked":"SKIP","floor":2.0},{"not_picked":["Dagger Throw","Acrobatics"],"picked":"Leg Sweep","floor":3.0},{"not_picked":["Deflect","Sucker Punch"],"picked":"Masterful Stab","floor":4.0},{"not_picked":["Doppelganger","Acrobatics"],"picked":"Escape Plan","floor":7.0},{"not_picked":["All Out Attack","Leg Sweep"],"picked":"Cloak And Dagger","floor":8.0},{"not_picked":["Bullet Time","Deflect"],"picked":"Escape Plan","floor":12.0},{"not_picked":["Poisoned Stab","Concentrate"],"picked":"Blade Dance","floor":18.0},{"not_picked":["Deflect","Glass Knife"],"picked":"Backstab","floor":20.0},{"not_picked":["Infinite Blades","Acrobatics","Sucker Punch"],"picked":"SKIP","floor":22.0},{"not_picked":["Grand Finale","Flying Knee","Choke"],"picked":"SKIP","floor":24.0},{"not_picked":["Outmaneuver","Distraction","Flying Knee"],"picked":"SKIP","floor":27.0},{"not_picked":["Predator","Deadly Poison","Sucker Punch"],"picked":"SKIP","floor":28.0},{"not_picked":["Outmaneuver","Riddle With Holes"],"picked":"Blade Dance","floor":30.0},{"not_picked":["Wraith Form v2","Phantasmal Killer"],"picked":"Adrenaline","floor":33.0},{"not_picked":["Bane+1","Prepared","Slice+1"],"picked":"SKIP","floor":35.0},{"not_picked":["Cloak And Dagger","Eviscerate","Heel Hook"],"picked":"SKIP","floor":36.0},{"not_picked":["Acrobatics","Outmaneuver","Masterful Stab"],"picked":"SKIP","floor":38.0},{"not_picked":["Outmaneuver","Poisoned Stab+1","Masterful Stab"],"picked":"SKIP","floor":41.0},{"not_picked":["Predator","Outmaneuver","Dagger Throw"],"picked":"SKIP","floor":44.0},{"not_picked":["Quick Slash","All Out Attack+1"],"picked":"Footwork+1","floor":46.0},{"not_picked":["Quick Slash","Prepared","Dagger Spray"],"picked":"SKIP","floor":47.0},{"not_picked":["Unload","Deflect","Dagger Throw","Envenom"],"picked":"SKIP","floor":55.0}],"player_experience":1545961,"relics_obtained":[{"floor":7.0,"key":"Dead Branch"},{"floor":9.0,"key":"Nunchaku"},{"floor":12.0,"key":"Ornamental Fan"},{"floor":24.0,"key":"Dream Catcher"},{"floor":26.0,"key":"Tough Bandages"},{"floor":27.0,"key":"Paper Crane"},{"floor":30.0,"key":"HornCleat"},{"floor":37.0,"key":"Old Coin"},{"floor":41.0,"key":"Blood Vial"},{"floor":44.0,"key":"Eternal Feather"},{"floor":55.0,"key":"Bag of Preparation"}],"event_choices":[{"damage_healed":22.0,"max_hp_gain":0.0,"max_hp_loss":0.0,"gold_gain":0.0,"event_name":"Big Fish","player_choice":"Banana","floor":11.0,"gold_loss":0.0,"damage_taken":0.0},{"damage_healed":0.0,"max_hp_gain":0.0,"max_hp_loss":6.0,"gold_gain":0.0,"event_name":"Golden Idol","player_choice":"Lose Max HP","floor":13.0,"gold_loss":0.0,"damage_taken":0.0,"relics_obtained":["Golden Idol"]},{"cards_removed":["Strike_G"],"damage_healed":0.0,"max_hp_gain":0.0,"max_hp_loss":0.0,"gold_gain":0.0,"event_name":"The Cleric","player_choice":"Card Removal","floor":14.0,"gold_loss":75.0,"damage_taken":0.0},{"damage_healed":0.0,"max_hp_gain":0.0,"max_hp_loss":0.0,"gold_gain":0.0,"event_name":"The Mausoleum","player_choice":"Opened","floor":19.0,"gold_loss":0.0,"damage_taken":0.0,"relics_obtained":["War Paint"],"cards_obtained":["Writhe"]},{"damage_healed":0.0,"max_hp_gain":0.0,"max_hp_loss":0.0,"gold_gain":0.0,"event_name":"Nest","player_choice":"Joined the Cult","floor":21.0,"gold_loss":0.0,"damage_taken":6.0,"cards_obtained":["RitualDagger"]},{"damage_healed":0.0,"max_hp_gain":0.0,"max_hp_loss":0.0,"gold_gain":0.0,"event_name":"Drug Dealer","player_choice":"Inject Mutagens","floor":31.0,"gold_loss":0.0,"damage_taken":0.0,"relics_obtained":["MutagenicStrength"]},{"damage_healed":0.0,"max_hp_gain":0.0,"max_hp_loss":0.0,"gold_gain":0.0,"event_name":"Mysterious Sphere","player_choice":"Fight","floor":37.0,"gold_loss":0.0,"damage_taken":0.0},{"damage_healed":0.0,"max_hp_gain":0.0,"max_hp_loss":0.0,"gold_gain":333.0,"event_name":"The Moai Head","player_choice":"Gave Idol","floor":39.0,"relics_lost":["Golden Idol"],"gold_loss":0.0,"damage_taken":0.0},{"damage_healed":0.0,"max_hp_gain":0.0,"max_hp_loss":0.0,"gold_gain":0.0,"event_name":"SecretPortal","player_choice":"Ignored","floor":45.0,"gold_loss":0.0,"damage_taken":0.0}],"is_beta":false,"boss_relics":[{"not_picked":["Astrolabe","Sozu"],"picked":"SlaversCollar"},{"not_picked":["Empty Cage","HoveringKite"],"picked":"Cursed Key"}],"items_purged_floors":[48,54],"is_endless":false,"potions_floor_spawned":[3,12,16,22,27,28,30,36,38,41,46,47],"ascension_level":20}}