{"host":"7mrmd33mpx7q5wx9","time":1609320481,"event":{"mods":["AchievementEnabler","BaseMod","BetterRewards","Colored Map","Defuse TimeMaze Blight","Infinite Spire","Minty Spire (QoL Compilation)","Permanent Neow","Quick Restart","StSLib"],"gold_per_floor":[118,133,153,7,7,32,32,47,47,59,87,87,87,112,112,208,208,222,241,65,77,77,77,107,120,120,219,64,64,64,64],"floor_reached":30,"playtime":1604,"items_purged":["Strike_G","Strike_G"],"score":523,"play_id":"13864925-7690-4cef-b751-d7eea8a07fa4","local_time":"20201230032801","is_ascension_mode":true,"campfire_choices":[{"data":"Footwork","floor":7,"key":"SMITH"},{"floor":15,"key":"REST"},{"data":"Noxious Fumes","floor":23,"key":"SMITH"}],"circlet_count":0,"master_deck":["Strike_G+1","Strike_G+1","Strike_G+1","Defend_G+1","Defend_G+1","Defend_G+1","Defend_G+1","Defend_G+1","Survivor","Neutralize","Infinite Blades","Sucker Punch","Dash","Dagger Throw","Escape Plan","Crippling Poison","Quick Slash","Dagger Spray","Footwork+1","Dark Shackles","Catalyst","Dodge and Roll","Concentrate","Bouncing Flask","Corpse Explosion","Backflip","Well Laid Plans","Noxious Fumes+1","Footwork+1","infinitespire:TheBestDefense+1"],"relics":["Ring of the Snake","Pocketwatch","Prayer Wheel","infinitespire:BottledMercury","Question Card","Mercury Hourglass","Boot","Kunai","Sozu","StrikeDummy","Gremlin Horn","MealTicket","Toxic Egg 2"],"acts_visited":["Exordium","TheCity"],"potions_floor_usage":[11,18],"damage_taken":[{"damage":0,"enemies":"Cultist","floor":1,"turns":4},{"damage":0,"enemies":"Jaw Worm","floor":2,"turns":4},{"damage":14,"enemies":"infinitespire:Voidling","floor":3,"turns":4},{"damage":16,"enemies":"3 Sentries","floor":6,"turns":7},{"damage":0,"enemies":"2 Fungi Beasts","floor":8,"turns":3},{"damage":0,"enemies":"3 Louse","floor":10,"turns":3},{"damage":8,"enemies":"Gremlin Nob","floor":11,"turns":4},{"damage":2,"enemies":"3 Sentries","floor":14,"turns":6},{"damage":0,"enemies":"Hexaghost","floor":16,"turns":9},{"damage":15,"enemies":"Shell Parasite","floor":18,"turns":5},{"damage":11,"enemies":"2 Thieves","floor":19,"turns":3},{"damage":3,"enemies":"Snake Plant","floor":21,"turns":5},{"damage":36,"enemies":"Slavers","floor":24,"turns":4},{"damage":0,"enemies":"Chosen and Byrds","floor":25,"turns":6},{"damage":7,"enemies":"Sentry and Sphere","floor":30,"turns":3}],"seed_played":"6671349379187190866","potions_obtained":[{"floor":8,"key":"Ancient Potion"},{"floor":10,"key":"PowerPotion"},{"floor":16,"key":"Regen Potion"}],"is_trial":false,"path_per_floor":["M","M","M","$","?","E","R","M","T","M","E","?","?","E","R","B",null,"M","M","$","M","?","R","E","M","T","?","$","AVR","M"],"character_chosen":"THE_SILENT","items_purchased":["Infinite Blades","Sucker Punch","Footwork","Noxious Fumes","MealTicket"],"campfire_rested":1,"item_purchase_floors":[0,0,4,20,28],"current_hp_per_floor":[56,56,51,51,51,35,35,35,35,35,27,27,20,18,39,39,62,56,45,45,42,42,42,6,6,6,6,6,6,0,0],"gold":64,"neow_bonus":"","is_daily":false,"chose_seed":false,"campfire_upgraded":2,"win_rate":0.0,"timestamp":1609320481,"path_taken":["M","M","?","$","?","E","R","?","T","?","E","?","?","E","R","BOSS","M","M","$","M","?","R","E","M","T","?","?","AVR","?"],"items_purchased_type":["Card","Card","Card","Card","Relic"],"build_version":"2020-12-22","purchased_purges":2,"victory":false,"max_hp_per_floor":[70,70,70,70,70,70,70,70,70,70,70,70,70,70,70,70,70,70,70,70,70,70,70,70,70,70,70,70,70,70,70],"card_choices":[{"not_picked":["Acrobatics","Eviscerate"],"picked":"Dash","floor":1},{"not_picked":["Finisher","Outmaneuver"],"picked":"Dagger Throw","floor":1},{"not_picked":["Leg Sweep","Caltrops"],"picked":"Escape Plan","floor":2},{"not_picked":["Finisher","Choke"],"picked":"Crippling Poison","floor":2},{"not_picked":["Expertise","Bane"],"picked":"Quick Slash","floor":3},{"not_picked":["Dagger Throw","Backflip"],"picked":"Dagger Spray","floor":3},{"not_picked":["Backflip","Slice","Die Die Die"],"picked":"SKIP","floor":6},{"not_picked":["Backstab","Dagger Spray","Prepared"],"picked":"SKIP","floor":8},{"not_picked":["Backflip","Prepared","Masterful Stab"],"picked":"SKIP","floor":8},{"not_picked":["Underhanded Strike","Bane","Deflect"],"picked":"Catalyst","floor":10},{"not_picked":["Dagger Throw","Finisher","Expertise"],"picked":"Dodge and Roll","floor":10},{"not_picked":["Quick Slash","Endless Agony","Sucker Punch"],"picked":"Concentrate","floor":11},{"not_picked":["Expertise","Accuracy","Venomology"],"picked":"Bouncing Flask","floor":14},{"not_picked":["Burst","Doppelganger","A Thousand Cuts"],"picked":"Corpse Explosion","floor":16},{"not_picked":["Predator","Outmaneuver","Backstab"],"picked":"Backflip","floor":18},{"not_picked":["Flechettes","Accuracy","Heel Hook","Cloak And Dagger+1"],"picked":"SKIP","floor":18},{"not_picked":["Cloak And Dagger+1","Backstab","Tactician+1"],"picked":"Well Laid Plans","floor":19},{"not_picked":["Distraction","Outmaneuver","Acrobatics+1","Flying Knee"],"picked":"SKIP","floor":19},{"not_picked":["Crippling Poison+1","Bane+1","Flying Knee+1","Dodge and Roll"],"picked":"SKIP","floor":21},{"not_picked":["Slice","Finisher+1","Backflip","Well Laid Plans"],"picked":"SKIP","floor":21},{"not_picked":["Venomology","Slice","Dagger Spray"],"picked":"Footwork+1","floor":24},{"not_picked":["Dodge and Roll+1","Finisher+1","Outmaneuver+1","Deadly Poison"],"picked":"SKIP","floor":25},{"not_picked":["Outmaneuver","Deflect","Well Laid Plans","Concentrate"],"picked":"SKIP","floor":25}],"player_experience":368465,"relics_obtained":[{"floor":6,"key":"infinitespire:BottledMercury"},{"floor":9,"key":"Question Card"},{"floor":11,"key":"Mercury Hourglass"},{"floor":14,"key":"Kunai"},{"floor":24,"key":"StrikeDummy"},{"floor":26,"key":"Gremlin Horn"}],"event_choices":[{"damage_healed":0,"gold_gain":0,"player_choice":"1 cards matched","damage_taken":0,"max_hp_gain":0,"max_hp_loss":0,"event_name":"Match and Keep!","floor":5,"gold_loss":0,"cards_obtained":["Dark Shackles"]},{"damage_healed":0,"gold_gain":0,"player_choice":"1 cards matched","damage_taken":0,"max_hp_gain":0,"max_hp_loss":0,"event_name":"Match and Keep!","floor":5,"gold_loss":0,"cards_obtained":["Dark Shackles"]},{"damage_healed":0,"gold_gain":0,"player_choice":"Ignored","damage_taken":0,"max_hp_gain":0,"max_hp_loss":0,"event_name":"Liars Game","floor":12,"gold_loss":0},{"damage_healed":0,"gold_gain":0,"player_choice":"Success","damage_taken":7,"relics_obtained":["Boot"],"max_hp_gain":0,"max_hp_loss":0,"event_name":"Scrap Ooze","floor":13,"gold_loss":0},{"damage_healed":0,"gold_gain":0,"player_choice":"Simplicity","damage_taken":0,"max_hp_gain":0,"max_hp_loss":0,"event_name":"Back to Basics","floor":22,"gold_loss":0,"cards_upgraded":["Strike_G","Strike_G","Strike_G","Defend_G","Defend_G","Defend_G","Defend_G","Defend_G"]},{"damage_healed":0,"gold_gain":99,"player_choice":"Stole From Cult","damage_taken":0,"max_hp_gain":0,"max_hp_loss":0,"event_name":"Nest","floor":27,"gold_loss":0}],"is_beta":false,"boss_relics":[{"not_picked":["Coffee Dripper","Busted Crown"],"picked":"Sozu"}],"items_purged_floors":[4,20],"is_endless":false,"potions_floor_spawned":[8,10,16,21],"killed_by":"Sentry and Sphere","ascension_level":5}}