{"host":"h4390p13uu6iw1q5","time":1609297606,"event":{"mods":["BaseMod","Colored Map","Minty Spire (QoL Compilation)"],"gold_per_floor":[114,129,144,159,174,174,189,204,504,534,38,53,83,98,98,198,198,213,213,213,47,62,92,109,124,124,124,154,169,184,199,199,299,299,314,536,123,123,123,123,138,153,153,168,183,198,228,243,243,243],"floor_reached":51,"playtime":2444,"items_purged":["Strike_B","Strike_B"],"score":1039,"play_id":"13f71425-6b98-46b3-8b04-99062c672415","local_time":"20201229220646","daily_mods":["Cursed Run","Diverse","DeadlyEvents"],"is_ascension_mode":false,"campfire_choices":[{"data":"Redo","floor":6,"key":"SMITH"},{"data":"CrushJoints","floor":15,"key":"SMITH"},{"data":"Juggernaut","floor":27,"key":"SMITH"},{"data":"Defend_B","floor":32,"key":"SMITH"},{"data":"Fire Breathing","floor":40,"key":"SMITH"},{"floor":49,"key":"REST"}],"circlet_count":0,"master_deck":["Strike_B","Defend_B+1","Defend_B","Defend_B","Defend_B","Zap","Dualcast","Poisoned Stab","Doom and Gloom","Fire Breathing+1","Redo+1","CrushJoints+1","Poisoned Stab","Flame Barrier","Doubt","Crippling Poison+1","FTL","Defragment","WheelKick","Juggernaut+1","Coolheaded+1","Ghostly+1","Ghostly+1","Ghostly+1","Ghostly+1","Ghostly+1","Regret","Apotheosis+1","Steam+1","Backflip+1","Chill+1","Doubt","Judgement+1","Loop","Parasite","Wish+1","Warcry+1","Juggernaut+1","Panache","Madness+1","Madness+1","Parasite","Rage+1","Wallop","Shame","Glacier+1","True Grit+1","Blur+1","Shame"],"relics":["Cursed Key","Darkstone Periapt","Du-Vu Doll","Old Coin","Meat on the Bone","Toxic Egg 2","Bottled Flame","Empty Cage","Bottled Tornado","Pear","Red Mask","Eternal Feather","Letter Opener","Inserter","DollysMirror","StrikeDummy","HornCleat","Singing Bowl"],"acts_visited":["Exordium","TheCity","TheBeyond"],"potions_floor_usage":[13,13,23,25,42,47,50,50],"damage_taken":[{"damage":1,"enemies":"Cultist","floor":1,"turns":3},{"damage":0,"enemies":"Small Slimes","floor":2,"turns":4},{"damage":0,"enemies":"Jaw Worm","floor":3,"turns":3},{"damage":13,"enemies":"Exordium Thugs","floor":4,"turns":4},{"damage":11,"enemies":"2 Fungi Beasts","floor":5,"turns":4},{"damage":0,"enemies":"Looter","floor":7,"turns":3},{"damage":7,"enemies":"Blue Slaver","floor":8,"turns":3},{"damage":15,"enemies":"3 Sentries","floor":10,"turns":5},{"damage":0,"enemies":"3 Louse","floor":12,"turns":2},{"damage":16,"enemies":"Gremlin Nob","floor":13,"turns":4},{"damage":11,"enemies":"Large Slime","floor":14,"turns":4},{"damage":14,"enemies":"Hexaghost","floor":16,"turns":7},{"damage":15,"enemies":"Shell Parasite","floor":18,"turns":6},{"damage":11,"enemies":"3 Byrds","floor":22,"turns":5},{"damage":8,"enemies":"Book of Stabbing","floor":23,"turns":6},{"damage":30,"enemies":"Masked Bandits","floor":24,"turns":6},{"damage":1,"enemies":"Snecko","floor":25,"turns":4},{"damage":0,"enemies":"Gremlin Leader","floor":28,"turns":6},{"damage":7,"enemies":"Sentry and Sphere","floor":29,"turns":4},{"damage":0,"enemies":"Snake Plant","floor":30,"turns":2},{"damage":0,"enemies":"Snecko","floor":31,"turns":4},{"damage":3,"enemies":"Collector","floor":33,"turns":8},{"damage":0,"enemies":"3 Shapes","floor":35,"turns":3},{"damage":0,"enemies":"Orb Walker","floor":41,"turns":3},{"damage":17,"enemies":"Writhing Mass","floor":42,"turns":5},{"damage":12,"enemies":"4 Shapes","floor":44,"turns":2},{"damage":11,"enemies":"Maw","floor":45,"turns":7},{"damage":0,"enemies":"Transient","floor":46,"turns":5},{"damage":0,"enemies":"Nemesis","floor":47,"turns":7},{"damage":0,"enemies":"4 Shapes","floor":48,"turns":2},{"damage":8,"enemies":"Donu and Deca","floor":50,"turns":7}],"seed_played":"9091901603564859836","potions_obtained":[{"floor":4,"key":"EssenceOfSteel"},{"floor":7,"key":"Dexterity Potion"},{"floor":8,"key":"FearPotion"},{"floor":10,"key":"LiquidMemories"},{"floor":13,"key":"FearPotion"},{"floor":14,"key":"GamblersBrew"},{"floor":22,"key":"BlessingOfTheForge"},{"floor":25,"key":"PotionOfCapacity"},{"floor":29,"key":"Block Potion"},{"floor":46,"key":"GamblersBrew"},{"floor":47,"key":"Energy Potion"},{"floor":48,"key":"DuplicationPotion"}],"is_trial":false,"path_per_floor":["M","M","M","M","M","R","M","M","T","E","$","M","E","M","R","B",null,"M","?","T","$","M","E","?","M","T","R","E","M","M","M","R","B",null,"M","?","$","?","T","R","M","M","T","M","M","M","E","M","R","B",null],"character_chosen":"DEFECT","items_purchased":["Toxic Egg 2","Crippling Poison+1","FTL","Defragment","Apotheosis+1","DollysMirror","Panache"],"campfire_rested":1,"item_purchase_floors":[11,11,11,11,21,37,37],"current_hp_per_floor":[74,74,74,61,50,50,50,43,49,34,34,46,42,43,43,47,87,72,43,49,49,38,40,22,33,39,57,57,50,50,50,65,68,71,71,71,71,62,68,77,77,60,66,54,43,43,43,43,83,81],"gold":243,"neow_bonus":"","is_daily":true,"chose_seed":false,"campfire_upgraded":5,"win_rate":0.0,"timestamp":1609297606,"path_taken":["M","M","?","?","?","R","M","M","T","E","?","M","?","M","R","BOSS","M","?","?","$","M","?","?","M","T","R","E","?","M","M","R","BOSS","M","?","$","?","?","R","M","M","T","?","M","M","?","M","R","BOSS"],"items_purchased_type":["Relic","Card","Card","Card","Card","Relic","Card"],"build_version":"2020-12-22","purchased_purges":2,"victory":true,"max_hp_per_floor":[75,75,75,75,75,75,75,75,81,81,81,81,81,81,81,87,87,87,43,49,49,49,59,59,59,65,65,65,65,65,65,65,71,71,71,71,71,71,77,77,77,77,83,83,83,83,83,83,83,89],"card_choices":[{"not_picked":["Compile Driver","PiercingWail"],"picked":"Poisoned Stab","floor":1},{"not_picked":["EmptyFist","Havoc"],"picked":"Doom and Gloom","floor":2},{"not_picked":["Outmaneuver","Melter"],"picked":"Fire Breathing","floor":3},{"not_picked":["PathToVictory","FlyingSleeves"],"picked":"Redo","floor":4},{"not_picked":["Genetic Algorithm","Second Wind"],"picked":"CrushJoints","floor":5},{"not_picked":["Headbutt","Barrage"],"picked":"Poisoned Stab","floor":7},{"not_picked":["Warcry","Consecrate"],"picked":"Flame Barrier","floor":8},{"not_picked":["Outmaneuver","Slice","Quick Slash"],"picked":"SKIP","floor":10},{"not_picked":["EmptyMind+1","Heavy Blade","Vengeance+1"],"picked":"SKIP","floor":12},{"not_picked":["Combust","Consecrate"],"picked":"WheelKick","floor":13},{"not_picked":["Thunderclap","Cold Snap","Adaptation"],"picked":"SKIP","floor":14},{"not_picked":["Biased Cognition","Offering+1"],"picked":"Juggernaut","floor":16},{"not_picked":["Prostrate+1","Carnage+1"],"picked":"Coolheaded+1","floor":18},{"not_picked":["Offering+1","Heavy Blade"],"picked":"Steam+1","floor":22},{"not_picked":["Rage+1","All For One"],"picked":"Backflip+1","floor":23},{"not_picked":["Doom and Gloom+1","Cold Snap"],"picked":"Chill+1","floor":25},{"not_picked":["MentalFortress","Go for the Eyes"],"picked":"Judgement+1","floor":28},{"not_picked":["Choke+1","Slice","Conclude"],"picked":"SKIP","floor":29},{"not_picked":["JustLucky+1","Ball Lightning"],"picked":"Loop","floor":30},{"not_picked":["Poisoned Stab","Sword Boomerang","Halt+1"],"picked":"SKIP","floor":31},{"not_picked":["LessonLearned","Impervious+1"],"picked":"Wish+1","floor":33},{"not_picked":["Clothesline","JustLucky"],"picked":"Warcry+1","floor":35},{"not_picked":["ClearTheMind+1","Riddle With Holes+1"],"picked":"Rage+1","floor":41},{"not_picked":["BattleHymn+1","Wallop","Meditate+1"],"picked":"SKIP","floor":42},{"not_picked":["BattleHymn+1","Meditate+1"],"picked":"Wallop","floor":42},{"not_picked":["Barrage+1","Finisher+1"],"picked":"Glacier+1","floor":44},{"not_picked":["Uppercut+1","Compile Driver","FearNoEvil+1"],"picked":"SKIP","floor":45},{"not_picked":["Genetic Algorithm+1","Setup+1","Reckless Charge+1"],"picked":"SKIP","floor":46},{"not_picked":["ThirdEye+1","Havoc+1"],"picked":"True Grit+1","floor":47},{"not_picked":["Darkness+1","Sweeping Beam+1"],"picked":"Blur+1","floor":48}],"player_experience":2392558,"relics_obtained":[{"floor":9,"key":"Old Coin"},{"floor":10,"key":"Meat on the Bone"},{"floor":13,"key":"Bottled Flame"},{"floor":20,"key":"Bottled Tornado"},{"floor":23,"key":"Pear"},{"floor":24,"key":"Red Mask"},{"floor":26,"key":"Eternal Feather"},{"floor":28,"key":"Letter Opener"},{"floor":39,"key":"StrikeDummy"},{"floor":43,"key":"HornCleat"},{"floor":47,"key":"Singing Bowl"}],"event_choices":[{"damage_healed":0,"gold_gain":0,"player_choice":"Became a Ghost","damage_taken":0,"max_hp_gain":0,"max_hp_loss":44,"event_name":"Ghosts","floor":19,"gold_loss":0,"cards_obtained":["Ghostly","Ghostly","Ghostly","Ghostly","Ghostly"]},{"damage_healed":0,"gold_gain":0,"player_choice":"Fought Bandits","damage_taken":0,"max_hp_gain":0,"max_hp_loss":0,"event_name":"Masked Bandits","floor":24,"gold_loss":0},{"damage_healed":0,"gold_gain":222,"player_choice":"Wore Mask","damage_taken":0,"max_hp_gain":0,"max_hp_loss":0,"event_name":"Tomb of Lord Red Mask","floor":36,"gold_loss":0},{"damage_healed":0,"gold_gain":0,"player_choice":"Embrace Madness","damage_taken":9,"max_hp_gain":0,"max_hp_loss":0,"event_name":"Winding Halls","floor":38,"gold_loss":0,"cards_obtained":["Madness","Madness"]}],"is_beta":false,"boss_relics":[{"not_picked":["Calling Bell","Philosopher\u0027s Stone"],"picked":"Empty Cage"},{"not_picked":["Astrolabe","Runic Dome"],"picked":"Inserter"}],"items_purged_floors":[11,37],"is_endless":false,"potions_floor_spawned":[4,7,8,10,13,14,22,25,29,33,35,41,46,47,48],"ascension_level":0}}