{"host":"474oh00kq6ni8dn3","time":1609316933,"event":{"mods":["AchievementEnabler","Aspiration","BaseMod","Colored Map","Colored Powertips","Conspire","Custom Start","Downfall","Googly Eyes","Hubris","Infinite Spire","Lobotomy","Minty Spire (QoL Compilation)","Permanent Neow","Quick Restart","Replay The Spire","Shop Mod","StSLib","The Bug Knight","The Construct","The Jungle"],"gold_per_floor":[109,109,124,136,146,178,178,178,178,207,225,225,244,264,264,369,369],"floor_reached":16,"playtime":724,"items_purged":[],"score":172,"play_id":"5ae79775-4fe4-4cd8-8705-50b74c85822d","local_time":"20201230082853","is_ascension_mode":true,"campfire_choices":[{"floor":7,"key":"REST"},{"floor":12,"key":"REST"},{"data":"Heavy Blade","floor":15,"key":"SMITH"}],"circlet_count":0,"master_deck":["Strike_R+1","Strike_R+1","Strike_R+1","Strike_R+1","Strike_R+1","Defend_R","Defend_R","Defend_R","Defend_R","Bash","Whirlwind","Spot Weakness","Heavy Blade+1","conspire:Purge"],"relics":["Burning Blood","aspiration:Nostalgia","construct:Cogwheel","aspiration:BabyByrd","Replay:Bottled Eggs","WarpedTongs","Centennial Puzzle","conspire:Dentures"],"acts_visited":["Exordium"],"potions_floor_usage":[14],"damage_taken":[{"damage":1,"enemies":"Jaw Worm","floor":1,"turns":5},{"damage":2,"enemies":"2 Louse","floor":3,"turns":2},{"damage":10,"enemies":"Cultist","floor":4,"turns":4},{"damage":10,"enemies":"Gremlin Gang","floor":5,"turns":4},{"damage":50,"enemies":"Replay:BlueRogue","floor":6,"turns":11},{"damage":29,"enemies":"Gremlin Nob","floor":10,"turns":4},{"damage":3,"enemies":"Red Slaver","floor":11,"turns":3},{"damage":13,"enemies":"Looter","floor":13,"turns":3},{"damage":11,"enemies":"Exordium Thugs","floor":14,"turns":4},{"damage":44,"enemies":"Fading Forest","floor":16,"turns":11}],"seed_played":"5204329188890848765","potions_obtained":[{"floor":1,"key":"FearPotion"},{"floor":6,"key":"GamblersBrew"},{"floor":13,"key":"SkillPotion"},{"floor":16,"key":"Regen Potion"}],"is_trial":false,"path_per_floor":["M","?","M","M","M","E","R","?","T","E","M","R","M","M","R","B"],"character_chosen":"IRONCLAD","items_purchased":[],"campfire_rested":2,"item_purchase_floors":[],"current_hp_per_floor":[80,80,80,76,72,28,52,52,52,29,32,56,49,44,44,16,16],"gold":369,"neow_bonus":"NOSTALGIA","is_daily":false,"chose_seed":false,"campfire_upgraded":1,"win_rate":0.0,"timestamp":1609316933,"path_taken":["M","?","M","M","M","E","R","?","T","E","M","R","M","M","R","BOSS"],"items_purchased_type":[],"build_version":"2020-12-22","purchased_purges":0,"victory":false,"max_hp_per_floor":[80,80,80,80,80,80,80,80,80,80,80,80,80,80,80,80,80],"card_choices":[{"not_picked":["Thunderclap","Clash"],"picked":"Whirlwind","floor":1},{"not_picked":["Feel No Pain","conspire:Charge","Blood for Blood"],"picked":"SKIP","floor":3},{"not_picked":["Sword Boomerang","Dropkick","Perfected Strike"],"picked":"SKIP","floor":4},{"not_picked":["Reckless Charge","Replay:Undeath\u0027s Touch"],"picked":"Spot Weakness","floor":5},{"not_picked":["Whirlwind","Uppercut"],"picked":"Heavy Blade","floor":6},{"not_picked":["Wild Strike","Intimidate","conspire:Purge"],"picked":"SKIP","floor":10},{"not_picked":["Wild Strike","Intimidate"],"picked":"conspire:Purge","floor":10},{"not_picked":["Second Wind","Perfected Strike","Shrug It Off"],"picked":"SKIP","floor":11},{"not_picked":["Life Link","Twin Strike","Headbutt"],"picked":"SKIP","floor":13},{"not_picked":["Blood for Blood","Run Through","Thunderclap"],"picked":"SKIP","floor":14}],"player_experience":48912,"relics_obtained":[{"floor":6,"key":"Replay:Bottled Eggs"},{"floor":9,"key":"Centennial Puzzle"},{"floor":10,"key":"conspire:Dentures"}],"event_choices":[{"damage_healed":0,"gold_gain":0,"player_choice":"Rummage","damage_taken":0,"relics_obtained":["WarpedTongs"],"max_hp_gain":0,"max_hp_loss":0,"event_name":"Accursed Blacksmith","floor":8,"gold_loss":0,"cards_obtained":["Pain"]}],"is_beta":false,"boss_relics":[],"items_purged_floors":[],"is_endless":false,"potions_floor_spawned":[1,6,13,16],"killed_by":"Fading Forest","ascension_level":1}}