{"host":"hhk99zdwe8tkcyq7","time":1609309935,"event":{"mods":["AchievementEnabler","BaseMod","Minty Spire (QoL Compilation)"],"gold_per_floor":[114,114,39,51,61,92,92,118,118,118,145,145,162,179,179,275,275,288,203,203,213,229,229,243,243,266,266,266,266],"floor_reached":28,"playtime":1414,"items_purged":["Strike_G"],"score":238,"play_id":"d909e57a-0931-4230-9b80-23079c5416e1","local_time":"20201230003215","is_ascension_mode":false,"campfire_choices":[{"floor":10,"key":"REST"},{"floor":12,"key":"REST"},{"floor":15,"key":"REST"},{"floor":23,"key":"REST"},{"floor":25,"key":"REST"}],"circlet_count":0,"master_deck":["Strike_G","Strike_G","Strike_G","Strike_G","Defend_G","Defend_G","Defend_G","Defend_G","Defend_G","Survivor","Neutralize","Deadly Poison","Poisoned Stab","Deadly Poison","Malaise","Finisher","Bullet Time+1","All Out Attack+1","Deadly Poison","Outmaneuver+1"],"relics":["Ring of the Serpent","Oddly Smooth Stone","Ninja Scroll","WingedGreaves","Gambling Chip","Pocketwatch","Question Card","Dream Catcher","MutagenicStrength"],"acts_visited":["Exordium","TheCity"],"potions_floor_usage":[22,28],"damage_taken":[{"damage":3.0,"enemies":"Cultist","floor":1.0,"turns":7.0},{"damage":0.0,"enemies":"2 Louse","floor":4.0,"turns":4.0},{"damage":0.0,"enemies":"Jaw Worm","floor":5.0,"turns":5.0},{"damage":15.0,"enemies":"Lagavulin","floor":6.0,"turns":6.0},{"damage":27,"enemies":"Gremlin Nob","floor":8,"turns":4},{"damage":10,"enemies":"Lagavulin","floor":11,"turns":5},{"damage":7,"enemies":"Blue Slaver","floor":13,"turns":3},{"damage":7,"enemies":"Exordium Thugs","floor":14,"turns":6},{"damage":35,"enemies":"Slime Boss","floor":16,"turns":12},{"damage":22,"enemies":"2 Thieves","floor":18,"turns":4},{"damage":12,"enemies":"3 Byrds","floor":21,"turns":5},{"damage":19,"enemies":"Shelled Parasite and Fungi","floor":22,"turns":4},{"damage":25,"enemies":"Sentry and Sphere","floor":24,"turns":6},{"damage":65,"enemies":"Slavers","floor":28,"turns":4}],"seed_played":"330658761356466969","potions_obtained":[{"floor":4.0,"key":"ColorlessPotion"},{"floor":7,"key":"FairyPotion"},{"floor":7,"key":"DuplicationPotion"},{"floor":8,"key":"LiquidBronze"},{"floor":21,"key":"GhostInAJar"},{"floor":22,"key":"PowerPotion"}],"is_trial":false,"path_per_floor":["M","?","$","M","M","E","?","E","T","R","E","R","M","M","R","B",null,"M","?","?","M","M","R","M","R","T","?","E"],"character_chosen":"THE_SILENT","items_purchased":[],"campfire_rested":5,"item_purchase_floors":[],"current_hp_per_floor":[67,67,67,67,67,52,52,25,25,46,36,57,50,43,64,29,70,48,48,48,36,17,38,13,34,34,34,0,0],"gold":266,"neow_bonus":"RANDOM_COMMON_RELIC","is_daily":false,"chose_seed":false,"campfire_upgraded":0,"win_rate":0.0,"timestamp":1609309935,"path_taken":["M","?","$","?","M","E","?","E","T","R","E","R","M","?","R","BOSS","M","?","?","M","M","R","?","R","T","?","E"],"items_purchased_type":[],"build_version":"2020-12-22","purchased_purges":1,"victory":false,"max_hp_per_floor":[70,70,70,70,70,70,70,70,70,70,70,70,70,70,70,70,70,70,70,70,70,70,70,70,70,70,70,70,70],"card_choices":[{"not_picked":["PiercingWail","Underhanded Strike"],"picked":"Deadly Poison","floor":1.0},{"not_picked":["Underhanded Strike","Distraction"],"picked":"Poisoned Stab","floor":4.0},{"not_picked":["Well Laid Plans","Crippling Poison"],"picked":"Deadly Poison","floor":5.0},{"not_picked":["Escape Plan","Well Laid Plans","Skewer"],"picked":"SKIP","floor":6.0},{"not_picked":["Dagger Spray","Underhanded Strike","Quick Slash"],"picked":"SKIP","floor":8},{"not_picked":["Distraction","Reflex"],"picked":"Malaise","floor":11},{"not_picked":["Dagger Throw","Dash","Well Laid Plans"],"picked":"SKIP","floor":13},{"not_picked":["Predator","Dash"],"picked":"Finisher","floor":14},{"not_picked":["Glass Knife","After Image"],"picked":"Bullet Time","floor":16},{"not_picked":["Dagger Spray","Eviscerate"],"picked":"All Out Attack+1","floor":18},{"not_picked":["Expertise","Dodge and Roll","Quick Slash+1"],"picked":"Deadly Poison","floor":21},{"not_picked":["Flechettes","Deflect","Dodge and Roll+1","Infinite Blades"],"picked":"SKIP","floor":22},{"not_picked":["Eviscerate","Backflip+1","Prepared+1"],"picked":"Outmaneuver+1","floor":24}],"player_experience":12244,"relics_obtained":[{"floor":6.0,"key":"Ninja Scroll"},{"floor":8,"key":"WingedGreaves"},{"floor":9,"key":"Gambling Chip"},{"floor":11,"key":"Pocketwatch"},{"floor":26,"key":"Dream Catcher"}],"event_choices":[{"damage_healed":0.0,"max_hp_gain":0.0,"max_hp_loss":0.0,"gold_gain":0.0,"event_name":"NoteForYourself","player_choice":"Ignored","floor":2.0,"gold_loss":0.0,"damage_taken":0.0},{"damage_healed":0,"gold_gain":0,"player_choice":"Got Potions","damage_taken":0,"max_hp_gain":0,"max_hp_loss":0,"event_name":"Lab","floor":7,"gold_loss":0},{"damage_healed":0,"gold_gain":0,"player_choice":"Obtained Relic","damage_taken":0,"relics_obtained":["Question Card"],"max_hp_gain":0,"max_hp_loss":0,"event_name":"Addict","floor":19,"gold_loss":85},{"damage_healed":0,"gold_gain":0,"player_choice":"Forge","damage_taken":0,"max_hp_gain":0,"max_hp_loss":0,"event_name":"Accursed Blacksmith","floor":20,"gold_loss":0,"cards_upgraded":["Bullet Time"]},{"damage_healed":0,"gold_gain":0,"player_choice":"Inject Mutagens","damage_taken":0,"relics_obtained":["MutagenicStrength"],"max_hp_gain":0,"max_hp_loss":0,"event_name":"Drug Dealer","floor":27,"gold_loss":0}],"is_beta":false,"boss_relics":[{"not_picked":["Astrolabe","Calling Bell"],"picked":"Ring of the Serpent"}],"items_purged_floors":[3],"is_endless":false,"potions_floor_spawned":[4,8,13,14,16,21,22],"killed_by":"Slavers","ascension_level":0}}