{"host":"os7ajuuouznx3pj7","time":1609351782,"event":{"mods":["AchievementEnabler","BaseMod","Bestiary","Block Reminder","Colored Map","Colored Powertips","Keyboard Shortcuts","Minty Spire (QoL Compilation)","Quick Restart","Relic Stats","SuperFastMode"],"gold_per_floor":[360,360,374,374,397,397,416,416,416,436,59,90,111,152,152,241,241,256,235,235,25,45,45,76,76,76,76,94,119,119,154,154,154,154],"floor_reached":33,"playtime":5239,"items_purged":["Writhe"],"score":589,"play_id":"a7d1e90d-a660-476e-b1d8-2d8e6387c459","local_time":"20201230160942","is_ascension_mode":true,"campfire_choices":[{"data":"Perfected Strike","floor":6.0,"key":"SMITH"},{"data":"Twin Strike","floor":8.0,"key":"SMITH"},{"data":"Armaments","floor":15.0,"key":"SMITH"},{"floor":23.0,"key":"REST"},{"data":"Perfected Strike","floor":27.0,"key":"SMITH"},{"floor":30.0,"key":"REST"},{"data":"Barricade","floor":32.0,"key":"SMITH"}],"circlet_count":0,"master_deck":["AscendersBane","Strike_R","Strike_R","Strike_R","Strike_R","Strike_R","Defend_R","Defend_R","Defend_R","Defend_R","Bash","Flame Barrier","Perfected Strike+1","Twin Strike+1","Shrug It Off","Pommel Strike","Intimidate","Shrug It Off","Barricade+1","Disarm","Seeing Red","Armaments+1","Intimidate+1","Feed","Perfected Strike+1","Shrug It Off+1","Dual Wield+1","Pommel Strike","Pommel Strike","Shrug It Off+1","Warcry+1","Feed"],"relics":["Burning Blood","Golden Idol","Toy Ornithopter","Orrery","Tiny Chest","Question Card","Toxic Egg 2","SlaversCollar","Pantograph","Ancient Tea Set","StrikeDummy","The Courier","Bag of Marbles"],"acts_visited":["Exordium","TheCity"],"potions_floor_usage":[],"damage_taken":[{"damage":6.0,"enemies":"2 Louse","floor":1.0,"turns":3.0},{"damage":1.0,"enemies":"Small Slimes","floor":3.0,"turns":4.0},{"damage":12.0,"enemies":"Cultist","floor":5.0,"turns":5.0},{"damage":1.0,"enemies":"Exordium Wildlife","floor":7.0,"turns":3.0},{"damage":8.0,"enemies":"Blue Slaver","floor":10.0,"turns":2.0},{"damage":6.0,"enemies":"Gremlin Nob","floor":12.0,"turns":3.0},{"damage":0.0,"enemies":"Looter","floor":13.0,"turns":2.0},{"damage":32.0,"enemies":"3 Sentries","floor":14.0,"turns":8.0},{"damage":32.0,"enemies":"The Guardian","floor":16.0,"turns":9.0},{"damage":21.0,"enemies":"3 Byrds","floor":18.0,"turns":8.0},{"damage":9.0,"enemies":"2 Thieves","floor":19.0,"turns":4.0},{"damage":35.0,"enemies":"Centurion and Healer","floor":22.0,"turns":8.0},{"damage":23.0,"enemies":"Book of Stabbing","floor":24.0,"turns":3.0},{"damage":0.0,"enemies":"Snecko","floor":28.0,"turns":3.0},{"damage":18.0,"enemies":"Chosen and Byrds","floor":29.0,"turns":6.0},{"damage":7.0,"enemies":"Slavers","floor":31.0,"turns":4.0},{"damage":85,"enemies":"Champ","floor":33,"turns":8}],"seed_played":"5384833215297584767","potions_obtained":[{"floor":3.0,"key":"CultistPotion"},{"floor":4.0,"key":"BlessingOfTheForge"},{"floor":10.0,"key":"Energy Potion"},{"floor":12.0,"key":"ColorlessPotion"},{"floor":16.0,"key":"Fruit Juice"},{"floor":18.0,"key":"Energy Potion"},{"floor":22.0,"key":"Dexterity Potion"},{"floor":24.0,"key":"SteroidPotion"}],"is_trial":false,"path_per_floor":["M","?","M","?","M","R","M","R","T","M","$","E","M","E","R","B",null,"M","M","?","$","M","R","E","T","T","R","M","M","R","E","R","B"],"character_chosen":"IRONCLAD","items_purchased":["Orrery","Disarm","Tiny Chest","Dual Wield+1","Explosive Potion"],"campfire_rested":2,"item_purchase_floors":[11,11,11,21,21],"current_hp_per_floor":[50,50,55,55,49,49,54,54,54,52,52,57,63,42,42,21,56,51,56,56,56,32,54,37,37,37,37,48,36,58,65,65,0,0],"gold":154,"neow_bonus":"TWO_FIFTY_GOLD","is_daily":false,"chose_seed":false,"campfire_upgraded":5,"win_rate":0.0,"timestamp":1609351782,"path_taken":["M","?","M","?","M","R","M","R","T","M","$","E","M","E","R","BOSS","M","M","?","$","M","R","E","?","T","R","M","M","R","E","R","BOSS"],"items_purchased_type":["Relic","Card","Relic","Card","Potion"],"build_version":"2020-12-22","purchased_purges":1,"victory":false,"max_hp_per_floor":[75,68,68,68,68,68,68,68,68,68,68,68,68,68,68,68,68,73,76,76,76,76,76,76,76,76,76,76,76,76,79,79,79,79],"relic_stats":{"counters":[17,83],"Golden Idol":85,"Pantograph":14,"Tiny Chest":0,"Question Card":10,"obtain_stats":[{"Golden Idol":2,"The Courier":26,"Question Card":12,"Ancient Tea Set":24,"Burning Blood":0,"SlaversCollar":17,"Pantograph":20,"Orrery":11,"Tiny Chest":11,"Bag of Marbles":31,"Toxic Egg 2":14,"StrikeDummy":25,"Toy Ornithopter":9},{"Golden Idol":1,"The Courier":13,"Question Card":6,"Ancient Tea Set":13,"Burning Blood":0,"SlaversCollar":9,"Pantograph":11,"Orrery":5,"Tiny Chest":5,"Bag of Marbles":16,"Toxic Egg 2":8,"StrikeDummy":13,"Toy Ornithopter":4},{"Golden Idol":3,"The Courier":62,"Question Card":20,"Ancient Tea Set":62,"Burning Blood":0,"SlaversCollar":39,"Pantograph":51,"Orrery":17,"Tiny Chest":17,"Bag of Marbles":75,"Toxic Egg 2":30,"StrikeDummy":62,"Toy Ornithopter":15}],"Burning Blood":96,"Toy Ornithopter":40},"card_choices":[{"not_picked":["Warcry","Body Slam"],"picked":"Flame Barrier","floor":1.0},{"not_picked":["Sentinel","Clash","Entrench"],"picked":"SKIP","floor":3.0},{"not_picked":["Heavy Blade","Iron Wave"],"picked":"Perfected Strike","floor":5.0},{"not_picked":["Hemokinesis","Cleave"],"picked":"Twin Strike","floor":7.0},{"not_picked":["Fire Breathing","Uppercut","Clothesline"],"picked":"SKIP","floor":10.0},{"not_picked":["Heavy Blade","Rage"],"picked":"Shrug It Off","floor":11.0},{"not_picked":["Clash","Sword Boomerang"],"picked":"Pommel Strike","floor":11.0},{"not_picked":["Cleave","Berserk"],"picked":"Intimidate","floor":11.0},{"not_picked":["Infernal Blade","Burning Pact"],"picked":"Shrug It Off","floor":11.0},{"not_picked":["Power Through","Hemokinesis"],"picked":"Barricade","floor":11.0},{"not_picked":["Burning Pact","Hemokinesis"],"picked":"Seeing Red","floor":12.0},{"not_picked":["Pommel Strike","Clothesline","Thunderclap"],"picked":"Armaments","floor":13.0},{"not_picked":["Cleave","Iron Wave","Sword Boomerang"],"picked":"Intimidate+1","floor":14.0},{"not_picked":["Barricade","Reaper","Fiend Fire"],"picked":"Feed","floor":16.0},{"not_picked":["Clothesline","Flame Barrier+1","Wild Strike"],"picked":"Perfected Strike","floor":18.0},{"not_picked":["Heavy Blade","Second Wind+1","Corruption"],"picked":"Shrug It Off+1","floor":19.0},{"not_picked":["Body Slam","Shrug It Off+1","Burning Pact+1"],"picked":"Pommel Strike","floor":22.0},{"not_picked":["Havoc+1","Berserk","Iron Wave"],"picked":"Pommel Strike","floor":24.0},{"not_picked":["Bloodletting+1","Spot Weakness+1","Ghostly Armor+1"],"picked":"Shrug It Off+1","floor":28.0},{"not_picked":["Hemokinesis","Feel No Pain","Fire Breathing"],"picked":"Warcry+1","floor":29.0},{"not_picked":["Body Slam","Evolve","Sentinel+1"],"picked":"Feed","floor":31.0}],"player_experience":697791,"relics_obtained":[{"floor":9.0,"key":"Toy Ornithopter"},{"floor":12.0,"key":"Question Card"},{"floor":14.0,"key":"Toxic Egg 2"},{"floor":24.0,"key":"Ancient Tea Set"},{"floor":25.0,"key":"StrikeDummy"},{"floor":26.0,"key":"The Courier"},{"floor":31.0,"key":"Bag of Marbles"}],"event_choices":[{"damage_healed":0.0,"max_hp_gain":0.0,"max_hp_loss":7.0,"gold_gain":0.0,"event_name":"Golden Idol","player_choice":"Lose Max HP","floor":2.0,"gold_loss":0.0,"damage_taken":0.0,"relics_obtained":["Golden Idol"]},{"damage_healed":0.0,"max_hp_gain":0.0,"max_hp_loss":0.0,"gold_gain":0.0,"event_name":"Lab","player_choice":"Got Potions","floor":4.0,"gold_loss":0.0,"damage_taken":0.0},{"damage_healed":0.0,"max_hp_gain":0.0,"max_hp_loss":0.0,"gold_gain":0.0,"event_name":"The Mausoleum","player_choice":"Opened","floor":20.0,"gold_loss":0.0,"damage_taken":0.0,"relics_obtained":["Pantograph"],"cards_obtained":["Writhe"]}],"is_beta":false,"boss_relics":[{"not_picked":["SacredBark","Tiny House"],"picked":"SlaversCollar"}],"items_purged_floors":[21],"is_endless":false,"potions_floor_spawned":[3,10,12,13,16,18,22,24],"killed_by":"Champ","ascension_level":18}}