{"host":"a7n5dzefz0hsmd08","time":1609291214,"event":{"mods":["2.2 Compatiblity","AchievementEnabler","BaseMod","Colored Powertips","Minty Spire (QoL Compilation)","StSLib"],"gold_per_floor":[118,118,118,135,135,135,198,198,224,224,44,70,83,96,96,198,198,208,225,237,42,42,42],"floor_reached":22,"playtime":873,"items_purged":[],"score":184,"play_id":"567d44c2-d6b5-4db9-a6d8-d88bf356c2f1","local_time":"20201230022014","is_ascension_mode":false,"campfire_choices":[{"data":"Capacitor","floor":6,"key":"SMITH"},{"floor":8,"key":"REST"},{"data":"Redo","floor":10,"key":"SMITH"},{"data":"Echo Form","floor":15,"key":"SMITH"}],"circlet_count":0,"master_deck":["Strike_B","Strike_B","Strike_B","Strike_B","Defend_B+1","Defend_B","Defend_B","Defend_B","Zap+1","Dualcast","Capacitor+1","Redo+1","Sweeping Beam","Heatsinks","Auto Shields","Go for the Eyes","Ball Lightning","Echo Form+1","Echo Form","Streamline","Cold Snap","Ball Lightning","Rainbow","Barrage","Leap+1","Redo","Steam"],"relics":["Cracked Core","PreservedInsect","Strawberry","Vajra","Singing Bowl","Inserter","Orrery"],"acts_visited":["Exordium","TheCity"],"potions_floor_usage":[7,16,18,18],"damage_taken":[{"damage":0,"enemies":"2 Louse","floor":1,"turns":3},{"damage":3,"enemies":"Jaw Worm","floor":4,"turns":4},{"damage":10,"enemies":"Lagavulin Event","floor":7,"turns":5},{"damage":13,"enemies":"Lagavulin","floor":12,"turns":5},{"damage":0,"enemies":"Small Slimes","floor":13,"turns":2},{"damage":2,"enemies":"3 Louse","floor":14,"turns":2},{"damage":30,"enemies":"Slime Boss","floor":16,"turns":8},{"damage":21,"enemies":"2 Thieves","floor":18,"turns":4},{"damage":6,"enemies":"Chosen","floor":19,"turns":6},{"damage":30,"enemies":"3 Cultists","floor":20,"turns":5},{"damage":38,"enemies":"Shelled Parasite and Fungi","floor":22,"turns":5}],"seed_played":"6004217431271942259","potions_obtained":[{"floor":1,"key":"EssenceOfSteel"},{"floor":7,"key":"Block Potion"},{"floor":12,"key":"Weak Potion"},{"floor":13,"key":"EssenceOfSteel"},{"floor":19,"key":"PotionOfCapacity"}],"is_trial":false,"path_per_floor":["M","?","?","M","?","R","?","R","T","R","$","E","M","M","R","B",null,"M","M","M","$","M"],"character_chosen":"DEFECT","items_purchased":["Heatsinks","Auto Shields","Go for the Eyes","Ball Lightning","Orrery"],"campfire_rested":1,"item_purchase_floors":[11,11,11,21,21],"current_hp_per_floor":[75,75,60,57,57,57,54,78,78,78,78,65,67,65,65,35,84,63,59,29,29,0,0],"gold":42,"neow_bonus":"RANDOM_COMMON_RELIC","is_daily":false,"chose_seed":false,"campfire_upgraded":3,"win_rate":0.0,"timestamp":1609291214,"path_taken":["M","?","?","M","?","R","?","R","T","R","?","E","M","M","R","BOSS","M","?","M","$","M"],"items_purchased_type":["Card","Card","Card","Card","Relic"],"build_version":"2020-12-22","purchased_purges":0,"victory":false,"max_hp_per_floor":[75,75,75,75,75,75,82,82,82,82,82,82,84,84,84,84,84,84,86,86,86,86,86],"card_choices":[{"not_picked":["Barrage","Blizzard"],"picked":"Capacitor","floor":1},{"not_picked":["White Noise","Recycle"],"picked":"Redo","floor":4},{"not_picked":["Rebound","Reprogram"],"picked":"Sweeping Beam","floor":7},{"not_picked":["Turbo","Streamline"],"picked":"Ball Lightning","floor":12},{"not_picked":["Undo","Glacier","Compile Driver"],"picked":"Singing Bowl","floor":13},{"not_picked":["Capacitor","Cold Snap"],"picked":"Echo Form","floor":14},{"not_picked":["Multi-Cast","Hyperbeam"],"picked":"Echo Form","floor":16},{"not_picked":["Compile Driver","Rebound"],"picked":"Streamline","floor":18},{"not_picked":["Recycle","Go for the Eyes+1","Redo"],"picked":"Singing Bowl","floor":19},{"not_picked":["Capacitor","Rebound+1"],"picked":"Cold Snap","floor":20},{"not_picked":["Barrage","Steam"],"picked":"Rainbow","floor":21},{"not_picked":["Redo","Go for the Eyes"],"picked":"Barrage","floor":21},{"not_picked":["Steam Power","Hologram"],"picked":"Leap+1","floor":21},{"not_picked":["Compile Driver+1","Steam Power"],"picked":"Redo","floor":21},{"not_picked":["Sweeping Beam","Streamline"],"picked":"Steam","floor":21}],"player_experience":156831,"relics_obtained":[{"floor":7,"key":"Strawberry"},{"floor":9,"key":"Vajra"},{"floor":12,"key":"Singing Bowl"}],"event_choices":[{"damage_healed":0,"gold_gain":0,"player_choice":"Leave","damage_taken":0,"max_hp_gain":0,"max_hp_loss":0,"event_name":"The Cleric","floor":2,"gold_loss":0},{"damage_healed":0,"gold_gain":0,"player_choice":"Entered Light","damage_taken":15,"max_hp_gain":0,"max_hp_loss":0,"event_name":"Shining Light","floor":3,"gold_loss":0,"cards_upgraded":["Defend_B","Zap"]},{"damage_healed":0,"gold_gain":0,"player_choice":"Ignored","damage_taken":0,"max_hp_gain":0,"max_hp_loss":0,"event_name":"Golden Wing","floor":5,"gold_loss":0},{"damage_healed":0,"gold_gain":0,"player_choice":"Searched \u00272\u0027 times","damage_taken":0,"max_hp_gain":0,"max_hp_loss":0,"event_name":"Dead Adventurer","floor":7,"gold_loss":0}],"is_beta":false,"boss_relics":[{"not_picked":["Fusion Hammer","Cursed Key"],"picked":"Inserter"}],"items_purged_floors":[],"is_endless":false,"potions_floor_spawned":[1,7,12,13,19],"killed_by":"Shelled Parasite and Fungi","ascension_level":0}}