{"host":"ixqzyafodex1tsi5","time":1609317359,"event":{"mods":["AchievementEnabler","Act Like it!","BaseMod","Downfall","Gensokyo","GifTheSpireLib","Lobotomy","LobotomyExtend","Minty Spire (QoL Compilation)","Relic Stats","Replay The Spire","RumiaBox-露米娅的神秘盒子","Spicy Shops","StSLib","【功能Mod】混沌之环修复补丁"],"gold_per_floor":[116,127,52,72,83,83,114,125,148,323,323,323,342,342,342],"floor_reached":14,"playtime":354,"items_purged":["InformationCode"],"score":101,"play_id":"bb3079a3-616e-4122-a26d-81b5ba8165cf","local_time":"20201230163559","is_ascension_mode":true,"campfire_choices":[],"circlet_count":0,"master_deck":["SpecialBullet","SpecialBullet","SpecialBullet","SpecialBullet","SpecialBullet","SpecialBullet","SpecialBullet","ExtractionCode","SecurityCode","Justitia","BodiesMountain","CENSORED_ego+1","Doubt","Amnesia","Mercenary"],"relics":["CogitoBucket","LetterFromLob","Nunchaku","ChangeAnything","ReplayTheSpireMod:Ring of Exchange"],"acts_visited":["Exordium"],"potions_floor_usage":[],"damage_taken":[{"damage":6,"enemies":"Cultist","floor":1,"turns":3},{"damage":8,"enemies":"Small Slimes","floor":2,"turns":2},{"damage":6,"enemies":"2 Louse","floor":4,"turns":2},{"damage":22,"enemies":"Looter","floor":5,"turns":3},{"damage":27,"enemies":"Gremlin Nob","floor":7,"turns":4},{"damage":32,"enemies":"2 Fungi Beasts","floor":8,"turns":3},{"damage":17,"enemies":"3 Louse","floor":13,"turns":3},{"damage":21,"enemies":"3 Sentries","floor":14,"turns":2}],"seed_played":"-291781816140525717","potions_obtained":[],"is_trial":false,"path_per_floor":["M","M","$","M","M","R","E","M","T","?","R","?","M","E"],"character_chosen":"Angela","items_purchased":[],"campfire_rested":0,"item_purchase_floors":[],"current_hp_per_floor":[70,70,70,70,56,56,37,17,17,17,17,17,13,0,0],"gold":342,"neow_bonus":"RANDOM_EVENT","is_daily":false,"chose_seed":false,"campfire_upgraded":0,"win_rate":0.0,"timestamp":1609317359,"path_taken":["M","M","$","?","M","R","E","M","T","?","R","?","M","E"],"items_purchased_type":[],"build_version":"2020-12-22","purchased_purges":1,"victory":false,"max_hp_per_floor":[70,70,70,70,70,70,70,70,70,70,70,70,70,70,70],"relic_stats":{"Nunchaku":[0],"counters":[9,23],"obtain_stats":[{"ReplayTheSpireMod:Ring of Exchange":12,"CogitoBucket":0,"Nunchaku":7,"LetterFromLob":1,"ChangeAnything":8},{"ReplayTheSpireMod:Ring of Exchange":7,"CogitoBucket":0,"Nunchaku":5,"LetterFromLob":1,"ChangeAnything":7},{"ReplayTheSpireMod:Ring of Exchange":18,"CogitoBucket":0,"Nunchaku":14,"LetterFromLob":3,"ChangeAnything":18}]},"card_choices":[{"not_picked":["Penitence","Beak"],"picked":"SKIP","floor":1},{"not_picked":["Lantern","WristCuter"],"picked":"SKIP","floor":2},{"not_picked":["Lantern"],"picked":"Justitia","floor":4},{"not_picked":["WristCuter","Beak","RedEyes"],"picked":"SKIP","floor":5},{"not_picked":["Scorched","VoidDream","HeroicMonk"],"picked":"Singing Bowl","floor":7},{"not_picked":["CrumblingArmor","Bloodbath"],"picked":"BodiesMountain","floor":7},{"not_picked":["Laetitia_ego","BlackSwan_ego","Beak"],"picked":"SKIP","floor":7},{"not_picked":["WallGazer","MeatLantern","UniverseFragment"],"picked":"Singing Bowl","floor":8},{"not_picked":["Noise+1","Lantern+1"],"picked":"CENSORED_ego+1","floor":8},{"not_picked":["MHz","LittleHelper","OSAHOGD"],"picked":"Singing Bowl","floor":13},{"not_picked":["HeroicMonk","PunishingBird"],"picked":"Mercenary","floor":13},{"not_picked":["Lantern+1","BloodyDesire+1","Tough+1"],"picked":"SKIP","floor":13},{"not_picked":["Soda+1","InTheNameOfLoveAndHate+1","Loneliness+1"],"picked":"SKIP","floor":13}],"player_experience":155102,"relics_obtained":[{"floor":1,"key":"LetterFromLob"},{"floor":7,"key":"Nunchaku"},{"floor":12,"key":"ReplayTheSpireMod:Ring of Exchange"}],"event_choices":[{"damage_healed":0,"gold_gain":175,"player_choice":"AGREE","damage_taken":0,"max_hp_gain":0,"max_hp_loss":0,"event_name":"Liars Game","floor":10,"gold_loss":0,"cards_obtained":["Doubt"]}],"is_beta":false,"boss_relics":[],"items_purged_floors":[3],"is_endless":false,"potions_floor_spawned":[],"killed_by":"3 Sentries","ascension_level":2}}