{"host":"oy4pyvr762z5n0bb","time":1609302741,"event":{"mods":["AchievementEnabler","BaseMod","Colored Map","Colored Powertips","Googly Eyes","Key Reminder","Minty Spire (QoL Compilation)","Quick Restart","Relic Sorter","StSLib","SuperFastMode","Unceasing Turn Reminder","slay the spire mod where everything is the same but ironclad has a cowboy hat"],"gold_per_floor":[117,133,148,122,136,136,164,164,164,12,12,45,114,45,45,174,174,188,203,29,29,47,47,65,106,160,184,184,184,219,244,244,244,244],"floor_reached":33,"playtime":18177,"items_purged":["Strike_R","Strike_R"],"score":474,"play_id":"485a8f24-be79-4a93-9344-b28b39a97d12","local_time":"20201229203221","is_ascension_mode":true,"campfire_choices":[{"data":"Cleave","floor":6.0,"key":"SMITH"},{"data":"Cleave","floor":8.0,"key":"SMITH"},{"floor":15.0,"key":"REST"},{"floor":23.0,"key":"REST"},{"floor":29.0,"key":"REST"},{"floor":32.0,"key":"REST"}],"circlet_count":0,"master_deck":["Strike_R+1","Strike_R+1","Strike_R+1","Defend_R+1","Defend_R+1","Defend_R+1","Defend_R+1","Bash+1","Thunderclap","Whirlwind+1","Infernal Blade","Cleave+1","Pommel Strike","Cleave+1","Metallicize","Carnage","Demon Form","Ghostly Armor+1","Ghostly Armor","Cleave+1","Shrug It Off","Thunderclap","Thunderclap","Cleave+1"],"relics":["Burning Blood","NeowsBlessing","Whetstone","Matryoshka","Golden Idol","Gambling Chip","Toy Ornithopter","Philosopher\u0027s Stone","Champion Belt","Strawberry","Red Skull","MutagenicStrength","Orichalcum"],"acts_visited":["Exordium","TheCity"],"potions_floor_usage":[33],"damage_taken":[{"damage":0.0,"enemies":"Cultist","floor":1.0,"turns":1.0},{"damage":0.0,"enemies":"Small Slimes","floor":2.0,"turns":1.0},{"damage":0.0,"enemies":"Jaw Worm","floor":3.0,"turns":1.0},{"damage":16.0,"enemies":"2 Fungi Beasts","floor":5.0,"turns":3.0},{"damage":30.0,"enemies":"3 Sentries","floor":7.0,"turns":7.0},{"damage":5.0,"enemies":"Gremlin Nob","floor":12.0,"turns":4.0},{"damage":22.0,"enemies":"Gremlin Nob","floor":13.0,"turns":4.0},{"damage":0.0,"enemies":"Slime Boss","floor":16.0,"turns":5.0},{"damage":23.0,"enemies":"Shell Parasite","floor":18.0,"turns":6.0},{"damage":11.0,"enemies":"Chosen","floor":19.0,"turns":4.0},{"damage":14.0,"enemies":"Snecko","floor":22.0,"turns":6.0},{"damage":27.0,"enemies":"Snake Plant","floor":24.0,"turns":5.0},{"damage":41.0,"enemies":"Book of Stabbing","floor":25.0,"turns":5.0},{"damage":15.0,"enemies":"Cultist and Chosen","floor":27.0,"turns":4.0},{"damage":20.0,"enemies":"Gremlin Leader","floor":30.0,"turns":4.0},{"damage":0.0,"enemies":"3 Cultists","floor":31.0,"turns":2.0},{"damage":67,"enemies":"Automaton","floor":33,"turns":6}],"seed_played":"3128841601882133959","potions_obtained":[{"floor":5.0,"key":"HeartOfIron"},{"floor":7.0,"key":"DistilledChaos"},{"floor":12.0,"key":"Energy Potion"},{"floor":16.0,"key":"FearPotion"},{"floor":18.0,"key":"BlessingOfTheForge"},{"floor":22.0,"key":"PowerPotion"},{"floor":25.0,"key":"LiquidBronze"},{"floor":31.0,"key":"AttackPotion"}],"is_trial":false,"path_per_floor":["M","M","M","$","M","R","E","R","T","$","?","E","?","$","R","B",null,"M","M","$","?","M","R","M","E","T","M","?","R","E","M","R","B"],"character_chosen":"IRONCLAD","items_purchased":["Cleave","Metallicize","Carnage","Ghostly Armor"],"campfire_rested":4,"item_purchase_floors":[4,10,14,20],"current_hp_per_floor":[78,80,80,80,70,70,46,46,46,46,46,47,31,31,53,69,73,56,51,51,51,43,65,44,19,26,17,17,41,32,38,62,0,0],"gold":244,"neow_bonus":"THREE_ENEMY_KILL","is_daily":false,"chose_seed":false,"campfire_upgraded":2,"win_rate":0.0,"timestamp":1609302741,"path_taken":["M","M","?","$","M","R","E","R","T","$","?","E","?","?","R","BOSS","M","M","$","?","M","R","M","E","T","M","?","R","E","M","R","BOSS"],"items_purchased_type":["Card","Card","Card","Card"],"build_version":"2020-12-22","purchased_purges":2,"victory":false,"max_hp_per_floor":[80,80,80,80,80,80,80,80,80,80,74,74,74,74,74,74,74,74,74,74,74,74,74,74,74,81,81,81,81,81,81,81,81,81],"card_choices":[{"not_picked":["Warcry","Intimidate"],"picked":"Thunderclap","floor":1.0},{"not_picked":["Havoc","Twin Strike"],"picked":"Whirlwind","floor":2.0},{"not_picked":["Iron Wave","Anger"],"picked":"Infernal Blade","floor":3.0},{"not_picked":["Rupture","Warcry"],"picked":"Pommel Strike","floor":5.0},{"not_picked":["Exhume","Metallicize"],"picked":"Cleave","floor":7.0},{"not_picked":["Havoc","Heavy Blade","Intimidate"],"picked":"SKIP","floor":12.0},{"not_picked":["Reaper","Berserk"],"picked":"Demon Form","floor":16.0},{"not_picked":["Armaments","Blood for Blood"],"picked":"Ghostly Armor+1","floor":18.0},{"not_picked":["Body Slam","Feel No Pain+1","Havoc"],"picked":"SKIP","floor":19.0},{"not_picked":["Blood for Blood","Warcry"],"picked":"Cleave+1","floor":22.0},{"not_picked":["Power Through","Iron Wave"],"picked":"Shrug It Off","floor":24.0},{"not_picked":["Iron Wave+1","Twin Strike"],"picked":"Thunderclap","floor":25.0},{"not_picked":["Anger","Demon Form"],"picked":"Thunderclap","floor":27.0},{"not_picked":["Warcry","Headbutt","Anger"],"picked":"SKIP","floor":30.0},{"not_picked":["Inflame","Rupture"],"picked":"Cleave+1","floor":31.0}],"player_experience":598457,"relics_obtained":[{"floor":7.0,"key":"Whetstone"},{"floor":9.0,"key":"Matryoshka"},{"floor":12.0,"key":"Gambling Chip"},{"floor":13.0,"key":"Toy Ornithopter"},{"floor":25.0,"key":"Champion Belt"},{"floor":26.0,"key":"Strawberry"},{"floor":26.0,"key":"Red Skull"},{"floor":30.0,"key":"Orichalcum"}],"event_choices":[{"damage_healed":0.0,"max_hp_gain":0.0,"max_hp_loss":6.0,"gold_gain":0.0,"event_name":"Golden Idol","player_choice":"Lose Max HP","floor":11.0,"gold_loss":0.0,"damage_taken":0.0,"relics_obtained":["Golden Idol"]},{"damage_healed":0.0,"max_hp_gain":0.0,"max_hp_loss":0.0,"gold_gain":0.0,"event_name":"Dead Adventurer","player_choice":"Searched \u00271\u0027 times","floor":13.0,"gold_loss":0.0,"damage_taken":0.0},{"damage_healed":0.0,"max_hp_gain":0.0,"max_hp_loss":0.0,"gold_gain":0.0,"event_name":"Back to Basics","player_choice":"Simplicity","floor":21.0,"gold_loss":0.0,"damage_taken":0.0,"cards_upgraded":["Strike_R","Strike_R","Strike_R","Defend_R","Defend_R","Defend_R","Defend_R"]},{"damage_healed":0.0,"max_hp_gain":0.0,"max_hp_loss":0.0,"gold_gain":0.0,"event_name":"Drug Dealer","player_choice":"Inject Mutagens","floor":28.0,"gold_loss":0.0,"damage_taken":0.0,"relics_obtained":["MutagenicStrength"]}],"is_beta":false,"boss_relics":[{"not_picked":["Tiny House","Pandora\u0027s Box"],"picked":"Philosopher\u0027s Stone"}],"items_purged_floors":[10,20],"is_endless":false,"potions_floor_spawned":[5,7,12,16,18,22,25,31],"killed_by":"Automaton","ascension_level":6}}