{"host":"hwrdjx5eod2cxh09","time":1609342965,"event":{"mods":["AchievementEnabler","BaseMod","Bestiary","Minty Spire (QoL Compilation)","Relic Stats"],"gold_per_floor":[16,34,50,61,71,71,88,88,88,98,127,127,145,176,176,276,276,288,303,173,173,190,190,209,209,209,243,253,265,280,291,291,386,386,406,418,437,67,67,67],"floor_reached":39,"playtime":2061,"items_purged":["Normality"],"score":423,"play_id":"d02d7eb7-7e98-4420-b349-2173ff06bcd4","local_time":"20201231004245","is_ascension_mode":false,"campfire_choices":[{"data":"Streamline","floor":6,"key":"SMITH"},{"data":"Gash","floor":8,"key":"SMITH"},{"floor":12,"key":"REST"},{"floor":15,"key":"REST"},{"floor":23,"key":"REST"},{"data":"Hologram","floor":25,"key":"SMITH"},{"floor":32,"key":"REST"}],"circlet_count":0,"master_deck":["Defend_B","Defend_B","Defend_B","Defend_B","Zap","Dualcast","All For One","Streamline+1","Sweeping Beam","Rebound","Leap","Gash+1","Rebound","Core Surge","Beam Cell","Hologram+1","FTL+1","Coolheaded+1","Chill+1","Hologram","Machine Learning","Reprogram+1","Darkness+1","Hologram+1","Go for the Eyes+1","Self Repair"],"relics":["Cracked Core","HornCleat","Tiny Chest","Kunai","Cursed Key","Omamori","Astrolabe","Ice Cream"],"acts_visited":["Exordium","TheCity","TheBeyond"],"potions_floor_usage":[7,16,16,27,28,33,33,37],"damage_taken":[{"damage":5,"enemies":"Small Slimes","floor":1,"turns":3},{"damage":8,"enemies":"2 Louse","floor":2,"turns":2},{"damage":1,"enemies":"Jaw Worm","floor":3,"turns":3},{"damage":8,"enemies":"3 Louse","floor":4,"turns":3},{"damage":4,"enemies":"Blue Slaver","floor":5,"turns":4},{"damage":6,"enemies":"Exordium Wildlife","floor":7,"turns":5},{"damage":5,"enemies":"Large Slime","floor":10,"turns":4},{"damage":13,"enemies":"3 Sentries","floor":11,"turns":7},{"damage":6,"enemies":"Red Slaver","floor":13,"turns":4},{"damage":14,"enemies":"Gremlin Nob","floor":14,"turns":4},{"damage":40,"enemies":"Slime Boss","floor":16,"turns":9},{"damage":10,"enemies":"2 Thieves","floor":18,"turns":4},{"damage":6,"enemies":"3 Byrds","floor":19,"turns":4},{"damage":12,"enemies":"Shelled Parasite and Fungi","floor":22,"turns":4},{"damage":0,"enemies":"3 Cultists","floor":24,"turns":4},{"damage":28,"enemies":"Book of Stabbing","floor":27,"turns":4},{"damage":0,"enemies":"Snecko","floor":28,"turns":3},{"damage":5,"enemies":"Cultist and Chosen","floor":29,"turns":5},{"damage":3,"enemies":"Snake Plant","floor":30,"turns":4},{"damage":1,"enemies":"Shelled Parasite and Fungi","floor":31,"turns":3},{"damage":49,"enemies":"Automaton","floor":33,"turns":15},{"damage":5,"enemies":"3 Shapes","floor":35,"turns":7},{"damage":19,"enemies":"Orb Walker","floor":36,"turns":5},{"damage":59,"enemies":"Sphere and 2 Shapes","floor":37,"turns":6},{"damage":9,"enemies":"Transient","floor":39,"turns":1}],"seed_played":"4059393301810756236","potions_obtained":[{"floor":2,"key":"DuplicationPotion"},{"floor":5,"key":"BlessingOfTheForge"},{"floor":10,"key":"SteroidPotion"},{"floor":11,"key":"PotionOfCapacity"},{"floor":13,"key":"SkillPotion"},{"floor":19,"key":"Explosive Potion"},{"floor":28,"key":"Dexterity Potion"},{"floor":30,"key":"EssenceOfSteel"},{"floor":33,"key":"PotionOfCapacity"}],"is_trial":false,"path_per_floor":["M","M","M","M","M","R","M","R","T","M","E","R","M","E","R","B",null,"M","M","$","?","M","R","M","R","T","E","M","M","M","M","R","B",null,"M","M","M","$","M"],"character_chosen":"DEFECT","items_purchased":["Hologram","Regen Potion","Ice Cream"],"campfire_rested":4,"item_purchase_floors":[20,20,38],"current_hp_per_floor":[70,62,61,53,49,49,43,43,43,38,25,47,41,27,49,9,75,65,59,59,59,47,69,69,69,69,41,41,36,33,32,54,5,75,70,51,1,1,0,0],"gold":67,"neow_bonus":"THREE_RARE_CARDS","is_daily":false,"chose_seed":false,"campfire_upgraded":3,"win_rate":0.0,"timestamp":1609342965,"path_taken":["M","M","M","M","M","R","M","R","T","M","E","R","M","E","R","BOSS","M","M","$","?","M","R","M","R","T","E","M","M","M","M","R","BOSS","M","M","M","$","M"],"items_purchased_type":["Card","Potion","Relic"],"build_version":"2020-12-22","purchased_purges":1,"victory":false,"max_hp_per_floor":[75,75,75,75,75,75,75,75,75,75,75,75,75,75,75,75,75,75,75,75,75,75,75,75,75,75,75,75,75,75,75,75,75,75,75,75,75,75,75,75],"relic_stats":{"counters":[25,117],"Astrolabe":["Reprogram","Darkness","Hologram"],"Tiny Chest":0,"Kunai":[47],"Cursed Key":1,"obtain_stats":[{"Ice Cream":38,"HornCleat":9,"Astrolabe":34,"Tiny Chest":11,"Omamori":27,"Kunai":14,"Cracked Core":0,"Cursed Key":17},{"Ice Cream":24,"HornCleat":6,"Astrolabe":21,"Tiny Chest":8,"Omamori":16,"Kunai":10,"Cracked Core":0,"Cursed Key":11},{"Ice Cream":116,"HornCleat":20,"Astrolabe":98,"Tiny Chest":31,"Omamori":68,"Kunai":39,"Cracked Core":0,"Cursed Key":48}]},"card_choices":[{"not_picked":["Seek","Biased Cognition"],"picked":"All For One","floor":0},{"not_picked":["Leap","Barrage"],"picked":"Streamline","floor":1},{"not_picked":["Aggregate","Stack","Barrage"],"picked":"SKIP","floor":2},{"not_picked":["Steam","Compile Driver"],"picked":"Sweeping Beam","floor":3},{"not_picked":["Sweeping Beam","BootSequence"],"picked":"Rebound","floor":4},{"not_picked":["Sweeping Beam","Rainbow"],"picked":"Leap","floor":5},{"not_picked":["Steam","Barrage"],"picked":"Gash","floor":7},{"not_picked":["Streamline","Sweeping Beam"],"picked":"Rebound","floor":10},{"not_picked":["Double Energy","Heatsinks","Cold Snap"],"picked":"SKIP","floor":11},{"not_picked":["Cold Snap","Rebound","Sweeping Beam"],"picked":"SKIP","floor":13},{"not_picked":["All For One","Rebound","Double Energy"],"picked":"SKIP","floor":14},{"not_picked":["Amplify","Buffer"],"picked":"Core Surge","floor":16},{"not_picked":["Darkness","Barrage+1"],"picked":"Beam Cell","floor":18},{"not_picked":["Sweeping Beam","Redo","Stack+1"],"picked":"SKIP","floor":19},{"not_picked":["Steam+1","Compile Driver"],"picked":"FTL+1","floor":22},{"not_picked":["Tempest","Static Discharge+1","Heatsinks+1"],"picked":"SKIP","floor":24},{"not_picked":["Heatsinks","Redo","Melter"],"picked":"SKIP","floor":27},{"not_picked":["Stack+1","Darkness"],"picked":"Coolheaded+1","floor":28},{"not_picked":["Rip and Tear","Darkness+1"],"picked":"Chill+1","floor":29},{"not_picked":["Biased Cognition","Auto Shields"],"picked":"Hologram","floor":30},{"not_picked":["Compile Driver","Auto Shields","Doom and Gloom+1"],"picked":"SKIP","floor":31},{"not_picked":["Core Surge","Thunder Strike"],"picked":"Machine Learning","floor":33},{"not_picked":["Heatsinks","Barrage+1","Leap+1"],"picked":"SKIP","floor":35},{"not_picked":["Ball Lightning","Blizzard"],"picked":"Go for the Eyes+1","floor":36},{"not_picked":["Static Discharge","Loop+1"],"picked":"Self Repair","floor":37}],"player_experience":111161,"relics_obtained":[{"floor":9,"key":"HornCleat"},{"floor":11,"key":"Tiny Chest"},{"floor":14,"key":"Kunai"},{"floor":27,"key":"Omamori"}],"event_choices":[{"cards_removed":["Strike_B"],"damage_healed":0,"gold_gain":0,"player_choice":"Elegance","damage_taken":0,"max_hp_gain":0,"max_hp_loss":0,"event_name":"Back to Basics","floor":21,"gold_loss":0}],"is_beta":false,"boss_relics":[{"not_picked":["Calling Bell","Black Star"],"picked":"Cursed Key"},{"not_picked":["Runic Dome","Busted Crown"],"picked":"Astrolabe"}],"items_purged_floors":[38],"is_endless":false,"potions_floor_spawned":[2,5,10,11,13,19,22,28,30,33,37],"killed_by":"Transient","ascension_level":0}}