{"host":"qc1sjgtdjonvdsd8","time":1609332595,"event":{"mods":["BaseMod","Colored Map","Colored Powertips","Curses Come First","Minty Spire (QoL Compilation)","Replay The Spire","StSLib"],"gold_per_floor":[109,121,132,5,19,19,19,19,19,19,32,32,44,57,57,160,160,173,263,274,286,297,322,322,153,153,187,201,217,242,260,260,260,260],"floor_reached":33,"playtime":3874,"items_purged":["Strike_R","Strike_R"],"score":303,"play_id":"c7b434bc-3742-427d-a007-2672c6c6ec40","local_time":"20201230044955","is_ascension_mode":false,"campfire_choices":[{"data":"Hemokinesis","floor":6,"key":"SMITH"},{"data":"Armaments","floor":8,"key":"SMITH"},{"data":"Entrench","floor":10,"key":"SMITH"},{"floor":15,"key":"REST"},{"floor":24,"key":"REST"},{"floor":32,"key":"REST"}],"circlet_count":0,"master_deck":["Strike_R","Strike_R","Defend_R","Defend_R","Defend_R","Defend_R","Bash","Entrench+1","Hemokinesis+1","ReplayTheSpireMod:Stacked","Armaments+1","Disarm","ReplayTheSpireMod:Stacked","Shrug It Off","Offering","Burning Pact","Rage","Metallicize","ReplayReversal+1","Warcry+1"],"relics":["Burning Blood","Torii","StrikeDummy","Nunchaku","Sozu","Centennial Puzzle","Ancient Tea Set","Anchor"],"acts_visited":["Exordium","TheCity"],"potions_floor_usage":[16,16,16],"damage_taken":[{"damage":8,"enemies":"Cultist","floor":1,"turns":5},{"damage":4,"enemies":"2 Louse","floor":2,"turns":3},{"damage":5,"enemies":"Small Slimes","floor":3,"turns":4},{"damage":27,"enemies":"Gremlin Gang","floor":5,"turns":5},{"damage":6,"enemies":"Exordium Thugs","floor":11,"turns":6},{"damage":2,"enemies":"Blue Slaver","floor":13,"turns":4},{"damage":2,"enemies":"Red Slaver","floor":14,"turns":4},{"damage":60,"enemies":"Fading Forest","floor":16,"turns":11},{"damage":15,"enemies":"2 Thieves","floor":18,"turns":5},{"damage":6,"enemies":"3 Byrds","floor":20,"turns":11},{"damage":13,"enemies":"Cultist and Chosen","floor":21,"turns":8},{"damage":6,"enemies":"Snake Plant","floor":22,"turns":4},{"damage":21,"enemies":"Slavers","floor":23,"turns":10},{"damage":16,"enemies":"Replay:Snechameleon","floor":27,"turns":8},{"damage":8,"enemies":"Snecko","floor":28,"turns":6},{"damage":10,"enemies":"Cultist and Chosen","floor":29,"turns":7},{"damage":28,"enemies":"Gremlin Leader","floor":30,"turns":11},{"damage":12,"enemies":"Centurion and Healer","floor":31,"turns":15},{"damage":41,"enemies":"Pondfish","floor":33,"turns":12}],"seed_played":"-227359936948874533","potions_obtained":[{"floor":3,"key":"FearPotion"},{"floor":5,"key":"DistilledChaos"},{"floor":11,"key":"ColorlessPotion"},{"floor":13,"key":"PowerPotion"}],"is_trial":false,"path_per_floor":["M","M","M","$","M","R","?","R","T","R","M","?","M","M","R","B",null,"M","?","M","M","M","E","R","$","T","E","M","M","E","M","R","B"],"character_chosen":"IRONCLAD","items_purchased":["Armaments","Metallicize"],"campfire_rested":3,"item_purchase_floors":[4,25],"current_hp_per_floor":[78,80,80,80,59,59,59,59,59,59,59,34,38,42,66,38,80,71,59,59,52,52,37,61,61,61,51,49,45,23,17,41,0,0],"gold":260,"neow_bonus":"RANDOM_EVENT","is_daily":false,"chose_seed":false,"campfire_upgraded":3,"win_rate":0.0,"timestamp":1609332595,"path_taken":["M","M","M","$","M","R","?","R","T","R","?","?","M","M","R","BOSS","M","?","M","M","?","E","R","$","T","E","M","M","E","M","R","BOSS"],"items_purchased_type":["Card","Card"],"build_version":"2020-12-22","purchased_purges":2,"victory":false,"max_hp_per_floor":[80,80,80,80,80,80,80,80,80,80,80,80,80,80,80,80,80,80,80,80,80,80,80,80,80,80,80,80,80,80,80,80,80,80],"card_choices":[{"not_picked":["Perfected Strike","ReplayTheSpireMod:Strike From Hell"],"picked":"Hemokinesis","floor":1},{"not_picked":["Dropkick","Flex"],"picked":"ReplayTheSpireMod:Stacked","floor":2},{"not_picked":["Sword Boomerang","Rupture","ReplayTheSpireMod:Strike From Hell"],"picked":"SKIP","floor":3},{"not_picked":["Anger","Dark Embrace"],"picked":"Disarm","floor":5},{"not_picked":["Hemogenesis","Headbutt"],"picked":"ReplayTheSpireMod:Stacked","floor":11},{"not_picked":["Twin Strike","Heavy Blade"],"picked":"Shrug It Off","floor":13},{"not_picked":["Thunderclap","Twin Strike","Entrench"],"picked":"SKIP","floor":14},{"not_picked":["Double Tap","Brutality"],"picked":"Offering","floor":16},{"not_picked":["Sever Soul","ReplayTheSpireMod:Strike From Hell+1","Pommel Strike"],"picked":"SKIP","floor":18},{"not_picked":["Twin Strike","Limit Break","Armaments"],"picked":"SKIP","floor":20},{"not_picked":["Cleave","Uppercut","Heavy Blade+1"],"picked":"SKIP","floor":21},{"not_picked":["Spot Weakness","Iron Wave+1"],"picked":"Burning Pact","floor":22},{"not_picked":["Clothesline","Heavy Blade"],"picked":"Rage","floor":23},{"not_picked":["Intimidate","Seeing Red+1"],"picked":"ReplayReversal+1","floor":27},{"not_picked":["Clothesline","Twin Strike","Cleave"],"picked":"SKIP","floor":28},{"not_picked":["Pommel Strike","Perfected Strike"],"picked":"Warcry+1","floor":29},{"not_picked":["Dropkick","Sentinel","Reckless Charge"],"picked":"SKIP","floor":30},{"not_picked":["ReplayTheSpireMod:Limb From Limb","Sword Boomerang","Replay:Undeath\u0027s Touch"],"picked":"SKIP","floor":31}],"player_experience":202012,"relics_obtained":[{"floor":9,"key":"StrikeDummy"},{"floor":23,"key":"Centennial Puzzle"},{"floor":27,"key":"Ancient Tea Set"},{"floor":30,"key":"Anchor"}],"event_choices":[{"damage_healed":0,"gold_gain":0,"cards_transformed":["Strike_R"],"player_choice":"Change","damage_taken":0,"max_hp_gain":0,"max_hp_loss":0,"event_name":"Living Wall","floor":0,"gold_loss":0,"cards_obtained":["Entrench"]},{"damage_healed":0,"gold_gain":0,"player_choice":"Gave Potion","damage_taken":0,"relics_obtained":["Torii"],"max_hp_gain":0,"max_hp_loss":0,"event_name":"WeMeetAgain","floor":7,"gold_loss":0},{"damage_healed":0,"gold_gain":0,"player_choice":"Success","damage_taken":25,"relics_obtained":["Nunchaku"],"max_hp_gain":0,"max_hp_loss":0,"event_name":"Scrap Ooze","floor":12,"gold_loss":0},{"damage_healed":0,"gold_gain":90,"player_choice":"GOLD ","damage_taken":12,"max_hp_gain":0,"max_hp_loss":0,"event_name":"Knowing Skull","floor":19,"potions_obtained":[],"gold_loss":0,"cards_obtained":[]}],"is_beta":false,"boss_relics":[{"not_picked":["Fusion Hammer","Ring of Chaos"],"picked":"Sozu"}],"items_purged_floors":[4,25],"is_endless":false,"potions_floor_spawned":[3,5,11,13,18,21,27,28,29,31],"killed_by":"Pondfish","ascension_level":0}}