{"host":"a9gsz7kv8aebwp1f","time":1609302949,"event":{"mods":["AchievementEnabler","BaseMod","Minty Spire (QoL Compilation)"],"gold_per_floor":[110,185,251,20,39,39,64,64,88,107,107,127,146,166,166,271,271,289,204,1,17,35,35,35],"floor_reached":23,"playtime":626,"items_purged":[],"score":290,"play_id":"6881e15c-620d-43e4-8cba-e359873f72ad","local_time":"20201230133549","is_ascension_mode":true,"campfire_choices":[{"data":"Disarm","floor":6,"key":"SMITH"},{"floor":11,"key":"REST"},{"floor":15,"key":"REST"}],"circlet_count":0,"master_deck":["AscendersBane","Strike_R","Strike_R","Strike_R","Strike_R","Strike_R","Defend_R","Defend_R","Defend_R","Defend_R","Bash+1","Disarm+1","Flex","Sever Soul","Cleave","Headbutt","True Grit","Twin Strike","Clash","Inflame","Impervious","Flex+1","Twin Strike","Flex"],"relics":["Black Blood","Omamori","Bronze Scales","Regal Pillow","Boot","Lee\u0027s Waffle"],"acts_visited":["Exordium","TheCity"],"potions_floor_usage":[7,18,18,23,23,23,23,23],"damage_taken":[{"damage":21,"enemies":"Small Slimes","floor":1,"turns":3},{"damage":3,"enemies":"2 Louse","floor":5,"turns":2},{"damage":51,"enemies":"Lagavulin","floor":7,"turns":6},{"damage":6,"enemies":"Cultist","floor":10,"turns":2},{"damage":11,"enemies":"Looter","floor":12,"turns":2},{"damage":24,"enemies":"Exordium Thugs","floor":13,"turns":4},{"damage":6,"enemies":"Red Slaver","floor":14,"turns":4},{"damage":62,"enemies":"Slime Boss","floor":16,"turns":8},{"damage":22,"enemies":"2 Thieves","floor":18,"turns":4},{"damage":33,"enemies":"Spheric Guardian","floor":21,"turns":3},{"damage":57,"enemies":"3 Cultists","floor":22,"turns":6},{"damage":33,"enemies":"Book of Stabbing","floor":23,"turns":2}],"seed_played":"3599075402079238718","potions_obtained":[{"floor":1,"key":"BloodPotion"},{"floor":8,"key":"SkillPotion"},{"floor":8,"key":"SneckoOil"},{"floor":8,"key":"SneckoOil"},{"floor":10,"key":"LiquidBronze"},{"floor":14,"key":"HeartOfIron"},{"floor":21,"key":"Ancient Potion"},{"floor":22,"key":"EntropicBrew"}],"is_trial":false,"path_per_floor":["M","?","?","$","M","R","E","?","T","M","R","M","M","M","R","B",null,"M","?","$","M","M","E"],"character_chosen":"IRONCLAD","items_purchased":["Omamori","Flex","Sever Soul","Lee\u0027s Waffle","ColorlessPotion"],"campfire_rested":2,"item_purchase_floors":[4,4,4,20,20],"current_hp_per_floor":[57,46,46,46,49,49,20,20,20,20,59,54,36,36,75,19,65,55,55,87,66,21,0,0],"gold":35,"neow_bonus":"UPGRADE_CARD","is_daily":false,"chose_seed":false,"campfire_upgraded":1,"win_rate":0.0,"timestamp":1609302949,"path_taken":["M","?","?","$","M","R","E","?","T","M","R","?","M","M","R","BOSS","M","?","$","M","M","E"],"items_purchased_type":["Relic","Card","Card","Relic","Potion"],"build_version":"2020-12-22","purchased_purges":0,"victory":false,"max_hp_per_floor":[80,80,80,80,80,80,80,80,80,80,80,80,80,80,80,80,80,80,80,87,87,87,87,87],"card_choices":[{"not_picked":["Rupture","Shrug It Off"],"picked":"Disarm","floor":1},{"not_picked":["Dark Embrace","Intimidate"],"picked":"Cleave","floor":5},{"not_picked":["Clash","Havoc"],"picked":"Headbutt","floor":7},{"not_picked":["Thunderclap","Metallicize"],"picked":"True Grit","floor":10},{"not_picked":["Ghostly Armor","Body Slam"],"picked":"Twin Strike","floor":12},{"not_picked":["Dark Embrace","Spot Weakness"],"picked":"Clash","floor":13},{"not_picked":["Sword Boomerang","Sentinel"],"picked":"Inflame","floor":14},{"not_picked":["Barricade","Double Tap"],"picked":"Impervious","floor":16},{"not_picked":["Perfected Strike+1","Twin Strike"],"picked":"Flex+1","floor":18},{"not_picked":["Clothesline","Heavy Blade"],"picked":"Twin Strike","floor":21},{"not_picked":["Searing Blow","Clothesline"],"picked":"Flex","floor":22}],"player_experience":449173,"relics_obtained":[{"floor":7,"key":"Bronze Scales"},{"floor":9,"key":"Regal Pillow"}],"event_choices":[{"damage_healed":0,"gold_gain":75,"player_choice":"Gather Gold","damage_taken":11,"max_hp_gain":0,"max_hp_loss":0,"event_name":"World of Goop","floor":2,"gold_loss":0},{"damage_healed":0,"gold_gain":66,"player_choice":"Gained Gold","damage_taken":0,"max_hp_gain":0,"max_hp_loss":0,"event_name":"Golden Wing","floor":3,"gold_loss":0},{"damage_healed":0,"gold_gain":0,"player_choice":"Got Potions","damage_taken":0,"max_hp_gain":0,"max_hp_loss":0,"event_name":"Lab","floor":8,"gold_loss":0},{"damage_healed":0,"gold_gain":0,"player_choice":"Obtained Relic","damage_taken":0,"relics_obtained":["Boot"],"max_hp_gain":0,"max_hp_loss":0,"event_name":"Addict","floor":19,"gold_loss":85}],"is_beta":false,"boss_relics":[{"not_picked":["Tiny House","Runic Pyramid"],"picked":"Black Blood"}],"items_purged_floors":[],"is_endless":false,"potions_floor_spawned":[1,10,14,21,22],"killed_by":"Book of Stabbing","ascension_level":10}}