{"host":"zksvs3x2ysy9npnz","time":1609291141,"event":{"mods":["Aspiration","BaseMod","Beaked The Cultist","BetterRewards","Clockwork Mod","Conspire","Downfall","Duelist Mod","Energized Spire","Halation","Infinite Spire","Jedi Mod","Minty Spire (QoL Compilation)","Quick Restart","Random Character Button","Relic Stats","Replay The Spire","Shop Mod","StSLib","The Blackbeard","The Bladedancer","The Construct"],"gold_per_floor":[137,151,151,167,167,167,187,215,242,242,258,183,183,202,202,280,280,294,294,294,294,294,294,345,345,345,376,409,409,446,496,496,516,516],"floor_reached":33,"playtime":18547,"items_purged":["theDuelist:Sparks"],"score":620,"play_id":"3a291e59-7f83-44dc-84ff-41405c09a8cd","local_time":"20201230021901","is_ascension_mode":true,"campfire_choices":[{"data":"theDuelist:GishkiPsychelone","floor":6,"key":"SMITH"},{"data":"theDuelist:CatapultTurtle","floor":10,"key":"SMITH"},{"data":"theDuelist:Akihiron","floor":15,"key":"SMITH"},{"floor":23,"key":"REST"},{"floor":25,"key":"REST"},{"floor":32,"key":"REST"}],"circlet_count":0,"master_deck":["theDuelist:SevenColoredFish","theDuelist:SevenColoredFish","theDuelist:AquaSpirit","theDuelist:CastleWalls","theDuelist:CastleWalls","AscendersBane","theDuelist:IslandTurtle","theDuelist:IslandTurtle","theDuelist:RevivalJam","theDuelist:Sparks","theDuelist:AtlanteanAttackSquad","theDuelist:Akihiron+1","infinitespire:Fortify","theDuelist:GishkiPsychelone+1","theDuelist:CatapultTurtle+1","theDuelist:IslandTurtle","theDuelist:AbyssWarrior","theDuelist:GishkiEmilia","theDuelist:ColdEnchanter","theDuelist:OldWhiteTurtle","theDuelist:Nameless:Magic:SpiralSpearStrike","theDuelist:Nameless:Power:SpiralSpearStrike","theDuelist:Nameless:Greed:BerserkerCrush","theDuelist:FishRain","theDuelist:BoulderTortoise","theDuelist:FluteKuriboh","theDuelist:GishkiReliever"],"relics":["theDuelist:MillenniumPuzzle","theDuelist:CardPoolRelic","theDuelist:CardPoolBasicRelic","theDuelist:BoosterPackPoolRelic","theDuelist:CardPoolAddRelic","theDuelist:CardPoolMinusRelic","theDuelist:CardPoolSaveRelic","theDuelist:CardPoolOptionsRelic","Replay:Kaleidoscope","halation:Yufonium","theDuelist:FlowToken","PreservedInsect","infinitespire:CheckeredPen","jedi:arcanewood"],"acts_visited":["Exordium","TheCity"],"potions_floor_usage":[11,16,24,33],"damage_taken":[{"damage":0,"enemies":"conspire:RoseBush","floor":1,"turns":5},{"damage":2,"enemies":"2 Louse","floor":2,"turns":3},{"damage":4,"enemies":"Jaw Worm","floor":4,"turns":5},{"damage":0,"enemies":"Exordium Wildlife","floor":7,"turns":6},{"damage":3,"enemies":"3 Sentries","floor":8,"turns":4},{"damage":14,"enemies":"Red Slaver","floor":11,"turns":4},{"damage":6,"enemies":"3 Louse","floor":14,"turns":3},{"damage":5,"enemies":"Hexaghost","floor":16,"turns":7},{"damage":27,"enemies":"3 Byrds","floor":18,"turns":4},{"damage":0,"enemies":"theDuelist:KaibaA2","floor":24,"turns":5},{"damage":11,"enemies":"Shell Parasite","floor":27,"turns":3},{"damage":12,"enemies":"Snake Plant","floor":28,"turns":3},{"damage":11,"enemies":"Sentry and Sphere","floor":30,"turns":5},{"damage":6,"enemies":"conspire:Head Lice","floor":31,"turns":5},{"damage":41,"enemies":"Champ","floor":33,"turns":6}],"seed_played":"2701827269123125477","potions_obtained":[{"floor":2,"key":"theDuelist:FreezingPotion"},{"floor":4,"key":"theDuelist:ElectricBrew"},{"floor":11,"key":"Fruit Juice"},{"floor":18,"key":"SkillPotion"},{"floor":28,"key":"SkillPotion"},{"floor":31,"key":"theDuelist:WhiteBottle"}],"is_trial":false,"path_per_floor":["M","M","?","M","?","R","M","E","T","R","M","$","?","M","R","B",null,"M","?","?","?","?","R","E","R","T","M","M","?","M","E","R","B"],"character_chosen":"THE_DUELIST","items_purchased":[],"campfire_rested":3,"item_purchase_floors":[],"current_hp_per_floor":[63,61,44,40,40,40,40,37,37,37,28,28,28,22,22,17,54,27,23,23,23,15,34,34,53,53,42,30,30,19,13,32,0,0],"gold":516,"neow_bonus":"ONE_RANDOM_RARE_CARD","is_daily":false,"chose_seed":false,"campfire_upgraded":3,"win_rate":0.0,"timestamp":1609291141,"path_taken":["M","M","?","M","?","R","M","E","T","R","?","$","?","?","R","BOSS","M","?","?","?","?","R","E","R","T","M","?","?","?","E","R","BOSS"],"items_purchased_type":[],"build_version":"2020-12-22","purchased_purges":1,"victory":false,"max_hp_per_floor":[70,70,70,70,70,70,67,64,64,64,66,66,66,66,66,66,66,66,66,66,66,66,66,66,66,66,66,66,66,66,66,66,66,66],"relic_stats":{"counters":[15,63],"PreservedInsect":41,"obtain_stats":[{"halation:Yufonium":17,"PreservedInsect":24,"theDuelist:MillenniumPuzzle":0,"theDuelist:CardPoolSaveRelic":0,"Replay:Kaleidoscope":8,"infinitespire:CheckeredPen":26,"theDuelist:FlowToken":22,"theDuelist:BoosterPackPoolRelic":0,"theDuelist:CardPoolMinusRelic":0,"theDuelist:CardPoolBasicRelic":0,"theDuelist:CardPoolAddRelic":0,"theDuelist:CardPoolOptionsRelic":0,"jedi:arcanewood":31,"theDuelist:CardPoolRelic":0},{"halation:Yufonium":8,"PreservedInsect":10,"theDuelist:MillenniumPuzzle":0,"theDuelist:CardPoolSaveRelic":0,"Replay:Kaleidoscope":5,"infinitespire:CheckeredPen":10,"theDuelist:FlowToken":9,"theDuelist:BoosterPackPoolRelic":0,"theDuelist:CardPoolMinusRelic":0,"theDuelist:CardPoolBasicRelic":0,"theDuelist:CardPoolAddRelic":0,"theDuelist:CardPoolOptionsRelic":0,"jedi:arcanewood":14,"theDuelist:CardPoolRelic":0},{"halation:Yufonium":36,"PreservedInsect":44,"theDuelist:MillenniumPuzzle":0,"theDuelist:CardPoolSaveRelic":0,"Replay:Kaleidoscope":23,"infinitespire:CheckeredPen":44,"theDuelist:FlowToken":39,"theDuelist:BoosterPackPoolRelic":0,"theDuelist:CardPoolMinusRelic":0,"theDuelist:CardPoolBasicRelic":0,"theDuelist:CardPoolAddRelic":0,"theDuelist:CardPoolOptionsRelic":0,"jedi:arcanewood":57,"theDuelist:CardPoolRelic":0}]},"card_choices":[{"not_picked":["theDuelist:RevivalJam","theDuelist:EnchantingMermaid","theDuelist:BubbleBringer","theDuelist:ArmoredStarfish"],"picked":"theDuelist:Akihiron","floor":1},{"not_picked":["theDuelist:LightningVortex","theDuelist:BattleOx","theDuelist:GilfordLegend","theDuelist:HammerShot","theDuelist:BlizzardDefender"],"picked":"SKIP","floor":2},{"not_picked":["infinitespire:Punishment","infinitespire:TheBestDefense"],"picked":"infinitespire:Fortify","floor":3},{"not_picked":["theDuelist:TripodFish","theDuelist:TorrentialReborn"],"picked":"theDuelist:GishkiPsychelone","floor":4},{"not_picked":["theDuelist:ToadallyAwesome","theDuelist:NimbleAngler","theDuelist:CyberShark","theDuelist:FishborgArcher"],"picked":"theDuelist:CatapultTurtle","floor":7},{"not_picked":["theDuelist:Dorover","theDuelist:CatShark","theDuelist:GraydleCombat","theDuelist:WaterHazard"],"picked":"theDuelist:IslandTurtle","floor":8},{"not_picked":["theDuelist:SevenColoredFish","theDuelist:EagleShark","theDuelist:CatShark","theDuelist:AquaSpirit"],"picked":"theDuelist:AbyssWarrior","floor":11},{"not_picked":["theDuelist:GishkiReliever","theDuelist:GishkiBeast","theDuelist:GishkiAvance","theDuelist:GishkiPsychelone"],"picked":"theDuelist:GishkiEmilia","floor":14},{"not_picked":["theDuelist:MorayGreed","theDuelist:EvigishkiSoulOgre","theDuelist:DewlorenTigerKing","theDuelist:AtlanteanAttackSquad"],"picked":"theDuelist:ColdEnchanter","floor":16},{"not_picked":["theDuelist:SpearfishSoldier","theDuelist:AquaSnake","theDuelist:Wingedtortoise","theDuelist:Cryomancer"],"picked":"theDuelist:OldWhiteTurtle","floor":18},{"not_picked":["theDuelist:TorrentialTribute","theDuelist:ImperialCustom","theDuelist:FishRain","theDuelist:FishDepthCharge","theDuelist:BubbleBringer"],"picked":"SKIP","floor":24},{"not_picked":["theDuelist:TorrentialTribute","theDuelist:OhFish","theDuelist:ImperialCustom","theDuelist:GraydleParasite"],"picked":"theDuelist:FishRain","floor":27},{"not_picked":["theDuelist:IslandTurtle","theDuelist:EvigishkiTetrogre","theDuelist:Boneheimer","theDuelist:OldWhiteTurtle"],"picked":"theDuelist:BoulderTortoise","floor":28},{"not_picked":["theDuelist:BlizzardDefender","theDuelist:FeatherPho","theDuelist:BlueBloodedOni","theDuelist:Ameba"],"picked":"theDuelist:FluteKuriboh","floor":30},{"not_picked":["theDuelist:FishDepthCharge","theDuelist:GiantRedSeasnake","theDuelist:AbyssDweller","theDuelist:Unifrog"],"picked":"theDuelist:GishkiReliever","floor":31}],"player_experience":1943810,"relics_obtained":[{"floor":8,"key":"Replay:Kaleidoscope"},{"floor":24,"key":"PreservedInsect"},{"floor":26,"key":"infinitespire:CheckeredPen"},{"floor":31,"key":"jedi:arcanewood"}],"event_choices":[{"damage_healed":0,"gold_gain":0,"player_choice":"Leave","duelist":true,"damage_taken":0,"max_hp_gain":0,"max_hp_loss":0,"event_name":"Relic Duplicator","floor":5,"gold_loss":0},{"damage_healed":0,"gold_gain":0,"player_choice":"Leave","duelist":true,"damage_taken":0,"max_hp_gain":0,"max_hp_loss":0,"event_name":"Millennium Items","floor":13,"gold_loss":0},{"damage_healed":0,"gold_gain":0,"player_choice":"Leave","damage_taken":0,"max_hp_gain":0,"max_hp_loss":0,"event_name":"conspire:Investor","floor":19,"gold_loss":0},{"damage_healed":0,"gold_gain":0,"player_choice":"Leave","duelist":true,"damage_taken":0,"max_hp_gain":0,"max_hp_loss":0,"event_name":"Egyptian Village","floor":20,"gold_loss":0},{"power_reward":4,"total_magic_score":58,"gold_gain":0,"greed_reward":4,"duelist":true,"damage_taken":0,"relics_obtained":[],"points":14,"max_hp_gain":0,"max_hp_loss":0,"spent_points":{"magic":4,"greed":4,"war":0,"power":4,"hunger":2},"event_name":"Nameless Tomb","floor":21,"gold_loss":0,"magic_reward":4,"cards_obtained":["theDuelist:Nameless:Magic:SpiralSpearStrike","theDuelist:Nameless:Power:SpiralSpearStrike","theDuelist:Nameless:Greed:BerserkerCrush"]},{"damage_healed":0,"gold_gain":0,"player_choice":"Dig - random Duelist relic","duelist":true,"damage_taken":0,"max_hp_gain":0,"max_hp_loss":0,"event_name":"Aknamkanon\u0027s Tomb","floor":22,"gold_loss":0},{"damage_healed":0,"gold_gain":0,"player_choice":"Leave","duelist":true,"damage_taken":0,"max_hp_gain":0,"max_hp_loss":0,"event_name":"Relic Duplicator","floor":29,"gold_loss":0}],"is_beta":false,"boss_relics":[{"not_picked":["conspire:SeveredTorchhead","Runic Cube"],"picked":"halation:Yufonium"}],"items_purged_floors":[12],"is_endless":false,"potions_floor_spawned":[2,4,7,11,18,28,31],"killed_by":"Champ","ascension_level":20}}