{"host":"qwttrqaysb380yri","time":1609354954,"event":{"mods":["BaseMod","Custom Start","Minty Spire (QoL Compilation)","Permanent Neow","Puzzle Mod","Relic Stats","StSLib","The Cursed","The Hierophant"],"gold_per_floor":[111,127,127,205,222,256,282,282,329,344,378,343,376,51,51,125,125,137,137,80,98,117,117,145,145,172,202,202,301,314,334,334,412,412,429,429,443,443,443,474,474,120,120,137,155,155,169,204,204,204,204],"floor_reached":50,"playtime":1792,"items_purged":["Strike_G","Writhe"],"score":1034,"play_id":"f24e51ee-147d-45df-a395-dff99ce60426","local_time":"20201230200234","is_ascension_mode":true,"campfire_choices":[{"data":"Skewer","floor":8,"key":"SMITH"},{"floor":15,"key":"REST"},{"floor":23,"key":"REST"},{"data":"Malaise","floor":25,"key":"SMITH"},{"data":"Bouncing Flask","floor":28,"key":"SMITH"},{"floor":32,"key":"REST"},{"data":"Footwork","floor":41,"key":"SMITH"},{"floor":49,"key":"REST"}],"circlet_count":0,"master_deck":["AscendersBane","Strike_G+1","Strike_G","Strike_G","Strike_G","Defend_G","Defend_G","Defend_G","Defend_G","Defend_G+1","Survivor","Neutralize+1","Dagger Spray","All Out Attack+1","Skewer+1","Corpse Explosion","Deadly Poison","Bane","Escape Plan","Bouncing Flask+1","Poisoned Stab","Malaise+1","Deadly Poison","Bane+1","Well Laid Plans","Backflip","Bullet Time","Dodge and Roll","Bullet Time","Footwork+1","Backflip","Catalyst","Night Terror","Acrobatics+1"],"relics":["Ring of the Snake","Akabeko","Toy Ornithopter","Odd Mushroom","Whetstone","Vajra","Incense Burner","Toolbox","Philosopher\u0027s Stone","Enchiridion","Regal Pillow","CaptainsWheel","Boot","Centennial Puzzle","SacredBark","Pantograph","PreservedInsect","Question Card","Pear"],"acts_visited":["Exordium","TheCity","TheBeyond"],"potions_floor_usage":[6,11,11,13,16,24,27,33,40,45,48,50],"damage_taken":[{"damage":6,"enemies":"Jaw Worm","floor":1,"turns":8},{"damage":0,"enemies":"Small Slimes","floor":2,"turns":4},{"damage":0,"enemies":"2 Louse","floor":5,"turns":1},{"damage":5,"enemies":"3 Sentries","floor":6,"turns":4},{"damage":0,"enemies":"The Mushroom Lair","floor":7,"turns":1},{"damage":13,"enemies":"Blue Slaver","floor":10,"turns":3},{"damage":15,"enemies":"Lagavulin","floor":11,"turns":4},{"damage":15,"enemies":"3 Sentries","floor":13,"turns":5},{"damage":19,"enemies":"Slime Boss","floor":16,"turns":8},{"damage":6,"enemies":"Chosen","floor":18,"turns":3},{"damage":2,"enemies":"2 Thieves","floor":21,"turns":2},{"damage":14,"enemies":"Cultist and Chosen","floor":22,"turns":2},{"damage":0,"enemies":"Slavers","floor":24,"turns":1},{"damage":0,"enemies":"Gremlin Leader","floor":27,"turns":5},{"damage":9,"enemies":"Snake Plant","floor":30,"turns":4},{"damage":27,"enemies":"Shelled Parasite and Fungi","floor":31,"turns":5},{"damage":23,"enemies":"Automaton","floor":33,"turns":9},{"damage":8,"enemies":"3 Shapes","floor":35,"turns":3},{"damage":20,"enemies":"3 Darklings","floor":37,"turns":3},{"damage":8,"enemies":"Nemesis","floor":40,"turns":5},{"damage":2,"enemies":"Transient","floor":44,"turns":5},{"damage":14,"enemies":"Spire Growth","floor":45,"turns":4},{"damage":0,"enemies":"Jaw Worm Horde","floor":47,"turns":2},{"damage":3,"enemies":"Giant Head","floor":48,"turns":5},{"damage":67,"enemies":"Awakened One","floor":50,"turns":7}],"seed_played":"3233369785211670907","potions_obtained":[{"floor":2,"key":"Weak Potion"},{"floor":5,"key":"Energy Potion"},{"floor":6,"key":"DuplicationPotion"},{"floor":11,"key":"ColorlessPotion"},{"floor":22,"key":"SteroidPotion"},{"floor":24,"key":"Swift Potion"},{"floor":31,"key":"SkillPotion"},{"floor":35,"key":"GamblersBrew"},{"floor":40,"key":"Strength Potion"},{"floor":47,"key":"CunningPotion"}],"is_trial":false,"path_per_floor":["M","M","?","?","M","E","?","R","T","M","E","?","E","$","R","B",null,"M","?","?","M","M","R","E","R","T","E","R","?","M","M","R","B",null,"M","?","M","?","?","E","R","$","T","M","M","?","M","E","R","B"],"character_chosen":"THE_SILENT","items_purchased":["Poisoned Stab","Fire Potion","Toolbox","Backflip","PreservedInsect","Poison Potion"],"campfire_rested":4,"item_purchase_floors":[14,14,14,42,42,42],"current_hp_per_floor":[53,53,40,40,40,35,35,35,35,22,17,33,23,23,42,28,57,51,35,35,33,19,53,58,58,58,63,63,63,54,27,61,43,60,52,42,22,39,39,36,36,36,36,34,25,25,25,37,74,9,9],"gold":204,"neow_bonus":"RANDOM_COMMON_RELIC","is_daily":false,"chose_seed":false,"campfire_upgraded":4,"win_rate":0.0,"timestamp":1609354954,"path_taken":["M","M","?","?","M","E","?","R","T","M","E","?","E","$","R","BOSS","M","?","?","?","M","R","E","R","T","E","R","?","M","M","R","BOSS","M","?","M","?","?","E","R","$","T","?","M","?","M","E","R","BOSS"],"items_purchased_type":["Card","Potion","Relic","Card","Relic","Potion"],"build_version":"2020-12-22","purchased_purges":2,"victory":false,"max_hp_per_floor":[66,66,66,66,66,66,66,66,66,66,66,66,66,66,66,66,66,66,66,66,66,66,66,66,66,66,66,66,66,66,66,66,66,66,66,66,66,66,66,66,66,66,66,66,66,66,66,76,76,76,76],"relic_stats":{"Regal Pillow":45,"Centennial Puzzle":[30],"counters":[25,103],"Pantograph":2,"PreservedInsect":130,"Whetstone":["All Out Attack","Neutralize"],"Boot":[33],"Question Card":4,"obtain_stats":[{"Regal Pillow":20,"Pear":48,"SacredBark":34,"Vajra":11,"Enchiridion":19,"PreservedInsect":42,"Incense Burner":13,"Whetstone":9,"Odd Mushroom":7,"Boot":26,"Question Card":43,"Akabeko":0,"CaptainsWheel":24,"Centennial Puzzle":27,"Pantograph":40,"Toolbox":14,"Philosopher\u0027s Stone":17,"Toy Ornithopter":6,"Ring of the Snake":0},{"Regal Pillow":10,"Pear":24,"SacredBark":17,"Vajra":7,"Enchiridion":10,"PreservedInsect":20,"Incense Burner":8,"Whetstone":5,"Odd Mushroom":5,"Boot":13,"Question Card":20,"Akabeko":0,"CaptainsWheel":13,"Centennial Puzzle":14,"Pantograph":20,"Toolbox":8,"Philosopher\u0027s Stone":9,"Toy Ornithopter":4,"Ring of the Snake":0},{"Regal Pillow":41,"Pear":96,"SacredBark":69,"Vajra":25,"Enchiridion":41,"PreservedInsect":80,"Incense Burner":30,"Whetstone":18,"Odd Mushroom":18,"Boot":46,"Question Card":80,"Akabeko":0,"CaptainsWheel":46,"Centennial Puzzle":51,"Pantograph":80,"Toolbox":30,"Philosopher\u0027s Stone":38,"Toy Ornithopter":17,"Ring of the Snake":0}],"Toy Ornithopter":50,"Ring of the Snake":[50]},"card_choices":[{"not_picked":["Flying Knee","Cloak And Dagger"],"picked":"Dagger Spray","floor":1},{"not_picked":["Acrobatics","Underhanded Strike"],"picked":"All Out Attack","floor":2},{"not_picked":["Footwork","Sucker Punch"],"picked":"Skewer","floor":5},{"not_picked":["Dodge and Roll","Underhanded Strike"],"picked":"Corpse Explosion","floor":6},{"not_picked":["Distraction","Underhanded Strike"],"picked":"Deadly Poison","floor":7},{"not_picked":["PiercingWail","Sucker Punch"],"picked":"Bane","floor":10},{"not_picked":["Acrobatics","Skewer"],"picked":"Escape Plan","floor":11},{"not_picked":["Bane","Infinite Blades"],"picked":"Bouncing Flask","floor":13},{"not_picked":["Unload","Venomology"],"picked":"Malaise","floor":16},{"not_picked":["Dagger Spray","Deflect"],"picked":"Deadly Poison","floor":18},{"not_picked":["Sucker Punch","Blade Dance","Prepared"],"picked":"SKIP","floor":21},{"not_picked":["Acrobatics","Concentrate"],"picked":"Bane+1","floor":22},{"not_picked":["Flying Knee","Infinite Blades"],"picked":"Well Laid Plans","floor":24},{"not_picked":["Dodge and Roll","Expertise","Deflect"],"picked":"SKIP","floor":27},{"not_picked":["Dodge and Roll","Expertise","Deflect"],"picked":"SKIP","floor":27},{"not_picked":["Poisoned Stab","Setup","Backstab"],"picked":"SKIP","floor":30},{"not_picked":["Dagger Throw","Dagger Spray"],"picked":"Backflip","floor":31},{"not_picked":["Glass Knife","Phantasmal Killer"],"picked":"Bullet Time","floor":33},{"not_picked":["Poisoned Stab+1","Sucker Punch","Riddle With Holes"],"picked":"SKIP","floor":35},{"not_picked":["Quick Slash","Bane"],"picked":"Dodge and Roll","floor":37},{"not_picked":["Cloak And Dagger","Reflex"],"picked":"Footwork","floor":40},{"not_picked":["All Out Attack","Dagger Spray","Eviscerate"],"picked":"Catalyst","floor":44},{"not_picked":["PiercingWail","Riddle With Holes","Bane"],"picked":"Night Terror","floor":45},{"not_picked":["Concentrate","Skewer","Dagger Spray"],"picked":"Acrobatics+1","floor":47},{"not_picked":["Accuracy","Outmaneuver","Concentrate","Storm of Steel"],"picked":"SKIP","floor":48}],"player_experience":1958726,"relics_obtained":[{"floor":6,"key":"Toy Ornithopter"},{"floor":7,"key":"Odd Mushroom"},{"floor":9,"key":"Whetstone"},{"floor":11,"key":"Vajra"},{"floor":13,"key":"Incense Burner"},{"floor":19,"key":"Enchiridion"},{"floor":24,"key":"CaptainsWheel"},{"floor":26,"key":"Boot"},{"floor":27,"key":"Centennial Puzzle"},{"floor":40,"key":"Pantograph"},{"floor":43,"key":"Question Card"},{"floor":48,"key":"Pear"}],"event_choices":[{"damage_healed":0,"gold_gain":0,"player_choice":"Entered Light","damage_taken":13,"max_hp_gain":0,"max_hp_loss":0,"event_name":"Shining Light","floor":3,"gold_loss":0,"cards_upgraded":["Defend_G","Strike_G"]},{"damage_healed":0,"gold_gain":78,"player_choice":"Gained Gold","damage_taken":0,"max_hp_gain":0,"max_hp_loss":0,"event_name":"Golden Wing","floor":4,"gold_loss":0},{"damage_healed":0,"gold_gain":0,"player_choice":"Fought Mushrooms","damage_taken":0,"max_hp_gain":0,"max_hp_loss":0,"event_name":"Mushrooms","floor":7,"gold_loss":0},{"damage_healed":16,"gold_gain":0,"player_choice":"Healed","damage_taken":0,"max_hp_gain":0,"max_hp_loss":0,"event_name":"The Cleric","floor":12,"gold_loss":35},{"damage_healed":0,"gold_gain":0,"player_choice":"Obtained Book","damage_taken":16,"max_hp_gain":0,"max_hp_loss":0,"event_name":"Cursed Tome","floor":19,"gold_loss":0},{"damage_healed":0,"gold_gain":0,"player_choice":"Paid Gold","damage_taken":0,"relics_obtained":["Regal Pillow"],"max_hp_gain":0,"max_hp_loss":0,"event_name":"WeMeetAgain","floor":20,"gold_loss":57},{"damage_healed":0,"gold_gain":99,"player_choice":"Stole From Cult","damage_taken":0,"max_hp_gain":0,"max_hp_loss":0,"event_name":"Nest","floor":29,"gold_loss":0},{"damage_healed":0,"gold_gain":0,"player_choice":"Memory 3","damage_taken":10,"max_hp_gain":0,"max_hp_loss":0,"event_name":"SensoryStone","floor":36,"gold_loss":0},{"damage_healed":17,"gold_gain":0,"player_choice":"Writhe","damage_taken":0,"max_hp_gain":0,"max_hp_loss":0,"event_name":"Winding Halls","floor":38,"gold_loss":0,"cards_obtained":["Writhe"]},{"damage_healed":0,"gold_gain":0,"player_choice":"Copied","damage_taken":0,"max_hp_gain":0,"max_hp_loss":0,"event_name":"Duplicator","floor":39,"gold_loss":0,"cards_obtained":["Bullet Time"]},{"damage_healed":0,"gold_gain":0,"player_choice":"Ignored","damage_taken":0,"max_hp_gain":0,"max_hp_loss":0,"event_name":"SecretPortal","floor":46,"gold_loss":0}],"is_beta":false,"boss_relics":[{"not_picked":["Coffee Dripper","Fusion Hammer"],"picked":"Philosopher\u0027s Stone"},{"not_picked":["SlaversCollar","Busted Crown"],"picked":"SacredBark"}],"items_purged_floors":[14,42],"is_endless":false,"potions_floor_spawned":[2,5,6,11,22,24,31,35,40,44,47],"killed_by":"Awakened One","ascension_level":14}}