{"host":"0cnf9zf1gia27zti","time":1609339997,"event":{"mods":["BaseMod","BetterRewards","Card Forge","Colored Map","Colored Powertips","Conspire","Downfall","Googly Eyes","Minty Spire (QoL Compilation)","Practice Mode","Quick Restart","Replay The Spire","Shade Mod","Spicy Shops","StSLib"],"gold_per_floor":[111,37,52,52,70,70,80,2,25,57,132,132,132,159,176,193,193,291,291,302,262,295,325,368,380,420,432,444,456,483,495,111,145,145,248,248,260,6,22,69,94,94,121,131,131,131,168,168,16,43,43,43],"floor_reached":53,"playtime":43909,"items_purged":["ReplayTheSpireMod:Restless Dread"],"score":1557,"play_id":"832c3812-e36f-4ef2-9669-dbdf504c6212","local_time":"20201230145317","daily_mods":["SealedDeck","Colorless Cards","Heirloom","DeadlyEvents","Elite Swarm"],"is_ascension_mode":true,"campfire_choices":[{"floor":6,"key":"REST"},{"floor":25,"key":"REST"},{"floor":29,"key":"REST"},{"floor":31,"key":"REST"},{"floor":34,"key":"REST"},{"floor":42,"key":"REST"},{"data":"sneckomod:QuickBite","floor":46,"key":"SMITH"},{"floor":48,"key":"REST"},{"data":"Pot Of Greed","floor":51,"key":"SMITH"}],"circlet_count":0,"master_deck":["sneckomod:SoulDraw","sneckomod:SoulRoll","sneckomod:RainOfDice","Replay:SS_hec_4","sneckomod:UnknownUncommonPower","sneckomod:Nope+1","sneckomod:DiceBlock+1","sneckomod:QuickMove","sneckomod:QuickMove","sneckomod:QuickMove+1","sneckomod:QuickBite+1","sneckomod:SoulRoll+1","Mind Blast+1","sneckomod:ImprovisedGuard+1","conspire:Banana+1","Pot Of Greed+1","Pot Of Greed+1","sneckomod:UnknownRarePower+2","sneckomod:UnknownRarePower+2","Blind+1","expansioncontent:Collect","sneckomod:UnlimitedRolls+1","expansioncontent:TimeRipple+1","sneckomod:UnknownRarePower","sneckomod:QuickBite+1","Pot Of Greed+1","Midas Touch","Midas Touch","sneckomod:SoulRoll","sneckomod:UnknownRareSkill","sneckomod:QuickBite","sneckomod:Restock","sneckomod:UnlimitedRolls","sneckomod:QuickBite+1","sneckomod:SoulCleanse+1","sneckomod:UnknownRareAttack","The Bomb","sneckomod:Mudshield","Pot Of Greed+1"],"relics":["sneckomod:SneckoSoul","Hammer of Thor","Seething Fire","Anvil of the Gods","Ring of Chaos","Ice Cream","champ:Barbells","Grinning Jar","Whetstone","ReplayTheSpireMod:CursedCoin","Pen Nib","MawBank","Pet Ghost","Centennial Puzzle","Replay:Bottled Snecko","Omamori","Chemical X","Gremlin Horn","Iron Hammer","Replay:Accelerometer","Guardian:GemstoneGun","ReplayFunnel","Bag of Preparation","Vajra","Counterbalance"],"acts_visited":["Exordium","TheCity","TheBeyond"],"potions_floor_usage":[5,7,16,16,23,26,41],"damage_taken":[{"damage":0,"enemies":"Cultist","floor":1,"turns":6},{"damage":0,"enemies":"Jaw Worm","floor":3,"turns":4},{"damage":0,"enemies":"2 Louse","floor":5,"turns":2},{"damage":0,"enemies":"Looter","floor":7,"turns":4},{"damage":36,"enemies":"Lagavulin","floor":10,"turns":7},{"damage":14,"enemies":"3 Sentries","floor":14,"turns":4},{"damage":11,"enemies":"3 Louse","floor":15,"turns":4},{"damage":10,"enemies":"Red Slaver","floor":16,"turns":3},{"damage":7,"enemies":"Hexaghost","floor":18,"turns":10},{"damage":21,"enemies":"3 Byrds","floor":20,"turns":5},{"damage":33,"enemies":"Gremlin Leader","floor":22,"turns":7},{"damage":14,"enemies":"Shell Parasite","floor":23,"turns":5},{"damage":30,"enemies":"Slavers","floor":24,"turns":7},{"damage":9,"enemies":"Book of Stabbing","floor":26,"turns":5},{"damage":10,"enemies":"Chosen and Byrds","floor":30,"turns":4},{"damage":23,"enemies":"Slavers","floor":33,"turns":5},{"damage":22,"enemies":"Pondfish","floor":35,"turns":6},{"damage":16,"enemies":"Orb Walker","floor":37,"turns":4},{"damage":0,"enemies":"3 Shapes","floor":39,"turns":3},{"damage":5,"enemies":"conspire:MimicChest","floor":40,"turns":6},{"damage":8,"enemies":"Reptomancer","floor":41,"turns":3},{"damage":0,"enemies":"R_Hoarder","floor":43,"turns":6},{"damage":8,"enemies":"Maw","floor":44,"turns":7},{"damage":20,"enemies":"4 Shapes","floor":47,"turns":3},{"damage":0,"enemies":"Giant Head","floor":50,"turns":5},{"damage":0,"enemies":"Awakened One","floor":52,"turns":3}],"seed_played":"1441795562204406528","potions_obtained":[{"floor":1,"key":"Explosive Potion"},{"floor":5,"key":"GamblersBrew"},{"floor":14,"key":"Strength Potion"},{"floor":15,"key":"EssenceOfSteel"},{"floor":22,"key":"Dexterity Potion"},{"floor":24,"key":"Toxic Potion"},{"floor":30,"key":"SpeedPotion"},{"floor":39,"key":"Swift Potion"},{"floor":41,"key":"Ancient Potion"},{"floor":50,"key":"SkillPotion"}],"is_trial":true,"path_per_floor":["M","$","M","?","M","R","M","$","T","E","$","PTL","PTL","E","M","M","R_BF","B",null,"M","?","E","M","E","R","E","$","T","R","M","R","$","E","R","B",null,"M","$","M","?","E","R","E","M","T","R","M","R","$","E","R","B",null],"character_chosen":"THE_SNECKO","items_purchased":["sneckomod:QuickBite","sneckomod:SoulRoll","champ:Barbells","ReplayTheSpireMod:CursedCoin","Omamori","Chemical X","sneckomod:UnknownRareSkill","sneckomod:QuickBite","Iron Hammer","Vajra"],"campfire_rested":7,"item_purchase_floors":[2,2,8,11,32,32,32,32,38,49],"current_hp_per_floor":[91,91,91,73,73,91,91,91,91,57,57,57,57,45,35,26,55,63,105,85,85,54,41,12,45,37,37,37,70,61,94,95,73,107,86,115,100,100,102,107,101,122,124,125,125,125,106,126,126,128,128,130],"gold":43,"neow_bonus":"","is_daily":false,"chose_seed":false,"campfire_upgraded":2,"win_rate":0.0,"timestamp":1609339997,"path_taken":["M","?","M","?","M","R","?","$","T","E","$","PTL","PTL","?","M","M","R_BF","BOSS","M","?","?","M","?","R","E","$","T","R","M","R","$","E","R","BOSS","M","$","M","?","?","R","E","?","T","R","M","R","$","E","R","BOSS"],"items_purchased_type":["Card","Card","Relic","Relic","Relic","Relic","Card","Card","Relic","Relic"],"build_version":"2020-12-22","purchased_purges":1,"victory":true,"max_hp_per_floor":[91,91,91,91,91,91,91,91,91,93,93,93,93,95,96,97,97,105,105,106,106,108,109,110,110,111,111,111,111,112,112,113,114,114,115,115,116,116,118,120,122,122,124,125,125,125,126,126,126,128,128,130],"card_choices":[{"not_picked":["sneckomod:WideSting","sneckomod:UnknownClassSLIMEBOUND","sneckomod:DefensiveFlair"],"picked":"SKIP","floor":1},{"not_picked":["Bandage Up","sneckomod:DiceCrush"],"picked":"Mind Blast","floor":3},{"not_picked":["sneckomod:Unknown1Cost","sneckomod:QuickMove"],"picked":"sneckomod:ImprovisedGuard","floor":5},{"not_picked":["sneckomod:DiceBlock","sneckomod:UnknownCommonAttack"],"picked":"conspire:Banana","floor":7},{"not_picked":["Poisoned Strike","Secret Technique"],"picked":"sneckomod:UnknownRarePower","floor":10},{"not_picked":["Sadistic Nature","Violence"],"picked":"sneckomod:UnknownRarePower","floor":14},{"not_picked":["sneckomod:UnknownBlock","expansioncontent:Flail"],"picked":"Blind","floor":15},{"not_picked":["Replay:BasicMightCard","sneckomod:WideSting"],"picked":"expansioncontent:Collect","floor":16},{"not_picked":["HandOfGreed","Sadistic Nature"],"picked":"sneckomod:UnlimitedRolls","floor":18},{"not_picked":["sneckomod:UnknownWeak","sneckomod:DiceBlock"],"picked":"expansioncontent:TimeRipple+1","floor":20},{"not_picked":["expansioncontent:QuickStudy","Poisoned Strike"],"picked":"sneckomod:UnknownRarePower","floor":22},{"not_picked":["sneckomod:QuickMove+1","Impatience"],"picked":"sneckomod:QuickBite","floor":23},{"not_picked":["Magnetism","HandOfGreed"],"picked":"Midas Touch","floor":24},{"not_picked":["Chrysalis","Sadistic Nature"],"picked":"Midas Touch","floor":26},{"not_picked":["sneckomod:UnknownWeak+1","sneckomod:DiceBlock"],"picked":"sneckomod:SoulRoll","floor":30},{"not_picked":["Metamorphosis","expansioncontent:QuickStudy"],"picked":"sneckomod:Restock","floor":33},{"not_picked":["Metamorphosis","expansioncontent:DashGenerateEvil"],"picked":"sneckomod:UnlimitedRolls","floor":35},{"not_picked":["Finesse","sneckomod:DiceCrush+1"],"picked":"sneckomod:QuickBite+1","floor":37},{"not_picked":["Purity+1","Dramatic Entrance"],"picked":"sneckomod:SoulCleanse+1","floor":39},{"not_picked":["sneckomod:UnknownRareSkill","sneckomod:DangerNoodle"],"picked":"sneckomod:UnknownRareAttack","floor":41},{"not_picked":["Sadistic Nature","Thinking Ahead"],"picked":"The Bomb","floor":43},{"not_picked":["Replay:Sssssssssstrike+1","sneckomod:Unknown1Cost+1","Replay:Parry+1"],"picked":"SKIP","floor":44},{"not_picked":["sneckomod:IronFang+1","sneckomod:WideSting","expansioncontent:Collect"],"picked":"SKIP","floor":47},{"not_picked":["sneckomod:UnknownRareAttack","sneckomod:SerpentMind"],"picked":"sneckomod:Mudshield","floor":50}],"player_experience":2754410,"relics_obtained":[{"floor":9,"key":"Grinning Jar"},{"floor":10,"key":"Whetstone"},{"floor":14,"key":"Pen Nib"},{"floor":22,"key":"MawBank"},{"floor":24,"key":"Pet Ghost"},{"floor":26,"key":"Centennial Puzzle"},{"floor":28,"key":"Replay:Bottled Snecko"},{"floor":33,"key":"Gremlin Horn"},{"floor":40,"key":"Replay:Accelerometer"},{"floor":41,"key":"Guardian:GemstoneGun"},{"floor":43,"key":"ReplayFunnel"},{"floor":45,"key":"Bag of Preparation"},{"floor":50,"key":"Counterbalance"}],"event_choices":[{"damage_healed":0,"gold_gain":0,"player_choice":"Entered Light","damage_taken":18,"max_hp_gain":0,"max_hp_loss":0,"event_name":"Shining Light","floor":4,"gold_loss":0,"cards_upgraded":["sneckomod:Nope","sneckomod:SoulRoll"]},{"damage_healed":0,"gold_gain":0,"player_choice":"Upgrade","damage_taken":0,"max_hp_gain":0,"max_hp_loss":0,"event_name":"Designer","floor":21,"gold_loss":40,"cards_upgraded":["sneckomod:UnlimitedRolls"]}],"is_beta":false,"boss_relics":[{"not_picked":["Runic Pyramid","conspire:RunicOctahedron","Replay:Bronze Core"]},{"not_picked":["ReplayTheSpireMod:DimensionalGlitch","Abe\u0027s Treasure","Replay:Wanted Poster"]}],"items_purged_floors":[11],"is_endless":false,"potions_floor_spawned":[1,5,14,15,22,24,30,39,41,50],"ascension_level":4}}