{"host":"qm4rv4rkpk76sbxu","time":1609334728,"event":{"mods":["BaseMod","Bestiary","Block Reminder","DeckTracker","Filter the Spire","Keyboard Shortcuts","Minty Spire (QoL Compilation)","MonsterHotkey","Potion Indicator Mod","Quick Restart","Random Character Button","Relic Stats","Slay-I","StSLib","ojb\u0027s Better Paths Mod"],"gold_per_floor":[131,131,0,31,64,64,142,198,198,232,232,284,361,446,458,470,470],"floor_reached":16,"playtime":978,"items_purged":["Doubt"],"score":256,"play_id":"4615d1f5-6566-42e4-8a2e-dfefa27fbb21","local_time":"20201230142528","is_ascension_mode":true,"campfire_choices":[{"data":"HandOfGreed","floor":6.0,"key":"SMITH"},{"data":"Footwork","floor":11.0,"key":"SMITH"},{"floor":15.0,"key":"REST"}],"circlet_count":0,"master_deck":["AscendersBane","Strike_G","Strike_G","Strike_G","Strike_G","Strike_G","Defend_G","Defend_G","Defend_G","Defend_G","Defend_G","Survivor","Neutralize","HandOfGreed+1","Poisoned Stab","Bouncing Flask","Leg Sweep","Footwork+1","Burst"],"relics":["Ring of the Snake","Odd Mushroom","StrikeDummy","Blue Candle","CeramicFish","Darkstone Periapt","MawBank"],"acts_visited":["Exordium"],"potions_floor_usage":[16],"damage_taken":[{"damage":6.0,"enemies":"Jaw Worm","floor":1.0,"turns":9.0},{"damage":0.0,"enemies":"Cultist","floor":4.0,"turns":4.0},{"damage":0.0,"enemies":"2 Louse","floor":5.0,"turns":7.0},{"damage":16.0,"enemies":"The Mushroom Lair","floor":7.0,"turns":7.0},{"damage":10.0,"enemies":"Lagavulin","floor":8.0,"turns":6.0},{"damage":6.0,"enemies":"Gremlin Nob","floor":10.0,"turns":3.0},{"damage":1.0,"enemies":"Lagavulin","floor":12.0,"turns":8.0},{"damage":0.0,"enemies":"2 Fungi Beasts","floor":13.0,"turns":6.0},{"damage":14.0,"enemies":"3 Sentries","floor":14.0,"turns":8.0},{"damage":25,"enemies":"Slime Boss","floor":16,"turns":7}],"seed_played":"-2875670402471465893","potions_obtained":[{"floor":5.0,"key":"Swift Potion"},{"floor":8.0,"key":"ColorlessPotion"},{"floor":12.0,"key":"LiquidMemories"},{"floor":14.0,"key":"ColorlessPotion"}],"is_trial":false,"path_per_floor":["M","?","$","M","M","R","?","E","T","E","R","E","M","E","R","B"],"character_chosen":"THE_SILENT","items_purchased":["PowerPotion"],"campfire_rested":1,"item_purchase_floors":[3],"current_hp_per_floor":[53,53,53,53,53,53,37,27,27,21,21,20,20,6,25,0,0],"gold":470,"neow_bonus":"RANDOM_COLORLESS_2","is_daily":false,"chose_seed":false,"campfire_upgraded":2,"win_rate":0.0,"timestamp":1609334728,"path_taken":["M","?","?","M","?","R","?","E","T","E","R","E","M","E","R","BOSS"],"items_purchased_type":["Potion"],"build_version":"2020-12-22","purchased_purges":1,"victory":false,"max_hp_per_floor":[66,66,66,66,66,66,66,66,66,66,66,66,66,66,66,66,66],"relic_stats":{"Darkstone Periapt":0,"counters":[10,65],"Blue Candle":[0],"CeramicFish":18,"MawBank":24,"obtain_stats":[{"Darkstone Periapt":12,"Blue Candle":9,"CeramicFish":10,"Odd Mushroom":7,"StrikeDummy":8,"MawBank":14,"Ring of the Snake":0},{"Darkstone Periapt":7,"Blue Candle":5,"CeramicFish":6,"Odd Mushroom":4,"StrikeDummy":5,"MawBank":9,"Ring of the Snake":0},{"Darkstone Periapt":44,"Blue Candle":33,"CeramicFish":36,"Odd Mushroom":27,"StrikeDummy":33,"MawBank":58,"Ring of the Snake":0}],"Ring of the Snake":[20]},"card_choices":[{"not_picked":["Mayhem","Apotheosis"],"picked":"HandOfGreed","floor":0.0},{"not_picked":["Outmaneuver","Quick Slash"],"picked":"Poisoned Stab","floor":1.0},{"not_picked":["Dodge and Roll","Predator"],"picked":"Bouncing Flask","floor":4.0},{"not_picked":["Finisher","Poisoned Stab","Dodge and Roll"],"picked":"SKIP","floor":5.0},{"not_picked":["Flying Knee","Finisher"],"picked":"Leg Sweep","floor":7.0},{"not_picked":["Infinite Blades","Bouncing Flask","Finisher"],"picked":"SKIP","floor":8.0},{"not_picked":["Prepared","Eviscerate"],"picked":"Footwork","floor":10.0},{"not_picked":["Leg Sweep","Quick Slash","Acrobatics"],"picked":"SKIP","floor":12.0},{"not_picked":["Prepared","Cloak And Dagger"],"picked":"Burst","floor":13.0},{"not_picked":["Acrobatics","PiercingWail","Outmaneuver"],"picked":"SKIP","floor":14.0}],"player_experience":1171544,"relics_obtained":[{"floor":7.0,"key":"Odd Mushroom"},{"floor":8.0,"key":"StrikeDummy"},{"floor":9.0,"key":"Blue Candle"},{"floor":10.0,"key":"CeramicFish"},{"floor":12.0,"key":"Darkstone Periapt"},{"floor":14.0,"key":"MawBank"}],"event_choices":[{"damage_healed":0.0,"max_hp_gain":0.0,"max_hp_loss":0.0,"gold_gain":0.0,"event_name":"Match and Keep!","player_choice":"0 cards matched","floor":2.0,"gold_loss":0.0,"damage_taken":0.0,"cards_obtained":[]},{"damage_healed":0.0,"max_hp_gain":0.0,"max_hp_loss":0.0,"gold_gain":0.0,"event_name":"Mushrooms","player_choice":"Fought Mushrooms","floor":7.0,"gold_loss":0.0,"damage_taken":0.0}],"is_beta":false,"boss_relics":[],"items_purged_floors":[3],"is_endless":false,"potions_floor_spawned":[5,8,12,13,14],"killed_by":"Slime Boss","ascension_level":20}}