{"host":"1a32ffxog1zcqoh0","time":1609359995,"event":{"mods":["BaseMod","Block Reminder","Colored Map","Colored Powertips","Googly Eyes","Minty Spire (QoL Compilation)","Quick Restart","Rare Cards Sparkle","Relic Stats","StSLib","Unceasing Turn Reminder","everything is the same but u backflip on backflip","slay the spire mod where everything is the same but ironclad has a cowboy hat"],"gold_per_floor":[109,129,145,145,158,185,185,215,238,264,289,316,328,357,369,478,490,512,524,536,565,150,150,184,184,184,0,0,10,10,10],"floor_reached":30,"playtime":1349,"items_purged":["Strike_G"],"score":373,"play_id":"def14cf7-4be0-4725-ae8c-7a818b9a4f45","local_time":"20201230152635","is_ascension_mode":true,"campfire_choices":[{"floor":7,"key":"REST"},{"floor":13,"key":"REST"},{"data":"Setup","floor":15,"key":"SMITH"},{"floor":23,"key":"REST"},{"floor":25,"key":"REST"}],"circlet_count":0,"master_deck":["Strike_G","Strike_G","Strike_G","Strike_G","Defend_G","Defend_G","Defend_G","Defend_G","Defend_G","Survivor","Neutralize","Dramatic Entrance","Poisoned Stab","Crippling Poison","Poisoned Stab","Cloak And Dagger","Bouncing Flask","Envenom","Bane","Bane","Setup+1","Flying Knee","Envenom","Bane","Poisoned Stab","Footwork","Escape Plan","Escape Plan","Backflip+1"],"relics":["Ring of the Snake","GremlinMask","Smiling Mask","MealTicket","MawBank","Cursed Key","TheAbacus","PreservedInsect","Vajra"],"acts_visited":["Exordium","TheCity"],"potions_floor_usage":[6,8,8,14,14,24],"damage_taken":[{"damage":2,"enemies":"Cultist","floor":1,"turns":4},{"damage":0,"enemies":"Small Slimes","floor":2,"turns":2},{"damage":0,"enemies":"Jaw Worm","floor":3,"turns":4},{"damage":4,"enemies":"Looter","floor":5,"turns":3},{"damage":36,"enemies":"Gremlin Nob","floor":6,"turns":5},{"damage":0,"enemies":"Lagavulin","floor":8,"turns":6},{"damage":9,"enemies":"Lots of Slimes","floor":10,"turns":3},{"damage":7,"enemies":"Blue Slaver","floor":11,"turns":4},{"damage":0,"enemies":"Exordium Thugs","floor":12,"turns":4},{"damage":2,"enemies":"Lots of Slimes","floor":14,"turns":3},{"damage":29,"enemies":"Hexaghost","floor":16,"turns":8},{"damage":30,"enemies":"Shell Parasite","floor":18,"turns":7},{"damage":6,"enemies":"Chosen","floor":21,"turns":4},{"damage":53,"enemies":"Slavers","floor":24,"turns":5},{"damage":36,"enemies":"Centurion and Healer","floor":29,"turns":6},{"damage":5,"enemies":"Book of Stabbing","floor":30,"turns":1}],"seed_played":"4803865115860556843","potions_obtained":[{"floor":3,"key":"PowerPotion"},{"floor":5,"key":"SteroidPotion"},{"floor":6,"key":"EssenceOfSteel"},{"floor":10,"key":"Swift Potion"},{"floor":11,"key":"SpeedPotion"},{"floor":21,"key":"Block Potion"},{"floor":29,"key":"Ancient Potion"}],"is_trial":false,"path_per_floor":["M","M","M","?","M","E","R","E","T","M","M","M","R","M","R","B",null,"M","?","?","M","$","R","E","R","T","?","$","M","E"],"character_chosen":"THE_SILENT","items_purchased":["TheAbacus","PreservedInsect","Escape Plan"],"campfire_rested":4,"item_purchase_floors":[22,22,22],"current_hp_per_floor":[61,61,61,61,57,21,42,42,42,33,26,26,47,45,45,16,57,27,27,27,21,36,57,4,25,25,25,40,4,0,0],"gold":10,"neow_bonus":"RANDOM_COLORLESS","is_daily":false,"chose_seed":false,"campfire_upgraded":1,"win_rate":0.0,"timestamp":1609359995,"path_taken":["M","?","M","?","M","E","R","E","T","M","?","M","R","M","R","BOSS","M","?","?","?","$","R","E","R","T","?","?","?","E"],"items_purchased_type":["Relic","Relic","Card"],"build_version":"2020-12-22","purchased_purges":1,"victory":false,"max_hp_per_floor":[70,70,70,70,70,70,70,70,70,70,70,70,70,70,70,70,70,70,70,70,70,70,70,70,70,70,70,70,70,70,70],"relic_stats":{"TheAbacus":[12],"counters":[16,69],"MealTicket":30,"PreservedInsect":81,"Smiling Mask":25,"MawBank":156,"Cursed Key":0,"obtain_stats":[{"TheAbacus":22,"Vajra":24,"GremlinMask":4,"MealTicket":8,"PreservedInsect":22,"Smiling Mask":6,"MawBank":9,"Cursed Key":17,"Ring of the Snake":0},{"TheAbacus":13,"Vajra":14,"GremlinMask":3,"MealTicket":6,"PreservedInsect":13,"Smiling Mask":5,"MawBank":6,"Cursed Key":11,"Ring of the Snake":0},{"TheAbacus":57,"Vajra":62,"GremlinMask":10,"MealTicket":24,"PreservedInsect":57,"Smiling Mask":18,"MawBank":24,"Cursed Key":46,"Ring of the Snake":0}],"Ring of the Snake":[32]},"card_choices":[{"not_picked":["Trip","Discovery"],"picked":"Dramatic Entrance","floor":0},{"not_picked":["Bane","Quick Slash"],"picked":"Poisoned Stab","floor":1},{"not_picked":["Sucker Punch","Quick Slash"],"picked":"Crippling Poison","floor":2},{"not_picked":["Dagger Throw","Acrobatics"],"picked":"Poisoned Stab","floor":3},{"not_picked":["Dagger Spray","Caltrops"],"picked":"Cloak And Dagger","floor":5},{"not_picked":["Caltrops","Riddle With Holes"],"picked":"Bouncing Flask","floor":6},{"not_picked":["Dagger Spray","Outmaneuver"],"picked":"Envenom","floor":8},{"not_picked":["Dagger Throw","Finisher"],"picked":"Bane","floor":10},{"not_picked":["Dagger Throw","Reflex"],"picked":"Bane","floor":11},{"not_picked":["Outmaneuver","Dodge and Roll"],"picked":"Setup","floor":12},{"not_picked":["Sucker Punch","Concentrate"],"picked":"Flying Knee","floor":14},{"not_picked":["Venomology","Malaise"],"picked":"Envenom","floor":16},{"not_picked":["Prepared","Slice"],"picked":"Bane","floor":18},{"not_picked":["Masterful Stab+1","PiercingWail"],"picked":"Footwork","floor":21},{"not_picked":["Dodge and Roll","Sucker Punch"],"picked":"Escape Plan","floor":24},{"not_picked":["Distraction","Prepared"],"picked":"Backflip+1","floor":29}],"player_experience":270119,"relics_obtained":[{"floor":6,"key":"Smiling Mask"},{"floor":8,"key":"MealTicket"},{"floor":9,"key":"MawBank"},{"floor":24,"key":"Vajra"}],"event_choices":[{"damage_healed":0,"gold_gain":0,"player_choice":"Trade","damage_taken":0,"relics_obtained":["GremlinMask"],"max_hp_gain":0,"max_hp_loss":0,"event_name":"FaceTrader","floor":4,"gold_loss":0},{"damage_healed":0,"gold_gain":0,"player_choice":"Ignored","damage_taken":0,"max_hp_gain":0,"max_hp_loss":0,"event_name":"Ghosts","floor":19,"gold_loss":0},{"damage_healed":0,"gold_gain":0,"player_choice":"Copied","damage_taken":0,"max_hp_gain":0,"max_hp_loss":0,"event_name":"Duplicator","floor":20,"gold_loss":0,"cards_obtained":["Poisoned Stab"]},{"damage_healed":0,"gold_gain":0,"player_choice":"Paid Fearfully","damage_taken":0,"max_hp_gain":0,"max_hp_loss":0,"event_name":"Masked Bandits","floor":27,"gold_loss":184}],"is_beta":false,"boss_relics":[{"not_picked":["Runic Pyramid","Snecko Eye"],"picked":"Cursed Key"}],"items_purged_floors":[22],"is_endless":false,"potions_floor_spawned":[3,5,6,10,11,21,29],"killed_by":"Book of Stabbing","ascension_level":6}}