{"host":"64h6jdpsiwrne03s","time":1609348274,"event":{"mods":["Act Like it!","BaseMod","Bestiary","Colored Powertips","Gensokyo","KomeijiMod","Marisa£®ÏF”Í°°ƒß¿Ì…≥£©","Minty Spire (QoL Compilation)","Reimu£®≤©¿ˆ¡È√Œ£©","Remilia£®¿Ÿ√◊¿Ú—«£©","StSLib","The Servant 0.9.4","Youmu£®ªÍ∆«—˝√Œ£©"],"gold_per_floor":[119,4,20,20,40,40,40,215,285,285,320,197,197,207,207,312,312,323,323,283,297,297,326,68,98,98,131,56,74,74,100,100,202,202,214,226,226,246,246,281,26,26,26,54,70,70,85,117,117,117,117,117,68,95,95],"floor_reached":56,"playtime":4204,"items_purged":["Strike_Lin:ReiMu","Strike_Lin:ReiMu"],"score":1829,"play_id":"b03ea520-e95d-48fd-a49d-a0d0a11e60df","local_time":"20201231011114","is_ascension_mode":true,"campfire_choices":[{"data":"NB:ReiMu","floor":6.0,"key":"SMITH"},{"data":"OctopathBindingBorder2:ReiMu","floor":10.0,"key":"SMITH"},{"floor":13.0,"key":"REST"},{"floor":15.0,"key":"REST"},{"data":"DependentForm:ReiMu","floor":32.0,"key":"SMITH"},{"floor":49.0,"key":"RECALL"},{"data":"Free:ReiMu","floor":52.0,"key":"SMITH"}],"circlet_count":0,"master_deck":["Strike_Lin:ReiMu","Defend_Lin:ReiMu","Defend_Lin:ReiMu","Defend_Lin:ReiMu","Defend_Lin:ReiMu","NB:ReiMu+1","Stagnation:ReiMu","OctopathBindingBorder2:ReiMu+1","PrayRite:ReiMu+1","RainPray2:ReiMu+1","Enchanting:ReiMu+1","DoubleButterfly:ReiMu+1","Revelation:ReiMu+1","DependentForm:ReiMu+1","Amulet:ReiMu+1","OctopathBindingBorder2:ReiMu+1","RainPray2:ReiMu+1","Gensokyo:PrivateSquare","YinYangSign:ReiMu","Gensokyo:ReactiveArmor","ShadowOfCrow2:ReiMu+1","PhosphorusFlame:ReiMu+1","Free:ReiMu+1","ShadowOfCrow2:ReiMu+1"],"relics":["FlyPower:ReiMu","NeowsBlessing","Gensokyo:PortableGap","Regal Pillow","Question Card","FossilizedHelix","Mummified Hand","GoodDreamPillow","RedLine:ReiMu","Gensokyo:ConquerorOfFear","Happy Flower","Meat on the Bone","Omamori","Bag of Marbles","Pear","DonationBox:ReiMu","KyoryuNoHagoromo","TurtleShell:ReiMu","TentaclePot:ReiMu","Salt:ReiMu","Darkstone Periapt","Bronze Scales","Pocketwatch"],"acts_visited":["Gensokyo:Gensokyo","Gensokyo:Gensokyoer","Gensokyo:Gensokyoest","TheEnding"],"potions_floor_usage":[55],"damage_taken":[{"damage":0.0,"enemies":"Gensokyo:3_Fairies","floor":1.0,"turns":2.0},{"damage":0.0,"enemies":"Gensokyo:2_Kodama","floor":3.0,"turns":2.0},{"damage":0.0,"enemies":"Gensokyo:Gryphon","floor":5.0,"turns":2.0},{"damage":16.0,"enemies":"Gensokyo:Aya","floor":8.0,"turns":8.0},{"damage":29.0,"enemies":"Gensokyo:Cirno","floor":11.0,"turns":7.0},{"damage":19.0,"enemies":"Gensokyo:Python_and_Kodama","floor":14.0,"turns":5.0},{"damage":16.0,"enemies":"Gensokyo:Kokoro","floor":16.0,"turns":11.0},{"damage":7.0,"enemies":"Gensokyo:CosmicMonolith","floor":18.0,"turns":6.0},{"damage":0.0,"enemies":"Gensokyo:AngelMirror","floor":21.0,"turns":5.0},{"damage":26.0,"enemies":"Gensokyo:Tenshi","floor":23.0,"turns":7.0},{"damage":14.0,"enemies":"Gensokyo:Koishi","floor":25.0,"turns":7.0},{"damage":0.0,"enemies":"Gensokyo:Reisen","floor":27.0,"turns":6.0},{"damage":0.0,"enemies":"Gensokyo:Wraith","floor":29.0,"turns":5.0},{"damage":0.0,"enemies":"Gensokyo:Koishi","floor":31.0,"turns":6.0},{"damage":0.0,"enemies":"Gensokyo:Eternal_Rivals","floor":33.0,"turns":9.0},{"damage":6.0,"enemies":"Gensokyo:3_Boulders","floor":35.0,"turns":5.0},{"damage":0.0,"enemies":"Gensokyo:AncientGuardian","floor":36.0,"turns":6.0},{"damage":0.0,"enemies":"Gensokyo:SeedOfUnknown","floor":38.0,"turns":6.0},{"damage":22.0,"enemies":"Gensokyo:Kasen","floor":40.0,"turns":8.0},{"damage":0.0,"enemies":"Gensokyo:Doremy","floor":44.0,"turns":6.0},{"damage":0.0,"enemies":"Gensokyo:Rafflesia","floor":45.0,"turns":7.0},{"damage":0.0,"enemies":"Gensokyo:AtlasGolem","floor":47.0,"turns":4.0},{"damage":0.0,"enemies":"Gensokyo:Kasen","floor":48.0,"turns":5.0},{"damage":0.0,"enemies":"Gensokyo:Yuyuko","floor":50.0,"turns":5.0},{"damage":17.0,"enemies":"Shield and Spear","floor":54.0,"turns":5.0},{"damage":6,"enemies":"The Heart","floor":55,"turns":8}],"seed_played":"7756081006998062998","potions_obtained":[{"floor":3.0,"key":"GamblersBrew"},{"floor":14.0,"key":"Strength Potion"},{"floor":16.0,"key":"Explosive Potion"},{"floor":21.0,"key":"BlessingOfTheForge"},{"floor":23.0,"key":"AttackPotion"},{"floor":27.0,"key":"ExcitationPotion"},{"floor":29.0,"key":"Weak Potion"},{"floor":33.0,"key":"Weak Potion"},{"floor":40.0,"key":"UndeadPotion"},{"floor":44.0,"key":"FairyPotion"},{"floor":45.0,"key":"Regen Potion"},{"floor":48.0,"key":"Fire Potion"}],"is_trial":false,"path_per_floor":["M","COS","M","?","M","R","$","E","T","R","E","?","R","M","R","B",null,"M","?","?","M","?","E","$","E","T","E","$","M","?","E","R","B",null,"M","M","?","M","?","E","$","?","T","E","M","?","M","E","R","B",null,"R","$","E","B",null],"character_chosen":"REIMU","items_purchased":["Meat on the Bone","TentaclePot:ReiMu","Dexterity Potion"],"campfire_rested":2,"item_purchase_floors":[24,41,53],"current_hp_per_floor":[59,59,59,59,59,59,59,43,43,43,14,14,46,27,59,43,55,48,48,48,48,48,22,22,20,20,32,32,32,32,42,42,42,62,56,56,56,56,29,19,19,19,19,31,43,43,43,57,57,57,66,66,66,49,43],"gold":95,"neow_bonus":"THREE_ENEMY_KILL","is_daily":false,"chose_seed":false,"campfire_upgraded":4,"win_rate":0.0,"timestamp":1609348274,"path_taken":["M","COS","M","?","M","R","$","E","T","R","E","?","R","M","R","BOSS","M","?","?","M","?","E","$","E","T","E","?","?","?","E","R","BOSS","M","M","?","?","?","E","$","?","T","E","?","?","M","E","R","BOSS","R","$","E","BOSS"],"items_purchased_type":["Relic","Relic","Potion"],"build_version":"2020-12-22","purchased_purges":2,"victory":true,"max_hp_per_floor":[65,65,65,59,59,59,59,59,59,59,59,59,59,59,59,59,59,59,59,59,59,59,59,59,59,59,59,59,59,59,69,69,69,69,69,69,69,69,69,69,69,69,69,69,69,69,69,69,69,69,69,69,69,69,69],"card_choices":[{"not_picked":["Amulet:ReiMu","OrbThrow:ReiMu","SubcavityInstant:ReiMu"],"picked":"SKIP","floor":1.0},{"not_picked":["SpringWay:ReiMu","OrbThrow:ReiMu","HakureiPhantom:ReiMu"],"picked":"SKIP","floor":3.0},{"not_picked":["SubcavityInstant:ReiMu","YinYangSign:ReiMu"],"picked":"OctopathBindingBorder2:ReiMu","floor":5.0},{"not_picked":["OrbThrow:ReiMu","WonderfulDomain:ReiMu","Enchanting:ReiMu"],"picked":"SKIP","floor":8.0},{"not_picked":["ManaGlint:ReiMu","SafetyPray:ReiMu","TakeOff:ReiMu","Meditation:ReiMu"],"picked":"SKIP","floor":11.0},{"not_picked":["Meditation:ReiMu","SpringWay:ReiMu","UpKicking:ReiMu","CareerPray:ReiMu"],"picked":"SKIP","floor":14.0},{"not_picked":["RunawayExorcism:ReiMu","Dreaming:ReiMu","BlastKick2:ReiMu"],"picked":"PrayRite:ReiMu","floor":16.0},{"not_picked":["EmergencyTakeOff:ReiMu","FineLineFantasy:ReiMu","YinYangSign:ReiMu"],"picked":"RainPray2:ReiMu+1","floor":18.0},{"not_picked":["Mountainwind:ReiMu","PrepareRite:ReiMu","AirStrike:ReiMu","Meditation:ReiMu"],"picked":"SKIP","floor":21.0},{"not_picked":["EmergencyTakeOff:ReiMu+1","AirManeuver:ReiMu","CareerPray:ReiMu"],"picked":"Revelation:ReiMu","floor":23.0},{"not_picked":["ManaGlint:ReiMu","Meditation:ReiMu","SafetyPray:ReiMu+1"],"picked":"Enchanting:ReiMu+1","floor":25.0},{"not_picked":["Amulet:ReiMu","PrepareRite:ReiMu","ForcedLanding:ReiMu"],"picked":"DoubleButterfly:ReiMu+1","floor":27.0},{"not_picked":["AirManeuver:ReiMu","EmergencyTakeOff:ReiMu","SafetyPray:ReiMu"],"picked":"Revelation:ReiMu+1","floor":29.0},{"not_picked":["LovePray:ReiMu","Intuition:ReiMu","SubcavityInstant:ReiMu"],"picked":"Amulet:ReiMu+1","floor":31.0},{"not_picked":["Dreaming:ReiMu","CeremonyResonance:ReiMu","PrayRite:ReiMu"],"picked":"CleanRite:ReiMu","floor":33.0},{"not_picked":["TightArray:ReiMu","AlertArray:ReiMu+1","SpreadBorder2:ReiMu+1"],"picked":"OctopathBindingBorder2:ReiMu+1","floor":35.0},{"not_picked":["PayForSelf:ReiMu+1","Intuition:ReiMu+1","Mountainwind:ReiMu"],"picked":"RainPray2:ReiMu+1","floor":36.0},{"not_picked":["Amulet:ReiMu","EmergencyTakeOff:ReiMu+1","CareerPray:ReiMu","AlertArray:ReiMu+1"],"picked":"SKIP","floor":38.0},{"not_picked":["AirStrike:ReiMu","HakureiPhantom:ReiMu","CollectionFlower2:ReiMu"],"picked":"YinYangSign:ReiMu","floor":40.0},{"not_picked":["YinYang:ReiMu","CareerPray:ReiMu+1","RainPray2:ReiMu"],"picked":"ShadowOfCrow2:ReiMu+1","floor":44.0},{"not_picked":["TightArray:ReiMu+1","SpreadBorder2:ReiMu","Meditation:ReiMu+1"],"picked":"PhosphorusFlame:ReiMu+1","floor":45.0},{"not_picked":["BarrageOfMoneybags:ReiMu","Gathering:ReiMu+1","PassingAway:ReiMu","AlertArray:ReiMu"],"picked":"SKIP","floor":47.0},{"not_picked":["Shading:ReiMu","SubcavityInstant:ReiMu","EmergencyTakeOff:ReiMu+1"],"picked":"ShadowOfCrow2:ReiMu+1","floor":48.0},{"not_picked":["AirManeuver:ReiMu","SafetyPray:ReiMu","FantasyBorder:ReiMu","MikOfLucky:ReiMu"],"picked":"SKIP","floor":54.0}],"player_experience":326866,"relics_obtained":[{"floor":8.0,"key":"Regal Pillow"},{"floor":9.0,"key":"Question Card"},{"floor":11.0,"key":"Mummified Hand"},{"floor":23.0,"key":"Gensokyo:ConquerorOfFear"},{"floor":23.0,"key":"Happy Flower"},{"floor":25.0,"key":"Omamori"},{"floor":27.0,"key":"Bag of Marbles"},{"floor":31.0,"key":"Pear"},{"floor":40.0,"key":"TurtleShell:ReiMu"},{"floor":43.0,"key":"Salt:ReiMu"},{"floor":44.0,"key":"Darkstone Periapt"},{"floor":48.0,"key":"Bronze Scales"},{"floor":54.0,"key":"Pocketwatch"}],"event_choices":[],"is_beta":false,"boss_relics":[{"not_picked":["Astrolabe","SlaversCollar"],"picked":"RedLine:ReiMu"},{"not_picked":["Snecko Eye","Cursed Key"],"picked":"DonationBox:ReiMu"}],"items_purged_floors":[28,41],"is_endless":false,"potions_floor_spawned":[3,14,16,21,23,27,29,33,40,44,45,47,48],"ascension_level":7}}