{"host":"hfxp6ue4pvwo3fit","time":1609311676,"event":{"mods":["AchievementEnabler","BaseMod","Colored Map","Colored Powertips","Highlight Path","Minty Spire (QoL Compilation)","Relic Stats","StSLib","SuperFastMode"],"gold_per_floor":[110,110,185,199,199,199,226,236,262,262,9,40,54,69,69,144,144,160,160,179,192,192,192,192,192,216,216,232,247,247,247,247],"floor_reached":31,"playtime":959,"items_purged":[],"score":490,"play_id":"fe1421a5-3256-4754-a084-637b34f0031c","local_time":"20201230010116","is_ascension_mode":true,"campfire_choices":[{"data":"Bash","floor":6,"key":"SMITH"},{"floor":10,"key":"REST"},{"floor":15,"key":"REST"},{"data":"Shockwave","floor":23,"key":"SMITH"},{"data":"Perfected Strike","floor":25,"key":"SMITH"},{"data":"Pommel Strike","floor":27,"key":"SMITH"}],"circlet_count":0,"master_deck":["AscendersBane","Bash+1","Perfected Strike+1","Burning Pact","Ghostly Armor","Evolve","Feed","Inflame","Shrug It Off","Flame Barrier","Feed","Feel No Pain","Rage","Pommel Strike","Combust","Hemokinesis","Perfected Strike+1","Infernal Blade","Clothesline","Second Wind","Shockwave+1","Pommel Strike+1","Feel No Pain","Ghostly","Ghostly","Ghostly","Limit Break"],"relics":["Blood Vial","Smiling Mask","Ornamental Fan","Pandora\u0027s Box","Regal Pillow","Tiny Chest","Nloth\u0027s Gift"],"acts_visited":["Exordium","TheCity"],"potions_floor_usage":[12,16],"damage_taken":[{"damage":0,"enemies":"Small Slimes","floor":1,"turns":3},{"damage":2,"enemies":"Jaw Worm","floor":4,"turns":2},{"damage":30,"enemies":"3 Sentries","floor":7,"turns":9},{"damage":0,"enemies":"2 Louse","floor":8,"turns":3},{"damage":8,"enemies":"Gremlin Nob","floor":12,"turns":3},{"damage":8,"enemies":"Exordium Thugs","floor":13,"turns":5},{"damage":11,"enemies":"Lots of Slimes","floor":14,"turns":5},{"damage":30,"enemies":"Hexaghost","floor":16,"turns":9},{"damage":15,"enemies":"Spheric Guardian","floor":18,"turns":7},{"damage":3,"enemies":"Chosen","floor":20,"turns":5},{"damage":23,"enemies":"Snecko","floor":21,"turns":4},{"damage":15,"enemies":"Snake Plant","floor":28,"turns":5},{"damage":3,"enemies":"Centurion and Healer","floor":29,"turns":10},{"damage":22,"enemies":"Cultist and Chosen","floor":31,"turns":7}],"seed_played":"-6834595312014225252","potions_obtained":[{"floor":8,"key":"Strength Potion"},{"floor":13,"key":"SpeedPotion"},{"floor":18,"key":"Swift Potion"},{"floor":28,"key":"Weak Potion"}],"is_trial":false,"path_per_floor":["M","?","?","M","?","R","E","M","T","R","$","E","M","M","R","B",null,"M","?","M","M","?","R","?","R","T","R","M","M","?","M"],"character_chosen":"IRONCLAD","items_purchased":["Feed","Inflame"],"campfire_rested":2,"item_purchase_floors":[11,11],"current_hp_per_floor":[68,45,34,32,32,32,2,4,4,26,26,20,17,11,35,7,63,50,50,52,34,34,34,24,24,24,24,14,19,19,0,0],"gold":247,"neow_bonus":"BOSS_RELIC","is_daily":false,"chose_seed":false,"campfire_upgraded":4,"win_rate":0.0,"timestamp":1609311676,"path_taken":["M","?","?","M","?","R","E","M","T","R","$","E","?","M","R","BOSS","M","?","M","?","?","R","?","R","T","R","?","M","?","?"],"items_purchased_type":["Card","Card"],"build_version":"2020-12-22","purchased_purges":0,"victory":false,"max_hp_per_floor":[75,75,75,75,75,75,75,75,75,75,75,75,78,81,81,81,81,81,81,84,87,43,43,48,48,48,48,51,57,57,57,57],"relic_stats":{"Blood Vial":22,"Regal Pillow":0,"counters":[14,77],"Ornamental Fan":[20],"Pandora\u0027s Box":["Feel No Pain","Rage","Pommel Strike","Combust","Hemokinesis","Perfected Strike","Infernal Blade","Clothesline","Second Wind"],"Tiny Chest":0,"Nloth\u0027s Gift":0,"Smiling Mask":0,"obtain_stats":[{"Blood Vial":7,"Regal Pillow":19,"Ornamental Fan":12,"Velvet Choker":0,"Pandora\u0027s Box":17,"Tiny Chest":26,"Nloth\u0027s Gift":30,"Smiling Mask":9,"Burning Blood":0},{"Blood Vial":3,"Regal Pillow":9,"Ornamental Fan":5,"Velvet Choker":0,"Pandora\u0027s Box":8,"Tiny Chest":11,"Nloth\u0027s Gift":13,"Smiling Mask":4,"Burning Blood":0},{"Blood Vial":14,"Regal Pillow":46,"Ornamental Fan":20,"Velvet Choker":0,"Pandora\u0027s Box":39,"Tiny Chest":55,"Nloth\u0027s Gift":70,"Smiling Mask":17,"Burning Blood":0}]},"card_choices":[{"not_picked":["Clash","Blood for Blood"],"picked":"Perfected Strike","floor":1},{"not_picked":["Anger","Blood for Blood"],"picked":"Burning Pact","floor":4},{"not_picked":["Clash","Havoc"],"picked":"Ghostly Armor","floor":7},{"not_picked":["Burning Pact","Iron Wave"],"picked":"Evolve","floor":8},{"not_picked":["Blood for Blood","Pummel","Body Slam"],"picked":"SKIP","floor":12},{"not_picked":["Searing Blow","Metallicize"],"picked":"Shrug It Off","floor":13},{"not_picked":["Flex","Battle Trance"],"picked":"Flame Barrier","floor":14},{"not_picked":["Bludgeon","Offering"],"picked":"Feed","floor":16},{"not_picked":["Wild Strike","Sever Soul"],"picked":"Shockwave","floor":18},{"not_picked":["Twin Strike","Armaments"],"picked":"Pommel Strike","floor":20},{"not_picked":["Body Slam","Shrug It Off"],"picked":"Feel No Pain","floor":21},{"not_picked":["Pommel Strike","Heavy Blade"],"picked":"Limit Break","floor":28},{"not_picked":["Havoc","Armaments","Cleave"],"picked":"SKIP","floor":29}],"player_experience":453854,"relics_obtained":[{"floor":7,"key":"Blood Vial"},{"floor":9,"key":"Smiling Mask"},{"floor":12,"key":"Ornamental Fan"},{"floor":26,"key":"Tiny Chest"}],"event_choices":[{"damage_healed":0,"gold_gain":0,"player_choice":"Entered Light","damage_taken":23,"max_hp_gain":0,"max_hp_loss":0,"event_name":"Shining Light","floor":2,"gold_loss":0,"cards_upgraded":["Strike_R","Perfected Strike"]},{"damage_healed":0,"gold_gain":75,"player_choice":"Gather Gold","damage_taken":11,"max_hp_gain":0,"max_hp_loss":0,"event_name":"World of Goop","floor":3,"gold_loss":0},{"damage_healed":0,"gold_gain":0,"player_choice":"Ignored","damage_taken":0,"max_hp_gain":0,"max_hp_loss":0,"event_name":"Transmorgrifier","floor":5,"gold_loss":0},{"damage_healed":0,"gold_gain":0,"player_choice":"Gave Potion","damage_taken":0,"relics_obtained":["Regal Pillow"],"max_hp_gain":0,"max_hp_loss":0,"event_name":"WeMeetAgain","floor":19,"gold_loss":0},{"damage_healed":0,"gold_gain":0,"player_choice":"Became a Ghost","damage_taken":0,"max_hp_gain":0,"max_hp_loss":44,"event_name":"Ghosts","floor":22,"gold_loss":0,"cards_obtained":["Ghostly","Ghostly","Ghostly"]},{"damage_healed":0,"gold_gain":0,"player_choice":"Shed Blood","damage_taken":15,"max_hp_gain":5,"max_hp_loss":0,"event_name":"Forgotten Altar","floor":24,"gold_loss":0},{"damage_healed":0,"gold_gain":0,"player_choice":"Traded Relic","damage_taken":0,"relics_obtained":["Nloth\u0027s Gift"],"max_hp_gain":0,"max_hp_loss":0,"event_name":"N\u0027loth","floor":30,"relics_lost":["Velvet Choker"],"gold_loss":0}],"is_beta":false,"boss_relics":[{"not_picked":["Fusion Hammer","Black Star"],"picked":"Pandora\u0027s Box"}],"items_purged_floors":[],"is_endless":false,"potions_floor_spawned":[8,13,18,28],"killed_by":"Cultist and Chosen","ascension_level":20}}