{"host":"32dedufnxebqtmo3","time":1609312949,"event":{"mods":["AchievementEnabler","Act Like it!","BaseMod","Better Third Choice","Card Filter","Colored Powertips","Defuse TimeMaze Blight","Gensokyo","GifTheSpireLib","Minty Spire (QoL Compilation)","Permanent Neow","Relic Filter","Relic Stats","Remove Card Discount Mod","Shop Mod","StSLib","The Cursed","TheLocksmith","Unceasing Turn Reminder"],"gold_per_floor":[111,127,145,145,103,103,118,118,163,10,45,61,86,101,101,200,200,214,214,30,30,30,56,56,82,136,46,72,72,107,125,125,222,222,235,235,235,253,253,279,303,328,328,122,32,32,60,60,60,60],"floor_reached":51,"playtime":5586,"items_purged":["locksmith:Strike","locksmith:Strike","locksmith:Defend","locksmith:StrengthDummy","locksmith:Strike","Finesse"],"score":870,"play_id":"df14049e-dafb-4c29-9310-635819d10a7a","local_time":"20201229232229","is_ascension_mode":false,"campfire_choices":[{"data":"locksmith:DrainingFog","floor":6,"key":"SMITH"},{"data":"locksmith:ShrapnelLock","floor":8,"key":"SMITH"},{"data":"locksmith:KeyMove","floor":15,"key":"SMITH"},{"data":"locksmith:BlockAndKey","floor":24,"key":"SMITH"},{"data":"locksmith:Grab","floor":29,"key":"SMITH"},{"data":"locksmith:Absorb","floor":32,"key":"SMITH"},{"data":"locksmith:Grab","floor":49,"key":"SMITH"}],"circlet_count":0,"master_deck":["locksmith:Defend","locksmith:Defend+1","locksmith:Defend","locksmith:KeyMove+1","locksmith:SmackSmackBurn","locksmith:PuppetGuard","locksmith:DrainingFog+1","locksmith:CripplingDummy","locksmith:BlockAndKey+1","locksmith:Keysmack","locksmith:Grab+1","locksmith:Grab+1","locksmith:Influx+1","locksmith:Grab","locksmith:Absorb+1","locksmith:DummyRevenge+1","locksmith:DoubleKey+1","locksmith:ValueDummy+1","locksmith:LockedGuard","locksmith:SappingKeys+1","Mayhem+1","Gensokyo:CustomPotion"],"relics":["locksmith:FreeKey","Gensokyo:Mercy","Tiny Chest","locksmith:EmptyKey","Art of War","Letter Opener","CaptainsWheel","locksmith:GremlinHornTwo","Gensokyo:DirgeOfMelancholy","Sling","Frozen Egg 2","Juzu Bracelet","War Paint","Omamori","Ancient Tea Set","StrikeDummy","SacredBark","Gensokyo:DualWield","PreservedInsect","locksmith:BlockKey","Dream Catcher","Molten Egg 2","Potion Belt"],"acts_visited":["Exordium","Gensokyo:Gensokyo","Gensokyo:Gensokyoer"],"potions_floor_usage":[16,42],"damage_taken":[{"damage":11.0,"enemies":"Gensokyo:Python","floor":1.0,"turns":3.0},{"damage":3.0,"enemies":"Gensokyo:2_Kodama","floor":2.0,"turns":8.0},{"damage":8,"enemies":"Gensokyo:3_Fairies","floor":3,"turns":4},{"damage":8,"enemies":"Gensokyo:VengefulSpirit","floor":7,"turns":7},{"damage":8,"enemies":"Gensokyo:Aya","floor":11,"turns":7},{"damage":0,"enemies":"Gensokyo:2_Rabbits","floor":12,"turns":3},{"damage":1,"enemies":"Gensokyo:Cirno","floor":13,"turns":5},{"damage":0,"enemies":"Gensokyo:Gryphon_and_Rabbit","floor":14,"turns":3},{"damage":17,"enemies":"Gensokyo:Yukari","floor":16,"turns":9},{"damage":0,"enemies":"Gensokyo:Chomper","floor":18,"turns":4},{"damage":29,"enemies":"Gensokyo:Tenshi","floor":23,"turns":4},{"damage":6,"enemies":"Gensokyo:Koishi","floor":25,"turns":5},{"damage":0,"enemies":"Gensokyo:Reisen","floor":30,"turns":3},{"damage":0,"enemies":"Gensokyo:2_Gloops","floor":31,"turns":4},{"damage":8,"enemies":"Gensokyo:Eternal_Rivals","floor":33,"turns":7},{"damage":0,"enemies":"Gensokyo:3_Bats","floor":35,"turns":3},{"damage":0,"enemies":"Gensokyo:3_Boulders","floor":38,"turns":3},{"damage":0,"enemies":"Gensokyo:Doremy","floor":40,"turns":4},{"damage":0,"enemies":"Gensokyo:Marisa","floor":42,"turns":1},{"damage":0,"enemies":"Gensokyo:Doremy","floor":47,"turns":3},{"damage":20,"enemies":"Gensokyo:Scarlet_Devils","floor":50,"turns":5}],"seed_played":"-3335173683465219281","potions_obtained":[{"floor":3,"key":"FairyPotion"},{"floor":11,"key":"BlessingOfTheForge"},{"floor":12,"key":"ColorlessPotion"},{"floor":16,"key":"Weak Potion"},{"floor":40,"key":"Swift Potion"}],"is_trial":false,"path_per_floor":["M","M","M","?","COS","R","M","R","T","$","E","M","E","M","R","B",null,"M","?","COS","?","?","E","R","E","T","$","T","R","E","M","R","B",null,"M","?","?","M","?","E","T","E","T","$","?","$","E","COS","R","B",null],"character_chosen":"THE_LOCKSMITH","items_purchased":["locksmith:EmptyKey","locksmith:BlockAndKey","locksmith:Keysmack","Finesse","locksmith:SappingKeys+1","Mayhem+1"],"campfire_rested":0,"item_purchase_floors":[10,10,10,27,44,44],"current_hp_per_floor":[68,65,57,57,57,57,49,49,49,49,41,41,40,40,40,23,79,79,79,79,79,79,50,50,44,44,44,44,44,44,44,44,36,79,79,68,68,68,68,68,68,68,68,68,68,68,68,68,68,48],"gold":60,"neow_bonus":"THREE_CARDS","is_daily":false,"chose_seed":false,"campfire_upgraded":7,"win_rate":0.0,"timestamp":1609312949,"path_taken":["M","M","M","?","COS","R","M","R","T","$","E","M","E","M","R","BOSS","M","?","COS","?","?","E","R","E","T","$","?","R","E","M","R","BOSS","M","?","?","M","?","E","?","E","T","$","?","$","E","COS","R","BOSS"],"items_purchased_type":["Relic","Card","Card","Card","Card","Card"],"build_version":"2020-12-22","purchased_purges":6,"victory":true,"max_hp_per_floor":[79,79,79,79,79,79,79,79,79,79,79,79,79,79,79,79,79,79,79,79,79,79,79,79,79,79,79,79,79,79,79,79,79,79,79,79,79,79,79,79,79,79,79,79,79,79,79,79,79,79],"relic_stats":{"Dream Catcher":0,"counters":[21,95],"Tiny Chest":2,"PreservedInsect":126,"Art of War":[4],"Juzu Bracelet":1,"Letter Opener":[478],"War Paint":["locksmith:Defend","locksmith:Influx"],"obtain_stats":[{"Potion Belt":47,"Gensokyo:DirgeOfMelancholy":19,"SacredBark":34,"locksmith:FreeKey":0,"PreservedInsect":40,"Juzu Bracelet":25,"Omamori":26,"Letter Opener":11,"Frozen Egg 2":23,"War Paint":25,"Sling":20,"Ancient Tea Set":28,"Gensokyo:DualWield":37,"Frozen Eye":25,"CaptainsWheel":13,"Dream Catcher":42,"Gensokyo:Mercy":4,"locksmith:EmptyKey":10,"locksmith:GremlinHornTwo":17,"Tiny Chest":9,"Molten Egg 2":43,"Art of War":11,"locksmith:BlockKey":41,"StrikeDummy":30},{"Potion Belt":20,"Gensokyo:DirgeOfMelancholy":10,"SacredBark":15,"locksmith:FreeKey":0,"PreservedInsect":18,"Juzu Bracelet":12,"Omamori":12,"Letter Opener":5,"Frozen Egg 2":11,"War Paint":12,"Sling":10,"Ancient Tea Set":12,"Gensokyo:DualWield":16,"Frozen Eye":11,"CaptainsWheel":7,"Dream Catcher":19,"Gensokyo:Mercy":3,"locksmith:EmptyKey":4,"locksmith:GremlinHornTwo":9,"Tiny Chest":4,"Molten Egg 2":19,"Art of War":5,"locksmith:BlockKey":18,"StrikeDummy":13},{"Potion Belt":90,"Gensokyo:DirgeOfMelancholy":53,"SacredBark":76,"locksmith:FreeKey":0,"PreservedInsect":86,"Juzu Bracelet":61,"Omamori":62,"Letter Opener":29,"Frozen Egg 2":57,"War Paint":62,"Sling":53,"Ancient Tea Set":62,"Gensokyo:DualWield":79,"Frozen Eye":57,"CaptainsWheel":37,"Dream Catcher":87,"Gensokyo:Mercy":15,"locksmith:EmptyKey":22,"locksmith:GremlinHornTwo":49,"Tiny Chest":22,"Molten Egg 2":87,"Art of War":25,"locksmith:BlockKey":86,"StrikeDummy":65}]},"card_choices":[{"not_picked":["locksmith:LockBlock","locksmith:LockSmack"],"picked":"locksmith:SmackSmackBurn","floor":0.0},{"not_picked":["locksmith:LockSmack","locksmith:BlockAndKey"],"picked":"locksmith:PuppetGuard","floor":1.0},{"not_picked":["locksmith:KeychainRain","locksmith:Grab"],"picked":"locksmith:DrainingFog","floor":2.0},{"not_picked":["locksmith:Burden","locksmith:SappingKeys"],"picked":"locksmith:CripplingDummy","floor":3},{"not_picked":["locksmith:Grab","locksmith:LockSmack"],"picked":"locksmith:ShrapnelLock","floor":7},{"not_picked":["locksmith:HiddenPower","locksmith:GolfGash"],"picked":"locksmith:Grab","floor":11},{"not_picked":["locksmith:Prep","locksmith:HiddenPower"],"picked":"locksmith:Grab","floor":12},{"not_picked":["locksmith:BuriedCurse","locksmith:HexingDummy"],"picked":"locksmith:Influx","floor":13},{"not_picked":["locksmith:ExplodingDummy","locksmith:PowerSap"],"picked":"locksmith:Grab","floor":14},{"not_picked":["locksmith:KeychainRain","locksmith:Recharge"],"picked":"locksmith:Absorb","floor":18},{"not_picked":["locksmith:SmackSmackBurn+1","locksmith:BuriedCurse"],"picked":"locksmith:DummyRevenge+1","floor":23},{"not_picked":["locksmith:ShrapnelLock+1","locksmith:ItWasAJoke"],"picked":"locksmith:DoubleKey+1","floor":25},{"not_picked":["locksmith:Capitalize","locksmith:Recharge","locksmith:ZaHando+1"],"picked":"SKIP","floor":30},{"not_picked":["locksmith:DummyRevenge+1","locksmith:DrainingFog+1","locksmith:Grab"],"picked":"SKIP","floor":31},{"not_picked":["locksmith:LongDeadPower+1","locksmith:Capitalize"],"picked":"locksmith:ValueDummy+1","floor":35},{"not_picked":["locksmith:JingleLoan","locksmith:SoulSucker+1","locksmith:ShieldingDummy"],"picked":"SKIP","floor":38},{"not_picked":["locksmith:DarkBurst","locksmith:ShrapnelLock+1","locksmith:DeathGaze+1"],"picked":"SKIP","floor":40},{"not_picked":["locksmith:Unearth","locksmith:Curse"],"picked":"locksmith:LockedGuard","floor":42},{"not_picked":["locksmith:LockSmack+1","locksmith:LockBlock+1","locksmith:DeathGaze"],"picked":"SKIP","floor":47}],"player_experience":675699,"relics_obtained":[{"floor":9,"key":"Tiny Chest"},{"floor":11,"key":"Letter Opener"},{"floor":13,"key":"CaptainsWheel"},{"floor":23,"key":"Frozen Egg 2"},{"floor":25,"key":"War Paint"},{"floor":26,"key":"Omamori"},{"floor":28,"key":"Ancient Tea Set"},{"floor":30,"key":"StrikeDummy"},{"floor":40,"key":"PreservedInsect"},{"floor":41,"key":"locksmith:BlockKey"},{"floor":42,"key":"Dream Catcher"},{"floor":43,"key":"Molten Egg 2"},{"floor":47,"key":"Potion Belt"}],"event_choices":[],"is_beta":false,"boss_relics":[{"not_picked":["Snecko Eye","Fusion Hammer"],"picked":"locksmith:GremlinHornTwo"},{"not_picked":["Empty Cage","Velvet Choker"],"picked":"SacredBark"}],"items_purged_floors":[10,10,10,27,27,44],"is_endless":false,"potions_floor_spawned":[3,11,12,14,16,23,31,40],"ascension_level":0}}