{"host":"yludllxm6rzdxpbb","time":1609360476,"event":{"mods":["AchievementEnabler","BaseMod","Better Third Choice","BetterRewards","Colored Map","Colored Powertips","Hermit","Hubris","Infinite Spire","Minty Spire (QoL Compilation)","Quick Restart","Replay The Spire","StSLib","The Hierophant","The Necromancer"],"gold_per_floor":[115,130,143,5,25,25,70,70,95,121,121,40,59,234,234,339,339,356,56,72,72,72,98,98,98,123,123,151,151,151,173,173,280,280,307,307,334,32,32,32,62,85,109,109,136,151,151,177,177,177,177,177,70,107,107],"floor_reached":56,"playtime":3051,"items_purged":["Overencumbered"],"score":1558,"play_id":"8ded95b0-868e-4009-af2e-7be27a97b448","local_time":"20201230233436","is_ascension_mode":true,"campfire_choices":[{"floor":6,"key":"RECALL"},{"floor":8,"key":"REST"},{"data":"Noxious Fumes","floor":11,"key":"SMITH"},{"data":"Footwork","floor":15,"key":"SMITH"},{"floor":25,"key":"REST"},{"data":"Infinite Blades","floor":27,"key":"SMITH"},{"floor":29,"key":"REST"},{"data":"After Image","floor":32,"key":"SMITH"},{"data":"Burst","floor":40,"key":"SMITH"},{"data":"Footwork","floor":47,"key":"SMITH"},{"data":"Backstab","floor":49,"key":"SMITH"},{"data":"Backflip","floor":52,"key":"SMITH"}],"circlet_count":0,"master_deck":["Strike_G","Strike_G","Strike_G","Strike_G","Strike_G","Defend_G","Defend_G","Defend_G","Defend_G","Defend_G","Survivor","Neutralize","Infinite Blades+1","Dagger Spray","Footwork+1","Terror","Blade Dance","Footwork+1","Backstab+1","Noxious Fumes+1","Poisoned Stab","Venomology","Well Laid Plans","After Image+1","Cloak And Dagger","Backflip+1","Burst+1","Backflip+1","Dodge and Roll+1","Replay:Poison Smokescreen+1","Dodge and Roll+1","ReplayTheSpireMod:Speed Training","Caltrops+1","Deadly Poison+1"],"relics":["Ring of the Snake","ReplayTheSpireMod:CursedCoin","hubris:SphereOfDissonance","Singing Bowl","Pet Ghost","hubris:ScarierMask","Basket Of Snakes","WristBlade","Strange Spoon","CeramicFish","Nunchaku","hubris:Towel","Replay:Bronze Core","Lizard Tail","Ninja Scroll","Pen Nib","Counterbalance","Oddly Smooth Stone","Vajra"],"acts_visited":["Exordium","TheCity","TheBeyond","TheEnding"],"potions_floor_usage":[16,18,20,23,23,33,33,33,33,46,46,50,55,55,55,55],"damage_taken":[{"damage":0,"enemies":"Cultist","floor":1,"turns":3},{"damage":0,"enemies":"Jaw Worm","floor":2,"turns":3},{"damage":0,"enemies":"2 Louse","floor":3,"turns":1},{"damage":0,"enemies":"Looter","floor":5,"turns":3},{"damage":2,"enemies":"Lagavulin","floor":10,"turns":6},{"damage":1,"enemies":"Large Slime","floor":13,"turns":7},{"damage":2,"enemies":"The Guardian","floor":16,"turns":12},{"damage":10,"enemies":"Shell Parasite","floor":18,"turns":7},{"damage":16,"enemies":"Spheric Guardian","floor":20,"turns":6},{"damage":23,"enemies":"Book of Stabbing","floor":23,"turns":8},{"damage":4,"enemies":"Centurion and Healer","floor":28,"turns":3},{"damage":5,"enemies":"Snake Plant","floor":31,"turns":3},{"damage":24,"enemies":"hubris:MusketHawk","floor":33,"turns":7},{"damage":0,"enemies":"3 Darklings","floor":35,"turns":3},{"damage":0,"enemies":"3 Shapes","floor":37,"turns":4},{"damage":3,"enemies":"Giant Head","floor":41,"turns":8},{"damage":0,"enemies":"Jaw Worm Horde","floor":42,"turns":3},{"damage":3,"enemies":"R_Hoarder","floor":45,"turns":5},{"damage":0,"enemies":"Writhing Mass","floor":46,"turns":8},{"damage":0,"enemies":"4 Shapes","floor":48,"turns":2},{"damage":23,"enemies":"Time Eater","floor":50,"turns":16},{"damage":6,"enemies":"Shield and Spear","floor":54,"turns":4},{"damage":46,"enemies":"The Heart","floor":55,"turns":10}],"seed_played":"-7370733642678330985","potions_obtained":[{"floor":1,"key":"PowerPotion"},{"floor":3,"key":"BlessingOfTheForge"},{"floor":33,"key":"Dexterity Potion"},{"floor":37,"key":"PowerPotion"},{"floor":42,"key":"Poison Potion"}],"is_trial":false,"path_per_floor":["M","M","M","$","M","R","?","R","T","E","R","$","M","?","R","B",null,"M","$","M","AVR","?","E","?","R","T","R","M","R","?","M","R","B",null,"M","?","M","$","?","R","E","M","T","AVR","E","M","R","M","R","B",null,"R","$","E","B",null],"character_chosen":"THE_SILENT","items_purchased":["ReplayTheSpireMod:CursedCoin","hubris:SphereOfDissonance","Infinite Blades","Dagger Spray","Footwork","Backstab","Well Laid Plans","Basket Of Snakes","Lizard Tail","ReplayTheSpireMod:Speed Training","Caltrops+1"],"campfire_rested":3,"item_purchase_floors":[0,0,0,0,4,4,12,19,38,53,53],"current_hp_per_floor":[62,62,62,62,62,62,45,66,66,64,64,64,65,65,65,63,72,64,64,50,50,50,29,29,52,52,52,48,71,71,66,66,42,78,78,78,78,78,78,78,77,77,77,77,76,78,78,78,78,55,84,84,84,78,32],"gold":107,"neow_bonus":"","is_daily":false,"chose_seed":false,"campfire_upgraded":8,"win_rate":0.0,"timestamp":1609360476,"path_taken":["M","?","M","$","M","R","?","R","T","E","R","$","M","?","R","BOSS","M","$","M","AVR","?","E","?","R","T","R","M","R","?","M","R","BOSS","M","?","M","$","?","R","E","M","T","AVR","E","?","R","M","R","BOSS","R","$","E","BOSS"],"items_purchased_type":["Relic","Relic","Card","Card","Card","Card","Card","Relic","Relic","Card","Card"],"build_version":"2020-12-22","purchased_purges":1,"victory":true,"max_hp_per_floor":[70,70,70,70,70,70,70,70,70,70,70,70,72,72,72,72,72,74,74,76,76,76,78,78,78,78,78,78,78,78,78,78,78,78,78,78,78,78,78,78,80,80,80,80,82,84,84,84,84,84,84,84,84,84,84],"card_choices":[{"not_picked":["ReplayTheSpireMod:Tripwire","Deadly Poison"],"picked":"Footwork","floor":1},{"not_picked":["Tactician","Dagger Spray"],"picked":"Terror","floor":2},{"not_picked":["Slice","Underhanded Strike"],"picked":"Blade Dance","floor":3},{"not_picked":["Slice","Escape Plan","Prepared"],"picked":"SKIP","floor":5},{"not_picked":["Deadly Poison","Acrobatics"],"picked":"Noxious Fumes","floor":7},{"not_picked":["Deadly Poison","ReplayTheSpireMod:The Works"],"picked":"Poisoned Stab","floor":7},{"not_picked":["Slice","Leg Sweep"],"picked":"Venomology","floor":10},{"not_picked":["Underhanded Strike","Blade Dance","Flying Knee"],"picked":"Singing Bowl","floor":13},{"not_picked":["Envenom","Poison Darts"],"picked":"After Image","floor":16},{"not_picked":["Blade Dance","Slice","Sneak Up+1"],"picked":"Singing Bowl","floor":18},{"not_picked":["Poisoned Stab","Prepared","Outmaneuver"],"picked":"Singing Bowl","floor":20},{"not_picked":["Leg Sweep","Masterful Stab","hubris:Sniper"],"picked":"Singing Bowl","floor":23},{"not_picked":["ReplayTheSpireMod:From All Sides","Dodge and Roll"],"picked":"Cloak And Dagger","floor":28},{"not_picked":["Outmaneuver+1","Hidden Blade+1"],"picked":"Backflip+1","floor":31},{"not_picked":["ReplayTheSpireMod:From All Sides","Poison Darts"],"picked":"Burst","floor":33},{"not_picked":["Hidden Blade+1","Calculated Gamble"],"picked":"Backflip","floor":35},{"not_picked":["Cloak And Dagger+1","Sucker Punch+1"],"picked":"Dodge and Roll+1","floor":37},{"not_picked":["Blade Dance+1","Concentrate+1","Underhanded Strike+1"],"picked":"Singing Bowl","floor":41},{"not_picked":["Underhanded Strike","Terror+1"],"picked":"Replay:Poison Smokescreen+1","floor":42},{"not_picked":["Choke+1","ReplayTheSpireMod:The Works+1","Slice"],"picked":"Singing Bowl","floor":45},{"not_picked":["ReplayTheSpireMod:Exploit Weakness+1","Glass Knife","Setup+1"],"picked":"Singing Bowl","floor":46},{"not_picked":["Flechettes+1","hubris:SlightOfHand+1"],"picked":"Dodge and Roll+1","floor":48},{"not_picked":["Hidden Blade+1","Deflect"],"picked":"Deadly Poison+1","floor":54}],"player_experience":310769,"relics_obtained":[{"floor":7,"key":"Singing Bowl"},{"floor":10,"key":"Pet Ghost"},{"floor":23,"key":"CeramicFish"},{"floor":26,"key":"Nunchaku"},{"floor":41,"key":"Ninja Scroll"},{"floor":43,"key":"Pen Nib"},{"floor":45,"key":"Oddly Smooth Stone"},{"floor":54,"key":"Vajra"}],"event_choices":[{"damage_healed":0,"gold_gain":175,"player_choice":"AGREE","damage_taken":59,"max_hp_gain":0,"max_hp_loss":0,"event_name":"betterThird:BetterSerpent","floor":14,"gold_loss":0},{"damage_healed":0,"gold_gain":0,"player_choice":"Ignored","damage_taken":0,"max_hp_gain":0,"max_hp_loss":0,"event_name":"Ghosts","floor":24,"gold_loss":0},{"cards_removed":["Doubt"],"damage_healed":0,"gold_gain":0,"player_choice":"Purged","damage_taken":0,"max_hp_gain":0,"max_hp_loss":0,"event_name":"Purifier","floor":39,"gold_loss":0}],"is_beta":false,"boss_relics":[{"not_picked":["SlaversCollar","Painkiller Herb"],"picked":"hubris:ScarierMask"},{"not_picked":["Pandora\u0027s Box","hubris:CrackedHourglass"],"picked":"Replay:Bronze Core"}],"items_purged_floors":[0],"is_endless":false,"potions_floor_spawned":[1,3,13,18,33,37,42,45],"ascension_level":1}}