{"host":"88hg6ocvqrqxrx5h","time":1609366122,"event":{"mods":["BaseMod","Colored Map","Minty Spire (QoL Compilation)","Unceasing Turn Reminder","slay the spire mod where everything is the same but ironclad has a cowboy hat"],"gold_per_floor":[115,127,127,142,154,179,179,191,191,224,237,45,58,70,70,167,167,181,192,192,92,111,145,145,170,170,45,45,71,71,83,83,188,188,199,199,209,84,96,96,129,129,129,129,164,214,225,225,225,225],"floor_reached":51,"playtime":3819,"items_purged":["Strike_R","Strike_R","Strike_R"],"score":1062,"play_id":"19576071-fee5-4ad7-a05e-dc51f5f3f626","local_time":"20201230140842","is_ascension_mode":true,"campfire_choices":[{"data":"Barricade","floor":7.0,"key":"SMITH"},{"data":"Armaments","floor":15.0,"key":"SMITH"},{"data":"True Grit","floor":24,"key":"SMITH"},{"data":"Juggernaut","floor":28,"key":"SMITH"},{"data":"Berserk","floor":32,"key":"SMITH"},{"data":"Metallicize","floor":40,"key":"SMITH"},{"data":"Power Through","floor":42,"key":"SMITH"},{"data":"Fire Breathing","floor":44,"key":"SMITH"},{"data":"Immolate","floor":49,"key":"SMITH"}],"circlet_count":0,"master_deck":["Strike_R","Strike_R","Defend_R","Defend_R","Defend_R","Defend_R","Bash","Metallicize+1","Battle Trance","Uppercut","Iron Wave","Barricade+1","Armaments+1","Flame Barrier","True Grit+1","Second Wind","Juggernaut+1","Bloodletting","Immolate+1","Warcry","Berserk+1","Headbutt","Whirlwind","Fire Breathing+1","Rage+1","Double Tap","Power Through+1","Feel No Pain+1","Shrug It Off+1"],"relics":["Burning Blood","MealTicket","Lizard Tail","Shuriken","Velvet Choker","Bird Faced Urn","Incense Burner","Lantern","Bronze Scales","Snecko Eye","Bottled Tornado","White Beast Statue","The Courier","StoneCalendar"],"acts_visited":["Exordium","TheCity","TheBeyond"],"potions_floor_usage":[23,23,23,25,33,35,37,41,47,50,50,50],"damage_taken":[{"damage":4.0,"enemies":"Jaw Worm","floor":1.0,"turns":4.0},{"damage":2.0,"enemies":"Cultist","floor":2.0,"turns":4.0},{"damage":0.0,"enemies":"Small Slimes","floor":4.0,"turns":4.0},{"damage":9.0,"enemies":"3 Louse","floor":5.0,"turns":3.0},{"damage":18.0,"enemies":"Lagavulin","floor":6.0,"turns":10.0},{"damage":5.0,"enemies":"Exordium Wildlife","floor":8.0,"turns":3.0},{"damage":17.0,"enemies":"Gremlin Nob","floor":10.0,"turns":5.0},{"damage":13.0,"enemies":"Large Slime","floor":11.0,"turns":8.0},{"damage":5.0,"enemies":"2 Fungi Beasts","floor":13.0,"turns":4.0},{"damage":19.0,"enemies":"Exordium Thugs","floor":14.0,"turns":10.0},{"damage":6.0,"enemies":"The Guardian","floor":16.0,"turns":12.0},{"damage":0.0,"enemies":"Chosen","floor":18.0,"turns":4.0},{"damage":9.0,"enemies":"Shell Parasite","floor":19.0,"turns":6.0},{"damage":32.0,"enemies":"Snake Plant","floor":22.0,"turns":5.0},{"damage":57,"enemies":"Book of Stabbing","floor":23,"turns":6},{"damage":14,"enemies":"Gremlin Leader","floor":25,"turns":6},{"damage":60,"enemies":"Slavers","floor":29,"turns":5},{"damage":16,"enemies":"3 Cultists","floor":31,"turns":3},{"damage":20,"enemies":"Collector","floor":33,"turns":11},{"damage":30,"enemies":"3 Shapes","floor":35,"turns":3},{"damage":17,"enemies":"3 Darklings","floor":37,"turns":3},{"damage":36,"enemies":"Transient","floor":39,"turns":5},{"damage":5,"enemies":"Giant Head","floor":41,"turns":10},{"damage":3,"enemies":"Nemesis","floor":45,"turns":5},{"damage":1,"enemies":"Mind Bloom Boss Battle","floor":46,"turns":5},{"damage":27,"enemies":"4 Shapes","floor":47,"turns":3},{"damage":29,"enemies":"Donu and Deca","floor":50,"turns":7}],"seed_played":"-2436349412094112067","potions_obtained":[{"floor":3.0,"key":"CultistPotion"},{"floor":3.0,"key":"SkillPotion"},{"floor":3.0,"key":"FearPotion"},{"floor":10.0,"key":"EntropicBrew"},{"floor":13.0,"key":"Dexterity Potion"},{"floor":16.0,"key":"BloodPotion"},{"floor":22.0,"key":"BloodPotion"},{"floor":23,"key":"LiquidMemories"},{"floor":31,"key":"HeartOfIron"},{"floor":33,"key":"DistilledChaos"},{"floor":35,"key":"BlessingOfTheForge"},{"floor":37,"key":"SkillPotion"},{"floor":45,"key":"SteroidPotion"},{"floor":46,"key":"Block Potion"},{"floor":47,"key":"Explosive Potion"}],"is_trial":false,"path_per_floor":["M","M","?","M","M","E","R","M","T","E","M","$","M","M","R","B",null,"M","M","?","$","M","E","R","E","T","$","R","E","$","M","R","B",null,"M","$","M","$","M","R","E","R","T","R","E","?","M","?","R","B",null],"character_chosen":"IRONCLAD","items_purchased":["True Grit","Second Wind","Power Through","ColorlessPotion"],"campfire_rested":0,"item_purchase_floors":[12,12,38,38],"current_hp_per_floor":[80,80,80,80,77,65,65,66,66,55,48,63,64,51,51,51,80,80,77,77,80,70,35,35,35,35,50,50,46,61,51,51,47,80,60,75,70,80,56,56,67,67,67,67,78,80,63,63,63,52],"gold":225,"neow_bonus":"THREE_CARDS","is_daily":false,"chose_seed":false,"campfire_upgraded":9,"win_rate":0.0,"timestamp":1609366122,"path_taken":["M","M","?","M","M","E","R","M","T","E","M","$","?","M","R","BOSS","M","M","?","$","M","E","R","E","T","?","R","E","$","M","R","BOSS","M","$","M","$","?","R","E","R","T","R","E","?","M","?","R","BOSS"],"items_purchased_type":["Card","Card","Card","Potion"],"build_version":"2020-12-22","purchased_purges":3,"victory":true,"max_hp_per_floor":[80,80,80,80,80,80,80,80,80,80,80,80,80,80,80,80,80,80,80,80,80,80,80,80,80,80,80,80,80,80,80,80,80,80,80,80,80,80,80,80,80,80,80,80,80,80,80,80,80,80],"card_choices":[{"not_picked":["Pommel Strike","Warcry"],"picked":"Metallicize","floor":0.0},{"not_picked":["Flex","Pommel Strike"],"picked":"Battle Trance","floor":1.0},{"not_picked":["Flex","Cleave"],"picked":"Uppercut","floor":2.0},{"not_picked":["Cleave","Clothesline"],"picked":"Sword Boomerang","floor":4.0},{"not_picked":["Seeing Red","Pummel"],"picked":"Iron Wave","floor":5.0},{"not_picked":["Wild Strike","Combust"],"picked":"Barricade","floor":6.0},{"not_picked":["Anger","Heavy Blade"],"picked":"Armaments","floor":8.0},{"not_picked":["Seeing Red","Burning Pact"],"picked":"Flame Barrier","floor":10.0},{"not_picked":["Thunderclap","Combust"],"picked":"Searing Blow","floor":11.0},{"not_picked":["Headbutt","Seeing Red"],"picked":"Juggernaut","floor":13.0},{"not_picked":["Rampage","Clothesline"],"picked":"Bloodletting","floor":14.0},{"not_picked":["Offering","Juggernaut"],"picked":"Immolate","floor":16.0},{"not_picked":["Rampage+1","Armaments"],"picked":"Warcry","floor":18.0},{"not_picked":["Anger+1","Sword Boomerang+1","Clothesline"],"picked":"SKIP","floor":19.0},{"not_picked":["Blood for Blood","Clothesline"],"picked":"Headbutt","floor":22.0},{"not_picked":["Warcry","Clothesline+1"],"picked":"Whirlwind","floor":23},{"not_picked":["Clothesline","Disarm"],"picked":"Fire Breathing","floor":25},{"not_picked":["Body Slam","Immolate"],"picked":"Rage+1","floor":29},{"not_picked":["Pommel Strike+1","Flex","Twin Strike"],"picked":"SKIP","floor":31},{"not_picked":["Limit Break","Reaper"],"picked":"Double Tap","floor":33},{"not_picked":["Rupture+1","Thunderclap","Havoc+1"],"picked":"SKIP","floor":35},{"not_picked":["Feel No Pain","Uppercut","Twin Strike+1"],"picked":"SKIP","floor":37},{"not_picked":["Combust","Feel No Pain","Searing Blow+1"],"picked":"SKIP","floor":39},{"not_picked":["Seeing Red+1","Immolate","Sever Soul+1"],"picked":"SKIP","floor":41},{"not_picked":["Heavy Blade+1","Searing Blow+1"],"picked":"Feel No Pain+1","floor":45},{"not_picked":["Bloodletting+1","Armaments"],"picked":"Shrug It Off+1","floor":46},{"not_picked":["Dropkick","Thunderclap","Warcry+1"],"picked":"SKIP","floor":47}],"player_experience":139726,"relics_obtained":[{"floor":6.0,"key":"MealTicket"},{"floor":9.0,"key":"Lizard Tail"},{"floor":10.0,"key":"Shuriken"},{"floor":23,"key":"Bird Faced Urn"},{"floor":25,"key":"Incense Burner"},{"floor":26,"key":"Lantern"},{"floor":29,"key":"Bronze Scales"},{"floor":41,"key":"Bottled Tornado"},{"floor":43,"key":"White Beast Statue"},{"floor":45,"key":"The Courier"},{"floor":46,"key":"StoneCalendar"}],"event_choices":[{"damage_healed":0.0,"max_hp_gain":0.0,"max_hp_loss":0.0,"gold_gain":0.0,"event_name":"Lab","player_choice":"Got Potions","floor":3.0,"gold_loss":0.0,"damage_taken":0.0},{"damage_healed":0.0,"max_hp_gain":0.0,"max_hp_loss":0.0,"gold_gain":0.0,"cards_transformed":["Searing Blow"],"event_name":"Transmorgrifier","player_choice":"Transformed","floor":20.0,"gold_loss":0.0,"damage_taken":0.0,"cards_obtained":["Berserk"]},{"damage_healed":0,"gold_gain":0,"player_choice":"Fight","damage_taken":0,"max_hp_gain":0,"max_hp_loss":0,"event_name":"MindBloom","floor":46,"gold_loss":0},{"cards_removed":["Sword Boomerang"],"damage_healed":0,"gold_gain":0,"player_choice":"Removed Attack","damage_taken":0,"max_hp_gain":0,"max_hp_loss":0,"event_name":"Falling","floor":48,"gold_loss":0}],"is_beta":false,"boss_relics":[{"not_picked":["Coffee Dripper","Astrolabe"],"picked":"Velvet Choker"},{"not_picked":["Philosopher\u0027s Stone","Black Star"],"picked":"Snecko Eye"}],"items_purged_floors":[12,21,27],"is_endless":false,"potions_floor_spawned":[4,10,13,16,22,23,31,33,35,37,45,46,47],"ascension_level":4}}