{"host":"bux1pdxjwq4dkad9","time":1609296322,"event":{"mods":["Arknights The Spire","BaseMod","Colored Map","Evolution","Minty Spire (QoL Compilation)","Quick Restart","StSLib","SuperFastMode","°æ“≈ŒÔMod°øºÚµ•”Œœ∑"],"gold_per_floor":[118,68,68,68,87,87,113,113,113,113,141,66,97,115,115,211,211,226,226,126,126,126,155,155,181,181,56,66,66,99,99,99,199,199,214,264,277,277,277,310,310,310,310,337,337,354,50,81,81,81,81,81,81,125,125],"floor_reached":56,"playtime":1433,"items_purged":["ats:Strike S","ats:Defend","ats:Defend","ats:Strike C"],"score":1924,"play_id":"46c4cecb-6593-4a80-bccc-3bd78d06c4e3","local_time":"20201230104522","is_ascension_mode":true,"campfire_choices":[{"data":"Sadistic Nature","floor":6,"key":"SMITH"},{"data":"ats:Emotion Absorption","floor":8,"key":"SMITH"},{"data":"ats:Curse Doll","floor":10,"key":"SMITH"},{"data":"ats:Assault Order","floor":15,"key":"SMITH"},{"data":"ats:Echo Reverb","floor":24,"key":"SMITH"},{"data":"ats:Disruption Kick","floor":29,"key":"SMITH"},{"data":"ats:Mental Burst","floor":32,"key":"SMITH"},{"floor":42,"key":"RECALL"},{"data":"ats:Armor Crushing Shot","floor":45,"key":"SMITH"},{"data":"ats:Burning Ground","floor":49,"key":"SMITH"},{"data":"ats:Defend","floor":52,"key":"SMITH"}],"circlet_count":0,"master_deck":["ats:Armor Crushing Shot+1","ats:Defend","ats:Defend+1","ats:Emotion Absorption+1","Sadistic Nature+1","ats:Curse Doll+1","ats:Disruption Kick+1","ats:Assault Order+1","ats:Echo Reverb+1","ats:Mental Burst+1","ats:Burning Ground+1","Panacea+1","ats:Calcification+1"],"relics":["ats:Sanity","EVO:Axolotl","ImprovedEquipment","ats:Originium","ats:Industrial Water Cannon","Blue Candle","Matryoshka","Mango","ats:Tactical Delivery","ats:Berate","Bottled Lightning","Eternal Feather","Tiny Chest","Oddly Smooth Stone","ats:Bonebreaker","Toxic Egg 2","Coffee Dripper","TungstenRod","Toy Ornithopter","InkBottle","Blood Vial","CeramicFish","Juzu Bracelet","Bag of Preparation"],"acts_visited":["Exordium","TheCity","TheBeyond","TheEnding"],"potions_floor_usage":[36,55],"damage_taken":[{"damage":0,"enemies":"2 Louse","floor":1,"turns":2},{"damage":0,"enemies":"Small Slimes","floor":5,"turns":2},{"damage":0,"enemies":"Lagavulin","floor":7,"turns":6},{"damage":0,"enemies":"Gremlin Nob","floor":11,"turns":2},{"damage":0,"enemies":"3 Sentries","floor":13,"turns":4},{"damage":0,"enemies":"Jaw Worm","floor":14,"turns":2},{"damage":0,"enemies":"Slime Boss","floor":16,"turns":1},{"damage":0,"enemies":"2 Thieves","floor":18,"turns":1},{"damage":0,"enemies":"Slavers","floor":23,"turns":1},{"damage":0,"enemies":"Gremlin Leader","floor":25,"turns":1},{"damage":0,"enemies":"Spheric Guardian","floor":28,"turns":1},{"damage":0,"enemies":"Slavers","floor":30,"turns":1},{"damage":0,"enemies":"Champ","floor":33,"turns":1},{"damage":0,"enemies":"3 Darklings","floor":35,"turns":1},{"damage":0,"enemies":"Mind Bloom Boss Battle","floor":36,"turns":1},{"damage":0,"enemies":"Orb Walker","floor":37,"turns":1},{"damage":0,"enemies":"Giant Head","floor":40,"turns":1},{"damage":0,"enemies":"Nemesis","floor":44,"turns":1},{"damage":0,"enemies":"Spire Growth","floor":46,"turns":1},{"damage":0,"enemies":"Reptomancer","floor":48,"turns":1},{"damage":0,"enemies":"Time Eater","floor":50,"turns":1},{"damage":0,"enemies":"Shield and Spear","floor":54,"turns":1},{"damage":0,"enemies":"The Heart","floor":55,"turns":1}],"seed_played":"6978879658562661050","potions_obtained":[{"floor":7,"key":"FairyPotion"},{"floor":11,"key":"Fire Potion"},{"floor":16,"key":"FearPotion"},{"floor":25,"key":"Fruit Juice"},{"floor":33,"key":"Ancient Potion"},{"floor":36,"key":"Energy Potion"},{"floor":54,"key":"DistilledChaos"}],"is_trial":false,"path_per_floor":["M","?","$","?","M","R","E","R","T","R","E","$","E","M","R","B",null,"M","?","$","T","?","E","R","E","T","$","M","R","E","$","R","B",null,"M","?","M","?","?","E","T","R","T","E","R","M","$","E","R","B",null,"R","$","E","B",null],"character_chosen":"DOCTOR_CLASS","items_purchased":["ats:Burning Ground","Panacea+1"],"campfire_rested":0,"item_purchase_floors":[47,47],"current_hp_per_floor":[51,51,51,44,44,44,44,44,44,44,44,44,58,58,58,58,86,86,86,86,86,86,86,86,86,86,86,86,86,86,86,86,86,86,86,91,91,91,86,86,86,86,86,86,86,86,86,86,86,86,86,86,86,86,86],"gold":125,"neow_bonus":"RANDOM_COLORLESS_2","is_daily":false,"chose_seed":false,"campfire_upgraded":10,"win_rate":0.0,"timestamp":1609296322,"path_taken":["M","?","$","?","M","R","E","R","T","R","E","?","E","M","R","BOSS","M","?","$","?","?","E","R","E","T","$","M","R","E","$","R","BOSS","M","?","M","?","?","E","?","R","T","E","R","M","$","E","R","BOSS","R","$","E","BOSS"],"items_purchased_type":["Card","Card"],"build_version":"2020-12-22","purchased_purges":4,"victory":true,"max_hp_per_floor":[72,72,72,72,72,72,72,72,72,72,72,72,86,86,86,86,86,86,86,86,86,86,86,86,86,86,86,86,86,86,86,86,86,86,86,91,91,91,86,86,86,86,86,86,86,86,86,86,86,86,86,86,86,86,86],"card_choices":[{"not_picked":["Secret Weapon","HandOfGreed"],"picked":"Sadistic Nature","floor":0},{"not_picked":["ats:Cat Scratch","ats:Revitalization"],"picked":"ats:Explosion Area Strengthen","floor":1},{"not_picked":["ats:Explosion Area Strengthen","ats:Encircling Forest","ats:Apocalypse"],"picked":"SKIP","floor":5},{"not_picked":["ats:Childhood Dance","ats:Curse Doll","ats:Consecutive Shot Auto"],"picked":"SKIP","floor":7},{"not_picked":["ats:Childhood Dance","ats:Consecutive Shot Auto"],"picked":"ats:Curse Doll","floor":7},{"not_picked":["ats:Mental Burst","ats:Encircling Forest"],"picked":"ats:Disruption Kick","floor":11},{"not_picked":["ats:Assault Order","ats:Leaping Hammer","ats:Healing Strengthening"],"picked":"SKIP","floor":13},{"not_picked":["ats:Leaping Hammer","ats:Healing Strengthening"],"picked":"ats:Assault Order","floor":13},{"not_picked":["ats:Leaping Hammer","ats:Beaten Up","ats:Ignite"],"picked":"SKIP","floor":14},{"not_picked":["ats:Shadow Assault","ats:Disruption Kick"],"picked":"ats:Echo Reverb","floor":16},{"not_picked":["ats:Curse Doll+1","ats:Explosion Area Strengthen","ats:Consecutive Shot Auto+1"],"picked":"SKIP","floor":18},{"not_picked":["ats:Explosion Area Strengthen","ats:Cat Scratch","ats:Neurotoxin+1"],"picked":"SKIP","floor":23},{"not_picked":["ats:Healing Drone","ats:Apocalypse","ats:Very Hot Blade"],"picked":"SKIP","floor":25},{"not_picked":["ats:Shell Defense","ats:Leaping Hammer"],"picked":"ats:Mental Burst","floor":28},{"not_picked":["ats:Flexible Camouflage+1","ats:Very Hot Blade+1","ats:Consecutive Shot Auto"],"picked":"SKIP","floor":30},{"not_picked":["ats:Shell Defense+1","ats:Mental Burst","ats:Apocalypse+1"],"picked":"SKIP","floor":35},{"not_picked":["ats:Powerful Strike","ats:Directed Diagnosis+1","ats:Childhood Dance+1"],"picked":"SKIP","floor":37},{"not_picked":["ats:Thermite Blade+1","ats:Explosion Area Strengthen+1","ats:Disruption Kick"],"picked":"SKIP","floor":40},{"not_picked":["ats:Assault Order+1","ats:Revitalization+1","ats:Powerful Strike"],"picked":"SKIP","floor":44},{"not_picked":["ats:Hammer On","ats:Echo Reverb+1","ats:Overload+1"],"picked":"SKIP","floor":46},{"not_picked":["ats:Thermite Blade","ats:Ignite","ats:Poison Spread+1"],"picked":"SKIP","floor":48},{"not_picked":["ats:Blood Oath","ats:Charging Defense+1"],"picked":"ats:Calcification+1","floor":54}],"player_experience":2325718,"relics_obtained":[{"floor":7,"key":"ats:Originium"},{"floor":7,"key":"ats:Industrial Water Cannon"},{"floor":9,"key":"Blue Candle"},{"floor":11,"key":"ats:Originium"},{"floor":11,"key":"Matryoshka"},{"floor":13,"key":"ats:Originium"},{"floor":13,"key":"Mango"},{"floor":21,"key":"Bottled Lightning"},{"floor":23,"key":"Eternal Feather"},{"floor":25,"key":"Tiny Chest"},{"floor":26,"key":"Oddly Smooth Stone"},{"floor":26,"key":"ats:Bonebreaker"},{"floor":30,"key":"Toxic Egg 2"},{"floor":36,"key":"TungstenRod"},{"floor":40,"key":"Toy Ornithopter"},{"floor":41,"key":"InkBottle"},{"floor":43,"key":"Blood Vial"},{"floor":44,"key":"CeramicFish"},{"floor":48,"key":"Juzu Bracelet"},{"floor":54,"key":"Bag of Preparation"}],"event_choices":[{"cards_removed":["ats:Strike G"],"damage_healed":0,"gold_gain":0,"player_choice":"Card Removal","damage_taken":0,"max_hp_gain":0,"max_hp_loss":0,"event_name":"The Cleric","floor":2,"gold_loss":50},{"cards_removed":["ats:Strike V"],"damage_healed":0,"gold_gain":0,"player_choice":"Card Removal","damage_taken":7,"max_hp_gain":0,"max_hp_loss":0,"event_name":"Golden Wing","floor":4,"gold_loss":0},{"damage_healed":0,"gold_gain":0,"player_choice":"Gave Potion","damage_taken":0,"relics_obtained":["ats:Berate"],"max_hp_gain":0,"max_hp_loss":0,"event_name":"WeMeetAgain","floor":19,"gold_loss":0},{"damage_healed":0,"gold_gain":0,"player_choice":"Ignored","damage_taken":0,"max_hp_gain":0,"max_hp_loss":0,"event_name":"Ghosts","floor":22,"gold_loss":0},{"damage_healed":0,"gold_gain":0,"player_choice":"Fight","damage_taken":0,"max_hp_gain":0,"max_hp_loss":0,"event_name":"MindBloom","floor":36,"gold_loss":0},{"cards_removed":["ats:Explosion Area Strengthen"],"damage_healed":0,"gold_gain":0,"player_choice":"Removed Attack","damage_taken":0,"max_hp_gain":0,"max_hp_loss":0,"event_name":"Falling","floor":38,"gold_loss":0},{"damage_healed":0,"gold_gain":0,"player_choice":"Max HP","damage_taken":0,"max_hp_gain":0,"max_hp_loss":5,"event_name":"Winding Halls","floor":39,"gold_loss":0}],"is_beta":false,"boss_relics":[{"not_picked":["ats:Omniscience","Calling Bell"],"picked":"ats:Tactical Delivery"},{"not_picked":["SlaversCollar","Runic Dome"],"picked":"Coffee Dripper"}],"items_purged_floors":[12,20,27,47],"is_endless":false,"potions_floor_spawned":[7,11,16,25,28,33,36,37,40,48,54],"ascension_level":1}}