{"host":"65a95dzim48ko8ke","time":1609323478,"event":{"mods":["BaseMod","Better Third Choice","Colored Powertips","Minty Spire (QoL Compilation)","Quick Restart","Rare Cards Sparkle","Robot Space Explorer","Spicy Shops","StSLib"],"gold_per_floor":[111,111,131,148,167,202,202,377,425,26,45,72,72,84,84,182,182,197,197,197,209,220,220,135,165,215,215,33,53,53,63,63,160,160,170,183,183,183,183,215,1,11,37,72,72,118,134,0,0,0,0,0,0,27,27],"floor_reached":56,"playtime":3660,"items_purged":["Doubt"],"score":1281,"play_id":"c8e074cb-32bd-4b76-aaec-6f7a3436803a","local_time":"20201230191758","is_ascension_mode":true,"campfire_choices":[{"data":"RobotSpaceExplorer:SurgingShield","floor":7,"key":"SMITH"},{"data":"RobotSpaceExplorer:LaserBurst","floor":13,"key":"SMITH"},{"data":"RobotSpaceExplorer:Autoloader","floor":15,"key":"SMITH"},{"data":"RobotSpaceExplorer:ShovelStrike","floor":23,"key":"SMITH"},{"data":"RobotSpaceExplorer:ExhaustFan","floor":30,"key":"SMITH"},{"data":"RobotSpaceExplorer:DroneSwarm","floor":32,"key":"SMITH"},{"floor":49,"key":"RECALL"},{"data":"RobotSpaceExplorer:Autoloader","floor":52,"key":"SMITH"}],"circlet_count":0,"master_deck":["RobotSpaceExplorer:Strike","RobotSpaceExplorer:Strike","RobotSpaceExplorer:Strike","RobotSpaceExplorer:Defend+1","RobotSpaceExplorer:Defend+1","RobotSpaceExplorer:Scan+1","RobotSpaceExplorer:MiniLasers","CurseOfTheBell","RobotSpaceExplorer:JunkDive","RobotSpaceExplorer:SurgingShield","RobotSpaceExplorer:Probe","RobotSpaceExplorer:Probe","RobotSpaceExplorer:SurgingShield+1","RobotSpaceExplorer:LaserBurst+1","RobotSpaceExplorer:MiniDrones","RobotSpaceExplorer:GearShield","RobotSpaceExplorer:Autoloader+1","RobotSpaceExplorer:Accelerator+1","RobotSpaceExplorer:ShovelStrike+1","RobotSpaceExplorer:GlueShot+1","RobotSpaceExplorer:Blaster","RobotSpaceExplorer:ExhaustFan+1","RobotSpaceExplorer:DroneSwarm+1","RobotSpaceExplorer:ShockMissile+1","RobotSpaceExplorer:FrostMissile+1","RobotSpaceExplorer:Scanner+1","RobotSpaceExplorer:FreezeRay+1","RobotSpaceExplorer:FranticSearch+1","RobotSpaceExplorer:MetalStrike+1","RobotSpaceExplorer:ScrapMissile+1","RobotSpaceExplorer:SwiftStep","RobotSpaceExplorer:ImprovisedAttack+1","Flash of Steel+1","Parasite","RobotSpaceExplorer:Autoloader+1","RobotSpaceExplorer:ScrapMissile+1","RobotSpaceExplorer:ScrapMissile+1","RobotSpaceExplorer:Probe+1"],"relics":["Calling Bell","Toy Ornithopter","White Beast Statue","Ice Cream","Akabeko","Question Card","Regal Pillow","Coffee Dripper","War Paint","Darkstone Periapt","Letter Opener","Tiny Chest","Molten Egg 2","Meat on the Bone","Astrolabe","Matryoshka","Smiling Mask","Singing Bowl","InkBottle","Pen Nib","Dream Catcher","Torii","Red Mask","Vajra"],"acts_visited":["Exordium","TheCity","TheBeyond","TheEnding"],"potions_floor_usage":[11,12,12,16,16,18,22,25,25,25,31,33,36,36,42,44,44,50,55,55,55,55,55,55],"damage_taken":[{"damage":5.0,"enemies":"Jaw Worm","floor":1.0,"turns":5.0},{"damage":0.0,"enemies":"2 Louse","floor":3.0,"turns":2.0},{"damage":0.0,"enemies":"Cultist","floor":4.0,"turns":4.0},{"damage":0.0,"enemies":"3 Louse","floor":5.0,"turns":3.0},{"damage":6.0,"enemies":"Gremlin Nob","floor":6.0,"turns":3.0},{"damage":2,"enemies":"Exordium Wildlife","floor":11,"turns":4},{"damage":4,"enemies":"3 Sentries","floor":12,"turns":5},{"damage":0,"enemies":"Red Slaver","floor":14,"turns":3},{"damage":27,"enemies":"The Guardian","floor":16,"turns":7},{"damage":7,"enemies":"2 Thieves","floor":18,"turns":4},{"damage":5,"enemies":"Chosen","floor":21,"turns":4},{"damage":0,"enemies":"Centurion and Healer","floor":22,"turns":4},{"damage":22,"enemies":"Gremlin Leader","floor":25,"turns":7},{"damage":7,"enemies":"Snake Plant","floor":29,"turns":4},{"damage":18,"enemies":"Shelled Parasite and Fungi","floor":31,"turns":4},{"damage":3,"enemies":"Champ","floor":33,"turns":9},{"damage":7,"enemies":"3 Shapes","floor":35,"turns":7},{"damage":3,"enemies":"3 Darklings","floor":36,"turns":5},{"damage":4,"enemies":"Giant Head","floor":40,"turns":7},{"damage":0,"enemies":"Writhing Mass","floor":42,"turns":5},{"damage":18,"enemies":"Nemesis","floor":44,"turns":7},{"damage":0,"enemies":"Jaw Worm Horde","floor":47,"turns":4},{"damage":27,"enemies":"Awakened One","floor":50,"turns":10},{"damage":28,"enemies":"Shield and Spear","floor":54,"turns":8},{"damage":62,"enemies":"The Heart","floor":55,"turns":7}],"seed_played":"7215742822036028571","potions_obtained":[{"floor":1.0,"key":"AttackPotion"},{"floor":3.0,"key":"EssenceOfSteel"},{"floor":4.0,"key":"Strength Potion"},{"floor":5.0,"key":"CultistPotion"},{"floor":6,"key":"Block Potion"},{"floor":11,"key":"Weak Potion"},{"floor":12,"key":"SteroidPotion"},{"floor":14,"key":"SneckoOil"},{"floor":16,"key":"Regen Potion"},{"floor":18,"key":"SkillPotion"},{"floor":21,"key":"Strength Potion"},{"floor":22,"key":"RobotSpaceExplorer:PlasmaFlask"},{"floor":25,"key":"AttackPotion"},{"floor":29,"key":"DuplicationPotion"},{"floor":31,"key":"Strength Potion"},{"floor":33,"key":"Swift Potion"},{"floor":35,"key":"SteroidPotion"},{"floor":36,"key":"DistilledChaos"},{"floor":40,"key":"Dexterity Potion"},{"floor":42,"key":"EntropicBrew"},{"floor":44,"key":"Swift Potion"},{"floor":47,"key":"LiquidMemories"},{"floor":54,"key":"Swift Potion"}],"is_trial":false,"path_per_floor":["M","?","M","M","M","E","R","?","T","$","M","E","R","M","R","B",null,"M","?","?","M","M","R","?","E","T","T","$","M","R","M","R","B",null,"M","M","T","T","?","E","$","M","T","E","?","T","M","?","R","B",null,"R","$","E","B",null],"character_chosen":"RobotSpaceExplorer","items_purchased":["Question Card","RobotSpaceExplorer:LaserBurst","Meat on the Bone","RobotSpaceExplorer:FrostMissile+1","RobotSpaceExplorer:SwiftStep","RobotSpaceExplorer:ImprovisedAttack+1","Flash of Steel+1"],"campfire_rested":0,"item_purchase_floors":[10,10,28,28,41,41,41],"current_hp_per_floor":[70,70,70,70,75,69,69,69,69,69,72,75,75,75,75,51,75,73,73,73,68,73,73,73,67,67,67,67,60,60,47,47,49,75,68,74,74,74,71,67,67,77,77,69,69,69,69,69,69,47,77,77,77,49,29],"gold":27,"neow_bonus":"BOSS_RELIC","is_daily":false,"chose_seed":false,"campfire_upgraded":7,"win_rate":0.0,"timestamp":1609323478,"path_taken":["M","?","M","M","M","E","R","?","T","$","M","E","R","M","R","BOSS","M","?","?","M","?","R","?","E","T","?","?","M","R","M","R","BOSS","M","M","?","?","?","E","?","M","T","E","?","?","M","?","R","BOSS","R","$","E","BOSS"],"items_purchased_type":["Relic","Card","Relic","Card","Card","Card","Card"],"build_version":"2020-12-22","purchased_purges":1,"victory":true,"max_hp_per_floor":[75,75,75,75,75,75,75,75,75,75,75,75,75,75,75,75,75,75,75,75,75,75,75,75,75,75,75,75,75,75,75,75,75,75,75,75,75,75,71,71,71,77,77,77,77,77,77,77,77,77,77,77,77,77,77],"card_choices":[{"not_picked":["RobotSpaceExplorer:MetalStrike","RobotSpaceExplorer:Calculate"],"picked":"RobotSpaceExplorer:JunkDive","floor":1.0},{"not_picked":["RobotSpaceExplorer:FranticSearch","RobotSpaceExplorer:Ammunition"],"picked":"RobotSpaceExplorer:SurgingShield","floor":3.0},{"not_picked":["RobotSpaceExplorer:SelfCleaning","RobotSpaceExplorer:ShockKick"],"picked":"RobotSpaceExplorer:Probe","floor":4.0},{"not_picked":["RobotSpaceExplorer:ShovelStrike","RobotSpaceExplorer:Ammunition"],"picked":"RobotSpaceExplorer:Probe","floor":5.0},{"not_picked":["RobotSpaceExplorer:SurgingStrike","RobotSpaceExplorer:IronShell"],"picked":"RobotSpaceExplorer:SurgingShield","floor":6},{"not_picked":["RobotSpaceExplorer:ShovelStrike","RobotSpaceExplorer:FranticSearch","RobotSpaceExplorer:ToxicBomb"],"picked":"RobotSpaceExplorer:MiniDrones","floor":11},{"not_picked":["RobotSpaceExplorer:FreezeRay","RobotSpaceExplorer:SurgingStrike","RobotSpaceExplorer:SurgingShield"],"picked":"RobotSpaceExplorer:GearShield","floor":12},{"not_picked":["RobotSpaceExplorer:SurgingStrike","RobotSpaceExplorer:Probe","RobotSpaceExplorer:PlasmaMissile"],"picked":"RobotSpaceExplorer:Autoloader","floor":14},{"not_picked":["RobotSpaceExplorer:Wormhole","RobotSpaceExplorer:Blaster","RobotSpaceExplorer:Exploration"],"picked":"RobotSpaceExplorer:Accelerator","floor":16},{"not_picked":["RobotSpaceExplorer:ShockKick","RobotSpaceExplorer:MetalStrike","RobotSpaceExplorer:Pulsar"],"picked":"RobotSpaceExplorer:ShovelStrike","floor":18},{"not_picked":["RobotSpaceExplorer:MiniDrones","RobotSpaceExplorer:SlimeMissile","RobotSpaceExplorer:GlueShot"],"picked":"RobotSpaceExplorer:Exploration","floor":21},{"not_picked":["RobotSpaceExplorer:SwiftStep","RobotSpaceExplorer:ToxicBomb","RobotSpaceExplorer:MetalStrike+1"],"picked":"RobotSpaceExplorer:GlueShot+1","floor":22},{"not_picked":["RobotSpaceExplorer:MetalStrike","RobotSpaceExplorer:Counterblock+1","RobotSpaceExplorer:ImprovisedAttack"],"picked":"RobotSpaceExplorer:Blaster","floor":25},{"not_picked":["RobotSpaceExplorer:Smokescreen+1","RobotSpaceExplorer:Counterblock+1","RobotSpaceExplorer:ShovelStrike+1"],"picked":"RobotSpaceExplorer:ExhaustFan","floor":29},{"not_picked":["RobotSpaceExplorer:ImprovisedAttack+1","RobotSpaceExplorer:StarLightning+1","RobotSpaceExplorer:FranticSearch"],"picked":"RobotSpaceExplorer:DroneSwarm","floor":31},{"not_picked":["RobotSpaceExplorer:Asteroid+1","RobotSpaceExplorer:ChargingLaser+1","RobotSpaceExplorer:Arsenal"],"picked":"RobotSpaceExplorer:ShockMissile+1","floor":33},{"not_picked":["RobotSpaceExplorer:ScrapToss+1","RobotSpaceExplorer:SurgingShield","RobotSpaceExplorer:StarDust"],"picked":"RobotSpaceExplorer:FranticSearch+1","floor":35},{"not_picked":["RobotSpaceExplorer:Blitz+1","RobotSpaceExplorer:SlimeMissile+1","RobotSpaceExplorer:GlueSpray"],"picked":"RobotSpaceExplorer:MetalStrike+1","floor":36},{"not_picked":["RobotSpaceExplorer:FranticSearch","RobotSpaceExplorer:MakeshiftVolley+1","RobotSpaceExplorer:StunGrenade+1"],"picked":"RobotSpaceExplorer:ScrapMissile+1","floor":40},{"not_picked":["RobotSpaceExplorer:ShockKick+1","RobotSpaceExplorer:ImprovisedAttack+1","RobotSpaceExplorer:DoubleBlock+1"],"picked":"RobotSpaceExplorer:Autoloader","floor":42},{"not_picked":["RobotSpaceExplorer:FreezeRay","RobotSpaceExplorer:StunGrenade+1","RobotSpaceExplorer:Wormhole"],"picked":"RobotSpaceExplorer:ScrapMissile+1","floor":44},{"not_picked":["RobotSpaceExplorer:Smokescreen","RobotSpaceExplorer:FrostMissile+1","RobotSpaceExplorer:Pulsar+1"],"picked":"RobotSpaceExplorer:ScrapMissile+1","floor":47},{"not_picked":["RobotSpaceExplorer:SurgingShield","RobotSpaceExplorer:FranticSearch","RobotSpaceExplorer:IronShell"],"picked":"RobotSpaceExplorer:Probe+1","floor":54}],"player_experience":289579,"relics_obtained":[{"floor":0.0,"key":"Toy Ornithopter"},{"floor":0.0,"key":"White Beast Statue"},{"floor":0.0,"key":"Ice Cream"},{"floor":9,"key":"Akabeko"},{"floor":12,"key":"Regal Pillow"},{"floor":22,"key":"War Paint"},{"floor":25,"key":"Letter Opener"},{"floor":26,"key":"Tiny Chest"},{"floor":27,"key":"Molten Egg 2"},{"floor":37,"key":"Matryoshka"},{"floor":38,"key":"Smiling Mask"},{"floor":38,"key":"Singing Bowl"},{"floor":40,"key":"InkBottle"},{"floor":43,"key":"Pen Nib"},{"floor":43,"key":"Dream Catcher"},{"floor":44,"key":"Torii"},{"floor":54,"key":"Vajra"}],"event_choices":[{"damage_healed":0.0,"max_hp_gain":0.0,"max_hp_loss":0.0,"gold_gain":0.0,"event_name":"Living Wall","player_choice":"Grow","floor":2.0,"gold_loss":0.0,"damage_taken":0.0,"cards_upgraded":["RobotSpaceExplorer:Scan"]},{"damage_healed":0,"gold_gain":175,"player_choice":"AGREE","damage_taken":202,"max_hp_gain":0,"max_hp_loss":0,"event_name":"betterThird:BetterSerpent","floor":8,"gold_loss":0},{"damage_healed":0,"gold_gain":0,"player_choice":"Ignored","damage_taken":0,"max_hp_gain":0,"max_hp_loss":0,"event_name":"Vampires","floor":19,"gold_loss":0},{"damage_healed":0,"gold_gain":0,"player_choice":"Upgraded","damage_taken":0,"max_hp_gain":0,"max_hp_loss":0,"event_name":"Upgrade Shrine","floor":20,"gold_loss":0,"cards_upgraded":["RobotSpaceExplorer:Accelerator"]},{"damage_healed":0,"gold_gain":0,"player_choice":"Obtained Relic","damage_taken":0,"relics_obtained":["Darkstone Periapt"],"max_hp_gain":0,"max_hp_loss":0,"event_name":"Addict","floor":24,"gold_loss":85},{"damage_healed":0,"gold_gain":0,"player_choice":"Max HP","damage_taken":0,"max_hp_gain":0,"max_hp_loss":4,"event_name":"Winding Halls","floor":39,"gold_loss":0},{"cards_removed":["RobotSpaceExplorer:FrostMissile"],"damage_healed":0,"gold_gain":0,"player_choice":"Removed Attack","damage_taken":0,"max_hp_gain":0,"max_hp_loss":0,"event_name":"Falling","floor":45,"gold_loss":0},{"damage_healed":0,"gold_gain":0,"player_choice":"Paid","damage_taken":0,"relics_obtained":["Red Mask"],"max_hp_gain":0,"max_hp_loss":0,"event_name":"Tomb of Lord Red Mask","floor":48,"gold_loss":134}],"is_beta":false,"boss_relics":[{"not_picked":["Fusion Hammer","Sozu"],"picked":"Coffee Dripper"},{"not_picked":["Velvet Choker","Empty Cage"],"picked":"Astrolabe"}],"items_purged_floors":[10],"is_endless":false,"potions_floor_spawned":[1,3,4,5,6,11,12,14,16,18,21,22,25,29,31,33,35,36,40,42,44,47,54],"ascension_level":1}}