{"host":"g7trc0x2teqyd8ye","time":1609364840,"event":{"mods":["BaseMod","Key Reminder","Minty Spire (QoL Compilation)","Relic Stats"],"gold_per_floor":[117,117,131,146,221,256,271,271,271],"floor_reached":8,"playtime":228,"items_purged":[],"score":110,"play_id":"7e74ed12-213c-4b51-8198-6f69d57d2331","local_time":"20201230224720","is_ascension_mode":true,"campfire_choices":[],"circlet_count":0,"master_deck":["AscendersBane","Strike_R","Strike_R","Strike_R","Strike_R","Strike_R","Defend_R","Defend_R","Defend_R","Defend_R","Bash","Carnage","Anger","Fire Breathing","Carnage","Seeing Red","Headbutt"],"relics":["Burning Blood","Ginger","Turnip"],"acts_visited":["Exordium"],"potions_floor_usage":[8],"damage_taken":[{"damage":19,"enemies":"Jaw Worm","floor":1,"turns":5},{"damage":1,"enemies":"Cultist","floor":3,"turns":3},{"damage":3,"enemies":"2 Louse","floor":4,"turns":2},{"damage":35,"enemies":"Lagavulin","floor":6,"turns":5},{"damage":7,"enemies":"2 Fungi Beasts","floor":7,"turns":3},{"damage":34,"enemies":"Gremlin Nob","floor":8,"turns":3}],"seed_played":"9205630457535827386","potions_obtained":[{"floor":1,"key":"CultistPotion"},{"floor":3,"key":"Dexterity Potion"}],"is_trial":false,"path_per_floor":["M","?","M","M","?","E","M","E"],"character_chosen":"IRONCLAD","items_purchased":[],"campfire_rested":0,"item_purchase_floors":[],"current_hp_per_floor":[55,55,60,63,52,23,22,0,0],"gold":271,"neow_bonus":"ONE_RARE_RELIC","is_daily":false,"chose_seed":false,"campfire_upgraded":0,"win_rate":0.0,"timestamp":1609364840,"path_taken":["M","?","?","M","?","E","M","E"],"items_purchased_type":[],"build_version":"2020-12-22","purchased_purges":0,"victory":false,"max_hp_per_floor":[68,68,68,68,68,68,68,68,68],"relic_stats":{"counters":[6,21],"Turnip":[0],"Ginger":[0],"obtain_stats":[{"Turnip":6,"Ginger":0,"Burning Blood":0},{"Turnip":4,"Ginger":0,"Burning Blood":0},{"Turnip":15,"Ginger":0,"Burning Blood":0}],"Burning Blood":30},"card_choices":[{"not_picked":["Anger","Headbutt"],"picked":"Carnage","floor":1},{"not_picked":["Perfected Strike","Bloodletting"],"picked":"Fire Breathing","floor":3},{"not_picked":["Hemokinesis","Headbutt"],"picked":"Carnage","floor":4},{"not_picked":["Headbutt","Armaments"],"picked":"Seeing Red","floor":6},{"not_picked":["Wild Strike","Clash"],"picked":"Headbutt","floor":7}],"player_experience":832075,"relics_obtained":[{"floor":6,"key":"Turnip"}],"event_choices":[{"damage_healed":0,"gold_gain":0,"player_choice":"1 cards matched","damage_taken":0,"max_hp_gain":0,"max_hp_loss":0,"event_name":"Match and Keep!","floor":2,"gold_loss":0,"cards_obtained":["Anger"]},{"damage_healed":0,"gold_gain":75,"player_choice":"Gather Gold","damage_taken":11,"max_hp_gain":0,"max_hp_loss":0,"event_name":"World of Goop","floor":5,"gold_loss":0}],"is_beta":false,"boss_relics":[],"items_purged_floors":[],"is_endless":false,"potions_floor_spawned":[1,3,6],"killed_by":"Gremlin Nob","ascension_level":18}}