{"host":"wwm0n4cn14lqtm8g","time":1609306492,"event":{"mods":["AchievementEnabler","BaseMod","Colored Map","DeckTracker","Minty Spire (QoL Compilation)","Rare Cards Sparkle","Relic Stats","StSLib","Waifu the Spire","everything is the same but u backflip on backflip"],"gold_per_floor":[113,130,148,168,168,168,168,168],"floor_reached":7,"playtime":354,"items_purged":[],"score":86,"play_id":"121ab107-b7e9-4bad-97f1-688f1c17c93f","local_time":"20201230143452","is_ascension_mode":true,"campfire_choices":[{"data":"Malaise","floor":6,"key":"SMITH"}],"circlet_count":0,"master_deck":["AscendersBane","Strike_G","Strike_G","Strike_G","Strike_G","Strike_G","Defend_G","Defend_G","Defend_G","Defend_G+1","Defend_G","Survivor","Neutralize","Dagger Throw","Well Laid Plans+1","Terror","Malaise+1"],"relics":["Ring of the Snake","Dream Catcher"],"acts_visited":["Exordium"],"potions_floor_usage":[7],"damage_taken":[{"damage":7,"enemies":"Cultist","floor":1,"turns":5},{"damage":2,"enemies":"2 Louse","floor":2,"turns":3},{"damage":1,"enemies":"Small Slimes","floor":3,"turns":3},{"damage":0,"enemies":"3 Louse","floor":4,"turns":5},{"damage":22,"enemies":"3 Sentries","floor":7,"turns":5}],"seed_played":"2398307529916725861","potions_obtained":[{"floor":3,"key":"PowerPotion"}],"is_trial":false,"path_per_floor":["M","M","M","M","?","R","E"],"character_chosen":"THE_SILENT","items_purchased":[],"campfire_rested":0,"item_purchase_floors":[],"current_hp_per_floor":[52,50,49,49,29,29,7,7],"gold":168,"neow_bonus":"RANDOM_COMMON_RELIC","is_daily":false,"chose_seed":false,"campfire_upgraded":1,"win_rate":0.0,"timestamp":1609306492,"path_taken":["M","?","M","M","?","R","E"],"items_purchased_type":[],"build_version":"2020-12-22","purchased_purges":0,"victory":false,"max_hp_per_floor":[66,66,66,66,66,66,66,66],"relic_stats":{"Dream Catcher":0,"counters":[5,21],"obtain_stats":[{"Dream Catcher":0,"Ring of the Snake":0},{"Dream Catcher":0,"Ring of the Snake":0},{"Dream Catcher":0,"Ring of the Snake":0}],"Ring of the Snake":[10]},"card_choices":[{"not_picked":["Flying Knee","Outmaneuver"],"picked":"Dagger Throw","floor":1},{"not_picked":["Blade Dance","Slice"],"picked":"Well Laid Plans","floor":2},{"not_picked":["Sucker Punch","Quick Slash"],"picked":"Terror","floor":3},{"not_picked":["Dodge and Roll","Flechettes"],"picked":"Malaise","floor":4}],"player_experience":1205919,"relics_obtained":[],"event_choices":[{"damage_healed":0,"gold_gain":0,"player_choice":"Entered Light","damage_taken":20,"max_hp_gain":0,"max_hp_loss":0,"event_name":"Shining Light","floor":5,"gold_loss":0,"cards_upgraded":["Defend_G","Well Laid Plans"]}],"is_beta":false,"boss_relics":[],"items_purged_floors":[],"is_endless":false,"potions_floor_spawned":[3],"killed_by":"3 Sentries","ascension_level":20}}