{"host":"sav7uxregyirlf69","time":1609318945,"event":{"mods":["AchievementEnabler","BaseMod","Colored Map","DeckTracker","Keyboard Shortcuts","Minty Spire (QoL Compilation)","READ ME - Guardian Mod","StSLib","SuperFastMode"],"gold_per_floor":[118,133,58,74,93,93,103,103,151,151,177,194,194,205,205,205,205],"floor_reached":16,"playtime":296,"items_purged":[],"score":208,"play_id":"d0818b05-3db7-45ea-ae68-60a69945c9e5","local_time":"20201230180225","is_ascension_mode":true,"campfire_choices":[{"data":"Cloak And Dagger","floor":6.0,"key":"SMITH"},{"floor":8.0,"key":"REST"},{"data":"After Image","floor":10.0,"key":"SMITH"},{"data":"Finisher","floor":15,"key":"SMITH"}],"circlet_count":0,"master_deck":["AscendersBane","Strike_G","Strike_G","Strike_G","Defend_G","Defend_G","Defend_G","Defend_G","Defend_G","Survivor","Neutralize","After Image+1","Dagger Throw","Dagger Throw","Dagger Spray","Cloak And Dagger+1","Corpse Explosion","Calculated Gamble","Finisher+1"],"relics":["Ring of the Snake","Potion Belt"],"acts_visited":["Exordium"],"potions_floor_usage":[16],"damage_taken":[{"damage":7.0,"enemies":"2 Louse","floor":1.0,"turns":4.0},{"damage":0.0,"enemies":"Cultist","floor":2.0,"turns":4.0},{"damage":0.0,"enemies":"Small Slimes","floor":4.0,"turns":3.0},{"damage":16.0,"enemies":"Exordium Thugs","floor":5.0,"turns":7.0},{"damage":1.0,"enemies":"Looter","floor":7.0,"turns":3.0},{"damage":3.0,"enemies":"3 Sentries","floor":11.0,"turns":5.0},{"damage":1,"enemies":"3 Louse","floor":12,"turns":3},{"damage":9,"enemies":"Large Slime","floor":14,"turns":5},{"damage":27,"enemies":"The Guardian","floor":16,"turns":9}],"seed_played":"-5543204462166960780","potions_obtained":[{"floor":1.0,"key":"Swift Potion"},{"floor":5.0,"key":"AttackPotion"},{"floor":12,"key":"Fire Potion"}],"is_trial":false,"path_per_floor":["M","M","?","M","M","R","M","R","T","R","E","M","?","M","R","B"],"character_chosen":"THE_SILENT","items_purchased":[],"campfire_rested":1,"item_purchase_floors":[],"current_hp_per_floor":[37,37,37,37,21,21,20,39,39,39,36,35,35,26,26,0,0],"gold":205,"neow_bonus":"THREE_RARE_CARDS","is_daily":false,"chose_seed":false,"campfire_upgraded":3,"win_rate":0.0,"timestamp":1609318945,"path_taken":["M","M","?","M","M","R","M","R","T","R","E","M","?","M","R","BOSS"],"items_purchased_type":[],"build_version":"2020-12-22","purchased_purges":0,"victory":false,"max_hp_per_floor":[66,66,66,66,66,66,66,66,66,66,66,66,66,66,66,66,66],"card_choices":[{"not_picked":["Tools of the Trade","Phantasmal Killer"],"picked":"After Image","floor":0.0},{"not_picked":["Masterful Stab","Endless Agony"],"picked":"Dagger Throw","floor":1.0},{"not_picked":["Leg Sweep","Masterful Stab"],"picked":"Dagger Throw","floor":2.0},{"not_picked":["Expertise","Quick Slash"],"picked":"Dagger Spray","floor":4.0},{"not_picked":["Well Laid Plans","Dagger Spray"],"picked":"Cloak And Dagger","floor":5.0},{"not_picked":["Slice","Poisoned Stab","Choke"],"picked":"SKIP","floor":7.0},{"not_picked":["Bane","PiercingWail"],"picked":"Corpse Explosion","floor":11},{"not_picked":["Sucker Punch","Prepared"],"picked":"Calculated Gamble","floor":12},{"not_picked":["Underhanded Strike","Quick Slash"],"picked":"Finisher","floor":14}],"player_experience":1070918,"relics_obtained":[{"floor":9.0,"key":"Potion Belt"}],"event_choices":[{"cards_removed":["Strike_G"],"damage_healed":0.0,"max_hp_gain":0.0,"max_hp_loss":0.0,"gold_gain":0.0,"event_name":"The Cleric","player_choice":"Card Removal","floor":3.0,"gold_loss":75.0,"damage_taken":0.0},{"cards_removed":["Strike_G"],"damage_healed":0,"gold_gain":0,"player_choice":"Purged","damage_taken":0,"max_hp_gain":0,"max_hp_loss":0,"event_name":"Purifier","floor":13,"gold_loss":0}],"is_beta":false,"boss_relics":[],"items_purged_floors":[],"is_endless":false,"potions_floor_spawned":[1,5,7,12],"killed_by":"The Guardian","ascension_level":20}}