{"host":"ft2xazkv7v30fddt","time":1609328804,"event":{"mods":["AchievementEnabler","Act Like it!","Aspiration","Astrologer","Bard","BaseMod","Better Altar","Better Match","Better Note","Better Sensory Stone","Better Skull","CapriCore","Chen","Colored Powertips","Downfall","Elementarium","Energized Spire","Gensokyo","GifTheSpireLib","Gremlin Mod","Hallownest","Hermit","Hubris","Infinite Spire","KinomotoSakuraMod(????)","Koishi","Marisa????????","Minty Spire (QoL Compilation)","Pale of the Ancients","Permanent Neow","Potionbrewer","Prisma Mod","Replay The Spire","StSLib","Stuff the Spire","The Blackbeard","The Bladedancer","The Construct","The Cursed","The Forsaken","The Gatherer","The Hayseed","The Immortal","The Runesmith","The Servant 0.9.4","The Showman","The Vixen","TheArtist","TheSwordswoman","Wandering Minibosses","thorton","vexMod"],"gold_per_floor":[119,132,143,68,68,68,68,68,68,101,120,120,50,82,182,287,287,298,326,326,108,108,108],"floor_reached":22,"playtime":1194,"items_purged":[],"score":192,"play_id":"cdbbd191-2f62-4d93-b7df-68304ee0b169","local_time":"20201230194644","is_ascension_mode":false,"campfire_choices":[{"data":"hermit:Snapshot","floor":6,"key":"SMITH"},{"data":"hermit:Brawl","floor":8,"key":"SMITH"},{"data":"hermit:Maintenance","floor":12,"key":"SMITH"}],"circlet_count":0,"master_deck":["hermit:Strike_Hermit","hermit:Strike_Hermit","hermit:Strike_Hermit","hermit:Defend_Hermit","hermit:Defend_Hermit+1","hermit:Defend_Hermit","hermit:Defend_Hermit","hermit:Snapshot+1","hermit:Covet","hermit:Brawl+1","hermit:Midnight","hermit:Dive+1","infinitespire:Menacing+1","Pot Of Greed","Pot Of Greed","hermit:Maintenance+1","hermit:DeadOrAlive","hubris:DuctTapeCard","Guardian:Aged","Elementarium:StickyTar","TheSimpletonMod:Spoilage","hermit:SprayPray","hermit:Snipe","Gensokyo:ScrapIron","Normality"],"relics":["hermit:Momento","StuffTheSpire:SapphireSignet","Mirror","Replay:Ancient Bell","infinitespire:PuzzleCube","hubris:DuctTape","Replay:Kaleidoscope","ReplayTheSpireMod:CursedCoin","Chemical X"],"acts_visited":["Gensokyo:Gensokyo","Gensokyo:Gensokyoer"],"potions_floor_usage":[14,16],"damage_taken":[{"damage":10,"enemies":"Gensokyo:Gryphon","floor":1,"turns":3},{"damage":4,"enemies":"Gensokyo:2_Kodama","floor":2,"turns":3},{"damage":0,"enemies":"Gensokyo:3_Fairies","floor":3,"turns":4},{"damage":12,"enemies":"Gensokyo:Mamizou","floor":10,"turns":8},{"damage":0,"enemies":"Gensokyo:LivingMonolith","floor":11,"turns":2},{"damage":17,"enemies":"Gensokyo:Cirno","floor":14,"turns":7},{"damage":19,"enemies":"Gensokyo:Reimu","floor":16,"turns":7},{"damage":19,"enemies":"Gensokyo:2_Gloops","floor":18,"turns":6},{"damage":37,"enemies":"Gensokyo:CosmicMonolith","floor":19,"turns":6},{"damage":32,"enemies":"Gensokyo:Wraith","floor":22,"turns":4}],"seed_played":"7369975058855442975","potions_obtained":[{"floor":2,"key":"Explosive Potion"},{"floor":3,"key":"CultistPotion"},{"floor":11,"key":"potionbrewer:QuicksilverPotion"}],"is_trial":false,"path_per_floor":["M","M","M","?","?","R","?","R","T","E","M","R","?","E","R","B",null,"M","M","?","COS","M"],"character_chosen":"HERMIT","items_purchased":[],"campfire_rested":0,"item_purchase_floors":[],"current_hp_per_floor":[65,61,61,61,61,61,43,43,43,31,31,31,31,24,24,5,75,56,19,31,31,0,0],"gold":108,"neow_bonus":"REMOVE_CARD","is_daily":false,"chose_seed":false,"campfire_upgraded":3,"win_rate":0.0,"timestamp":1609328804,"path_taken":["M","M","M","?","?","R","?","R","T","E","M","R","?","E","R","BOSS","M","M","?","COS","M"],"items_purchased_type":[],"build_version":"2020-12-22","purchased_purges":0,"victory":false,"max_hp_per_floor":[75,75,75,75,75,75,75,75,75,75,75,75,75,75,75,75,75,75,75,75,75,75,75],"card_choices":[{"not_picked":["hermit:Virtue","hermit:Manifest"],"picked":"hermit:Brawl","floor":1},{"not_picked":["hermit:BodyArmor","hermit:LowProfile"],"picked":"hermit:WideOpen","floor":2},{"not_picked":["hermit:Virtue","hermit:LoneWolf"],"picked":"hermit:Midnight","floor":3},{"not_picked":["hermit:Vantage+1","hermit:HighCaliber+1"],"picked":"hermit:Dive+1","floor":4},{"not_picked":["hubris:InfiniteBlow","ReplayTheSpireMod:Echoes of Time"],"picked":"infinitespire:Menacing","floor":7},{"not_picked":["hermit:EternalForm","hermit:WideOpen"],"picked":"hermit:Enervate","floor":10},{"not_picked":["hermit:Misfire","hermit:FullyLoaded"],"picked":"hermit:Maintenance","floor":11},{"not_picked":["hermit:CalledShot","hermit:HighCaliber","hermit:Misfire"],"picked":"SKIP","floor":14},{"not_picked":["hermit:Dissolve","hermit:HeroicBravado"],"picked":"hermit:DeadOrAlive","floor":16},{"not_picked":["TheSimpletonMod:Frostbite","StuffTheSpire:GnomedCurse"],"picked":"Guardian:Aged","floor":17},{"not_picked":["Decay","TheSimpletonMod:Frostbite"],"picked":"Elementarium:StickyTar","floor":17},{"not_picked":["Amnesia","Replay:Hysterical Blindness"],"picked":"TheSimpletonMod:Spoilage","floor":17},{"not_picked":["hermit:BodyArmor","hermit:Roulette"],"picked":"hermit:SprayPray","floor":18},{"not_picked":["hermit:Feint","hermit:Glare"],"picked":"hermit:Snipe","floor":19}],"player_experience":1644807,"relics_obtained":[{"floor":9,"key":"StuffTheSpire:SapphireSignet"},{"floor":10,"key":"Grinning Jar"},{"floor":14,"key":"Mirror"}],"event_choices":[{"damage_healed":0,"gold_gain":0,"player_choice":"2","damage_taken":0,"max_hp_gain":0,"max_hp_loss":0,"event_name":"betterMatch:BetterMatch","floor":4,"gold_loss":0,"cards_obtained":["betterMatch:CommonCard"]}],"is_beta":false,"boss_relics":[{"not_picked":["Replay:Bronze Core","hermit:DentedPlate"],"picked":"Replay:Ancient Bell"},{"not_picked":["aspiration:TomeofQuesting","Art of War"],"picked":"infinitespire:PuzzleCube"},{"not_picked":["StuffTheSpire:RubySignet","potionbrewer:MortarAndPestle"],"picked":"hubris:DuctTape"},{"not_picked":["aspiration:DSix","infinitespire:CursedDice"],"picked":"Replay:Kaleidoscope"}],"items_purged_floors":[],"is_endless":false,"potions_floor_spawned":[2,3,11],"killed_by":"Gensokyo:Wraith","ascension_level":0}}