{"host":"utqe55yv0jihe4d6","time":1609299909,"event":{"mods":["2.2 Compatiblity","AchievementEnabler","BaseMod","Block Reminder","Colored Map","Colored Powertips","Minty Spire (QoL Compilation)","Quick Restart","Rare Cards Sparkle","Relic Stats","SuperFastMode"],"gold_per_floor":[118,43,43,63,74,74,87,87,87,119,119,119,149,49,49,123,123,134,134,149,163,53,53,78,78,132,132,144,177,177,209,209,209,209],"floor_reached":33,"playtime":1612,"items_purged":["Decay","Strike_R"],"score":622,"play_id":"c37c2540-026a-4c57-9b71-eeece5875d9d","local_time":"20201229224509","is_ascension_mode":true,"campfire_choices":[{"data":"Uppercut","floor":6.0,"key":"SMITH"},{"data":"Bash","floor":8.0,"key":"SMITH"},{"data":"Combust","floor":11,"key":"SMITH"},{"data":"Feel No Pain","floor":12,"key":"SMITH"},{"data":"Immolate","floor":15,"key":"SMITH"},{"floor":23,"key":"REST"},{"floor":25,"key":"REST"},{"floor":30,"key":"REST"},{"data":"Pommel Strike","floor":32,"key":"SMITH"}],"circlet_count":0,"master_deck":["AscendersBane","Strike_R+1","Strike_R+1","Strike_R+1","Defend_R+1","Defend_R+1","Defend_R+1","Defend_R+1","Bash+1","Anger","Uppercut+1","Iron Wave+1","Feel No Pain+1","Combust+1","Immolate+1","Impervious","Evolve+1","Shrug It Off","Pommel Strike+1","Shockwave"],"relics":["Burning Blood","WingedGreaves","Mercury Hourglass","Lantern","Juzu Bracelet","Snecko Eye","Blue Candle","Oddly Smooth Stone","Gremlin Horn","Potion Belt"],"acts_visited":["Exordium","TheCity"],"potions_floor_usage":[10,29,31],"damage_taken":[{"damage":6.0,"enemies":"Small Slimes","floor":1.0,"turns":4.0},{"damage":7.0,"enemies":"Jaw Worm","floor":4.0,"turns":2.0},{"damage":1.0,"enemies":"Cultist","floor":5.0,"turns":3.0},{"damage":3.0,"enemies":"2 Fungi Beasts","floor":7.0,"turns":4.0},{"damage":25,"enemies":"Lagavulin","floor":10,"turns":4},{"damage":1,"enemies":"Gremlin Nob","floor":13,"turns":3},{"damage":57,"enemies":"The Guardian","floor":16,"turns":11},{"damage":7,"enemies":"3 Byrds","floor":18,"turns":3},{"damage":21,"enemies":"Spheric Guardian","floor":20,"turns":5},{"damage":15,"enemies":"Centurion and Healer","floor":21,"turns":3},{"damage":14,"enemies":"Slavers","floor":24,"turns":4},{"damage":2,"enemies":"Sentry and Sphere","floor":28,"turns":3},{"damage":37,"enemies":"Gremlin Leader","floor":29,"turns":5},{"damage":8,"enemies":"Book of Stabbing","floor":31,"turns":4},{"damage":67,"enemies":"Automaton","floor":33,"turns":8}],"seed_played":"-4090418310508645903","potions_obtained":[{"floor":1.0,"key":"Weak Potion"},{"floor":5.0,"key":"Strength Potion"},{"floor":13,"key":"LiquidBronze"},{"floor":24,"key":"Explosive Potion"}],"is_trial":false,"path_per_floor":["M","$","?","M","M","R","M","R","T","E","R","R","E","$","R","B",null,"M","?","M","M","?","R","E","R","T","?","M","E","R","E","R","B"],"character_chosen":"IRONCLAD","items_purchased":[],"campfire_rested":3,"item_purchase_floors":[],"current_hp_per_floor":[68,68,68,67,72,72,75,75,75,56,56,56,61,61,61,10,59,58,58,43,34,34,56,48,70,70,70,74,43,65,63,63,0,0],"gold":209,"neow_bonus":"ONE_RARE_RELIC","is_daily":false,"chose_seed":false,"campfire_upgraded":6,"win_rate":0.0,"timestamp":1609299909,"path_taken":["M","$","?","M","M","R","M","R","T","E","R","R","E","$","R","BOSS","M","?","M","M","?","R","E","R","T","?","M","E","R","E","R","BOSS"],"items_purchased_type":[],"build_version":"2020-12-22","purchased_purges":2,"victory":false,"max_hp_per_floor":[75,75,75,75,75,75,75,75,75,75,75,75,75,75,75,75,75,75,75,75,75,75,75,75,75,75,75,75,75,75,75,75,75,75],"relic_stats":{"Gremlin Horn":[2,2],"counters":[15,65],"Blue Candle":[0],"Snecko Eye":[59,65,53,61],"Juzu Bracelet":1,"obtain_stats":[{"Potion Belt":31,"Lantern":10,"Gremlin Horn":29,"Blue Candle":24,"Snecko Eye":17,"Oddly Smooth Stone":26,"WingedGreaves":0,"Juzu Bracelet":13,"Burning Blood":0,"Mercury Hourglass":9},{"Potion Belt":14,"Lantern":5,"Gremlin Horn":13,"Blue Candle":11,"Snecko Eye":7,"Oddly Smooth Stone":11,"WingedGreaves":0,"Juzu Bracelet":6,"Burning Blood":0,"Mercury Hourglass":4},{"Potion Belt":57,"Lantern":17,"Gremlin Horn":53,"Blue Candle":45,"Snecko Eye":31,"Oddly Smooth Stone":45,"WingedGreaves":0,"Juzu Bracelet":20,"Burning Blood":0,"Mercury Hourglass":13}],"Burning Blood":84,"Mercury Hourglass":[192]},"card_choices":[{"not_picked":["Rampage","Pummel"],"picked":"Anger","floor":1.0},{"not_picked":["Warcry","Flex"],"picked":"Uppercut","floor":4.0},{"not_picked":["Intimidate","Clash"],"picked":"Iron Wave","floor":5.0},{"not_picked":["Sword Boomerang","Warcry"],"picked":"Feel No Pain","floor":7.0},{"not_picked":["Rampage","Warcry"],"picked":"Combust","floor":10},{"not_picked":["Flame Barrier","Sword Boomerang"],"picked":"Immolate","floor":13},{"not_picked":["Juggernaut","Reaper"],"picked":"Impervious","floor":16},{"not_picked":["Spot Weakness","True Grit"],"picked":"Evolve+1","floor":18},{"not_picked":["Flex","Heavy Blade","Sword Boomerang"],"picked":"SKIP","floor":20},{"not_picked":["Metallicize","Bloodletting"],"picked":"Shrug It Off","floor":21},{"not_picked":["Twin Strike","Iron Wave+1"],"picked":"Pommel Strike","floor":24},{"not_picked":["Havoc","Sword Boomerang","Flex"],"picked":"SKIP","floor":28},{"not_picked":["Iron Wave","Intimidate"],"picked":"Shockwave","floor":29},{"not_picked":["Brutality","Thunderclap","Power Through"],"picked":"SKIP","floor":31}],"player_experience":2905690,"relics_obtained":[{"floor":9.0,"key":"Mercury Hourglass"},{"floor":10,"key":"Lantern"},{"floor":13,"key":"Juzu Bracelet"},{"floor":24,"key":"Blue Candle"},{"floor":26,"key":"Oddly Smooth Stone"},{"floor":29,"key":"Gremlin Horn"},{"floor":31,"key":"Potion Belt"}],"event_choices":[{"damage_healed":0.0,"max_hp_gain":0.0,"max_hp_loss":0.0,"gold_gain":0.0,"event_name":"Liars Game","player_choice":"Ignored","floor":3.0,"gold_loss":0.0,"damage_taken":0.0},{"damage_healed":0,"gold_gain":0,"player_choice":"Simplicity","damage_taken":0,"max_hp_gain":0,"max_hp_loss":0,"event_name":"Back to Basics","floor":19,"gold_loss":0,"cards_upgraded":["Strike_R","Strike_R","Strike_R","Strike_R","Defend_R","Defend_R","Defend_R","Defend_R"]},{"cards_removed":["Strike_R"],"damage_healed":0,"gold_gain":0,"player_choice":"Upgrade and Remove","damage_taken":0,"max_hp_gain":0,"max_hp_loss":0,"event_name":"Designer","floor":22,"gold_loss":110,"cards_upgraded":["Iron Wave"]},{"damage_healed":0,"gold_gain":0,"player_choice":"Ignored","damage_taken":0,"max_hp_gain":0,"max_hp_loss":0,"event_name":"The Mausoleum","floor":27,"gold_loss":0}],"is_beta":false,"boss_relics":[{"not_picked":["Pandora\u0027s Box","SacredBark"],"picked":"Snecko Eye"}],"items_purged_floors":[2,14],"is_endless":false,"potions_floor_spawned":[1,5,13,16,21,24,28],"killed_by":"Automaton","ascension_level":20}}