{"host":"xy5qih4nvxccm4rc","time":1609288879,"event":{"mods":["AchievementEnabler","BaseMod","Minty Spire (QoL Compilation)","StSLib"],"gold_per_floor":[214,214,9,55,55,84,84,94,119,139,157,157,191,221,221,326,326,340,340,377,140,184,184,219,254,254,291,291,0,0,56,56,161,161,205,1204,1204,1204,1215,1215,1215],"floor_reached":40,"playtime":2655,"items_purged":["Strike_P","Defend_P"],"score":582,"play_id":"3fba4ce6-2bcd-40b4-91dd-98cba84eeb11","local_time":"20201229184119","is_ascension_mode":true,"campfire_choices":[{"data":"BowlingBash","floor":7,"key":"SMITH"},{"data":"Halt","floor":12,"key":"SMITH"},{"data":"Ragnarok","floor":15,"key":"SMITH"},{"floor":23,"key":"RECALL"},{"data":"Wish","floor":30,"key":"SMITH"},{"floor":32,"key":"REST"}],"circlet_count":0,"master_deck":["Strike_P","Strike_P","Strike_P","Defend_P","Defend_P","Defend_P","Eruption+1","Vigilance","CarveReality+1","Consecrate","BowlingBash+1","Halt+1","Consecrate","CutThroughFate","Ragnarok+1","WreathOfFlame","Wish+1","Halt","Eruption","Evaluate+1","Indignation","Crescendo","ReachHeaven+1","Halt","Crescendo+1","J.A.X.","JustLucky+1","Blasphemy","CurseOfTheBell","FlurryOfBlows+1","Normality","Normality","CutThroughFate+1"],"relics":["PureWater","Membership Card","Nunchaku","The Courier","Bag of Marbles","Odd Mushroom","Snecko Eye","Lee\u0027s Waffle","Matryoshka","Vajra","Orichalcum","InkBottle","Strawberry","Bronze Scales","WingedGreaves","Sundial","Calling Bell","Toy Ornithopter","Ornamental Fan","Mango","Juzu Bracelet","Ginger"],"acts_visited":["Exordium","TheCity","TheBeyond"],"potions_floor_usage":[13,16,25,25,25,31,33,33,33,39],"damage_taken":[{"damage":0,"enemies":"Small Slimes","floor":1,"turns":2},{"damage":8,"enemies":"Lagavulin","floor":6,"turns":6},{"damage":0,"enemies":"Cultist","floor":8,"turns":2},{"damage":0,"enemies":"Jaw Worm","floor":10,"turns":1},{"damage":0,"enemies":"Lots of Slimes","floor":11,"turns":1},{"damage":2,"enemies":"Gremlin Nob","floor":13,"turns":3},{"damage":1,"enemies":"The Mushroom Lair","floor":14,"turns":2},{"damage":0,"enemies":"Slime Boss","floor":16,"turns":3},{"damage":7,"enemies":"3 Byrds","floor":18,"turns":4},{"damage":6,"enemies":"2 Thieves","floor":20,"turns":3},{"damage":10,"enemies":"Cultist and Chosen","floor":22,"turns":3},{"damage":23,"enemies":"Shelled Parasite and Fungi","floor":24,"turns":3},{"damage":23,"enemies":"Book of Stabbing","floor":25,"turns":4},{"damage":12,"enemies":"Snecko","floor":27,"turns":3},{"damage":0,"enemies":"Gremlin Leader","floor":31,"turns":1},{"damage":19,"enemies":"Collector","floor":33,"turns":4},{"damage":0,"enemies":"3 Shapes","floor":35,"turns":2},{"damage":86,"enemies":"3 Darklings","floor":39,"turns":5},{"damage":22,"enemies":"Giant Head","floor":40,"turns":4}],"seed_played":"-1990425995311833368","potions_obtained":[{"floor":6,"key":"ColorlessPotion"},{"floor":8,"key":"Dexterity Potion"},{"floor":13,"key":"Dexterity Potion"},{"floor":14,"key":"LiquidMemories"},{"floor":18,"key":"PowerPotion"},{"floor":24,"key":"FearPotion"},{"floor":25,"key":"LiquidBronze"},{"floor":31,"key":"StancePotion"},{"floor":35,"key":"AttackPotion"}],"is_trial":false,"path_per_floor":["M","?","$","T","?","E","R","M","T","M","M","R","E","?","R","B",null,"M","?","M","$","M","R","M","E","T","M","?","$","R","E","R","B",null,"M","?","T","?","M","E"],"character_chosen":"WATCHER","items_purchased":["Membership Card","Consecrate","Lee\u0027s Waffle","Indignation","Matryoshka","Strawberry","Bronze Scales","WingedGreaves","DistilledChaos","Block Potion"],"campfire_rested":1,"item_purchase_floors":[3,3,21,21,21,29,29,29,29,29],"current_hp_per_floor":[72,72,72,72,72,64,64,64,64,64,64,64,62,61,61,61,72,65,65,59,79,69,69,46,23,23,11,11,18,18,18,43,24,100,100,100,100,100,19,0,0],"gold":1215,"neow_bonus":"HUNDRED_GOLD","is_daily":false,"chose_seed":false,"campfire_upgraded":4,"win_rate":0.0,"timestamp":1609288879,"path_taken":["M","?","$","?","?","E","R","?","T","M","?","R","E","?","R","BOSS","M","?","?","$","M","R","M","E","T","M","?","$","R","E","R","BOSS","M","?","?","?","M","E"],"items_purchased_type":["Relic","Card","Relic","Card","Relic","Relic","Relic","Relic","Potion","Potion"],"build_version":"2020-12-22","purchased_purges":2,"victory":false,"max_hp_per_floor":[72,72,72,72,72,72,72,72,72,72,72,72,72,72,72,72,72,72,72,72,79,79,79,79,79,79,79,79,86,86,86,86,86,100,100,100,100,100,100,100,100],"card_choices":[{"not_picked":["BowlingBash","Worship"],"picked":"CarveReality","floor":1},{"not_picked":["Worship","ReachHeaven"],"picked":"BowlingBash","floor":6},{"not_picked":["Evaluate","Vengeance"],"picked":"Halt","floor":8},{"not_picked":["Worship","BattleHymn"],"picked":"Consecrate","floor":10},{"not_picked":["EmptyBody","DeceiveReality"],"picked":"CutThroughFate","floor":11},{"not_picked":["EmptyFist","FlyingSleeves"],"picked":"Ragnarok","floor":13},{"not_picked":["FlurryOfBlows","Consecrate"],"picked":"WreathOfFlame","floor":14},{"not_picked":["MasterReality","Brilliance"],"picked":"Wish","floor":16},{"not_picked":["LikeWater","Sanctity+1"],"picked":"Halt","floor":18},{"not_picked":["JustLucky","CarveReality"],"picked":"Evaluate+1","floor":20},{"not_picked":["Worship","EmptyFist"],"picked":"Crescendo","floor":22},{"not_picked":["ForeignInfluence+1","FollowUp"],"picked":"ReachHeaven+1","floor":24},{"not_picked":["Scrawl","Protect"],"picked":"Halt","floor":25},{"not_picked":["CrushJoints+1","CutThroughFate"],"picked":"Crescendo+1","floor":27},{"not_picked":["EmptyFist+1","Scrawl"],"picked":"JustLucky+1","floor":31},{"not_picked":["MasterReality","SpiritShield"],"picked":"Blasphemy","floor":33},{"not_picked":["CarveReality+1","CrushJoints"],"picked":"FlurryOfBlows+1","floor":35},{"not_picked":["ThirdEye","EmptyFist+1"],"picked":"CutThroughFate+1","floor":39}],"player_experience":319272,"relics_obtained":[{"floor":4,"key":"Nunchaku"},{"floor":6,"key":"The Courier"},{"floor":13,"key":"Bag of Marbles"},{"floor":14,"key":"Odd Mushroom"},{"floor":25,"key":"Vajra"},{"floor":26,"key":"Orichalcum"},{"floor":26,"key":"InkBottle"},{"floor":31,"key":"Sundial"},{"floor":34,"key":"Toy Ornithopter"},{"floor":34,"key":"Ornamental Fan"},{"floor":34,"key":"Mango"},{"floor":37,"key":"Juzu Bracelet"},{"floor":37,"key":"Ginger"}],"event_choices":[{"damage_healed":0,"gold_gain":0,"player_choice":"Forge","damage_taken":0,"max_hp_gain":0,"max_hp_loss":0,"event_name":"Accursed Blacksmith","floor":2,"gold_loss":0,"cards_upgraded":["Eruption"]},{"damage_healed":0,"gold_gain":0,"player_choice":"Upgraded","damage_taken":0,"max_hp_gain":0,"max_hp_loss":0,"event_name":"Upgrade Shrine","floor":5,"gold_loss":0,"cards_upgraded":["CarveReality"]},{"damage_healed":0,"gold_gain":0,"player_choice":"Fought Mushrooms","damage_taken":0,"max_hp_gain":0,"max_hp_loss":0,"event_name":"Mushrooms","floor":14,"gold_loss":0},{"damage_healed":0,"gold_gain":0,"player_choice":"1 cards matched","damage_taken":0,"max_hp_gain":0,"max_hp_loss":0,"event_name":"Match and Keep!","floor":19,"gold_loss":0,"cards_obtained":["Eruption"]},{"damage_healed":0,"gold_gain":0,"player_choice":"Obtain J.A.X.","damage_taken":0,"max_hp_gain":0,"max_hp_loss":0,"event_name":"Drug Dealer","floor":28,"gold_loss":0,"cards_obtained":["J.A.X."]},{"damage_healed":0,"gold_gain":999,"player_choice":"Gold","damage_taken":0,"max_hp_gain":0,"max_hp_loss":0,"event_name":"MindBloom","floor":36,"gold_loss":0,"cards_obtained":["Normality","Normality"]},{"damage_healed":0,"gold_gain":0,"player_choice":"Ignored","damage_taken":0,"max_hp_gain":0,"max_hp_loss":0,"event_name":"Tomb of Lord Red Mask","floor":38,"gold_loss":0}],"is_beta":false,"boss_relics":[{"not_picked":["Tiny House","Cursed Key"],"picked":"Snecko Eye"},{"not_picked":["Empty Cage","SlaversCollar"],"picked":"Calling Bell"}],"items_purged_floors":[3,21],"is_endless":false,"potions_floor_spawned":[6,8,13,14,18,24,25,31,35],"killed_by":"Giant Head","ascension_level":1}}