{"host":"am0cr9xwekqmrere","time":1609292490,"event":{"mods":["AchievementEnabler","Act Like it!","BaseMod","Better Altar","Better Match","Better Note","Better Sensory Stone","Better Skull","Better Third Choice","BetterRewards","Conspire","Hubris","Infinite Spire","Minty Spire (QoL Compilation)","Rare Cards Sparkle","Spicy Shops","StSLib","The Marked","Unceasing Turn Reminder"],"gold_per_floor":[119,132,132,152,52,52,111,182,229,244,281,295,295,303,303],"floor_reached":14,"playtime":412,"items_purged":[],"score":84,"play_id":"275a1f00-34f0-468b-9c24-142ec13a97ba","local_time":"20201229194130","is_ascension_mode":false,"campfire_choices":[{"data":"theMarked:RogueSparks","floor":6.0,"key":"SMITH"},{"floor":13,"key":"REST"}],"circlet_count":0,"master_deck":["theMarked:Strike","theMarked:Strike","theMarked:Strike","theMarked:Strike","theMarked:Strike","theMarked:Defend","theMarked:Defend","theMarked:Defend","theMarked:Defend","theMarked:SoldierOfQuellstein","theMarked:RogueSparks+1","theMarked:EmpowerWeapon","theMarked:ElectricStrings","theMarked:ChainLightning","theMarked:EmpowerWeapon","theMarked:Seal","conspire:SpireCoStock","conspire:SpireCoStock","theMarked:HeightenedSenses","theMarked:WardOff","theMarked:GodGivenPower","theMarked:MysticalArsenal"],"relics":["theMarked:ArtifactOfAir","Darkstone Periapt","Meat on the Bone"],"acts_visited":["Exordium"],"potions_floor_usage":[11,12],"damage_taken":[{"damage":0.0,"enemies":"Small Slimes","floor":1.0,"turns":3.0},{"damage":6.0,"enemies":"Jaw Worm","floor":2.0,"turns":3.0},{"damage":5.0,"enemies":"2 Louse","floor":4.0,"turns":2.0},{"damage":27.0,"enemies":"Looter","floor":7.0,"turns":4.0},{"damage":11.0,"enemies":"Large Slime","floor":10.0,"turns":4.0},{"damage":11,"enemies":"Exordium Thugs","floor":11,"turns":4},{"damage":21,"enemies":"Gremlin Gang","floor":12,"turns":4},{"damage":43,"enemies":"Gremlin Nob","floor":14,"turns":4}],"seed_played":"8452119194006221711","potions_obtained":[{"floor":1.0,"key":"Fruit Juice"},{"floor":2.0,"key":"GamblersBrew"},{"floor":7.0,"key":"PowerPotion"},{"floor":10.0,"key":"SkillPotion"}],"is_trial":false,"path_per_floor":["M","M","$","M","?","R","M","T","T","M","M","M","R","E"],"character_chosen":"THE_DEFAULT","items_purchased":["Darkstone Periapt","theMarked:RogueSparks","theMarked:EmpowerWeapon","theMarked:ElectricStrings"],"campfire_rested":1,"item_purchase_floors":[0,0,0,0],"current_hp_per_floor":[61,55,55,50,50,50,23,23,23,24,25,16,38,0,0],"gold":303,"neow_bonus":"","is_daily":false,"chose_seed":false,"campfire_upgraded":1,"win_rate":0.0,"timestamp":1609292490,"path_taken":["M","M","$","M","?","R","M","?","T","M","M","M","R","E"],"items_purchased_type":["Relic","Card","Card","Card"],"build_version":"2020-12-22","purchased_purges":0,"victory":false,"max_hp_per_floor":[75,75,75,75,75,75,75,75,75,75,75,75,75,75,75],"card_choices":[{"not_picked":["theMarked:TwofoldDefense","theMarked:WastefulAttack"],"picked":"theMarked:ChainLightning","floor":1.0},{"not_picked":["theMarked:Static","theMarked:RepellingDischarge"],"picked":"theMarked:EmpowerWeapon","floor":2.0},{"not_picked":["theMarked:Frustration","theMarked:RepellingDischarge"],"picked":"theMarked:Seal","floor":4.0},{"not_picked":["theMarked:Electrify","theMarked:SwordAndMagic"],"picked":"theMarked:HeightenedSenses","floor":7.0},{"not_picked":["theMarked:Electrify","theMarked:WastefulAttack"],"picked":"theMarked:WardOff","floor":10.0},{"not_picked":["theMarked:Panic","theMarked:Convert"],"picked":"theMarked:GodGivenPower","floor":11},{"not_picked":["theMarked:Improvise","theMarked:BanishingStrike"],"picked":"theMarked:MysticalArsenal","floor":12}],"player_experience":2537175,"relics_obtained":[{"floor":8.0,"key":"Meat on the Bone"}],"event_choices":[{"damage_healed":0.0,"max_hp_gain":0.0,"max_hp_loss":0.0,"gold_gain":0.0,"event_name":"conspire:Investor","player_choice":"Invest 2","floor":5.0,"gold_loss":0.0,"damage_taken":0.0}],"is_beta":false,"boss_relics":[],"items_purged_floors":[],"is_endless":false,"potions_floor_spawned":[1,2,7,10],"killed_by":"Gremlin Nob","ascension_level":0}}