{"host":"dcj2yvrgcvh5dl2s","time":1609300354,"event":{"mods":["BaseMod","Better Note","Block Reminder","Colored Powertips","DeckTracker","Minty Spire (QoL Compilation)","Quick Restart","Rare Cards Sparkle","Relic Stats","StSLib"],"gold_per_floor":[109,34,46,63,74,107,119,119,119],"floor_reached":8,"playtime":342,"items_purged":["Strike_R"],"score":114,"play_id":"bdb813a8-99eb-47c5-b41f-6889e6084b07","local_time":"20201230135234","is_ascension_mode":true,"campfire_choices":[],"circlet_count":0,"master_deck":["AscendersBane","Strike_R","Strike_R","Strike_R","Strike_R","Defend_R","Defend_R","Defend_R","Defend_R","Bash","Feed","Juggernaut","Shrug It Off","Flex","Heavy Blade","Disarm"],"relics":["Burning Blood","Meat on the Bone"],"acts_visited":["Exordium"],"potions_floor_usage":[6,7],"damage_taken":[{"damage":12,"enemies":"Cultist","floor":1,"turns":4},{"damage":4,"enemies":"Small Slimes","floor":3,"turns":4},{"damage":8,"enemies":"2 Louse","floor":4,"turns":3},{"damage":7,"enemies":"Exordium Wildlife","floor":5,"turns":5},{"damage":34,"enemies":"Lagavulin","floor":6,"turns":8},{"damage":3,"enemies":"Looter","floor":7,"turns":2},{"damage":56,"enemies":"Gremlin Nob","floor":8,"turns":4}],"seed_played":"2098405663596675419","potions_obtained":[{"floor":4,"key":"ColorlessPotion"},{"floor":6,"key":"AttackPotion"}],"is_trial":false,"path_per_floor":["M","$","M","M","M","E","M","E"],"character_chosen":"IRONCLAD","items_purchased":[],"campfire_rested":0,"item_purchase_floors":[],"current_hp_per_floor":[47,47,52,53,55,27,42,0,0],"gold":119,"neow_bonus":"THREE_RARE_CARDS","is_daily":false,"chose_seed":false,"campfire_upgraded":0,"win_rate":0.0,"timestamp":1609300354,"path_taken":["M","$","?","M","M","E","M","E"],"items_purchased_type":[],"build_version":"2020-12-22","purchased_purges":1,"victory":false,"max_hp_per_floor":[78,78,81,84,87,87,87,87,87],"relic_stats":{"counters":[7,30],"obtain_stats":[{"Burning Blood":0,"Meat on the Bone":6},{"Burning Blood":0,"Meat on the Bone":5},{"Burning Blood":0,"Meat on the Bone":24}],"Burning Blood":36,"Meat on the Bone":12},"card_choices":[{"not_picked":["Bludgeon","Double Tap"],"picked":"Feed","floor":0},{"not_picked":["Warcry","True Grit","Combust"],"picked":"SKIP","floor":1},{"not_picked":["Clothesline","Iron Wave"],"picked":"Juggernaut","floor":3},{"not_picked":["Havoc","Sword Boomerang"],"picked":"Shrug It Off","floor":4},{"not_picked":["Combust","Second Wind"],"picked":"Flex","floor":5},{"not_picked":["Reckless Charge","Feel No Pain"],"picked":"Heavy Blade","floor":6},{"not_picked":["Wild Strike","Whirlwind"],"picked":"Disarm","floor":7}],"player_experience":2105967,"relics_obtained":[{"floor":6,"key":"Meat on the Bone"}],"event_choices":[],"is_beta":false,"boss_relics":[],"items_purged_floors":[2],"is_endless":false,"potions_floor_spawned":[4,6],"killed_by":"Gremlin Nob","ascension_level":18}}