{"host":"9q5mrbx0edvw6ayb","time":1609307969,"event":{"mods":["BaseMod","Googly Eyes","Minty Spire (QoL Compilation)","StSLib","Waifu the Spire"],"gold_per_floor":[118,130,130,230,249,275,275,301,301,301,301,1,1,18,18,114,114,128,139,158,10,30,30,48,48,48,60,93,93,0,17,17,114,114,132,185,185,200,216,216,230,230,312,337,352,352,370,380,380,380,380,380,18,52,52,52],"floor_reached":55,"playtime":10695,"items_purged":["Defend_P","Strike_P"],"score":681,"play_id":"4025ec52-b729-4263-b889-4de3daa42872","local_time":"20201230005929","is_ascension_mode":false,"campfire_choices":[{"floor":7.0,"key":"REST"},{"floor":10.0,"key":"REST"},{"floor":13.0,"key":"REST"},{"data":"Halt","floor":15.0,"key":"SMITH"},{"floor":23.0,"key":"REST"},{"data":"BattleHymn","floor":25.0,"key":"SMITH"},{"floor":29.0,"key":"REST"},{"floor":32.0,"key":"REST"},{"floor":40,"key":"REST"},{"floor":42,"key":"REST"},{"floor":46,"key":"REST"},{"floor":49,"key":"RECALL"},{"data":"Ragnarok","floor":52,"key":"SMITH"}],"circlet_count":0,"master_deck":["Strike_P+1","Strike_P","Strike_P","Defend_P","Defend_P","Defend_P+1","Eruption","Vigilance","Vengeance","ThirdEye","Halt+1","LikeWater","DevaForm","Evaluate+1","ClearTheMind+1","Ragnarok+1","Crescendo+1","CutThroughFate+1","BattleHymn+1","CutThroughFate+1","WreathOfFlame+1","ReachHeaven","DevaForm","ThirdEye+1","Perseverance+1","SandsOfTime"],"relics":["HolyWater","NeowsBlessing","Anchor","Question Card","Happy Flower","Toxic Egg 2","Boot","Snecko Eye","Calipers","Ornamental Fan","Eternal Feather","Bottled Tornado","Bottled Flame"],"acts_visited":["Exordium","TheCity","TheBeyond","TheEnding"],"potions_floor_usage":[41,41,50],"damage_taken":[{"damage":0.0,"enemies":"Small Slimes","floor":1.0,"turns":1.0},{"damage":0.0,"enemies":"Jaw Worm","floor":2.0,"turns":1.0},{"damage":0.0,"enemies":"Cultist","floor":5.0,"turns":1.0},{"damage":32.0,"enemies":"3 Sentries","floor":6.0,"turns":13.0},{"damage":33.0,"enemies":"Lagavulin","floor":8.0,"turns":7.0},{"damage":14.0,"enemies":"Blue Slaver","floor":14.0,"turns":3.0},{"damage":15.0,"enemies":"Slime Boss","floor":16.0,"turns":13.0},{"damage":9.0,"enemies":"Chosen","floor":18.0,"turns":6.0},{"damage":0.0,"enemies":"Spheric Guardian","floor":19.0,"turns":3.0},{"damage":23.0,"enemies":"Shelled Parasite and Fungi","floor":20.0,"turns":7.0},{"damage":0.0,"enemies":"3 Cultists","floor":22.0,"turns":5.0},{"damage":3.0,"enemies":"Centurion and Healer","floor":24.0,"turns":4.0},{"damage":0.0,"enemies":"Chosen and Byrds","floor":27.0,"turns":3.0},{"damage":55.0,"enemies":"Book of Stabbing","floor":28.0,"turns":7.0},{"damage":13.0,"enemies":"Snake Plant","floor":31.0,"turns":3.0},{"damage":55.0,"enemies":"Automaton","floor":33.0,"turns":8.0},{"damage":19.0,"enemies":"3 Shapes","floor":35.0,"turns":4.0},{"damage":31,"enemies":"2 Orb Walkers","floor":36,"turns":3},{"damage":0,"enemies":"Orb Walker","floor":38,"turns":2},{"damage":0,"enemies":"4 Shapes","floor":39,"turns":5},{"damage":10,"enemies":"Sphere and 2 Shapes","floor":41,"turns":5},{"damage":10,"enemies":"Nemesis","floor":44,"turns":5},{"damage":11,"enemies":"Maw","floor":45,"turns":7},{"damage":7,"enemies":"4 Shapes","floor":47,"turns":5},{"damage":0,"enemies":"Spire Growth","floor":48,"turns":4},{"damage":52,"enemies":"Awakened One","floor":50,"turns":10},{"damage":61,"enemies":"Shield and Spear","floor":54,"turns":5},{"damage":15,"enemies":"The Heart","floor":55,"turns":2}],"seed_played":"-629210481044575238","potions_obtained":[{"floor":1.0,"key":"AttackPotion"},{"floor":2.0,"key":"EssenceOfSteel"},{"floor":6.0,"key":"FairyPotion"},{"floor":14.0,"key":"PowerPotion"},{"floor":19.0,"key":"BottledMiracle"},{"floor":20.0,"key":"Energy Potion"},{"floor":24.0,"key":"BlessingOfTheForge"},{"floor":38,"key":"BlessingOfTheForge"},{"floor":39,"key":"BottledMiracle"},{"floor":44,"key":"SpeedPotion"}],"is_trial":false,"path_per_floor":["M","M","?","?","M","E","R","E","T","R","?","$","R","M","R","B",null,"M","M","M","$","M","R","M","R","T","M","E","R","?","M","R","B",null,"M","?","?","M","M","R","M","R","T","E","M","R","M","M","R","B",null,"R","$","E","B"],"character_chosen":"WATCHER","items_purchased":["Toxic Egg 2","Evaluate+1","BattleHymn","Bottled Tornado"],"campfire_rested":9,"item_purchase_floors":[12,12,21,53],"current_hp_per_floor":[72,72,58,58,58,26,47,14,14,35,35,35,56,42,42,27,72,63,63,40,40,40,61,58,58,58,58,3,24,24,11,32,13,72,53,22,22,22,22,43,33,54,54,44,33,69,62,62,72,20,72,72,72,11,0,0],"gold":52,"neow_bonus":"THREE_ENEMY_KILL","is_daily":false,"chose_seed":false,"campfire_upgraded":3,"win_rate":0.0,"timestamp":1609307969,"path_taken":["M","M","?","?","?","E","R","E","T","R","?","?","R","M","R","BOSS","M","M","M","$","M","R","?","R","T","M","E","R","?","M","R","BOSS","M","?","?","M","M","R","M","R","T","E","?","R","M","M","R","BOSS","R","$","E","BOSS"],"items_purchased_type":["Relic","Card","Card","Relic"],"build_version":"2020-12-22","purchased_purges":2,"victory":false,"max_hp_per_floor":[72,72,72,72,72,72,72,72,72,72,72,72,72,72,72,72,72,72,72,72,72,72,72,72,72,72,72,72,72,72,72,72,72,72,72,72,72,72,72,72,72,72,72,72,72,72,72,72,72,72,72,72,72,72,72,72],"card_choices":[{"not_picked":["EmptyMind","Protect"],"picked":"Vengeance","floor":1.0},{"not_picked":["Protect","TalkToTheHand"],"picked":"ThirdEye","floor":2.0},{"not_picked":["Evaluate","TalkToTheHand"],"picked":"Halt","floor":5.0},{"not_picked":["Fasting2","Adaptation"],"picked":"LikeWater","floor":6.0},{"not_picked":["ClearTheMind","ThirdEye"],"picked":"DevaForm","floor":8.0},{"not_picked":["JustLucky","Halt+1","CrushJoints"],"picked":"ClearTheMind+1","floor":14.0},{"not_picked":["Scrawl+1","DevaForm","DeusExMachina+1"],"picked":"Ragnarok","floor":16.0},{"not_picked":["Vengeance+1","Tantrum","Halt+1"],"picked":"Crescendo+1","floor":18.0},{"not_picked":["Consecrate","EmptyBody+1","PathToVictory+1","EmptyMind+1"],"picked":"SKIP","floor":19.0},{"not_picked":["WheelKick","ClearTheMind+1","InnerPeace+1"],"picked":"CutThroughFate+1","floor":20.0},{"not_picked":["Collect+1","LikeWater","Swivel+1"],"picked":"CutThroughFate+1","floor":22.0},{"not_picked":["Meditate+1","DevaForm","FlurryOfBlows"],"picked":"JustLucky","floor":24.0},{"not_picked":["BowlingBash+1","Crescendo+1","Consecrate"],"picked":"WreathOfFlame+1","floor":27.0},{"not_picked":["DevaForm","Protect+1","Collect+1","Consecrate+1"],"picked":"SKIP","floor":28.0},{"not_picked":["CarveReality","EmptyFist","FollowUp"],"picked":"ReachHeaven","floor":31.0},{"not_picked":["Brilliance","LessonLearned","DeusExMachina+1"],"picked":"DevaForm","floor":33.0},{"not_picked":["SashWhip+1","Consecrate","CrushJoints+1"],"picked":"ThirdEye+1","floor":35.0},{"not_picked":["Pray+1","CrushJoints","Protect+1"],"picked":"Perseverance+1","floor":36},{"not_picked":["Weave","Fasting2","Protect+1","CrushJoints"],"picked":"SKIP","floor":38},{"not_picked":["WindmillStrike+1","Protect+1","Evaluate+1","Adaptation+1"],"picked":"SKIP","floor":39},{"not_picked":["DeusExMachina+1","SashWhip","Sanctity+1","EmptyBody+1"],"picked":"SKIP","floor":41},{"not_picked":["Fasting2","CrushJoints","SashWhip","Halt+1"],"picked":"SKIP","floor":44},{"not_picked":["WindmillStrike+1","InnerPeace+1","Indignation+1","FollowUp"],"picked":"SKIP","floor":45},{"not_picked":["Nirvana+1","CrushJoints","FearNoEvil+1","FlurryOfBlows+1"],"picked":"SKIP","floor":47},{"not_picked":["CutThroughFate","Conclude","Vengeance+1","SignatureMove"],"picked":"SKIP","floor":48},{"not_picked":["Indignation+1","WheelKick+1","CutThroughFate"],"picked":"SandsOfTime","floor":54}],"player_experience":30500,"relics_obtained":[{"floor":6.0,"key":"Anchor"},{"floor":8.0,"key":"Question Card"},{"floor":9.0,"key":"Happy Flower"},{"floor":28.0,"key":"Boot"},{"floor":36,"key":"Calipers"},{"floor":43,"key":"Ornamental Fan"},{"floor":44,"key":"Eternal Feather"},{"floor":54,"key":"Bottled Flame"}],"event_choices":[{"damage_healed":0.0,"max_hp_gain":0.0,"max_hp_loss":0.0,"gold_gain":0.0,"event_name":"Shining Light","player_choice":"Entered Light","floor":3.0,"gold_loss":0.0,"damage_taken":14.0,"cards_upgraded":["Strike_P","Defend_P"]},{"damage_healed":0.0,"max_hp_gain":0.0,"max_hp_loss":0.0,"gold_gain":100.0,"event_name":"Wheel of Change","player_choice":"Gold","floor":4.0,"gold_loss":0.0,"damage_taken":0.0},{"damage_healed":0.0,"max_hp_gain":0.0,"max_hp_loss":0.0,"gold_gain":0.0,"event_name":"Dead Adventurer","player_choice":"Searched \u00271\u0027 times","floor":11.0,"gold_loss":0.0,"damage_taken":0.0},{"damage_healed":0.0,"max_hp_gain":0.0,"max_hp_loss":0.0,"gold_gain":0.0,"event_name":"Masked Bandits","player_choice":"Paid Fearfully","floor":30.0,"gold_loss":93.0,"damage_taken":0.0},{"damage_healed":0,"gold_gain":0,"player_choice":"Fight","damage_taken":0,"max_hp_gain":0,"max_hp_loss":0,"event_name":"Mysterious Sphere","floor":36,"gold_loss":0},{"cards_removed":["JustLucky"],"damage_healed":0,"gold_gain":0,"player_choice":"Removed Attack","damage_taken":0,"max_hp_gain":0,"max_hp_loss":0,"event_name":"Falling","floor":37,"gold_loss":0}],"is_beta":false,"boss_relics":[{"not_picked":["Coffee Dripper","Ectoplasm"],"picked":"HolyWater"},{"not_picked":["Sozu","Black Star"],"picked":"Snecko Eye"}],"items_purged_floors":[21,53],"is_endless":false,"potions_floor_spawned":[1,2,6,14,19,20,24,38,39,44],"killed_by":"The Heart","ascension_level":0}}