{"host":"A Jargain","time":1609311064,"event":{"mods":["Act Like it!","Aspiration","BaseMod","Downfall","Halation","Hubris","Infinite Spire","Marisa????????","Minty Spire (QoL Compilation)","Replay The Spire","StSLib","The Servant 0.9.4","Waifu the Spire"],"gold_per_floor":[115,115,115,115,115,140,155,166,211,211,225,225,236,271,271,376,376,388,388,402,412,412,412],"floor_reached":22,"playtime":2065,"items_purged":[],"score":225,"play_id":"0cf1a55a-8486-4e37-8edd-776511f049cf","local_time":"20201230175104","is_ascension_mode":true,"campfire_choices":[{"floor":10,"key":"REST"},{"floor":12,"key":"REST"},{"floor":15,"key":"REST"}],"circlet_count":0,"master_deck":["Strike_S","Strike_S","Strike_S","Defend_S","Defend_S","Defend_S","Defend_S","KidneyShot","Exchange","WasteNot+1","Alleviate","SurpressingFire","GearUp","Potential","FanOfKnives","ShatteredReality","Rearm","KillingDoll","Contraction","Defy"],"relics":["Uniform","halation:PinkSoulGem","Du-Vu Doll","hubris:ToyBattleship","aspiration:PoetsPen_weak","Nloth\u0027s Gift"],"acts_visited":["Exordium","TheCity"],"potions_floor_usage":[7,8,16],"damage_taken":[{"damage":5,"enemies":"Small Slimes","floor":1,"turns":5},{"damage":42,"enemies":"Gremlin Nob","floor":6,"turns":7},{"damage":0,"enemies":"2 Louse","floor":7,"turns":4},{"damage":0,"enemies":"Jaw Worm","floor":8,"turns":7},{"damage":3,"enemies":"Looter","floor":11,"turns":4},{"damage":10,"enemies":"Gremlin Gang","floor":13,"turns":4},{"damage":9,"enemies":"Replay:BlueRogue","floor":14,"turns":7},{"damage":20,"enemies":"Slime Boss","floor":16,"turns":11},{"damage":0,"enemies":"3 Byrds","floor":18,"turns":3},{"damage":18,"enemies":"Shell Parasite","floor":20,"turns":6},{"damage":33,"enemies":"Chosen and Byrds","floor":21,"turns":8},{"damage":8,"enemies":"3 Cultists","floor":22,"turns":4}],"seed_played":"6790359485501570424","potions_obtained":[{"floor":6,"key":"DuplicationPotion"},{"floor":7,"key":"SpeedPotion"},{"floor":14,"key":"infinitespire:BlackPotion"},{"floor":16,"key":"Doom Potion"},{"floor":21,"key":"Elixir"}],"is_trial":false,"path_per_floor":["M","?","?","?","?","E","M","M","T","R","M","R","M","E","R","B",null,"M","?","M","M","M"],"character_chosen":"THE_SERVANT","items_purchased":[],"campfire_rested":3,"item_purchase_floors":[],"current_hp_per_floor":[60,60,60,60,60,18,18,18,18,37,34,53,43,34,53,33,65,65,65,47,14,6,6],"gold":412,"neow_bonus":"TRANSFORM_CARD","is_daily":false,"chose_seed":false,"campfire_upgraded":0,"win_rate":0.0,"timestamp":1609311064,"path_taken":["M","?","?","?","?","E","M","M","T","R","?","R","M","E","R","BOSS","M","?","?","M","M"],"items_purchased_type":[],"build_version":"2020-12-18","purchased_purges":0,"victory":false,"max_hp_per_floor":[65,65,65,65,65,65,65,65,65,65,65,65,65,65,65,65,65,65,65,65,65,65,65],"card_choices":[{"not_picked":["Advance","DoubleEdge"],"picked":"Alleviate","floor":1},{"not_picked":["Deadline","RealityMarble"],"picked":"SurpressingFire","floor":6},{"not_picked":["Revamp","Moonlight"],"picked":"GearUp","floor":7},{"not_picked":["Defy","DualDimension"],"picked":"Potential","floor":8},{"not_picked":["Rewind","Rearm"],"picked":"FanOfKnives","floor":11},{"not_picked":["Collapse","Rewind"],"picked":"ShatteredReality","floor":13},{"not_picked":["DoubleEdge","LightFlow"],"picked":"Rearm","floor":14},{"not_picked":["Solidify","TheWorld"],"picked":"KillingDoll","floor":16},{"not_picked":["Shuttle","Rewind"],"picked":"Contraction","floor":18},{"not_picked":["Alleviate","Moondial+1"],"picked":"Defy","floor":20},{"not_picked":["RealityMarble","DoubleEdge+1","Misdirection"],"picked":"SKIP","floor":21}],"player_experience":270254,"relics_obtained":[{"floor":6,"key":"Du-Vu Doll"},{"floor":9,"key":"Bag of Preparation"},{"floor":14,"key":"hubris:ToyBattleship"}],"event_choices":[{"damage_healed":0,"gold_gain":0,"player_choice":"Grow","damage_taken":0,"max_hp_gain":0,"max_hp_loss":0,"event_name":"Living Wall","floor":4,"gold_loss":0,"cards_upgraded":["WasteNot"]},{"damage_healed":0,"gold_gain":0,"player_choice":"Ignored","damage_taken":0,"max_hp_gain":0,"max_hp_loss":0,"event_name":"Golden Wing","floor":5,"gold_loss":0},{"damage_healed":0,"gold_gain":0,"player_choice":"Traded Relic","damage_taken":0,"relics_obtained":["Nloth\u0027s Gift"],"max_hp_gain":0,"max_hp_loss":0,"event_name":"N\u0027loth","floor":19,"relics_lost":["Bag of Preparation"],"gold_loss":0}],"is_beta":true,"boss_relics":[{"not_picked":["halation:PlatinumPhoenix","MysterySword"],"picked":"aspiration:PoetsPen_weak"}],"items_purged_floors":[],"is_endless":false,"potions_floor_spawned":[6,7,14,16,21],"killed_by":"3 Cultists","ascension_level":3}}