{"host":"iha1eel9u3wfm8eh","time":1609345090,"event":{"mods":["AchievementEnabler","Aspiration","BaseMod","Better Altar","Better Match","Better Note","Better Sensory Stone","Better Skull","Better Third Choice","BetterRewards","CCEM","Colored Map","Conspire","Downfall","GifTheSpireLib","Googly Eyes","Halation","Hermit","Highlight Path","Hubris","Infinite Spire","Jedi Mod","Mimic Mod","Minty Spire (QoL Compilation)","Permanent Neow","Replay The Spire","Shade Mod","Shop Mod","Spicy Shops","StSLib","Stuff the Spire","The Jungle","The Mystic","The Witch","Unceasing Turn Reminder","[IsaacMod]????","everything is the same but u backflip on backflip"],"gold_per_floor":[119,119,137,102,202,202,202,202,274,308,325,1410063902,1410062972,1410061697,1410061697,1410061771,1410061771,1410061784,1410061798,1410061814,1410061828,1410061244,1410061244,1410061244,1410061244,1410061316,1410061354,1410061354,1410061354,1410060847,1410060876,1410060876,1410060969,1410060969,1410061002,1410060575,1410060597,1410060597,1410060597,1410060597,1410060597,1410060597,1410060654,1410060694,1410060127,1410060127,1410060157,1410060180,1410060180,1410060182,1410060182],"floor_reached":52,"playtime":2878,"items_purged":["Blade Dance","Wraith Form v2","StuffTheSpire:Incursion","Terror"],"score":1719,"play_id":"4f50450f-1579-4dda-b331-a55e327d7bdd","local_time":"20201230161810","daily_mods":["Draft","Hoarder","Vintage","Heirloom","Time Dilation","Flight","DeadlyEvents","Elite Swarm","Lethality"],"is_ascension_mode":true,"campfire_choices":[{"data":"Echo Form","floor":6,"key":"SMITH"},{"data":"DevaForm","floor":7,"key":"SMITH"},{"data":"mysticmod:GeminiForm","floor":8,"key":"SMITH"},{"floor":28,"key":"REST"},{"data":"infinitespire:FutureSight","floor":41,"key":"SMITH"},{"data":"infinitespire:FutureSight","floor":42,"key":"SMITH"},{"data":"infinitespire:FutureSight","floor":46,"key":"SMITH"},{"data":"Collect","floor":49,"key":"SMITH"}],"circlet_count":0,"master_deck":["Demon Form","Echo Form+1","DevaForm+1","mysticmod:GeminiForm+1","Guardian:ConstructionForm","hexamod:ParanormalForm","Slimebound:DuplicatedForm","sneckomod:SerpentMind","AscendersBane","EpicFetus","EpicFetus","EpicFetus","jedi:pocketpoison","jedi:pocketpoison","jedi:pocketpoison","Acrobatics","Acrobatics+1","Acrobatics","Dagger Spray","Dagger Spray","Dagger Spray","Dagger Spray","Dagger Spray","StuffTheSpire:BrimstoneBlast","StuffTheSpire:BrimstoneBlast","StuffTheSpire:BrimstoneBlast","Prepared","Prepared","Prepared","Acrobatics","Acrobatics","Acrobatics","Quick Slash+1","Quick Slash","Quick Slash","Outmaneuver","Outmaneuver","Outmaneuver","StuffTheSpire:Incursion","StuffTheSpire:Incursion","Concentrate","Concentrate","Concentrate","Noxious Fumes","Noxious Fumes","Noxious Fumes","Underhanded Strike","Underhanded Strike","Underhanded Strike","Hidden Blade","Hidden Blade","Hidden Blade","Blade Dance","Blade Dance","Blade Dance","Panacea","Panacea","Panacea","jedi:acidrain","jedi:acidrain","jedi:acidrain","infinitespire:Neurotoxin","infinitespire:Neurotoxin","infinitespire:Neurotoxin","Envenom","Envenom","Envenom","ReplayTheSpireMod:Scrap Shanks","ReplayTheSpireMod:Scrap Shanks","ReplayTheSpireMod:Scrap Shanks","Phantasmal Killer","Phantasmal Killer","Phantasmal Killer","Dramatic Entrance","Dramatic Entrance+1","Dramatic Entrance","Caltrops+1","Caltrops+1","Caltrops+1","Caltrops+1","Caltrops+1","Caltrops+1","Bullet Time","Bullet Time","Bullet Time","infinitespire:Starlight","infinitespire:Starlight","infinitespire:Starlight","ReplayTheSpireMod:Necrosis","ReplayTheSpireMod:Necrosis","ReplayTheSpireMod:Necrosis","Noxious Fumes+1","Noxious Fumes+1","Noxious Fumes+1","Replay:SS_forest_2+1","Replay:SS_forest_2+1","Replay:SS_forest_2+1","jedi:studypoison","jedi:studypoison","jedi:studypoison","Echo Form+1","Echo Form+1","Echo Form+1","infinitespire:FutureSight+1","infinitespire:FutureSight+1","infinitespire:FutureSight+1","Collect","Collect","Collect+1","Scrawl","Scrawl","Scrawl","Doubt","Doubt","Doubt","infinitespire:Neurotoxin","infinitespire:Neurotoxin","infinitespire:Neurotoxin"],"relics":["Ring of the Snake","replay:Trail_Library","HushsDoor","Leech","StuffTheSpire:MayFlowers","Potion Belt","jedi:bottledfury","CCEMRelics:WhiteRose","StuffTheSpire:Gunfinga","Anchor","Strange Spoon","hexamod:BolsterEngine","Centennial Puzzle","conspire:TreasureMap","Guardian:PocketSentry","Garlic","MerchantsRug","Ancient Tea Set","hubris:TinFlute","halation:Jellyphish","hubris:TenFootPole","Replay:Mystery Machine","Toy Ornithopter","Snack Pack","aspiration:Nostalgia","PureWater","infinitespire:Magic Flask","StuffTheSpire:EmeraldSignet","aspiration:WatcherSkillbook","Basket Of Snakes","aspiration:HummingbirdHeart","CCEMRelics:GrapeVine","SteamSale","Frozen Egg 2","CCEMRelics:ShadowVeil","Replay:Bandana","MealTicket","halation:LostSnail","HowToJump","conspire:DeflatedDodgeball","aspiration:Nostalgia","Guardian:ModeShifter","aspiration:FrozenJewel","aspiration:ArtOfWarUpgrade","sneckomod:BlankCard","Blood Vial","CCEMRelics:BiPhaseBiplane","CCEMRelics:Francisca","Happy Flower","halation:QuantumPhysicsTextbook","hubris:Stopwatch","Whetstone","CCEMRelics:FestiveHat","Lantern","Pet Ghost","BookofShadows","halation:Convergence","conspire:GiftBox","DollysMirror","Bag of Preparation","CCEMRelics:Pendulum","halation:Toothbrush","Medical Kit","jedi:ghostblades","StuffTheSpire:HistoryBook","CCEMRelics:Barrel","halation:AfternoonTea"],"acts_visited":["Exordium","TheCity","TheBeyond"],"potions_floor_usage":[16,16,16,16,16],"damage_taken":[{"damage":0,"enemies":"Cultist","floor":1,"turns":2},{"damage":2,"enemies":"2 Louse","floor":3,"turns":1},{"damage":46,"enemies":"Lagavulin","floor":10,"turns":5},{"damage":13,"enemies":"Small Slimes","floor":11,"turns":2},{"damage":20,"enemies":"Hexaghost","floor":16,"turns":2},{"damage":2,"enemies":"2 Thieves","floor":18,"turns":2},{"damage":0,"enemies":"3 Byrds","floor":19,"turns":2},{"damage":0,"enemies":"Centurion and Healer","floor":20,"turns":3},{"damage":26,"enemies":"Chosen and Byrds","floor":21,"turns":4},{"damage":25,"enemies":"conspire:SneckoGhost","floor":27,"turns":5},{"damage":0,"enemies":"Cultist and Chosen","floor":31,"turns":1},{"damage":4,"enemies":"hubris:MusketHawk","floor":33,"turns":4},{"damage":0,"enemies":"3 Shapes","floor":35,"turns":1},{"damage":0,"enemies":"Orb Walker","floor":37,"turns":1},{"damage":0,"enemies":"4 Shapes","floor":43,"turns":3},{"damage":2,"enemies":"R_Hoarder","floor":44,"turns":4},{"damage":39,"enemies":"Reptomancer","floor":47,"turns":6},{"damage":0,"enemies":"4 Shapes","floor":48,"turns":4},{"damage":33,"enemies":"hubris:GrandSnecko","floor":50,"turns":6},{"damage":71,"enemies":"Replay:Hell Engine","floor":51,"turns":8}],"seed_played":"-8479755227863040631","potions_obtained":[{"floor":11,"key":"Dexterity Potion"},{"floor":16,"key":"Strength Potion"},{"floor":18,"key":"sneckomod:MuddlingPotion"},{"floor":19,"key":"jedi:StrikingPotion"}],"is_trial":true,"path_per_floor":["M","?","M","?","?","R","R","R","T","E","M","$","$","$","R_BF","B",null,"M","M","M","M","$","R","R","R","T","E","R","AVR","$","M","R","B",null,"M","$","M","?","AVR","R","R","R","MIM","E","$","R","E","M","R_BF","B","B",null],"character_chosen":"THE_SILENT","items_purchased":["Strange Spoon","jedi:wingpotion","hexamod:BolsterEngine","Centennial Puzzle","conspire:TreasureMap","Guardian:PocketSentry","Garlic","Poison Potion","ColorlessPotion","Envenom","MerchantsRug","Ancient Tea Set","hubris:TinFlute","halation:Jellyphish","hubris:TenFootPole","Replay:Mystery Machine","Toy Ornithopter","Snack Pack","aspiration:Nostalgia","infinitespire:Magic Flask","StuffTheSpire:EmeraldSignet","ReplayTheSpireMod:Scrap Shanks","Frozen Egg 2","CCEMRelics:ShadowVeil","Replay:Bandana","MealTicket","halation:LostSnail","HowToJump","Dramatic Entrance","Caltrops+1","sneckomod:BlankCard","Blood Vial","CCEMRelics:BiPhaseBiplane","CCEMRelics:Francisca","Happy Flower","Noxious Fumes+1","CCEMRelics:FestiveHat","Lantern","Pet Ghost","BookofShadows","halation:Convergence","CCEMRelics:Pendulum","halation:Toothbrush","Medical Kit","jedi:ghostblades","StuffTheSpire:HistoryBook"],"campfire_rested":1,"item_purchase_floors":[12,12,12,12,12,12,12,12,12,12,12,13,13,13,13,13,14,14,14,14,14,14,22,22,22,22,22,22,22,22,30,30,30,30,30,34,36,36,36,36,36,45,45,45,45,45],"current_hp_per_floor":[60,60,59,66,66,66,66,66,66,21,9,9,9,9,28,41,60,60,63,65,40,40,40,40,40,40,23,42,42,57,61,61,66,64,64,64,64,60,60,60,60,60,64,63,64,64,51,62,62,55,22],"gold":1410060182,"neow_bonus":"","is_daily":false,"chose_seed":false,"campfire_upgraded":7,"win_rate":0.0,"timestamp":1609345090,"path_taken":["M","?","M","?","?","R","R","R","T","?","?","?","$","$","R_BF","BOSS","M","?","?","?","$","R","R","R","T","?","R","AVR","$","M","R","BOSS","M","$","M","?","AVR","R","R","R","MIM","E","$","R","?","?","R_BF","BOSS","BOSS"],"items_purchased_type":["Relic","Potion","Relic","Relic","Relic","Relic","Relic","Potion","Potion","Card","Relic","Relic","Relic","Relic","Relic","Relic","Relic","Relic","Relic","Relic","Relic","Card","Relic","Relic","Relic","Relic","Relic","Relic","Card","Card","Relic","Relic","Relic","Relic","Relic","Card","Relic","Relic","Relic","Relic","Relic","Relic","Relic","Relic","Relic","Relic"],"build_version":"2020-12-22","purchased_purges":4,"victory":true,"max_hp_per_floor":[66,66,66,66,66,66,66,66,66,66,66,66,66,66,66,66,66,66,66,66,66,66,66,66,66,66,66,66,66,66,66,66,66,64,64,64,64,64,64,64,64,64,64,64,64,64,64,64,64,64,64],"card_choices":[{"not_picked":[],"picked":"EpicFetus","floor":0},{"not_picked":["Dash","Dagger Throw"],"picked":"jedi:pocketpoison","floor":0},{"not_picked":["Finisher","StuffTheSpire:Python"],"picked":"Acrobatics","floor":0},{"not_picked":["Masterful Stab","ReplayTheSpireMod:Shiv Toss"],"picked":"Dagger Spray","floor":0},{"not_picked":["Slice","StuffTheSpire:BumpUp"],"picked":"Dagger Spray","floor":0},{"not_picked":["StuffTheSpire:Python","jedi:poisonivy"],"picked":"StuffTheSpire:BrimstoneBlast","floor":0},{"not_picked":["Leg Sweep","StuffTheSpire:Injection"],"picked":"Prepared","floor":0},{"not_picked":["StuffTheSpire:BumpUp","hubris:Sniper"],"picked":"Acrobatics","floor":0},{"not_picked":["Sneak Up","Slice"],"picked":"Quick Slash","floor":0},{"not_picked":["StuffTheSpire:Incantation","Dodge and Roll"],"picked":"Outmaneuver","floor":0},{"not_picked":["Quick Slash","Dodge and Roll"],"picked":"StuffTheSpire:Incursion","floor":0},{"not_picked":["Reflex","StuffTheSpire:Injection"],"picked":"Concentrate","floor":0},{"not_picked":["Terror","Deadly Poison"],"picked":"Noxious Fumes","floor":0},{"not_picked":["Dodge and Roll","ReplayTheSpireMod:Scrap Shanks"],"picked":"Underhanded Strike","floor":0},{"not_picked":["Dagger Throw","Prepared"],"picked":"Hidden Blade","floor":0},{"not_picked":["Sneak Up","Backflip"],"picked":"Blade Dance","floor":0},{"not_picked":["ReplayTheSpireMod:Trickstab","Replay:Sssssssssshield"],"picked":"Panacea","floor":2},{"not_picked":["StuffTheSpire:Python","Underhanded Strike"],"picked":"jedi:acidrain","floor":5},{"not_picked":["aspiration:Lunge","StuffTheSpire:FinalStruggle"],"picked":"infinitespire:Neurotoxin","floor":10},{"not_picked":["Corpse Explosion","ReplayTheSpireMod:From All Sides"],"picked":"Phantasmal Killer","floor":16},{"not_picked":["Establishment+1","Judgement","Storm of Steel"],"picked":"Bullet Time","floor":27},{"not_picked":["Devotion+1","Bullet Time","ConjureBlade"],"picked":"ReplayTheSpireMod:Necrosis","floor":33},{"not_picked":["Replay:Sssssssssshield+1","StuffTheSpire:PlasmaPulse+1","Replay:SS_forest_5+1"],"picked":"Replay:SS_forest_2+1","floor":37},{"not_picked":["Blasphemy","Phantasmal Killer"],"picked":"jedi:studypoison","floor":37},{"not_picked":["StuffTheSpire:Python+1","CutThroughFate","All Out Attack+1"],"picked":"Collect","floor":43},{"not_picked":["ConjureBlade","Glass Knife","Vault"],"picked":"Scrawl","floor":44},{"not_picked":["expansioncontent:SuperHexaguard+1","Metamorphosis+1","hubris:EnhanceAbility+1","expansioncontent:DonusPower+1"],"picked":"SKIP","floor":44},{"not_picked":["ReplayTheSpireMod:From All Sides","Storm of Steel","Blasphemy"],"picked":"infinitespire:Neurotoxin","floor":47},{"not_picked":["Specialist+1","Replay:Parry+1","Replay:SS_hec_1+1","expansioncontent:Hexaburn+1"],"picked":"SKIP","floor":47}],"player_experience":50215,"relics_obtained":[{"floor":1,"key":"Potion Belt"},{"floor":3,"key":"jedi:bottledfury"},{"floor":9,"key":"CCEMRelics:WhiteRose"},{"floor":10,"key":"StuffTheSpire:Gunfinga"},{"floor":11,"key":"Anchor"},{"floor":18,"key":"Basket Of Snakes"},{"floor":19,"key":"aspiration:HummingbirdHeart"},{"floor":20,"key":"CCEMRelics:GrapeVine"},{"floor":21,"key":"SteamSale"},{"floor":26,"key":"conspire:DeflatedDodgeball"},{"floor":27,"key":"aspiration:FrozenJewel"},{"floor":31,"key":"halation:QuantumPhysicsTextbook"},{"floor":35,"key":"Whetstone"},{"floor":37,"key":"conspire:GiftBox"},{"floor":44,"key":"Bag of Preparation"},{"floor":47,"key":"CCEMRelics:Barrel"},{"floor":48,"key":"halation:AfternoonTea"}],"event_choices":[{"damage_healed":0,"gold_gain":1,"player_choice":"1","damage_taken":0,"max_hp_gain":0,"max_hp_loss":0,"event_name":"betterStone:BetterStone","floor":2,"gold_loss":0},{"damage_healed":16,"gold_gain":0,"player_choice":"Healed","damage_taken":0,"max_hp_gain":0,"max_hp_loss":0,"event_name":"The Cleric","floor":4,"gold_loss":35},{"damage_healed":0,"gold_gain":0,"player_choice":"Damaged","damage_taken":9,"max_hp_gain":0,"max_hp_loss":0,"event_name":"Wheel of Change","floor":38,"gold_loss":0}],"is_beta":false,"boss_relics":[{"not_picked":["hubris:CrackedHourglass","aspiration:FutureDiary"],"picked":"aspiration:WatcherSkillbook"},{"not_picked":[]},{"not_picked":["Replay:Bronze Core","hubris:Backtick"],"picked":"hubris:Stopwatch"},{"not_picked":[]}],"items_purged_floors":[12,29,39,45],"is_endless":false,"potions_floor_spawned":[11,16,18,19,44],"ascension_level":20}}