{"host":"93n4kdg5le7r8dks","time":1609355850,"event":{"mods":["AlwaysNeverKeys","BaseMod","Better Note","Better Sensory Stone","Better Skull","Better Third Choice","Block Reminder","Colored Map","Colored Powertips","DeckTracker","Infinite Spire","Minty Spire (QoL Compilation)","Quick Restart","StSLib"],"gold_per_floor":[117,127,127,127,52,52,86,86,113,113,113,40,56,67,67,166,166,181,191,291,291,291,322,335,370,396,396,396],"floor_reached":27,"playtime":833,"items_purged":["Strike_R","Dark Embrace"],"score":274,"play_id":"48485e2a-11ab-4510-a1bb-c92d8458b040","local_time":"20201230131730","is_ascension_mode":false,"campfire_choices":[{"data":"Whirlwind","floor":6,"key":"SMITH"},{"data":"Armaments","floor":8,"key":"SMITH"},{"data":"Demon Form","floor":10,"key":"SMITH"},{"data":"Infernal Blade","floor":15,"key":"SMITH"}],"circlet_count":0,"master_deck":["Strike_R","Strike_R","Strike_R","Strike_R","Defend_R","Defend_R","Defend_R","Defend_R","Bash","Whirlwind+1","Armaments+1","Demon Form+1","Infernal Blade+1","Metallicize","Seeing Red","Impervious","Flex","Double Tap","Shrug It Off+1"],"relics":["Burning Blood","NeowsBlessing","Centennial Puzzle","infinitespire:PuzzleCube","infinitespire:Beetle Shell","SacredBark","Orrery","Sozu","Molten Egg 2","Bag of Preparation","Toy Ornithopter"],"acts_visited":["Exordium","TheCity"],"potions_floor_usage":[14,16,19,27,27],"damage_taken":[{"damage":0,"enemies":"Jaw Worm","floor":1,"turns":1},{"damage":0,"enemies":"2 Louse","floor":2,"turns":1},{"damage":0,"enemies":"3 Sentries","floor":7,"turns":2},{"damage":0,"enemies":"Small Slimes","floor":13,"turns":2},{"damage":0,"enemies":"Blue Slaver","floor":14,"turns":1},{"damage":16,"enemies":"Slime Boss","floor":16,"turns":6},{"damage":20,"enemies":"Shell Parasite","floor":18,"turns":7},{"damage":10,"enemies":"2 Thieves","floor":19,"turns":3},{"damage":26,"enemies":"Slavers","floor":23,"turns":5},{"damage":2,"enemies":"Snecko","floor":24,"turns":4},{"damage":27,"enemies":"Book of Stabbing","floor":25,"turns":5},{"damage":43,"enemies":"Nightmare","floor":27,"turns":8}],"seed_played":"6232949246831539929","potions_obtained":[{"floor":1,"key":"DuplicationPotion"},{"floor":7,"key":"SkillPotion"},{"floor":16,"key":"Dexterity Potion"},{"floor":18,"key":"SkillPotion"},{"floor":19,"key":"BlessingOfTheForge"}],"is_trial":false,"path_per_floor":["M","M","?","?","$","R","E","R","T","R","?","$","M","M","R","B",null,"M","M","?","?","AVR","E","M","E","T","NM"],"character_chosen":"IRONCLAD","items_purchased":["Infernal Blade"],"campfire_rested":0,"item_purchase_floors":[12],"current_hp_per_floor":[80,80,85,85,85,85,85,85,85,85,78,78,84,85,85,75,85,71,67,67,67,67,47,51,30,30,0,0],"gold":396,"neow_bonus":"THREE_ENEMY_KILL","is_daily":false,"chose_seed":false,"campfire_upgraded":4,"win_rate":0.0,"timestamp":1609355850,"path_taken":["M","M","?","?","$","R","E","R","T","R","?","?","M","M","R","BOSS","M","M","?","?","AVR","E","M","E","T","NM"],"items_purchased_type":["Card"],"build_version":"2020-12-13","purchased_purges":2,"victory":false,"max_hp_per_floor":[80,80,85,85,85,85,85,85,85,85,85,85,85,85,85,85,85,85,85,85,85,85,85,85,85,85,85,85],"card_choices":[{"not_picked":["True Grit","Twin Strike"],"picked":"Whirlwind","floor":1},{"not_picked":["Combust","Dark Embrace"],"picked":"Armaments","floor":2},{"not_picked":["Iron Wave","Sword Boomerang"],"picked":"Demon Form","floor":7},{"not_picked":["Clothesline","Thunderclap"],"picked":"Metallicize","floor":13},{"not_picked":["Body Slam","Clash"],"picked":"Seeing Red","floor":14},{"not_picked":["Fiend Fire","Brutality"],"picked":"Impervious","floor":16},{"not_picked":["Uppercut","Perfected Strike+1"],"picked":"Flex","floor":18},{"not_picked":["Spot Weakness+1","Sword Boomerang","True Grit"],"picked":"SKIP","floor":19},{"not_picked":["Anger","Flex"],"picked":"Double Tap","floor":22},{"not_picked":["Armaments","Body Slam"],"picked":"Shrug It Off+1","floor":22},{"not_picked":["Demon Form","Burning Pact","Heavy Blade+1"],"picked":"SKIP","floor":23},{"not_picked":["Warcry","Clash+1","Heavy Blade+1"],"picked":"SKIP","floor":24},{"not_picked":["Impervious","Perfected Strike+1","Sword Boomerang+1"],"picked":"SKIP","floor":25}],"player_experience":78437,"relics_obtained":[{"floor":7,"key":"Centennial Puzzle"},{"floor":9,"key":"infinitespire:PuzzleCube"},{"floor":23,"key":"Molten Egg 2"},{"floor":25,"key":"Bag of Preparation"},{"floor":26,"key":"Toy Ornithopter"}],"event_choices":[{"damage_healed":0,"gold_gain":0,"player_choice":"Donut","damage_taken":0,"max_hp_gain":5,"max_hp_loss":0,"event_name":"Big Fish","floor":3,"gold_loss":0},{"damage_healed":0,"gold_gain":0,"player_choice":"Relic ","damage_taken":7,"max_hp_gain":0,"max_hp_loss":0,"event_name":"betterThird:BetterScrap","floor":11,"gold_loss":0,"cards_obtained":["Echo Form"]},{"damage_healed":0,"gold_gain":100,"player_choice":"Pray","damage_taken":0,"max_hp_gain":0,"max_hp_loss":0,"event_name":"Golden Shrine","floor":20,"gold_loss":0},{"damage_healed":0,"gold_gain":0,"player_choice":"1 cards matched","damage_taken":0,"max_hp_gain":0,"max_hp_loss":0,"event_name":"Match and Keep!","floor":21,"gold_loss":0,"cards_obtained":["Dark Embrace"]},{"damage_healed":0,"gold_gain":0,"player_choice":"1 cards matched","damage_taken":0,"max_hp_gain":0,"max_hp_loss":0,"event_name":"Match and Keep!","floor":21,"gold_loss":0,"cards_obtained":["Dark Embrace"]}],"is_beta":false,"boss_relics":[{"not_picked":["Mark of Pain","Astrolabe"],"picked":"SacredBark"}],"items_purged_floors":[5,22],"is_endless":false,"potions_floor_spawned":[1,7,16,18,19,24,25],"killed_by":"Nightmare","ascension_level":0}}