{"host":"jksa5rawk3m4gilz","time":1609348213,"event":{"mods":["BaseMod","Colored Map","Highlight Path","Minty Spire (QoL Compilation)","Quick Restart"],"gold_per_floor":[111,111,111,18,36,70,87,87,87,112,143,143,162,192,192,192,192],"floor_reached":16,"playtime":532,"items_purged":[],"score":236,"play_id":"adfab3c8-d41f-42f6-990d-afc5b4fe7e20","local_time":"20201230181013","is_ascension_mode":true,"campfire_choices":[{"data":"Zap","floor":8,"key":"SMITH"},{"floor":12,"key":"REST"},{"floor":15,"key":"DIG"}],"circlet_count":0,"master_deck":["AscendersBane","Strike_B","Strike_B","Strike_B","Strike_B","Defend_B","Defend_B","Defend_B","Defend_B","Zap+1","Dualcast","Sunder+1","Madness","Skim","Capacitor","Self Repair","Defragment"],"relics":["Cracked Core","NeowsBlessing","Turnip","Ginger","Odd Mushroom","Unceasing Top","Shovel","Vajra"],"acts_visited":["Exordium"],"potions_floor_usage":[11,11,16],"damage_taken":[{"damage":0,"enemies":"Jaw Worm","floor":1,"turns":1},{"damage":0,"enemies":"2 Louse","floor":5,"turns":1},{"damage":0,"enemies":"Lagavulin","floor":6,"turns":1},{"damage":1,"enemies":"Cultist","floor":7,"turns":3},{"damage":13,"enemies":"The Mushroom Lair","floor":10,"turns":4},{"damage":25,"enemies":"3 Sentries","floor":11,"turns":6},{"damage":0,"enemies":"3 Louse","floor":13,"turns":3},{"damage":48,"enemies":"Gremlin Nob","floor":14,"turns":5},{"damage":58,"enemies":"The Guardian","floor":16,"turns":10}],"seed_played":"343202577444797809","potions_obtained":[{"floor":6,"key":"Regen Potion"},{"floor":10,"key":"AttackPotion"},{"floor":13,"key":"Regen Potion"}],"is_trial":false,"path_per_floor":["M","?","?","$","M","E","M","R","T","?","E","R","M","E","R","B"],"character_chosen":"DEFECT","items_purchased":["Madness"],"campfire_rested":1,"item_purchase_floors":[4],"current_hp_per_floor":[68,73,73,73,73,73,72,72,72,59,49,73,80,39,39,0,0],"gold":192,"neow_bonus":"THREE_ENEMY_KILL","is_daily":false,"chose_seed":false,"campfire_upgraded":1,"win_rate":0.0,"timestamp":1609348213,"path_taken":["M","?","?","$","M","E","?","R","T","?","E","R","M","E","R","BOSS"],"items_purchased_type":["Card"],"build_version":"2020-12-22","purchased_purges":0,"victory":false,"max_hp_per_floor":[75,80,80,80,80,80,80,80,80,80,80,80,80,80,80,80,80],"card_choices":[{"not_picked":["Steam","Hologram"],"picked":"Sunder","floor":1},{"not_picked":["Rebound","Stack","Undo"],"picked":"SKIP","floor":5},{"not_picked":["Leap","All For One"],"picked":"Skim","floor":6},{"not_picked":["Hologram","Rebound","Storm"],"picked":"SKIP","floor":7},{"not_picked":["Conserve Battery","Rebound"],"picked":"Capacitor","floor":10},{"not_picked":["Auto Shields","Skim"],"picked":"Self Repair","floor":11},{"not_picked":["Capacitor","Static Discharge"],"picked":"Defragment","floor":13},{"not_picked":["Blizzard","Steam","Chaos"],"picked":"SKIP","floor":14}],"player_experience":2093719,"relics_obtained":[{"floor":6,"key":"Turnip"},{"floor":9,"key":"Ginger"},{"floor":10,"key":"Odd Mushroom"},{"floor":11,"key":"Unceasing Top"},{"floor":14,"key":"Shovel"},{"floor":15,"key":"Vajra"}],"event_choices":[{"damage_healed":0,"gold_gain":0,"player_choice":"Donut","damage_taken":0,"max_hp_gain":5,"max_hp_loss":0,"event_name":"Big Fish","floor":2,"gold_loss":0},{"damage_healed":0,"gold_gain":0,"player_choice":"Upgraded","damage_taken":0,"max_hp_gain":0,"max_hp_loss":0,"event_name":"Upgrade Shrine","floor":3,"gold_loss":0,"cards_upgraded":["Sunder"]},{"damage_healed":0,"gold_gain":0,"player_choice":"Fought Mushrooms","damage_taken":0,"max_hp_gain":0,"max_hp_loss":0,"event_name":"Mushrooms","floor":10,"gold_loss":0}],"is_beta":false,"boss_relics":[],"items_purged_floors":[],"is_endless":false,"potions_floor_spawned":[6,10,13],"killed_by":"The Guardian","ascension_level":13}}