{"host":"0ydzwspkajt4brzd","time":1609328340,"event":{"mods":["AchievementEnabler","BaseMod","Colored Map","DeckTracker","Googly Eyes","Highlight Path","Minty Spire (QoL Compilation)","Quick Restart","Random Character Button","Rare Cards Sparkle"],"gold_per_floor":[115,135,145,162,132,166,166,166,166],"floor_reached":8,"playtime":422,"items_purged":[],"score":90,"play_id":"7943e8ae-c8ef-4afc-b49c-20e8b1ab191d","local_time":"20201230033900","is_ascension_mode":true,"campfire_choices":[{"data":"Berserk","floor":7,"key":"SMITH"}],"circlet_count":0,"master_deck":["AscendersBane","Strike_R","Strike_R","Strike_R","Strike_R","Strike_R","Defend_R","Defend_R","Defend_R","Defend_R","Bash","Burning Pact","Inflame","Whirlwind","Warcry","Searing Blow","Berserk+1"],"relics":["Burning Blood","NeowsBlessing","Gremlin Horn"],"acts_visited":["Exordium"],"potions_floor_usage":[],"damage_taken":[{"damage":0,"enemies":"2 Louse","floor":1,"turns":1},{"damage":0,"enemies":"Cultist","floor":2,"turns":1},{"damage":2,"enemies":"Jaw Worm","floor":3,"turns":2},{"damage":7,"enemies":"3 Louse","floor":4,"turns":2},{"damage":7,"enemies":"Looter","floor":5,"turns":4},{"damage":64,"enemies":"3 Sentries","floor":6,"turns":7},{"damage":20,"enemies":"Gremlin Nob","floor":8,"turns":3}],"seed_played":"-5772069879443837776","potions_obtained":[{"floor":3,"key":"Ancient Potion"}],"is_trial":false,"path_per_floor":["M","M","M","M","M","E","R","E"],"character_chosen":"IRONCLAD","items_purchased":[],"campfire_rested":0,"item_purchase_floors":[],"current_hp_per_floor":[78,80,80,79,78,20,20,0,0],"gold":166,"neow_bonus":"THREE_ENEMY_KILL","is_daily":false,"chose_seed":false,"campfire_upgraded":1,"win_rate":0.0,"timestamp":1609328340,"path_taken":["M","M","M","M","M","E","R","E"],"items_purchased_type":[],"build_version":"2020-12-22","purchased_purges":0,"victory":false,"max_hp_per_floor":[80,80,80,80,80,80,80,80,80],"card_choices":[{"not_picked":["Havoc","Body Slam"],"picked":"Burning Pact","floor":1},{"not_picked":["Shrug It Off","Cleave"],"picked":"Inflame","floor":2},{"not_picked":["Fire Breathing","Ghostly Armor"],"picked":"Whirlwind","floor":3},{"not_picked":["Burning Pact","Armaments"],"picked":"Warcry","floor":4},{"not_picked":["Entrench","Heavy Blade"],"picked":"Searing Blow","floor":5},{"not_picked":["Anger","Flex"],"picked":"Berserk","floor":6}],"player_experience":414548,"relics_obtained":[{"floor":6,"key":"Gremlin Horn"}],"event_choices":[],"is_beta":false,"boss_relics":[],"items_purged_floors":[],"is_endless":false,"potions_floor_spawned":[3],"killed_by":"Gremlin Nob","ascension_level":11}}