{"host":"5gc11emcm5chfr5t","time":1609353183,"event":{"mods":["2.2 Compatiblity","AchievementEnabler","BaseMod","Bestiary","Better Note","Colored Map","Colored Powertips","Downfall","Googly Eyes","Minty Spire (QoL Compilation)","Rare Cards Sparkle","StSLib"],"gold_per_floor":[99,99,99,399,399,433,433,358,8,27,49,49,49,69,81,81,81],"floor_reached":16,"playtime":774,"items_purged":[],"score":242,"play_id":"0bd85a0e-809f-4dd0-837d-9ab8ead05f38","local_time":"20201230133303","is_ascension_mode":true,"campfire_choices":[{"floor":1,"key":"RECALL"},{"data":"sneckomod:WideSting","floor":8,"key":"SMITH"},{"floor":12,"key":"REST"}],"circlet_count":0,"master_deck":["AscendersBane","sneckomod:Strike","sneckomod:Strike","sneckomod:Strike","sneckomod:Defend","sneckomod:Defend","sneckomod:Defend","sneckomod:TailWhip","sneckomod:SnekBite","sneckomod:Unknown","sneckomod:Unknown","sneckomod:WideSting+1","sneckomod:SoulCleanse","sneckomod:Unknown0Cost","sneckomod:QuickBite","sneckomod:UnknownRarePower+1","sneckomod:UnknownClassRED+1","sneckomod:SlitherStrike","sneckomod:UnknownClassPURPLE+1","sneckomod:QuickMove"],"relics":["sneckomod:SneckoSoul","downfall:HeartsMalice","downfall:BrokenWingStatue","Old Coin","Bronze Scales","sneckomod:UnknownEgg","downfall:HeartBlessingRed","Akabeko","Odd Mushroom"],"acts_visited":["Exordium"],"potions_floor_usage":[15,16],"damage_taken":[{"damage":0,"enemies":"Cultist","floor":2,"turns":1},{"damage":0,"enemies":"2 Louse","floor":5,"turns":1},{"damage":0,"enemies":"Lagavulin","floor":6,"turns":1},{"damage":0,"enemies":"downfall:FleeingMerchant","floor":9,"turns":4},{"damage":5,"enemies":"Small Slimes","floor":10,"turns":3},{"damage":32,"enemies":"The Mushroom Lair","floor":11,"turns":3},{"damage":7,"enemies":"2 Fungi Beasts","floor":14,"turns":2},{"damage":17,"enemies":"Gremlin Gang","floor":15,"turns":3},{"damage":61,"enemies":"downfall:Defect","floor":16,"turns":6}],"seed_played":"-4406874314997163712","potions_obtained":[{"floor":14,"key":"Weak Potion"},{"floor":15,"key":"SteroidPotion"}],"is_trial":false,"path_per_floor":["R","M","?","?","M","E","T","R","$","M","?","R","?","M","M","B"],"character_chosen":"THE_SNECKO","items_purchased":["sneckomod:UnknownRarePower+1","Akabeko"],"campfire_rested":1,"item_purchase_floors":[9,9],"current_hp_per_floor":[75,75,75,70,70,71,71,71,72,68,36,61,86,80,63,2,2],"gold":81,"neow_bonus":"THREE_ENEMY_KILL","is_daily":false,"chose_seed":false,"campfire_upgraded":1,"win_rate":0.0,"timestamp":1609353183,"path_taken":["R","M","?","?","M","E","T","R","$","M","?","R","?","M","M","BOSS"],"items_purchased_type":["Card","Relic"],"build_version":"2020-12-22","purchased_purges":0,"victory":false,"max_hp_per_floor":[83,83,83,83,83,84,84,84,85,86,86,86,86,87,87,87,87],"card_choices":[{"not_picked":["sneckomod:UnknownClassHEXA_GHOST_PURPLE","sneckomod:DiceBlock"],"picked":"sneckomod:WideSting","floor":2},{"not_picked":["sneckomod:QuickBite","sneckomod:UnknownStrength"],"picked":"sneckomod:SoulCleanse","floor":5},{"not_picked":["sneckomod:RainOfDice","sneckomod:UnknownWeak"],"picked":"sneckomod:Unknown0Cost","floor":6},{"not_picked":["sneckomod:Cheat","sneckomod:UnknownStrike+1"],"picked":"sneckomod:QuickBite","floor":9},{"not_picked":["sneckomod:QuickBite","sneckomod:RainOfDice"],"picked":"sneckomod:UnknownClassRED+1","floor":10},{"not_picked":["sneckomod:UnknownStrike+1","sneckomod:Nope"],"picked":"sneckomod:SlitherStrike","floor":11},{"not_picked":["sneckomod:WideSting","sneckomod:SnekBeam"],"picked":"sneckomod:UnknownClassPURPLE+1","floor":14},{"not_picked":["sneckomod:UnknownClassTHE_CHAMP_GRAY+1","sneckomod:UnknownBlock+1"],"picked":"sneckomod:QuickMove","floor":15}],"player_experience":503338,"relics_obtained":[{"floor":6,"key":"Bronze Scales"},{"floor":7,"key":"sneckomod:UnknownEgg"},{"floor":11,"key":"Odd Mushroom"}],"event_choices":[{"damage_healed":0,"gold_gain":0,"player_choice":"Success","damage_taken":5,"relics_obtained":["Old Coin"],"max_hp_gain":0,"max_hp_loss":0,"event_name":"Scrap Ooze","floor":4,"gold_loss":0},{"damage_healed":0,"gold_gain":0,"player_choice":"Fought Mushrooms","damage_taken":0,"max_hp_gain":0,"max_hp_loss":0,"event_name":"Mushrooms","floor":11,"gold_loss":0},{"damage_healed":28,"gold_gain":0,"player_choice":"Banana","damage_taken":0,"max_hp_gain":0,"max_hp_loss":0,"event_name":"Big Fish","floor":13,"gold_loss":0}],"is_beta":false,"boss_relics":[],"items_purged_floors":[],"is_endless":false,"potions_floor_spawned":[14,15],"killed_by":"downfall:Defect","ascension_level":20}}