{"host":"hig8qfi5vzbgudte","time":1609367548,"event":{"mods":["BaseMod","Colored Map","Downfall","Hubris","Minty Spire (QoL Compilation)","Quick Restart","StSLib","The Cursed","The Marked","The Servant 0.9.4"],"gold_per_floor":[116,116,89,106,123,123,137,137,160,176,176,23,38,38,38],"floor_reached":14,"playtime":775,"items_purged":[],"score":82,"play_id":"f3462ad4-de4c-40c3-a637-b5d8e90aad1b","local_time":"20201230163228","is_ascension_mode":false,"campfire_choices":[{"data":"theMarked:Static","floor":6,"key":"SMITH"},{"data":"theMarked:SoldierOfQuellstein","floor":8,"key":"SMITH"}],"circlet_count":0,"master_deck":["theMarked:Strike","theMarked:Strike","theMarked:Strike","theMarked:Strike","theMarked:Strike","theMarked:Defend","theMarked:Defend","theMarked:Defend","theMarked:Defend","theMarked:SoldierOfQuellstein+1","theMarked:SuspiciousRaven","theMarked:Static+1","theMarked:ParalyzingBlade","theMarked:ParalyzingBlade","theMarked:TwofoldDefense","theMarked:MaelstromOfLightning","theMarked:KeepCalmAndFightOn","theMarked:EmpowerWeapon","theMarked:ChainLightning","theMarked:SwordAndMagic"],"relics":["theMarked:ArtifactOfAir","PreservedInsect","Eternal Feather"],"acts_visited":["Exordium"],"potions_floor_usage":[14,14],"damage_taken":[{"damage":4,"enemies":"Cultist","floor":1,"turns":4},{"damage":0,"enemies":"Small Slimes","floor":4,"turns":2},{"damage":16,"enemies":"Jaw Worm","floor":5,"turns":3},{"damage":17,"enemies":"Exordium Thugs","floor":7,"turns":4},{"damage":0,"enemies":"3 Louse","floor":10,"turns":4},{"damage":15,"enemies":"Looter","floor":13,"turns":3},{"damage":18,"enemies":"Lagavulin","floor":14,"turns":2}],"seed_played":"1092440722178206158","potions_obtained":[{"floor":1,"key":"BlessingOfTheForge"},{"floor":5,"key":"LiquidBronze"},{"floor":10,"key":"LiquidBronze"}],"is_trial":false,"path_per_floor":["M","?","?","M","M","R","M","R","T","M","T","$","M","E"],"character_chosen":"THE_DEFAULT","items_purchased":["theMarked:KeepCalmAndFightOn","theMarked:EmpowerWeapon","theMarked:ChainLightning"],"campfire_rested":0,"item_purchase_floors":[12,12,12],"current_hp_per_floor":[66,66,66,66,50,50,33,33,33,33,33,33,18,0,0],"gold":38,"neow_bonus":"ONE_RANDOM_RARE_CARD","is_daily":false,"chose_seed":false,"campfire_upgraded":2,"win_rate":0.0,"timestamp":1609367548,"path_taken":["M","?","?","M","M","R","M","R","T","M","?","$","M","E"],"items_purchased_type":["Card","Card","Card"],"build_version":"2020-12-22","purchased_purges":0,"victory":false,"max_hp_per_floor":[70,70,70,70,70,70,70,70,70,70,70,70,70,70,70],"card_choices":[{"not_picked":["theMarked:TunnelVision","theMarked:SelfDefenseTraining"],"picked":"theMarked:Static","floor":1},{"not_picked":["theMarked:Parry","theMarked:WardOff"],"picked":"theMarked:ParalyzingBlade","floor":4},{"not_picked":["theMarked:Parkour","theMarked:WardOff"],"picked":"theMarked:ParalyzingBlade","floor":5},{"not_picked":["theMarked:WardOff","theMarked:WastefulAttack"],"picked":"theMarked:TwofoldDefense","floor":7},{"not_picked":["theMarked:ChainLightning","theMarked:Parry"],"picked":"theMarked:MaelstromOfLightning","floor":10},{"not_picked":["theMarked:TwofoldDefense","theMarked:Overthink"],"picked":"theMarked:SwordAndMagic","floor":13}],"player_experience":13868,"relics_obtained":[{"floor":9,"key":"PreservedInsect"},{"floor":11,"key":"Eternal Feather"}],"event_choices":[{"damage_healed":0,"gold_gain":0,"player_choice":"Ignored","damage_taken":0,"max_hp_gain":0,"max_hp_loss":0,"event_name":"Liars Game","floor":2,"gold_loss":0},{"damage_healed":0,"gold_gain":0,"player_choice":"Left Gold","damage_taken":0,"max_hp_gain":0,"max_hp_loss":0,"event_name":"World of Goop","floor":3,"gold_loss":27}],"is_beta":false,"boss_relics":[],"items_purged_floors":[],"is_endless":false,"potions_floor_spawned":[1,5,10],"killed_by":"Lagavulin","ascension_level":0}}