{"host":"jm9833yuloeli2yd","time":1609295545,"event":{"mods":["AchievementEnabler","BaseMod","Better Altar","Better Match","Better Note","Better Sensory Stone","Better Skull","Better Third Choice","Better Vampires","BetterRewards","Colored Map","Colored Powertips","DeckTracker","Marked Mod","Minty Spire (QoL Compilation)","Permanent Neow","Quick Restart","StSLib","SuperFastMode"],"gold_per_floor":[114,114,114,189,55,55,74,74,101,140,163,163,163,211,211,211,211],"floor_reached":16,"playtime":321,"items_purged":[],"score":212,"play_id":"0c133bcf-e1d0-4e0b-ab67-86db7b862cb7","local_time":"20201229213225","is_ascension_mode":true,"campfire_choices":[{"data":"Dagger Throw","floor":8.0,"key":"SMITH"},{"floor":15,"key":"REST"}],"circlet_count":0,"master_deck":["AscendersBane","Strike_G","Strike_G","Strike_G","Strike_G","Defend_G","Defend_G","Defend_G","Defend_G","Defend_G","Survivor","Neutralize+1","Dagger Throw+1","Mayhem","Footwork","Backstab","Blade Dance","Poisoned Stab","Escape Plan"],"relics":["Ring of the Snake","Tiny Chest","Oddly Smooth Stone","CeramicFish","Golden Idol","Mercury Hourglass"],"acts_visited":["Exordium"],"potions_floor_usage":[14,14],"damage_taken":[{"damage":8.0,"enemies":"Jaw Worm","floor":1.0,"turns":5.0},{"damage":0.0,"enemies":"Small Slimes","floor":7.0,"turns":4.0},{"damage":28.0,"enemies":"3 Sentries","floor":10.0,"turns":15.0},{"damage":0.0,"enemies":"Cultist","floor":11.0,"turns":3.0},{"damage":4,"enemies":"Gremlin Nob","floor":14,"turns":3},{"damage":19,"enemies":"Hexaghost","floor":16,"turns":8}],"seed_played":"-4482871817947158087","potions_obtained":[{"floor":7.0,"key":"LiquidMemories"},{"floor":11.0,"key":"SkillPotion"}],"is_trial":false,"path_per_floor":["M","?","?","?","$","T","M","R","T","E","M","?","?","E","R","B"],"character_chosen":"THE_SILENT","items_purchased":["Footwork","Poison Potion"],"campfire_rested":1,"item_purchase_floors":[5,5],"current_hp_per_floor":[51,51,44,33,33,33,33,33,33,5,5,5,5,1,19,0,0],"gold":211,"neow_bonus":"UPGRADE_CARD","is_daily":false,"chose_seed":false,"campfire_upgraded":1,"win_rate":0.0,"timestamp":1609295545,"path_taken":["M","?","?","?","$","?","?","R","T","E","M","?","?","E","R","BOSS"],"items_purchased_type":["Card","Potion"],"build_version":"2020-12-22","purchased_purges":0,"victory":false,"max_hp_per_floor":[66,66,66,66,66,66,66,66,66,66,66,60,60,60,60,60,60],"card_choices":[{"not_picked":["Deflect","Choke"],"picked":"Dagger Throw","floor":1.0},{"not_picked":["Thinking Ahead","Enlightenment"],"picked":"Mayhem","floor":2.0},{"not_picked":["Sucker Punch","Prepared"],"picked":"Backstab","floor":7.0},{"not_picked":["Dodge and Roll","Accuracy"],"picked":"Blade Dance","floor":10.0},{"not_picked":["Acrobatics","Slice"],"picked":"Poisoned Stab","floor":11.0},{"not_picked":["Predator","Dagger Spray"],"picked":"Escape Plan","floor":14}],"player_experience":1195607,"relics_obtained":[{"floor":6.0,"key":"Tiny Chest"},{"floor":9.0,"key":"Oddly Smooth Stone"},{"floor":10.0,"key":"CeramicFish"},{"floor":14,"key":"Mercury Hourglass"}],"event_choices":[{"damage_healed":0.0,"max_hp_gain":0.0,"max_hp_loss":0.0,"gold_gain":1.0,"event_name":"betterStone:BetterStone","player_choice":"1","floor":2.0,"gold_loss":0.0,"damage_taken":0.0},{"cards_removed":["Strike_G"],"damage_healed":0.0,"max_hp_gain":0.0,"max_hp_loss":0.0,"gold_gain":0.0,"event_name":"Golden Wing","player_choice":"Card Removal","floor":3.0,"gold_loss":0.0,"damage_taken":7.0},{"damage_healed":0.0,"max_hp_gain":0.0,"max_hp_loss":0.0,"gold_gain":75.0,"event_name":"betterThird:BetterGoop","player_choice":"Gold","floor":4.0,"gold_loss":0.0,"damage_taken":11.0},{"damage_healed":0.0,"max_hp_gain":0.0,"max_hp_loss":6.0,"gold_gain":0.0,"event_name":"Golden Idol","player_choice":"Lose Max HP","floor":12.0,"gold_loss":0.0,"damage_taken":0.0,"relics_obtained":["Golden Idol"]},{"damage_healed":0.0,"max_hp_gain":0.0,"max_hp_loss":0.0,"gold_gain":0.0,"event_name":"betterThird:BetterScrap","player_choice":"LEAVE","floor":13.0,"gold_loss":0.0,"damage_taken":0.0,"cards_obtained":["FearNoEvil"]}],"is_beta":false,"boss_relics":[],"items_purged_floors":[],"is_endless":false,"potions_floor_spawned":[7,11],"killed_by":"Hexaghost","ascension_level":20}}