{"host":"s9znsjs818tlhh47","time":1609299190,"event":{"mods":["2.2 Compatiblity","AchievementEnabler","Act Like it!","BaseMod","Bestiary","Better Note","Better Skull","Better Third Choice","Better Vampires","Card Forge","Colored Powertips","Force Act Four","Gensokyo","Marked Mod","Minty Spire (QoL Compilation)","Permanent Neow","Quick Restart","RumiaBox-露米娅的神秘盒子","StSLib","TheWitcher","【功能Mod】混沌之环修复补丁","残留之物"],"gold_per_floor":[109,109,125,139,139,139,54,54,81,81,97,122,122,122,122,201,201,211,211,223,223,223,223,223,240,240,253,253,286,301,320,320,397,397,407,82,94,190,202,202,202,235,311,403,422,451,462,475,475,475,475],"floor_reached":52,"playtime":1931,"items_purged":["Defend_R+1"],"score":2144,"play_id":"85aef782-98c2-4463-a0a9-8bd06b3d1148","local_time":"20201229223310","is_ascension_mode":true,"campfire_choices":[{"floor":6.0,"key":"REST"},{"floor":8.0,"key":"REST"},{"floor":15.0,"key":"REST"},{"floor":24.0,"key":"REST"},{"floor":32.0,"key":"REST"},{"data":"1","floor":40.0,"key":"LIFT"},{"data":"2","floor":49.0,"key":"LIFT"}],"circlet_count":0,"master_deck":["AscendersBane","Strike_R+1","Defend_R+1","Defend_R+1","Defend_R+1","Bash+1","Clash+1","Clash+1","Clash+1","Limit Break+1","Pommel Strike+1","Gensokyo:CrescentMoonSlash+1","Infernal Blade+1","Feel No Pain+1","Inflame+1","Dark Embrace+1","Inflame+1","Cleave+1","Gensokyo:FourOfAKind+1","Gensokyo:FourOfAKind+1","Gensokyo:FourOfAKind+1","Gensokyo:FourOfAKind+1","Warcry+1","Reaper+1","CurseOfTheBell","Warcry+1","Reaper+1","Sever Soul+1","Sentinel+1","Pommel Strike+1","Disarm+1"],"relics":["Hammer of Thor","Seething Fire","Anvil of the Gods","Fusion Hammer","Gensokyo:LunaticRedEyes","Ancient Tea Set","Mango","Ginger","Cursed Key","Shuriken","Lizard Tail","Calling Bell","Smiling Mask","White Beast Statue","Girya","LastBattle","Vajra","Bottled Tornado","War Paint","GodSword6"],"acts_visited":["Exordium","Gensokyo:Gensokyo","Gensokyo:Gensokyoer"],"potions_floor_usage":[],"damage_taken":[{"damage":9.0,"enemies":"Gensokyo:3_Fairies","floor":1.0,"turns":4.0},{"damage":1.0,"enemies":"Gensokyo:Python","floor":3.0,"turns":3.0},{"damage":0.0,"enemies":"Gensokyo:Gryphon","floor":4.0,"turns":2.0},{"damage":0.0,"enemies":"Gensokyo:Python_and_Kodama","floor":11.0,"turns":2.0},{"damage":8.0,"enemies":"Gensokyo:Aya","floor":12.0,"turns":3.0},{"damage":12.0,"enemies":"Gensokyo:Yukari","floor":16.0,"turns":6.0},{"damage":14.0,"enemies":"Gensokyo:AngelMirror","floor":18.0,"turns":2.0},{"damage":0.0,"enemies":"Gensokyo:2_Gloops","floor":20.0,"turns":3.0},{"damage":0.0,"enemies":"Gensokyo:Koishi","floor":23.0,"turns":1.0},{"damage":0.0,"enemies":"Gensokyo:Swordslinger","floor":25.0,"turns":2.0},{"damage":24.0,"enemies":"Gensokyo:Wraith","floor":27.0,"turns":4.0},{"damage":0.0,"enemies":"Gensokyo:Tenshi","floor":29.0,"turns":3.0},{"damage":10.0,"enemies":"Gensokyo:Slime_Group","floor":30.0,"turns":3.0},{"damage":0.0,"enemies":"Gensokyo:Swordslinger","floor":31.0,"turns":2.0},{"damage":0.0,"enemies":"Gensokyo:Eternal_Rivals","floor":33.0,"turns":5.0},{"damage":4.0,"enemies":"Gensokyo:3_Bats","floor":35.0,"turns":3.0},{"damage":0.0,"enemies":"Gensokyo:AncientGuardian","floor":37.0,"turns":3.0},{"damage":0.0,"enemies":"Gensokyo:Sharpion","floor":39.0,"turns":2.0},{"damage":36.0,"enemies":"Gensokyo:Marisa","floor":42.0,"turns":3.0},{"damage":26.0,"enemies":"Gensokyo:Dusk_and_Dawn","floor":45.0,"turns":4.0},{"damage":0.0,"enemies":"Gensokyo:Doremy","floor":46.0,"turns":3.0},{"damage":5.0,"enemies":"Gensokyo:Rafflesia","floor":47.0,"turns":5.0},{"damage":0.0,"enemies":"Gensokyo:Sharpion","floor":48.0,"turns":2.0},{"damage":24,"enemies":"Gensokyo:Shinki","floor":50,"turns":7},{"damage":0,"enemies":"Gensokyo:Yuyuko","floor":51,"turns":5}],"seed_played":"-500326444394520167","potions_obtained":[{"floor":3.0,"key":"Fire Potion"},{"floor":4.0,"key":"SmokeBomb"},{"floor":16.0,"key":"Weak Potion"},{"floor":25.0,"key":"SmokeBomb"},{"floor":27.0,"key":"ColorlessPotion"},{"floor":37.0,"key":"PlaceholderMod:PlaceholderPotion"},{"floor":39.0,"key":"ElixirPotion"},{"floor":48.0,"key":"Block Potion"}],"is_trial":false,"path_per_floor":["M","?","M","M","?","R","$","R","T","?","M","E","?","?","R","B",null,"M","?","M","?","?","E","R","M","T","M","?","E","M","M","R","B",null,"M","$","M","?","M","R","?","E","T","?","M","E","M","M","R","B","B",null],"character_chosen":"IRONCLAD","items_purchased":["Limit Break","LastBattle"],"campfire_rested":5,"item_purchase_floors":[7,36],"current_hp_per_floor":[59,59,58,58,22,44,44,66,66,52,52,44,27,27,53,41,77,63,65,65,65,65,65,89,89,89,65,58,58,48,48,58,58,58,58,58,58,38,38,38,38,58,58,38,32,58,58,58,58,58,58],"gold":475,"neow_bonus":"BOSS_RELIC","is_daily":false,"chose_seed":false,"campfire_upgraded":0,"win_rate":0.0,"timestamp":1609299190,"path_taken":["M","?","M","M","?","R","?","R","T","?","?","E","?","?","R","BOSS","M","?","?","?","?","E","R","M","T","M","?","E","?","M","R","BOSS","M","?","?","?","?","R","?","E","T","?","?","E","?","M","R","BOSS","BOSS"],"items_purchased_type":["Card","Relic"],"build_version":"2020-12-22","purchased_purges":1,"victory":true,"max_hp_per_floor":[75,75,75,75,75,75,75,75,75,89,89,89,89,89,89,89,89,89,89,89,89,89,89,89,89,89,89,58,58,58,58,58,58,58,58,58,58,58,58,58,58,58,58,58,58,58,58,58,58,58,58],"card_choices":[{"not_picked":["Dark Embrace","Dual Wield"],"picked":"Clash","floor":1.0},{"not_picked":["Rampage","Cleave"],"picked":"Clash","floor":3.0},{"not_picked":["Pummel","Anger"],"picked":"Clash","floor":4.0},{"not_picked":["Ghostly Armor","Heavy Blade","Havoc"],"picked":"SKIP","floor":11.0},{"not_picked":["Impervious","Anger"],"picked":"Pommel Strike","floor":12.0},{"not_picked":["Feed","Reaper"],"picked":"Corruption","floor":16.0},{"not_picked":["Iron Wave+1","Dual Wield","Body Slam"],"picked":"SKIP","floor":18.0},{"not_picked":["Wild Strike","Shrug It Off"],"picked":"Infernal Blade","floor":20.0},{"not_picked":["Twin Strike","Double Tap"],"picked":"Inflame","floor":25.0},{"not_picked":["Sword Boomerang","Pommel Strike"],"picked":"Cleave","floor":27.0},{"not_picked":["Dual Wield+1","Twin Strike","Impervious"],"picked":"SKIP","floor":29.0},{"not_picked":["Heavy Blade","Twin Strike+1"],"picked":"Warcry","floor":30.0},{"not_picked":["Twin Strike","Anger","Heavy Blade"],"picked":"SKIP","floor":31.0},{"not_picked":["Immolate","Corruption"],"picked":"Reaper","floor":33.0},{"not_picked":["Clothesline","Wild Strike+1","Hemokinesis"],"picked":"SKIP","floor":35.0},{"not_picked":["Disarm","Reckless Charge+1"],"picked":"Warcry+1","floor":37.0},{"not_picked":["Combust","Feed","Clothesline+1"],"picked":"SKIP","floor":39.0},{"not_picked":["Uppercut","Disarm"],"picked":"Sever Soul+1","floor":42.0},{"not_picked":["Headbutt","Flame Barrier"],"picked":"Sentinel","floor":45.0},{"not_picked":["Havoc","Uppercut+1","Heavy Blade"],"picked":"SKIP","floor":46.0},{"not_picked":["Clothesline","Thunderclap"],"picked":"Pommel Strike","floor":47.0},{"not_picked":["Rage+1","Fire Breathing"],"picked":"Disarm","floor":48.0}],"player_experience":308800,"relics_obtained":[{"floor":9.0,"key":"Ancient Tea Set"},{"floor":12.0,"key":"Ginger"},{"floor":26.0,"key":"Shuriken"},{"floor":29.0,"key":"Lizard Tail"},{"floor":34.0,"key":"Smiling Mask"},{"floor":34.0,"key":"White Beast Statue"},{"floor":34.0,"key":"Girya"},{"floor":42.0,"key":"Bottled Tornado"},{"floor":46.0,"key":"GodSword6"}],"event_choices":[{"damage_healed":2.0,"max_hp_gain":0.0,"max_hp_loss":0.0,"gold_gain":0.0,"event_name":"betterSkull:BetterSkull","player_choice":"LEAVE ","floor":19.0,"gold_loss":0.0,"damage_taken":0.0,"cards_upgraded":[],"relics_obtained":[]},{"damage_healed":0.0,"max_hp_gain":0.0,"max_hp_loss":0.0,"gold_gain":96.0,"event_name":"betterSkull:BetterSkull","player_choice":"RE GO ","floor":38.0,"gold_loss":0.0,"damage_taken":23.0,"cards_upgraded":[],"relics_obtained":["Vajra"]},{"damage_healed":0.0,"max_hp_gain":0.0,"max_hp_loss":0.0,"gold_gain":92.0,"event_name":"betterSkull:BetterSkull","player_choice":"RE GO ","floor":44.0,"gold_loss":0.0,"damage_taken":23.0,"cards_upgraded":[],"relics_obtained":["War Paint"]}],"is_beta":false,"boss_relics":[{"not_picked":["Philosopher\u0027s Stone","Pandora\u0027s Box"],"picked":"Cursed Key"},{"not_picked":["Velvet Choker","Runic Cube"],"picked":"Calling Bell"}],"items_purged_floors":[36],"is_endless":false,"potions_floor_spawned":[3,4,16,20,25,27,30,35,37,39,42,45,46,47,48],"ascension_level":20}}