{"host":"dw0lfiijjtrmelew","time":1609290261,"event":{"mods":["BaseMod","Minty Spire (QoL Compilation)","Relic Stats","StSLib"],"gold_per_floor":[116,127,143,9,9,9,35,35,82,82,82],"floor_reached":10,"playtime":330,"items_purged":[],"score":132,"play_id":"c34977e2-f8a1-42b1-b03a-12234eae553f","local_time":"20201229190421","is_ascension_mode":true,"campfire_choices":[{"data":"Neutralize","floor":6,"key":"SMITH"}],"circlet_count":0,"master_deck":["AscendersBane","Strike_G","Strike_G","Strike_G","Strike_G","Strike_G","Defend_G","Defend_G","Defend_G","Defend_G","Defend_G","Survivor","Neutralize+1","Quick Slash","Bouncing Flask","Predator","Crippling Poison","Malaise"],"relics":["Ring of the Snake","Vajra","Regal Pillow","Snake Skull"],"acts_visited":["Exordium"],"potions_floor_usage":[1,7,7],"damage_taken":[{"damage":6,"enemies":"Cultist","floor":1,"turns":5},{"damage":1,"enemies":"2 Louse","floor":2,"turns":4},{"damage":1,"enemies":"Jaw Worm","floor":3,"turns":3},{"damage":8,"enemies":"3 Sentries","floor":7,"turns":8},{"damage":31,"enemies":"Gremlin Nob","floor":10,"turns":5}],"seed_played":"7976215915085048551","potions_obtained":[{"floor":0,"key":"EssenceOfSteel"},{"floor":0,"key":"SneckoOil"},{"floor":1,"key":"GamblersBrew"}],"is_trial":false,"path_per_floor":["M","M","M","$","?","R","E","$","T","E"],"character_chosen":"THE_SILENT","items_purchased":["Crippling Poison","Fire Potion"],"campfire_rested":0,"item_purchase_floors":[4,4],"current_hp_per_floor":[53,52,51,51,40,40,32,32,32,1,1],"gold":82,"neow_bonus":"THREE_SMALL_POTIONS","is_daily":false,"chose_seed":false,"campfire_upgraded":1,"win_rate":0.0,"timestamp":1609290261,"path_taken":["M","M","?","?","?","R","E","?","T","E"],"items_purchased_type":["Card","Potion"],"build_version":"2020-12-22","purchased_purges":0,"victory":false,"max_hp_per_floor":[66,66,66,66,66,66,66,66,66,66,66],"relic_stats":{"Regal Pillow":0,"counters":[5,25],"Snake Skull":[0],"obtain_stats":[{"Regal Pillow":7,"Vajra":5,"Snake Skull":9,"Ring of the Snake":0},{"Regal Pillow":4,"Vajra":3,"Snake Skull":4,"Ring of the Snake":0},{"Regal Pillow":20,"Vajra":12,"Snake Skull":20,"Ring of the Snake":0}],"Ring of the Snake":[10]},"card_choices":[{"not_picked":["Leg Sweep","Dodge and Roll"],"picked":"Quick Slash","floor":1},{"not_picked":["Underhanded Strike","Bane"],"picked":"Bouncing Flask","floor":2},{"not_picked":["Bouncing Flask","Underhanded Strike"],"picked":"Predator","floor":3},{"not_picked":["Deflect","Dagger Throw"],"picked":"Malaise","floor":7}],"player_experience":1180623,"relics_obtained":[{"floor":7,"key":"Regal Pillow"},{"floor":9,"key":"Snake Skull"}],"event_choices":[{"damage_healed":0,"gold_gain":0,"player_choice":"Success","damage_taken":11,"relics_obtained":["Vajra"],"max_hp_gain":0,"max_hp_loss":0,"event_name":"Scrap Ooze","floor":5,"gold_loss":0}],"is_beta":false,"boss_relics":[],"items_purged_floors":[],"is_endless":false,"potions_floor_spawned":[1],"killed_by":"Gremlin Nob","ascension_level":20}}