{"host":"7v9t59ze4jbx2rzq","time":1609365492,"event":{"mods":["BaseMod","Highlight Path","Minty Spire (QoL Compilation)","Spicy Shops","StSLib","The Caster","The Hydrologist","The Marked","Wide Potions"],"gold_per_floor":[109,120,49,67,21,21,47,47,47,47,47,47,79,91,91,189,189,207,207,207,37,57,57,70,70,93,46,63,79,19,37,37,138,138,153,171,171,71,85,85,104,137,137,187,187,197,229,242,242,242,242,242,42,77,77,77],"floor_reached":55,"playtime":6455,"items_purged":["hydrologistmod:Strike_Hydrologist","hydrologistmod:ScaldingGeyser","hydrologistmod:SearingSynthesis"],"score":876,"play_id":"160afc38-e0b0-419f-804b-87ab455e77bd","local_time":"20201230165812","is_ascension_mode":true,"campfire_choices":[{"data":"hydrologistmod:IceBarrier","floor":6,"key":"SMITH"},{"data":"hydrologistmod:TidalWave","floor":12,"key":"SMITH"},{"data":"hydrologistmod:Hail","floor":15,"key":"SMITH"},{"data":"hydrologistmod:Hail","floor":23,"key":"SMITH"},{"data":"hydrologistmod:Endothermancy","floor":32,"key":"SMITH"},{"floor":40,"key":"REST"},{"floor":45,"key":"REST"},{"floor":49,"key":"RECALL"},{"data":"hydrologistmod:Drench","floor":52,"key":"SMITH"}],"circlet_count":0,"master_deck":["hydrologistmod:WaterWhip","hydrologistmod:IceBarrier+1","hydrologistmod:Defend_Hydrologist","hydrologistmod:UnstableDefend","hydrologistmod:UnstableDefend","hydrologistmod:SoggySynthesis","hydrologistmod:PureWater","hydrologistmod:TidalWave+1","hydrologistmod:Hail+1","hydrologistmod:Condensation","hydrologistmod:DimensionalIcicles","hydrologistmod:GlacialStrike","hydrologistmod:Hail+1","hydrologistmod:Debilitate","hydrologistmod:GlacialSynthesis+1","hydrologistmod:Endothermancy+1","hydrologistmod:Drench","hydrologistmod:GlacialSynthesis","hydrologistmod:Drench+1","hydrologistmod:Sublimation","hydrologistmod:Drench+1","hydrologistmod:Ripcurrent+1","hydrologistmod:Blizzard+1","hydrologistmod:BlockOfIce+1","hydrologistmod:Cryogenics+1","hydrologistmod:PureWater+1"],"relics":["hydrologistmod:WaterPouch","hydrologistmod:LoyalBoomerang","TungstenRod","Kunai","hydrologistmod:PreciousNecklace","Sozu","Philosopher\u0027s Stone","Ginger","Strawberry","Du-Vu Doll","Bronze Scales","Medical Kit","Pear"],"acts_visited":["Exordium","TheCity","TheBeyond","TheEnding"],"potions_floor_usage":[13,16,50],"damage_taken":[{"damage":2,"enemies":"Cultist","floor":1,"turns":4},{"damage":0,"enemies":"Jaw Worm","floor":2,"turns":5},{"damage":7,"enemies":"Small Slimes","floor":4,"turns":3},{"damage":18,"enemies":"Gremlin Nob","floor":7,"turns":4},{"damage":10,"enemies":"Lagavulin","floor":13,"turns":5},{"damage":5,"enemies":"2 Fungi Beasts","floor":14,"turns":3},{"damage":0,"enemies":"Slime Boss","floor":16,"turns":7},{"damage":9,"enemies":"Spheric Guardian","floor":18,"turns":3},{"damage":2,"enemies":"3 Byrds","floor":22,"turns":4},{"damage":8,"enemies":"Cultist and Chosen","floor":24,"turns":6},{"damage":0,"enemies":"Snake Plant","floor":28,"turns":3},{"damage":1,"enemies":"Shelled Parasite and Fungi","floor":29,"turns":5},{"damage":5,"enemies":"Centurion and Healer","floor":31,"turns":4},{"damage":15,"enemies":"Champ","floor":33,"turns":7},{"damage":0,"enemies":"3 Darklings","floor":35,"turns":4},{"damage":12,"enemies":"Orb Walker","floor":36,"turns":2},{"damage":21,"enemies":"Maw","floor":39,"turns":6},{"damage":0,"enemies":"Transient","floor":41,"turns":5},{"damage":42,"enemies":"Nemesis","floor":42,"turns":5},{"damage":0,"enemies":"Mind Bloom Boss Battle","floor":44,"turns":7},{"damage":18,"enemies":"Sphere and 2 Shapes","floor":46,"turns":4},{"damage":0,"enemies":"Giant Head","floor":47,"turns":7},{"damage":13,"enemies":"3 Darklings","floor":48,"turns":4},{"damage":17,"enemies":"Awakened One","floor":50,"turns":10},{"damage":49,"enemies":"Shield and Spear","floor":54,"turns":5},{"damage":52,"enemies":"The Heart","floor":55,"turns":5}],"seed_played":"6348819722883917270","potions_obtained":[{"floor":2,"key":"Energy Potion"},{"floor":13,"key":"Regen Potion"},{"floor":16,"key":"PowerPotion"}],"is_trial":false,"path_per_floor":["M","M","$","M","?","R","E","$","T","?","?","R","E","M","R","B",null,"M","?","?","$","M","R","M","?","T","$","M","M","?","M","R","B",null,"M","M","?","$","M","R","M","E","T","?","R","M","E","M","R","B",null,"R","$","E","B"],"character_chosen":"HYDROLOGIST_CLASS","items_purchased":["hydrologistmod:PureWater","hydrologistmod:Hail","hydrologistmod:Debilitate","hydrologistmod:Drench","Medical Kit"],"campfire_rested":2,"item_purchase_floors":[3,21,21,27,53],"current_hp_per_floor":[82,82,82,75,75,75,57,57,57,57,57,57,47,42,42,84,84,75,75,75,75,73,73,65,84,84,84,84,83,83,78,78,63,84,84,72,72,72,51,76,76,34,41,41,68,50,50,37,37,20,91,91,91,52,0,0],"gold":77,"neow_bonus":"TEN_PERCENT_HP_BONUS","is_daily":false,"chose_seed":false,"campfire_upgraded":6,"win_rate":0.0,"timestamp":1609365492,"path_taken":["M","M","$","?","?","R","E","?","T","?","?","R","E","?","R","BOSS","M","?","?","$","M","R","?","?","T","$","M","M","?","M","R","BOSS","M","?","?","$","?","R","M","E","T","?","R","M","E","M","R","BOSS","R","$","E","BOSS"],"items_purchased_type":["Card","Card","Card","Card","Relic"],"build_version":"2020-12-22","purchased_purges":3,"victory":false,"max_hp_per_floor":[84,84,84,84,84,84,84,84,84,84,84,84,84,84,84,84,84,84,84,84,84,84,84,84,84,84,84,84,84,84,84,84,84,84,84,84,84,84,84,84,84,84,91,91,91,91,91,91,91,91,91,91,91,101,101,101],"card_choices":[{"not_picked":["hydrologistmod:OccludingMist","hydrologistmod:Dehydrate"],"picked":"hydrologistmod:SoggySynthesis","floor":1},{"not_picked":["hydrologistmod:Aqueducts","hydrologistmod:GhostlyMist"],"picked":"hydrologistmod:SearingSynthesis","floor":2},{"not_picked":["hydrologistmod:Cascade","hydrologistmod:HighTide"],"picked":"hydrologistmod:TidalWave","floor":4},{"not_picked":["hydrologistmod:Drench","hydrologistmod:Reservoir"],"picked":"hydrologistmod:Hail","floor":7},{"not_picked":["hydrologistmod:OccludingMist","hydrologistmod:GhostlyMist"],"picked":"hydrologistmod:Condensation","floor":13},{"not_picked":["hydrologistmod:Hail","hydrologistmod:LayeredShell"],"picked":"hydrologistmod:DimensionalIcicles","floor":14},{"not_picked":["hydrologistmod:Reservoir","hydrologistmod:BranchingCreeks"],"picked":"hydrologistmod:ScaldingGeyser","floor":16},{"not_picked":["hydrologistmod:SteadyTide","hydrologistmod:Debilitate"],"picked":"hydrologistmod:GlacialStrike","floor":18},{"not_picked":["hydrologistmod:Sublimation","hydrologistmod:Crystallization+1"],"picked":"hydrologistmod:GlacialSynthesis+1","floor":22},{"not_picked":["hydrologistmod:FrozenDomain","hydrologistmod:Cascade"],"picked":"hydrologistmod:Endothermancy","floor":24},{"not_picked":["hydrologistmod:JetPropulsion+1","hydrologistmod:TidalWave"],"picked":"hydrologistmod:GlacialSynthesis","floor":28},{"not_picked":["hydrologistmod:Hail","hydrologistmod:SearingSynthesis"],"picked":"hydrologistmod:Drench+1","floor":29},{"not_picked":["hydrologistmod:HighTide","hydrologistmod:OccludingMist+1","hydrologistmod:GlacialSynthesis+1"],"picked":"SKIP","floor":31},{"not_picked":["hydrologistmod:TidalWave","hydrologistmod:Manifestation","hydrologistmod:HeatBlast"],"picked":"SKIP","floor":35},{"not_picked":["hydrologistmod:TidalWave","hydrologistmod:Solidification"],"picked":"hydrologistmod:Ripcurrent","floor":36},{"not_picked":["hydrologistmod:Hail","hydrologistmod:IcyFloe"],"picked":"hydrologistmod:Blizzard+1","floor":39},{"not_picked":["hydrologistmod:Dehydrate","hydrologistmod:SoggySynthesis+1","hydrologistmod:HighTide"],"picked":"SKIP","floor":41},{"not_picked":["hydrologistmod:Accumulator+1","hydrologistmod:GlacialSynthesis","hydrologistmod:Drench+1"],"picked":"SKIP","floor":42},{"not_picked":["hydrologistmod:PersonalRaincloud","hydrologistmod:OccludingMist"],"picked":"hydrologistmod:BlockOfIce+1","floor":44},{"not_picked":["hydrologistmod:SoggySynthesis+1","hydrologistmod:OccludingMist"],"picked":"hydrologistmod:Cryogenics+1","floor":46},{"not_picked":["hydrologistmod:Evaporation+1","hydrologistmod:Accumulator+1","hydrologistmod:Manifestation"],"picked":"SKIP","floor":47},{"not_picked":["hydrologistmod:Debilitate","hydrologistmod:Evaporation","hydrologistmod:GhostlyMist"],"picked":"SKIP","floor":48},{"not_picked":["hydrologistmod:Hydraulics","hydrologistmod:LayeredShell+1"],"picked":"hydrologistmod:PureWater+1","floor":54}],"player_experience":2181416,"relics_obtained":[{"floor":7,"key":"hydrologistmod:LoyalBoomerang"},{"floor":9,"key":"TungstenRod"},{"floor":13,"key":"hydrologistmod:PreciousNecklace"},{"floor":42,"key":"Ginger"},{"floor":43,"key":"Strawberry"},{"floor":44,"key":"Du-Vu Doll"},{"floor":47,"key":"Bronze Scales"},{"floor":54,"key":"Pear"}],"event_choices":[{"damage_healed":0,"gold_gain":0,"player_choice":"Left Gold","damage_taken":0,"max_hp_gain":0,"max_hp_loss":0,"event_name":"World of Goop","floor":5,"gold_loss":46},{"damage_healed":0,"gold_gain":0,"player_choice":"Searched \u00271\u0027 times","damage_taken":0,"relics_obtained":["Kunai"],"max_hp_gain":0,"max_hp_loss":0,"event_name":"Dead Adventurer","floor":10,"gold_loss":0},{"cards_removed":["hydrologistmod:Defend_Hydrologist"],"damage_healed":0,"gold_gain":0,"player_choice":"Offered Basic","damage_taken":0,"max_hp_gain":0,"max_hp_loss":0,"event_name":"Bonfire Elementals","floor":11,"gold_loss":0},{"cards_removed":["hydrologistmod:Strike_Hydrologist"],"damage_healed":0,"gold_gain":0,"player_choice":"Elegance","damage_taken":0,"max_hp_gain":0,"max_hp_loss":0,"event_name":"Back to Basics","floor":19,"gold_loss":0},{"damage_healed":0,"gold_gain":0,"player_choice":"Ignored","damage_taken":0,"max_hp_gain":0,"max_hp_loss":0,"event_name":"Vampires","floor":20,"gold_loss":0},{"damage_healed":28,"gold_gain":0,"player_choice":"Heal","damage_taken":0,"max_hp_gain":0,"max_hp_loss":0,"event_name":"The Library","floor":25,"gold_loss":0},{"damage_healed":0,"gold_gain":0,"cards_transformed":["hydrologistmod:Defend_Hydrologist","hydrologistmod:Strike_Hydrologist"],"player_choice":"Transformed Cards","damage_taken":0,"max_hp_gain":0,"max_hp_loss":0,"event_name":"Designer","floor":30,"gold_loss":60,"cards_obtained":["hydrologistmod:Sublimation","hydrologistmod:Drench"]},{"damage_healed":0,"gold_gain":0,"player_choice":"Forge","damage_taken":0,"max_hp_gain":0,"max_hp_loss":0,"event_name":"Accursed Blacksmith","floor":37,"gold_loss":0,"cards_upgraded":["hydrologistmod:Ripcurrent"]},{"damage_healed":0,"gold_gain":0,"player_choice":"Fight","damage_taken":0,"max_hp_gain":0,"max_hp_loss":0,"event_name":"MindBloom","floor":44,"gold_loss":0}],"is_beta":false,"boss_relics":[{"not_picked":["Snecko Eye","Black Star"],"picked":"Sozu"},{"not_picked":["hydrologistmod:TranquilTeacup","Astrolabe"],"picked":"Philosopher\u0027s Stone"}],"items_purged_floors":[21,38,53],"is_endless":false,"potions_floor_spawned":[2,13,16,22,28,39,42,46,47,48],"killed_by":"The Heart","ascension_level":1}}