{"host":"7t8rqoeeopyy0nh0","time":1609320149,"event":{"mods":["AchievementEnabler","BaseMod","Better Third Choice","BetterRewards","Colored Map","Colored Powertips","Downfall","Hubris","Infinite Spire","Marisa????????","Minty Spire (QoL Compilation)","Replay The Spire","StSLib","The Animator","The Construct","The Cursed","The Hierophant","The Necromancer"],"gold_per_floor":[119,129,140,140,150,178,178,208,232,232,197,15,15,32,32,32,32],"floor_reached":16,"playtime":373,"items_purged":[],"score":248,"play_id":"f9d1a5a0-3c42-4d50-a88b-4b514ae66800","local_time":"20201230042229","is_ascension_mode":true,"campfire_choices":[{"floor":7,"key":"REST"},{"data":"Pummel","floor":13,"key":"SMITH"},{"data":"Carnage","floor":15,"key":"SMITH"}],"circlet_count":0,"master_deck":["AscendersBane","Strike_R","Strike_R","Strike_R","Strike_R","Strike_R","Defend_R","Defend_R","Defend_R","Defend_R","Bash+1","True Grit+1","Cleave","Shrug It Off+1","Flex+1","Carnage+1","Pummel+1","Shrug It Off+1"],"relics":["Burning Blood","Toxic Egg 2","ReplayTheSpireMod:Ninjato","Akabeko","Membership Card"],"acts_visited":["Exordium"],"potions_floor_usage":[3,6,6],"damage_taken":[{"damage":9,"enemies":"Jaw Worm","floor":1,"turns":4},{"damage":10,"enemies":"Small Slimes","floor":2,"turns":3},{"damage":1,"enemies":"2 Louse","floor":3,"turns":2},{"damage":7,"enemies":"Looter","floor":5,"turns":3},{"damage":24,"enemies":"Gremlin Nob","floor":6,"turns":5},{"damage":41,"enemies":"Lagavulin","floor":8,"turns":7},{"damage":5,"enemies":"Exordium Thugs","floor":14,"turns":4},{"damage":51,"enemies":"The Guardian","floor":16,"turns":6}],"seed_played":"3658705599909102234","potions_obtained":[{"floor":1,"key":"sneckomod:MuddlingPotion"},{"floor":3,"key":"Languid Potion"},{"floor":5,"key":"DuplicationPotion"}],"is_trial":false,"path_per_floor":["M","M","M","?","M","E","R","E","T","?","?","$","R","M","R","B"],"character_chosen":"IRONCLAD","items_purchased":["Toxic Egg 2","True Grit+1","Membership Card","Pummel"],"campfire_rested":1,"item_purchase_floors":[0,0,12,12],"current_hp_per_floor":[55,51,56,56,55,37,61,26,26,26,46,46,46,47,47,0,0],"gold":32,"neow_bonus":"","is_daily":false,"chose_seed":false,"campfire_upgraded":2,"win_rate":0.0,"timestamp":1609320149,"path_taken":["M","M","M","?","M","E","R","E","T","?","?","$","R","M","R","BOSS"],"items_purchased_type":["Relic","Card","Relic","Card"],"build_version":"2020-12-22","purchased_purges":0,"victory":false,"max_hp_per_floor":[80,80,80,80,80,80,80,80,80,80,80,80,80,80,80,80,80],"card_choices":[{"not_picked":["Sentinel+1","Combust"],"picked":"Cleave","floor":1},{"not_picked":["True Grit+1","Rupture","Sword Boomerang"],"picked":"SKIP","floor":2},{"not_picked":["Life Link","Heavy Blade","Headbutt"],"picked":"SKIP","floor":3},{"not_picked":["Iron Wave","Clothesline"],"picked":"Shrug It Off+1","floor":5},{"not_picked":["Cleave","Searing Blow"],"picked":"Flex+1","floor":6},{"not_picked":["Metallicize","hubris:ReadiedAction+1"],"picked":"Carnage","floor":8},{"not_picked":["Berserk","Wild Strike"],"picked":"Shrug It Off+1","floor":14}],"player_experience":383862,"relics_obtained":[{"floor":6,"key":"ReplayTheSpireMod:Ninjato"},{"floor":8,"key":"Akabeko"}],"event_choices":[{"damage_healed":20,"gold_gain":0,"player_choice":"Healed","damage_taken":0,"max_hp_gain":0,"max_hp_loss":0,"event_name":"The Cleric","floor":11,"gold_loss":35}],"is_beta":false,"boss_relics":[],"items_purged_floors":[],"is_endless":false,"potions_floor_spawned":[1,3,5],"killed_by":"The Guardian","ascension_level":11}}