{"host":"waq1ashgqt0tulkv","time":1609310661,"event":{"mods":["BaseMod","Downfall","Hermit","Infinite Spire","Minty Spire (QoL Compilation)","Replay The Spire","StSLib"],"gold_per_floor":[99,117,117,117,131,131,157,173,173,188,206,206,206,231,248,351,351,351,365,365,382,393,411,411,396,396,409,409,409,409,429,441,539,539,539,558,558,569,589,617,641,658,315,315,326,343,268,268,283,283],"floor_reached":51,"playtime":2447,"items_purged":[],"score":710,"play_id":"bf2f8056-5c82-42be-93e7-3f0a7d609298","local_time":"20201229234421","is_ascension_mode":false,"campfire_choices":[{"data":"Guardian:TwinSlam","floor":1,"key":"SMITH"},{"data":"Guardian:FloatingOrbs","floor":13,"key":"SMITH"},{"data":"Guardian:BaubleBeam","floor":18,"key":"SMITH"},{"data":"Guardian:MultiBeam","floor":26,"key":"SMITH"},{"data":"Guardian:Clone","floor":35,"key":"SMITH"},{"data":"Guardian:Reroute","floor":47,"key":"SMITH"}],"circlet_count":0,"master_deck":["Guardian:Strike_Guardian","Guardian:Strike_Guardian","Guardian:Strike_Guardian","Guardian:Defend_Guardian","Guardian:Defend_Guardian","Guardian:Defend_Guardian","Guardian:Defend_Guardian","Guardian:CurlUp","Guardian:TwinSlam+1","Guardian:FloatingOrbs+1","Guardian:FloatingOrbs","Guardian:Reroute+1","Guardian:Clone+1","Guardian:BaubleBeam+1","Guardian:MultiBeam+1","Guardian:CrystalBeam+1","Guardian:Harden","Guardian:PrimingBeam+1","Guardian:ExploitGems","Guardian:Suspension"],"relics":["Guardian:ModeShifter","downfall:ShatteredFragment","Replay:Mystery Machine","PreservedInsect","Painkiller Herb","infinitespire:Golems Mask","Nilry\u0027s Codex","OrangePellets","Pen Nib","Simple Rune","Quantum Egg","Mirror","Sling","downfall:HeartBlessingGreen"],"acts_visited":["Exordium","TheCity","TheBeyond"],"potions_floor_usage":[],"damage_taken":[{"damage":0,"enemies":"Cultist","floor":2,"turns":3},{"damage":2,"enemies":"Jaw Worm","floor":5,"turns":3},{"damage":0,"enemies":"Small Slimes","floor":8,"turns":3},{"damage":8,"enemies":"3 Louse","floor":10,"turns":4},{"damage":11,"enemies":"Large Slime","floor":11,"turns":5},{"damage":11,"enemies":"3 Sentries","floor":14,"turns":6},{"damage":0,"enemies":"Blue Slaver","floor":15,"turns":3},{"damage":11,"enemies":"downfall:Watcher","floor":16,"turns":8},{"damage":0,"enemies":"Chosen","floor":19,"turns":3},{"damage":10,"enemies":"Spheric Guardian","floor":21,"turns":3},{"damage":0,"enemies":"3 Cultists","floor":22,"turns":3},{"damage":0,"enemies":"Snecko","floor":23,"turns":2},{"damage":10,"enemies":"downfall:FleeingMerchant","floor":25,"turns":4},{"damage":1,"enemies":"Snake Plant","floor":27,"turns":3},{"damage":18,"enemies":"Shelled Parasite and Fungi","floor":31,"turns":3},{"damage":0,"enemies":"3 Cultists","floor":32,"turns":2},{"damage":12,"enemies":"downfall:Silent","floor":33,"turns":5},{"damage":3,"enemies":"Orb Walker","floor":36,"turns":2},{"damage":21,"enemies":"3 Darklings","floor":38,"turns":3},{"damage":0,"enemies":"Transient","floor":39,"turns":5},{"damage":0,"enemies":"Giant Head","floor":40,"turns":4},{"damage":22,"enemies":"Writhing Mass","floor":42,"turns":4},{"damage":0,"enemies":"downfall:FleeingMerchant","floor":43,"turns":2},{"damage":0,"enemies":"Maw","floor":45,"turns":4},{"damage":9,"enemies":"3 Darklings","floor":46,"turns":3},{"damage":0,"enemies":"Transient","floor":49,"turns":5},{"damage":7,"enemies":"downfall:Defect","floor":50,"turns":4}],"seed_played":"-4144118658985781063","potions_obtained":[{"floor":8,"key":"sneckomod:MuddlingPotion"},{"floor":10,"key":"GamblersBrew"},{"floor":14,"key":"AttackPotion"},{"floor":42,"key":"Guardian:BlockOnCardUsePotion"}],"is_trial":false,"path_per_floor":["R","M","?","?","M","?","T","M","?","M","M","?","R","E","M","B",null,"T","?","?","?","?","?","T","T","T","?","?","?","AVR","?","?","B",null,"T","?","AVR","?","?","E","T","?","T","?","?","?","T","?","?","B",null],"character_chosen":"GUARDIAN","items_purchased":["Quantum Egg","Mirror","Sling"],"campfire_rested":0,"item_purchase_floors":[43,43,43],"current_hp_per_floor":[88,88,64,58,56,56,56,56,56,48,37,37,37,26,26,15,88,88,88,88,78,78,78,78,68,68,67,67,51,51,33,33,21,88,88,85,85,64,64,64,64,42,42,42,42,33,33,33,33,26],"gold":283,"neow_bonus":"TEN_PERCENT_HP_BONUS","is_daily":false,"chose_seed":false,"campfire_upgraded":6,"win_rate":0.0,"timestamp":1609310661,"path_taken":["R","M","?","?","M","?","T","M","?","M","M","?","R","E","M","BOSS","T","?","?","?","?","?","T","T","T","?","?","?","AVR","?","?","BOSS","T","?","AVR","?","?","E","T","?","T","?","?","?","T","?","?","BOSS"],"items_purchased_type":["Relic","Relic","Relic"],"build_version":"2020-12-13","purchased_purges":0,"victory":true,"max_hp_per_floor":[88,88,88,88,88,88,88,88,88,88,88,88,88,88,88,88,88,88,88,88,88,88,88,88,88,88,88,88,88,88,88,88,88,88,88,88,88,88,88,88,88,88,88,88,88,88,88,88,88,88],"card_choices":[{"not_picked":["Guardian:TemporalShield","Guardian:Incinerate"],"picked":"Guardian:FloatingOrbs","floor":2},{"not_picked":["Guardian:SentryBeam","Guardian:Planning"],"picked":"Guardian:Gem_Fragmented","floor":5},{"not_picked":["Guardian:TimeBomb","Guardian:ShieldCharger"],"picked":"Guardian:FloatingOrbs","floor":8},{"not_picked":["Guardian:Gem_Red","Guardian:VentSteam"],"picked":"Guardian:Gem_Orange","floor":10},{"not_picked":["Guardian:Suspension","Guardian:Gem_Blue"],"picked":"Guardian:Gem_Crimson","floor":11},{"not_picked":["Guardian:Gem_Lightblue","Guardian:Gem_Red"],"picked":"Guardian:Reroute","floor":14},{"not_picked":["Guardian:Gem_Blue","Guardian:TemporalStrike"],"picked":"Guardian:Clone","floor":15},{"not_picked":["Guardian:HyperBeam_Guardian","Guardian:SphericShield"],"picked":"Guardian:BaubleBeam","floor":16},{"not_picked":["Guardian:Preprogram","Guardian:ShieldCharger"],"picked":"Guardian:Gem_Purple","floor":19},{"not_picked":["Guardian:Reroute","Guardian:BronzeOrb"],"picked":"Guardian:MultiBeam","floor":21},{"not_picked":["Guardian:Harden+1","Guardian:Suspension"],"picked":"Guardian:Gem_Cyan","floor":22},{"not_picked":["Guardian:Planning","Guardian:Gem_Red"],"picked":"Guardian:CrystalBeam+1","floor":23},{"not_picked":["Guardian:FloatingOrbs","Guardian:TimeSifter","Guardian:TemporalStrike"],"picked":"SKIP","floor":25},{"not_picked":["Guardian:Gem_Cyan","Guardian:PiercingHide"],"picked":"Guardian:Harden","floor":27},{"not_picked":["Guardian:DecasProtection","Guardian:Incinerate","Guardian:PiercingHide"],"picked":"SKIP","floor":31},{"not_picked":["Guardian:Clone","Guardian:VentSteam"],"picked":"Guardian:PrimingBeam+1","floor":32},{"not_picked":["Guardian:BaubleBeam","Guardian:FastForward"],"picked":"Guardian:ExploitGems","floor":33},{"not_picked":["Guardian:PrimingBeam","Guardian:Recover"],"picked":"Guardian:Suspension","floor":36},{"not_picked":["Guardian:BronzeOrb","Guardian:Gem_Fragmented","Guardian:ChargeUp"],"picked":"SKIP","floor":38},{"not_picked":["Guardian:Suspension","Guardian:Clone","Guardian:Reroute"],"picked":"SKIP","floor":39},{"not_picked":["Guardian:PiercingHide","Guardian:ArmoredProtocol+1"],"picked":"Guardian:Gem_Green","floor":40},{"not_picked":["Guardian:Recover+1","Guardian:EvasiveProtocol","Guardian:ChargeUp"],"picked":"SKIP","floor":42},{"not_picked":["Guardian:Gem_Red","Guardian:TemporalShield+1","Guardian:ChargeCore"],"picked":"SKIP","floor":43},{"not_picked":["Guardian:CrystalBeam+1","Guardian:ArmoredProtocol+1","Guardian:VentSteam+1"],"picked":"SKIP","floor":45},{"not_picked":["Guardian:ChargeCore","Guardian:PiercingHide+1","Guardian:Gem_White"],"picked":"SKIP","floor":46},{"not_picked":["Guardian:StasisStrike","Guardian:BronzeOrb","Guardian:RollAttack+1"],"picked":"SKIP","floor":49}],"player_experience":159,"relics_obtained":[{"floor":7,"key":"Replay:Mystery Machine"},{"floor":14,"key":"PreservedInsect"},{"floor":24,"key":"infinitespire:Golems Mask"},{"floor":29,"key":"Nilry\u0027s Codex"},{"floor":40,"key":"Pen Nib"},{"floor":41,"key":"Simple Rune"}],"event_choices":[{"cards_removed":["Guardian:Gem_Green"],"damage_healed":0,"gold_gain":0,"player_choice":"Card Removal","damage_taken":0,"max_hp_gain":0,"max_hp_loss":0,"event_name":"The Cleric","floor":12,"gold_loss":0},{"damage_healed":0,"gold_gain":0,"player_choice":"Simplicity","damage_taken":0,"max_hp_gain":0,"max_hp_loss":0,"event_name":"Back to Basics","floor":20,"gold_loss":0,"cards_upgraded":["Guardian:Strike_Guardian","Guardian:Strike_Guardian","Guardian:Strike_Guardian","Guardian:Defend_Guardian","Guardian:Defend_Guardian","Guardian:Defend_Guardian","Guardian:Defend_Guardian"]}],"is_beta":false,"boss_relics":[{"not_picked":["Runic Pyramid","Philosopher\u0027s Stone"],"picked":"Painkiller Herb"},{"not_picked":["ReplayTheSpireMod:SealedPack","infinitespire:Cupcake","Replay:Bronze Core"]}],"items_purged_floors":[],"is_endless":false,"potions_floor_spawned":[8,10,14,15,19,23,27,33,36,42,45,49],"ascension_level":0}}