{"host":"enmin8e0t0h2jpek","time":1609337285,"event":{"mods":["AchievementEnabler","BaseMod","BetterRewards","Colored Map","Colored Powertips","DeckTracker","Gremlin Skip","Highlight Path","Minty Spire (QoL Compilation)","Quick Restart","Rare Cards Sparkle","Relic Stats","Remove Card Discount Mod","Replay The Spire","Shop Mod","StSLib","SuperFastMode","Transform Curses","slay the spire mod where everything is the same but ironclad has a cowboy hat"],"gold_per_floor":[118,133,7618,7618,7618,7638,7658,7658,7672,7672,7672,7303,7331,7342,7370,7390,7390,7492,7492,7502,7513,7221,7221,7234,7234,7267,7267,7267,7297,7313,7313,7340,7375,7375,7475,7475,7494,7510,7732,7744,7363,7363,7394,7394,7417,7428,7444,7470,7470,7495,7495,7495,7495,7495,7173,7218,7232],"floor_reached":58,"playtime":2881,"items_purged":["Pummel","Heavy Blade","Perfected Strike","Pommel Strike","Strike_R+1"],"score":2115,"play_id":"79512de5-f315-4520-a222-aef997f89b4d","local_time":"20201230150805","is_ascension_mode":true,"campfire_choices":[{"data":"ReplayTheSpireMod:Muscle Training","floor":8,"key":"SMITH"},{"floor":10,"key":"RECALL"},{"data":"Shockwave","floor":25,"key":"SMITH"},{"data":"Inflame","floor":27,"key":"SMITH"},{"data":"Whirlwind","floor":31,"key":"SMITH"},{"data":"Heavy Blade","floor":34,"key":"SMITH"},{"data":"Bash","floor":42,"key":"SMITH"},{"data":"Strike_R","floor":42,"key":"SMITH"},{"data":"Defend_R","floor":44,"key":"SMITH"},{"data":"Defend_R","floor":44,"key":"SMITH"},{"data":"Defend_R","floor":49,"key":"SMITH"},{"data":"Defend_R+1","floor":49,"key":"SMITH"},{"data":"Defend_R+1","floor":51,"key":"SMITH"},{"data":"Defend_R+1","floor":51,"key":"SMITH"},{"data":"Defend_R+2","floor":54,"key":"SMITH"},{"data":"Defend_R+2","floor":54,"key":"SMITH"}],"circlet_count":0,"master_deck":["Strike_R+2","Strike_R+2","Strike_R+2","Strike_R+1","Defend_R+3","Defend_R+3","Defend_R+2","Defend_R+2","Bash+1","Heavy Blade+1","Thunderclap+1","Heavy Blade+1","Shockwave+1","Inflame+1","Cleave+1","Flex+1","Iron Wave+1","Rupture+1","Immolate+1","Inflame+1","Demon Form+1","ReplayTheSpireMod:LeadingStrike+1","ReplayTheSpireMod:LeadingStrike+1","Life Link+1","Defy Death+1","Whirlwind+1","Twin Strike+1","Iron Wave+1","ReplayTheSpireMod:Muscle Training+1","Inflame+1","Perfected Strike+1","Mind Blast+1","Metallicize+1","Metallicize+1","Barricade+1","Immolate+1","Havoc+1","Heavy Blade+1","Immolate+1","Perfected Strike+1","Immolate+1","Combust+1","Pot Of Greed+1","Pot Of Greed+1","Pot Of Greed","Pot Of Greed","Limit Break+1","Inflame+1","Inflame+1","Iron Wave+1","Ghostly Armor","Pot Of Greed"],"relics":["Burning Blood","Bronze Scales","Ginger","TheAbacus","Ice Cream","MerchantsRug","Vajra","Regal Pillow","Chemical X","TungstenRod","Strange Spoon","Unceasing Top","Centennial Puzzle","CaptainsWheel","ClockworkSouvenir","Golden Egg","Replay:Bottled Flurry","Incense Burner","Gremlin Horn","Anchor","Durian","Blue Doll","Peace Pipe","Orrery","Matryoshka","Letter Opener","Replay:Towering Pillar of Hats","Iron Hammer","Membership Card","Simple Rune","Frozen Egg 2","Oddly Smooth Stone","Mercury Hourglass","Singing Bowl","HandDrill","Quantum Egg","Molten Egg 2","Mark of Pain","ReplayFunnel","ReplayTheSpireMod:Ninjato","Replay:Baseball","Orichalcum","Pocketwatch","Red Mask","Whetstone","Sozu","Torii","Replay:Arrowhead","Sling","Replay:Bottled Eggs","War Paint","Gremlin Food","Grinning Jar","Replay:Bandana","Chameleon Ring","Guide Book","Pear"],"acts_visited":["Exordium","TheCity","TheBeyond","TheEnding"],"potions_floor_usage":[56],"damage_taken":[{"damage":0,"enemies":"Cultist","floor":1,"turns":2},{"damage":0,"enemies":"2 Louse","floor":2,"turns":1},{"damage":0,"enemies":"Jaw Worm","floor":6,"turns":2},{"damage":0,"enemies":"Looter","floor":7,"turns":2},{"damage":0,"enemies":"Red Slaver","floor":9,"turns":2},{"damage":0,"enemies":"Replay:BlueRogue","floor":13,"turns":2},{"damage":0,"enemies":"Exordium Thugs","floor":14,"turns":2},{"damage":0,"enemies":"3 Sentries","floor":15,"turns":2},{"damage":0,"enemies":"3 Louse","floor":16,"turns":1},{"damage":0,"enemies":"The Guardian","floor":18,"turns":5},{"damage":0,"enemies":"3 Byrds","floor":20,"turns":2},{"damage":0,"enemies":"2 Thieves","floor":21,"turns":1},{"damage":8,"enemies":"Centurion and Healer","floor":24,"turns":3},{"damage":4,"enemies":"Book of Stabbing","floor":26,"turns":3},{"damage":0,"enemies":"Slavers","floor":29,"turns":3},{"damage":1,"enemies":"Snake Plant","floor":30,"turns":2},{"damage":0,"enemies":"Masked Bandits","floor":32,"turns":2},{"damage":0,"enemies":"Replay:Snechameleon","floor":33,"turns":2},{"damage":9,"enemies":"Champ","floor":35,"turns":6},{"damage":0,"enemies":"3 Darklings","floor":37,"turns":1},{"damage":0,"enemies":"Orb Walker","floor":38,"turns":2},{"damage":0,"enemies":"Spire Growth","floor":40,"turns":2},{"damage":0,"enemies":"Giant Head","floor":43,"turns":5},{"damage":0,"enemies":"3 Darklings","floor":46,"turns":2},{"damage":9,"enemies":"Maw","floor":47,"turns":3},{"damage":14,"enemies":"Nemesis","floor":48,"turns":4},{"damage":15,"enemies":"R_Hoarder","floor":50,"turns":4},{"damage":18,"enemies":"Donu and Deca","floor":52,"turns":5},{"damage":0,"enemies":"Shield and Spear","floor":56,"turns":3},{"damage":12,"enemies":"The Heart","floor":57,"turns":7}],"seed_played":"4994065753150631976","potions_obtained":[{"floor":2,"key":"Venom Potion"},{"floor":6,"key":"Swift Potion"},{"floor":9,"key":"Block Potion"},{"floor":21,"key":"LiquidBronze"},{"floor":26,"key":"Energy Potion"},{"floor":30,"key":"Reflective Coating"}],"is_trial":false,"path_per_floor":["M","M","$","PTL","PTL","M","M","R","M","R","T","$","E","M","E","M","R_BF","B",null,"M","M","$","?","M","R","E","R","T","E","M","R","?","E","R","B",null,"M","M","?","M","$","R","E","R","T","M","M","E","R","E","R_BF","B",null,"R","$","E","B",null],"character_chosen":"IRONCLAD","items_purchased":["Bronze Scales","Ginger","TheAbacus","MerchantsRug","Pommel Strike","Vajra","Regal Pillow","Chemical X","Heavy Blade","Thunderclap","Strange Spoon","Unceasing Top","Centennial Puzzle","Heavy Blade","Shockwave","Perfected Strike","ClockworkSouvenir","Golden Egg","Replay:Bottled Flurry","Gremlin Horn","Anchor","Inflame","Cleave","Blue Doll","Flex","Orrery","Matryoshka","Letter Opener","ReplayTheSpireMod:LeadingStrike","Life Link+1","Defy Death","Iron Hammer","Membership Card","Twin Strike","Simple Rune","Iron Wave+1","Mind Blast+1","Mercury Hourglass","Singing Bowl","HandDrill","Metallicize+1","Immolate+1","ReplayFunnel","ReplayTheSpireMod:Ninjato","Havoc+1","Torii","Replay:Arrowhead","Sling","Replay:Bandana","Chameleon Ring","Guide Book","Inflame+1","Iron Wave+1"],"campfire_rested":0,"item_purchase_floors":[0,0,0,0,0,0,0,0,0,0,0,0,0,0,0,0,0,0,0,0,0,0,0,0,0,0,0,0,0,0,0,3,3,3,3,3,12,12,12,12,12,22,22,22,22,41,41,41,55,55,55,55,55],"current_hp_per_floor":[85,85,85,85,85,85,85,85,85,85,85,85,87,89,91,93,93,93,93,95,97,97,97,97,97,99,99,99,99,99,99,101,103,103,100,103,105,107,107,107,107,107,109,109,109,111,110,104,104,95,95,83,115,115,115,125,119],"gold":7232,"neow_bonus":"","is_daily":false,"chose_seed":false,"campfire_upgraded":15,"win_rate":0.0,"timestamp":1609337285,"path_taken":["M","M","$","PTL","PTL","M","M","R","M","R","T","$","E","M","E","?","R_BF","BOSS","M","M","$","?","M","R","E","R","T","E","M","R","?","E","R","BOSS","M","M","?","M","$","R","E","R","T","M","M","E","R","E","R_BF","BOSS","R","$","E","BOSS"],"items_purchased_type":["Relic","Relic","Relic","Relic","Card","Relic","Relic","Relic","Card","Card","Relic","Relic","Relic","Card","Card","Card","Relic","Relic","Relic","Relic","Relic","Card","Card","Relic","Card","Relic","Relic","Relic","Card","Card","Card","Relic","Relic","Card","Relic","Card","Card","Relic","Relic","Relic","Card","Card","Relic","Relic","Card","Relic","Relic","Relic","Relic","Relic","Relic","Card","Card"],"build_version":"2020-12-22","purchased_purges":5,"victory":true,"max_hp_per_floor":[85,85,85,85,85,85,85,85,85,85,85,85,87,89,91,93,93,93,93,95,97,97,97,99,99,99,99,99,99,99,99,101,103,103,103,103,105,107,107,107,107,107,109,109,109,111,113,115,115,115,115,115,115,115,115,125,125],"relic_stats":{"Regal Pillow":0,"Gremlin Horn":[75,73],"Singing Bowl":102,"Torii":8,"counters":[89,268],"Ginger":[13],"Letter Opener":[952],"Whetstone":["Strike_R","Strike_R","Heavy Blade","Perfected Strike"],"Orichalcum":[192],"War Paint":["Defend_R","Enlightenment","Limit Break","Defend_R","Defend_R","Defend_R"],"Burning Blood":49,"Mercury Hourglass":[277],"Peace Pipe":3,"Sozu":4,"Strange Spoon":[18],"Centennial Puzzle":[36],"TheAbacus":[0],"Bronze Scales":[295],"HandDrill":[78],"Chemical X":[10],"obtain_stats":[{"Golden Egg":9,"Whetstone":32,"Ginger":0,"Boot":7,"Sling":0,"Replay:Wanted Poster":19,"Blood Vial":0,"Replay:Ringing Soul":0,"Sundial":0,"MealTicket":9,"HandDrill":0,"Replay:Bottled Flurry":0,"Kunai":0,"Replay:Wax Seal":0,"MerchantsRug":0,"Pear":10,"Eternal Feather":0,"Pen Nib":10,"Ooze Armor":0,"Bird Faced Urn":0,"ReplayTheSpireMod:Ring of Collecting":0,"Mark of Pain":0,"Kintsugi":0,"Unceasing Top":0,"Regal Pillow":0,"Lantern":14,"Torii":0,"Singing Bowl":12,"Magic Flower":0,"Painkiller Herb":0,"StoneCalendar":3,"Blue Doll":0,"King of Hearts":0,"Replay:Multitool":8,"Cursed Key":0,"Burning Blood":0,"Pet Ghost":46,"Replay:Rubber Ducky":36,"Matryoshka":0,"Shovel":0,"Replay:M_SmolderingBlood":5,"Chemical X":0,"Ring of Panic":0,"Replay:Bottled Eggs":0,"InkBottle":9,"Paper Frog":6,"Potion Belt":0,"Lee\u0027s Waffle":0,"Golden Idol":2,"Self Forming Clay":25,"Thread and Needle":0,"PreservedInsect":42,"Ring of Greed":9,"Frozen Egg 2":0,"MawBank":12,"Replay:Arrowhead":41,"Orrery":0,"Durian":0,"Bottled Lightning":9,"ReplayTheSpireMod:Ring of Challenge":10,"Ice Cream":22,"Divine Protection":0,"Calipers":24,"Gremlin Horn":32,"Vajra":0,"Sozu":36,"Centennial Puzzle":44,"HornCleat":0,"FaceOfCleric":0,"DollysMirror":0,"Honey Jar":0,"Prayer Wheel":47,"Iron Hammer":52,"Toxic Egg 2":0,"Happy Flower":45,"Oddly Smooth Stone":16,"Replay:Kaleidoscope":49,"Letter Opener":0,"War Paint":0,"Question Card":22,"WarpedTongs":0,"OrangePellets":0,"Replay:Baseball":7,"Shuriken":0,"Bronze Scales":0,"Simple Rune":51,"Onion Ring":0,"Molten Egg 2":15,"Nloth\u0027s Gift":0,"ReplayTheSpireMod:TigerMarble":39,"Black Star":0,"Grinning Jar":25,"Mirror":0,"Pocketwatch":0,"NlothsMask":0,"ReplayFunnel":22,"Replay:PocketPolymizer":0,"Black Blood":36,"Mango":0,"Incense Burner":0,"Juzu Bracelet":11,"PrismaticShard":0,"ClockworkSouvenir":0,"Dream Catcher":0,"Replay:Bandana":29,"Nunchaku":50,"Chameleon Ring":0,"TheAbacus":0,"Pantograph":0,"Red Mask":32,"Replay:Drink Me":19,"Runic Pyramid":0,"Gremlin Food":0,"BargainBundle":0,"ReplayTheSpireMod:Ninjato":0,"Replay:Towering Pillar of Hats":0,"Quantum Egg":14,"Guide Book":14,"Replay:WaspNest":0,"Orichalcum":11,"White Beast Statue":12,"Mercury Hourglass":0,"Peace Pipe":0,"Strange Spoon":45,"Anchor":28,"CaptainsWheel":39,"Another Sword":0,"Membership Card":39,"FossilizedHelix":0,"TungstenRod":0},{"Golden Egg":30,"Whetstone":13,"Ginger":24,"Boot":29,"Sling":32,"Replay:Wanted Poster":6,"Blood Vial":24,"Replay:Ringing Soul":24,"Sundial":24,"MealTicket":30,"HandDrill":24,"Replay:Bottled Flurry":24,"Kunai":24,"Replay:Wax Seal":24,"MerchantsRug":0,"Pear":30,"Eternal Feather":24,"Pen Nib":30,"Ooze Armor":24,"Bird Faced Urn":24,"ReplayTheSpireMod:Ring of Collecting":24,"Mark of Pain":24,"Kintsugi":24,"Unceasing Top":59,"Regal Pillow":24,"Lantern":32,"Torii":24,"Singing Bowl":64,"Magic Flower":24,"Painkiller Herb":24,"StoneCalendar":34,"Blue Doll":59,"King of Hearts":24,"Replay:Multitool":35,"Cursed Key":24,"Burning Blood":0,"Pet Ghost":54,"Replay:Rubber Ducky":49,"Matryoshka":24,"Shovel":24,"Replay:M_SmolderingBlood":34,"Chemical X":32,"Ring of Panic":24,"Replay:Bottled Eggs":32,"InkBottle":3,"Paper Frog":28,"Potion Belt":24,"Lee\u0027s Waffle":24,"Golden Idol":1,"Self Forming Clay":10,"Thread and Needle":32,"PreservedInsect":19,"Ring of Greed":30,"Frozen Egg 2":32,"MawBank":37,"Replay:Arrowhead":81,"Orrery":24,"Durian":32,"Bottled Lightning":30,"ReplayTheSpireMod:Ring of Challenge":30,"Ice Cream":8,"Divine Protection":32,"Calipers":43,"Gremlin Horn":13,"Vajra":59,"Sozu":78,"Centennial Puzzle":20,"HornCleat":24,"FaceOfCleric":24,"DollysMirror":24,"Honey Jar":24,"Prayer Wheel":21,"Iron Hammer":56,"Toxic Egg 2":32,"Happy Flower":20,"Oddly Smooth Stone":5,"Replay:Kaleidoscope":22,"Letter Opener":59,"War Paint":24,"Question Card":8,"WarpedTongs":24,"OrangePellets":24,"Replay:Baseball":35,"Shuriken":32,"Bronze Scales":59,"Simple Rune":23,"Onion Ring":24,"Molten Egg 2":67,"Nloth\u0027s Gift":0,"ReplayTheSpireMod:TigerMarble":16,"Black Star":24,"Grinning Jar":44,"Mirror":24,"Pocketwatch":24,"NlothsMask":24,"ReplayFunnel":71,"Replay:PocketPolymizer":32,"Black Blood":15,"Mango":24,"Incense Burner":24,"Juzu Bracelet":31,"PrismaticShard":32,"ClockworkSouvenir":24,"Dream Catcher":0,"Replay:Bandana":12,"Nunchaku":23,"Chameleon Ring":24,"TheAbacus":32,"Pantograph":24,"Red Mask":76,"Replay:Drink Me":40,"Runic Pyramid":24,"Gremlin Food":24,"BargainBundle":32,"ReplayTheSpireMod:Ninjato":24,"Replay:Towering Pillar of Hats":59,"Quantum Egg":32,"Guide Book":32,"Replay:WaspNest":24,"Orichalcum":31,"White Beast Statue":31,"Mercury Hourglass":0,"Peace Pipe":59,"Strange Spoon":53,"Anchor":11,"CaptainsWheel":16,"Another Sword":32,"Membership Card":16,"FossilizedHelix":0,"TungstenRod":32},{"Golden Egg":112,"Whetstone":51,"Ginger":100,"Boot":110,"Sling":114,"Replay:Wanted Poster":22,"Blood Vial":100,"Replay:Ringing Soul":100,"Sundial":100,"MealTicket":112,"HandDrill":100,"Replay:Bottled Flurry":100,"Kunai":100,"Replay:Wax Seal":100,"MerchantsRug":0,"Pear":112,"Eternal Feather":100,"Pen Nib":112,"Ooze Armor":100,"Bird Faced Urn":100,"ReplayTheSpireMod:Ring of Collecting":100,"Mark of Pain":100,"Kintsugi":100,"Unceasing Top":186,"Regal Pillow":100,"Lantern":114,"Torii":100,"Singing Bowl":195,"Magic Flower":100,"Painkiller Herb":100,"StoneCalendar":119,"Blue Doll":186,"King of Hearts":100,"Replay:Multitool":121,"Cursed Key":100,"Burning Blood":0,"Pet Ghost":170,"Replay:Rubber Ducky":156,"Matryoshka":100,"Shovel":100,"Replay:M_SmolderingBlood":119,"Chemical X":114,"Ring of Panic":100,"Replay:Bottled Eggs":114,"InkBottle":7,"Paper Frog":108,"Potion Belt":100,"Lee\u0027s Waffle":100,"Golden Idol":3,"Self Forming Clay":38,"Thread and Needle":114,"PreservedInsect":79,"Ring of Greed":112,"Frozen Egg 2":114,"MawBank":125,"Replay:Arrowhead":235,"Orrery":100,"Durian":114,"Bottled Lightning":112,"ReplayTheSpireMod:Ring of Challenge":112,"Ice Cream":29,"Divine Protection":114,"Calipers":137,"Gremlin Horn":51,"Vajra":186,"Sozu":231,"Centennial Puzzle":85,"HornCleat":100,"FaceOfCleric":100,"DollysMirror":100,"Honey Jar":100,"Prayer Wheel":88,"Iron Hammer":174,"Toxic Egg 2":114,"Happy Flower":85,"Oddly Smooth Stone":14,"Replay:Kaleidoscope":91,"Letter Opener":186,"War Paint":100,"Question Card":29,"WarpedTongs":100,"OrangePellets":100,"Replay:Baseball":121,"Shuriken":114,"Bronze Scales":186,"Simple Rune":94,"Onion Ring":100,"Molten Egg 2":201,"Nloth\u0027s Gift":0,"ReplayTheSpireMod:TigerMarble":64,"Black Star":100,"Grinning Jar":141,"Mirror":100,"Pocketwatch":100,"NlothsMask":100,"ReplayFunnel":210,"Replay:PocketPolymizer":114,"Black Blood":62,"Mango":100,"Incense Burner":100,"Juzu Bracelet":113,"PrismaticShard":114,"ClockworkSouvenir":100,"Dream Catcher":0,"Replay:Bandana":46,"Nunchaku":94,"Chameleon Ring":100,"TheAbacus":114,"Pantograph":100,"Red Mask":223,"Replay:Drink Me":131,"Runic Pyramid":100,"Gremlin Food":100,"BargainBundle":114,"ReplayTheSpireMod:Ninjato":100,"Replay:Towering Pillar of Hats":186,"Quantum Egg":114,"Guide Book":114,"Replay:WaspNest":100,"Orichalcum":113,"White Beast Statue":113,"Mercury Hourglass":0,"Peace Pipe":186,"Strange Spoon":167,"Anchor":42,"CaptainsWheel":64,"Another Sword":114,"Membership Card":64,"FossilizedHelix":0,"TungstenRod":114}],"TungstenRod":40,"Unceasing Top":[34],"Pocketwatch":[21]},"card_choices":[{"not_picked":["Battle Trance","ReplayTheSpireMod:Strike From Hell"],"picked":"Iron Wave","floor":0},{"not_picked":["ReplayTheSpireMod:Strike From Hell","True Grit"],"picked":"Rupture","floor":0},{"not_picked":["Perfected Strike","True Grit"],"picked":"Immolate","floor":0},{"not_picked":["Clothesline","Replay:Undeath\u0027s Touch"],"picked":"Inflame","floor":0},{"not_picked":["Body Slam","ReplayTheSpireMod:Stacked"],"picked":"Demon Form","floor":0},{"not_picked":["Iron Wave","Havoc"],"picked":"Whirlwind","floor":1},{"not_picked":["True Grit","Second Wind"],"picked":"Pummel","floor":2},{"not_picked":["Shrug It Off","Cleave"],"picked":"ReplayTheSpireMod:Muscle Training","floor":6},{"not_picked":["Replay:Undeath\u0027s Touch","Sever Soul"],"picked":"Inflame","floor":7},{"not_picked":["Dark Embrace","Body Slam"],"picked":"Perfected Strike","floor":9},{"not_picked":["Twin Strike","Shrug It Off","ReplayTheSpireMod:Strike From Hell"],"picked":"Singing Bowl","floor":13},{"not_picked":["Second Wind","Shrug It Off","Havoc"],"picked":"Singing Bowl","floor":14},{"not_picked":["Havoc","Abandon","True Grit"],"picked":"Singing Bowl","floor":15},{"not_picked":["Run Through+1","Uppercut+1","Pommel Strike+1"],"picked":"Singing Bowl","floor":16},{"not_picked":["Juggernaut+1","Feed+1"],"picked":"Barricade+1","floor":18},{"not_picked":["Armaments","Pommel Strike+1","Clash+1"],"picked":"Singing Bowl","floor":20},{"not_picked":["Heavy Blade+1","Rupture+1","Dark Embrace+1"],"picked":"Singing Bowl","floor":21},{"not_picked":["Warcry","Wild Strike+1","Abandon"],"picked":"Singing Bowl","floor":24},{"not_picked":["Demonic Infusion","Sword Boomerang+1"],"picked":"Heavy Blade+1","floor":26},{"not_picked":["Perfected Strike+1","Armaments+1"],"picked":"Immolate+1","floor":29},{"not_picked":["Dual Wield+1","Rampage+1"],"picked":"Perfected Strike+1","floor":30},{"not_picked":["Cleave+1","Pummel+1","Run Through+1"],"picked":"Singing Bowl","floor":32},{"not_picked":["Sentinel","Pommel Strike+1","Pummel+1"],"picked":"Singing Bowl","floor":33},{"not_picked":["Double Tap","Offering"],"picked":"Immolate+1","floor":35},{"not_picked":["Clash+1","Wild Strike+1","Cleave+1"],"picked":"Singing Bowl","floor":37},{"not_picked":["Shrug It Off","Clash+1","Clothesline+1"],"picked":"Singing Bowl","floor":38},{"not_picked":["Shrug It Off+1","Heavy Blade+1"],"picked":"Combust+1","floor":40},{"not_picked":["Rampage+1","Flex","Havoc+1"],"picked":"Singing Bowl","floor":43},{"not_picked":["Cleave+1","Wild Strike+1","Warcry"],"picked":"Singing Bowl","floor":46},{"not_picked":["ReplayReversal+1","Replay:Undeath\u0027s Touch+1","Rupture+1"],"picked":"Singing Bowl","floor":47},{"not_picked":["ReplayTheSpireMod:Stacked","Flame Barrier","Replay:Many Hands"],"picked":"Singing Bowl","floor":48},{"not_picked":["Armaments","Heavy Blade+1"],"picked":"Limit Break","floor":50},{"not_picked":["Wild Strike+1","Perfected Strike+1"],"picked":"Ghostly Armor","floor":56}],"player_experience":45746,"relics_obtained":[{"floor":11,"key":"Frozen Egg 2"},{"floor":11,"key":"Oddly Smooth Stone"},{"floor":13,"key":"Quantum Egg"},{"floor":15,"key":"Molten Egg 2"},{"floor":26,"key":"Replay:Baseball"},{"floor":28,"key":"Orichalcum"},{"floor":29,"key":"Pocketwatch"},{"floor":32,"key":"Red Mask"},{"floor":33,"key":"Whetstone"},{"floor":43,"key":"Replay:Bottled Eggs"},{"floor":45,"key":"War Paint"},{"floor":48,"key":"Gremlin Food"},{"floor":50,"key":"Grinning Jar"},{"floor":56,"key":"Pear"}],"event_choices":[{"damage_healed":0,"gold_gain":0,"player_choice":"Ignored","damage_taken":0,"max_hp_gain":0,"max_hp_loss":0,"event_name":"Beggar","floor":23,"gold_loss":0},{"damage_healed":0,"gold_gain":0,"player_choice":"Fought Bandits","damage_taken":0,"max_hp_gain":0,"max_hp_loss":0,"event_name":"Masked Bandits","floor":32,"gold_loss":0},{"damage_healed":0,"gold_gain":222,"player_choice":"Wore Mask","damage_taken":0,"max_hp_gain":0,"max_hp_loss":0,"event_name":"Tomb of Lord Red Mask","floor":39,"gold_loss":0}],"is_beta":false,"boss_relics":[{"not_picked":["Honey Jar","Runic Dome"],"picked":"Mark of Pain"},{"not_picked":["Runic Cube","Replay:Drink Me"],"picked":"Sozu"}],"items_purged_floors":[3,41,41,41,55],"is_endless":false,"potions_floor_spawned":[2,6,9,14,21,26,30,32,38,46,48,50],"ascension_level":1}}