{"host":"l8lkgdumzpe3823a","time":1609348608,"event":{"mods":["Always Whale","Aspiration","BaseMod","Beaked The Cultist","Better Note","Clockwork Mod","Colored Powertips","Curses Come First","Custom Start","DeckTracker","Defuse TimeMaze Blight","Highlight Path","Hubris","Infinite Spire","Minty Spire (QoL Compilation)","Quick Restart","Replay The Spire","Shop Mod","StSLib","SuperFastMode","The Construct","The Dragon Tamer","The Servant 0.9.4","vexMod"],"gold_per_floor":[112,112,87,59,59,59,92,105,105,129,129,129],"floor_reached":11,"playtime":168,"items_purged":[],"score":174,"play_id":"6e203d5f-0238-43d8-bc75-296524326350","local_time":"20201230111648","is_ascension_mode":true,"campfire_choices":[{"floor":6,"key":"REST"}],"circlet_count":0,"master_deck":["AscendersBane","construct:Strike_Gold","construct:Strike_Gold","construct:Strike_Gold","construct:Strike_Gold","construct:Strike_Gold","construct:Defend_Gold","construct:Defend_Gold","construct:Defend_Gold","construct:Defend_Gold","construct:Defend_Gold","construct:DefenseMode","construct:Reinforce","construct:Reinforce+1","construct:ScopeCore+1","construct:FlameCore+1"],"relics":["construct:ClockworkPhoenix","NeowsBlessing","Toxic Egg 2","HornCleat","construct:MasterCore","Replay:Baseball","aspiration:TomeofQuesting"],"acts_visited":["Exordium"],"potions_floor_usage":[],"damage_taken":[{"damage":0,"enemies":"Jaw Worm","floor":1,"turns":1},{"damage":0,"enemies":"3 Sentries","floor":7,"turns":2},{"damage":0,"enemies":"2 Louse","floor":8,"turns":1},{"damage":108,"enemies":"Gremlin Nob","floor":11,"turns":8}],"seed_played":"4891018616748431779","potions_obtained":[{"floor":8,"key":"Explosive Potion"}],"is_trial":false,"path_per_floor":["M","?","?","$","?","R","E","M","T","T","E"],"character_chosen":"THE_CONSTRUCT_MOD","items_purchased":["construct:Reinforce+1"],"campfire_rested":1,"item_purchase_floors":[4],"current_hp_per_floor":[72,65,65,65,30,54,54,54,54,54,0,0],"gold":129,"neow_bonus":"THREE_ENEMY_KILL","is_daily":false,"chose_seed":false,"campfire_upgraded":0,"win_rate":0.0,"timestamp":1609348608,"path_taken":["M","?","?","?","?","R","E","M","T","?","E"],"items_purchased_type":["Card"],"build_version":"2020-12-22","purchased_purges":0,"victory":false,"max_hp_per_floor":[80,80,80,80,80,80,80,80,80,80,80,80],"card_choices":[{"not_picked":["construct:Accumulate","construct:FocusedBeam"],"picked":"construct:Reinforce","floor":1},{"not_picked":["construct:SuppressiveFire","construct:FocusedBeam"],"picked":"construct:ScopeCore+1","floor":7},{"not_picked":["construct:Tumble","construct:SweepLaser"],"picked":"construct:FlameCore+1","floor":8}],"player_experience":717956,"relics_obtained":[{"floor":7,"key":"construct:MasterCore"},{"floor":9,"key":"Replay:Baseball"},{"floor":10,"key":"aspiration:TomeofQuesting"}],"event_choices":[{"cards_removed":["construct:AttackMode"],"damage_healed":0,"gold_gain":0,"player_choice":"Card Removal","damage_taken":7,"max_hp_gain":0,"max_hp_loss":0,"event_name":"Golden Wing","floor":2,"gold_loss":0},{"damage_healed":0,"gold_gain":0,"player_choice":"Success","damage_taken":35,"relics_obtained":["HornCleat"],"max_hp_gain":0,"max_hp_loss":0,"event_name":"Scrap Ooze","floor":5,"gold_loss":0}],"is_beta":false,"boss_relics":[],"items_purged_floors":[],"is_endless":false,"potions_floor_spawned":[8],"killed_by":"Gremlin Nob","ascension_level":17}}