{"host":"7sni158j623xchr2","time":1609294185,"event":{"mods":["BaseMod","Colored Map","Highlight Path","Minty Spire (QoL Compilation)","Permanent Neow","Potion Indicator Mod","Rare Cards Sparkle","Relic Sorter","Relic Stats","StSLib","everything is the same but u backflip on backflip"],"gold_per_floor":[119,119,133,133,146,179,179,195,195,225,245,420,420,437,437,539,539,549,566,491,504,504,532,548,110,110,110,121,121,121,140,140,240,240,252,1,12,12,30,30,58,408,434,464,464,476,501,514,514,514,514,514,35,62,62],"floor_reached":56,"playtime":1722,"items_purged":["Doubt","Strike_G","Strike_G"],"score":1575,"play_id":"7c24e080-25f7-4ff2-817c-63db03d1d985","local_time":"20201229200945","is_ascension_mode":true,"campfire_choices":[{"data":"Poisoned Stab","floor":7,"key":"SMITH"},{"data":"Crippling Poison","floor":13,"key":"SMITH"},{"data":"Catalyst","floor":15,"key":"SMITH"},{"floor":27,"key":"RECALL"},{"floor":29,"key":"REST"},{"floor":32,"key":"REST"},{"floor":40,"key":"REST"},{"floor":45,"key":"REST"},{"floor":49,"key":"REST"},{"floor":52,"key":"REST"}],"circlet_count":0,"master_deck":["Strike_G","Strike_G","Strike_G","Defend_G","Defend_G","Defend_G","Defend_G","Defend_G+1","Survivor+1","Neutralize","Poisoned Stab+1","Dagger Spray","Crippling Poison+1","Catalyst+1","PiercingWail","Backstab","PiercingWail","Deadly Poison+1","Dash","Dash+1","After Image","Ghostly","Ghostly","Ghostly","Ghostly","Ghostly","PiercingWail","Adrenaline","Catalyst+1","Catalyst+1","Footwork+1","Calculated Gamble+1","PiercingWail+1","Leg Sweep+1","Well Laid Plans+1","Backstab","Escape Plan","Distraction"],"relics":["Ring of the Snake","War Paint","WarpedTongs","Ginger","Thread and Needle","Gremlin Horn","Fusion Hammer","InkBottle","Dead Branch","Turnip","Sundial","SlaversCollar","DollysMirror","Frozen Egg 2","Old Coin","Smiling Mask","Lizard Tail","Membership Card","Pen Nib","Art of War","HornCleat"],"acts_visited":["Exordium","TheCity","TheBeyond","TheEnding"],"potions_floor_usage":[19,23,31,33,46,55,55,55],"damage_taken":[{"damage":0,"enemies":"Jaw Worm","floor":1,"turns":4},{"damage":1,"enemies":"2 Louse","floor":3,"turns":3},{"damage":3,"enemies":"Cultist","floor":5,"turns":3},{"damage":16,"enemies":"3 Sentries","floor":6,"turns":10},{"damage":7,"enemies":"2 Fungi Beasts","floor":8,"turns":3},{"damage":8,"enemies":"Gremlin Nob","floor":10,"turns":4},{"damage":1,"enemies":"Blue Slaver","floor":11,"turns":4},{"damage":2,"enemies":"Lots of Slimes","floor":14,"turns":2},{"damage":5,"enemies":"The Guardian","floor":16,"turns":10},{"damage":1,"enemies":"Chosen","floor":18,"turns":4},{"damage":6,"enemies":"Spheric Guardian","floor":19,"turns":5},{"damage":0,"enemies":"Snake Plant","floor":21,"turns":4},{"damage":4,"enemies":"Book of Stabbing","floor":23,"turns":4},{"damage":0,"enemies":"Chosen and Byrds","floor":24,"turns":4},{"damage":0,"enemies":"Cultist and Chosen","floor":28,"turns":3},{"damage":0,"enemies":"Snecko","floor":31,"turns":3},{"damage":0,"enemies":"Automaton","floor":33,"turns":7},{"damage":0,"enemies":"3 Shapes","floor":35,"turns":4},{"damage":0,"enemies":"Orb Walker","floor":37,"turns":4},{"damage":0,"enemies":"3 Darklings","floor":39,"turns":5},{"damage":0,"enemies":"Nemesis","floor":41,"turns":5},{"damage":0,"enemies":"Mind Bloom Boss Battle","floor":42,"turns":6},{"damage":0,"enemies":"Reptomancer","floor":44,"turns":4},{"damage":0,"enemies":"Writhing Mass","floor":46,"turns":3},{"damage":0,"enemies":"Giant Head","floor":47,"turns":5},{"damage":0,"enemies":"Spire Growth","floor":48,"turns":3},{"damage":11,"enemies":"Time Eater","floor":50,"turns":4},{"damage":0,"enemies":"Shield and Spear","floor":54,"turns":4},{"damage":8,"enemies":"The Heart","floor":55,"turns":7}],"seed_played":"5020370091272212187","potions_obtained":[{"floor":5,"key":"SpeedPotion"},{"floor":14,"key":"BlessingOfTheForge"},{"floor":16,"key":"Explosive Potion"},{"floor":19,"key":"PowerPotion"},{"floor":21,"key":"Poison Potion"},{"floor":28,"key":"CunningPotion"},{"floor":31,"key":"GhostInAJar"},{"floor":37,"key":"AttackPotion"},{"floor":47,"key":"BlessingOfTheForge"},{"floor":48,"key":"LiquidMemories"}],"is_trial":false,"path_per_floor":["M","?","M","?","M","E","R","M","T","E","M","?","R","M","R","B",null,"M","M","?","M","?","E","M","$","T","R","M","R","?","M","R","B",null,"M","$","M","?","M","R","E","?","T","E","R","M","E","M","R","B",null,"R","$","E","B",null],"character_chosen":"THE_SILENT","items_purchased":["DuplicationPotion","Turnip","DollysMirror","Membership Card","Well Laid Plans+1","Pen Nib","Art of War","Backstab","Escape Plan","Distraction"],"campfire_rested":6,"item_purchase_floors":[25,25,36,53,53,53,53,53,53,53],"current_hp_per_floor":[70,75,74,74,71,55,55,48,48,40,39,39,39,37,37,32,75,74,68,68,68,68,64,64,64,64,64,64,75,37,37,37,37,37,37,37,37,37,37,37,37,37,37,37,37,37,37,37,37,26,37,37,37,37,29],"gold":62,"neow_bonus":"RANDOM_COMMON_RELIC","is_daily":false,"chose_seed":false,"campfire_upgraded":3,"win_rate":0.0,"timestamp":1609294185,"path_taken":["M","?","M","?","M","E","R","M","T","E","?","?","R","M","R","BOSS","M","M","?","M","?","E","?","$","T","R","M","R","?","M","R","BOSS","M","$","M","?","?","R","E","?","T","E","R","M","E","M","R","BOSS","R","$","E","BOSS"],"items_purchased_type":["Potion","Relic","Relic","Relic","Card","Relic","Relic","Card","Card","Card"],"build_version":"2020-12-22","purchased_purges":3,"victory":true,"max_hp_per_floor":[70,75,75,75,75,75,75,75,75,75,75,75,75,75,75,75,75,75,75,75,75,75,75,75,75,75,75,75,75,37,37,37,37,37,37,37,37,37,37,37,37,37,37,37,37,37,37,37,37,37,37,37,37,37,37],"relic_stats":{"Gremlin Horn":[13,13],"counters":[29,131],"Dead Branch":[177],"Pen Nib":[3],"Ginger":[26],"War Paint":["Survivor","Defend_G"],"Smiling Mask":13,"WarpedTongs":[121],"Lizard Tail":0,"Sundial":[4],"Turnip":[2],"Art of War":[2],"obtain_stats":[{"Gremlin Horn":10,"Dead Branch":23,"Thread and Needle":9,"Pen Nib":53,"Ginger":6,"War Paint":0,"Frozen Egg 2":41,"Smiling Mask":44,"WarpedTongs":4,"Old Coin":42,"SlaversCollar":34,"Lizard Tail":47,"HornCleat":54,"Sundial":26,"DollysMirror":36,"Fusion Hammer":17,"Turnip":25,"Art of War":53,"Membership Card":53,"InkBottle":22,"Ring of the Snake":0},{"Gremlin Horn":6,"Dead Branch":13,"Thread and Needle":5,"Pen Nib":27,"Ginger":4,"War Paint":0,"Frozen Egg 2":21,"Smiling Mask":23,"WarpedTongs":2,"Old Coin":22,"SlaversCollar":17,"Lizard Tail":25,"HornCleat":28,"Sundial":14,"DollysMirror":18,"Fusion Hammer":9,"Turnip":14,"Art of War":27,"Membership Card":27,"InkBottle":12,"Ring of the Snake":0},{"Gremlin Horn":27,"Dead Branch":60,"Thread and Needle":23,"Pen Nib":120,"Ginger":20,"War Paint":0,"Frozen Egg 2":95,"Smiling Mask":105,"WarpedTongs":7,"Old Coin":101,"SlaversCollar":77,"Lizard Tail":113,"HornCleat":124,"Sundial":64,"DollysMirror":81,"Fusion Hammer":43,"Turnip":64,"Art of War":120,"Membership Card":120,"InkBottle":56,"Ring of the Snake":0}],"InkBottle":[38],"Ring of the Snake":[58]},"card_choices":[{"not_picked":["Distraction","Flechettes"],"picked":"Poisoned Stab","floor":1},{"not_picked":["Acrobatics","Caltrops"],"picked":"Dagger Spray","floor":3},{"not_picked":["Bouncing Flask","Infinite Blades"],"picked":"Crippling Poison","floor":5},{"not_picked":["Sucker Punch","Tactician"],"picked":"Catalyst","floor":6},{"not_picked":["Outmaneuver","Predator"],"picked":"PiercingWail","floor":8},{"not_picked":["Blade Dance","Concentrate","Escape Plan"],"picked":"SKIP","floor":10},{"not_picked":["Prepared","Deflect","Concentrate"],"picked":"SKIP","floor":11},{"not_picked":["Skewer","Blade Dance"],"picked":"Backstab","floor":14},{"not_picked":["Escape Plan","Predator","Acrobatics"],"picked":"SKIP","floor":18},{"not_picked":["Flying Knee+1","Deflect"],"picked":"PiercingWail","floor":19},{"not_picked":["Dagger Throw+1","Eviscerate"],"picked":"Deadly Poison+1","floor":21},{"not_picked":["Noxious Fumes","Dagger Spray"],"picked":"Dash","floor":23},{"not_picked":["Reflex","Finisher"],"picked":"Dash+1","floor":24},{"not_picked":["Calculated Gamble","Dagger Throw"],"picked":"After Image","floor":28},{"not_picked":["Prepared+1","Underhanded Strike+1"],"picked":"PiercingWail","floor":31},{"not_picked":["Venomology","Storm of Steel"],"picked":"Adrenaline","floor":33},{"not_picked":["Masterful Stab","Flying Knee+1"],"picked":"Catalyst+1","floor":35},{"not_picked":["Dodge and Roll+1","PiercingWail+1"],"picked":"Footwork+1","floor":37},{"not_picked":["Cloak And Dagger+1","Poisoned Stab+1","Dagger Spray"],"picked":"SKIP","floor":39},{"not_picked":["Caltrops+1","Die Die Die","Underhanded Strike"],"picked":"SKIP","floor":41},{"not_picked":["Outmaneuver","Flechettes+1","Setup+1"],"picked":"SKIP","floor":44},{"not_picked":["Poisoned Stab","Reflex"],"picked":"Calculated Gamble+1","floor":46},{"not_picked":["Night Terror","Footwork+1"],"picked":"PiercingWail+1","floor":47},{"not_picked":["Poisoned Stab+1","Slice+1"],"picked":"Leg Sweep+1","floor":48},{"not_picked":["Dagger Throw","Slice+1","Heel Hook"],"picked":"SKIP","floor":54}],"player_experience":1549829,"relics_obtained":[{"floor":6,"key":"Ginger"},{"floor":9,"key":"Thread and Needle"},{"floor":10,"key":"Gremlin Horn"},{"floor":23,"key":"Dead Branch"},{"floor":26,"key":"Sundial"},{"floor":41,"key":"Frozen Egg 2"},{"floor":42,"key":"Old Coin"},{"floor":44,"key":"Smiling Mask"},{"floor":47,"key":"Lizard Tail"},{"floor":54,"key":"HornCleat"}],"event_choices":[{"damage_healed":0,"gold_gain":0,"player_choice":"Donut","damage_taken":0,"max_hp_gain":5,"max_hp_loss":0,"event_name":"Big Fish","floor":2,"gold_loss":0},{"damage_healed":0,"gold_gain":0,"player_choice":"Rummage","damage_taken":0,"relics_obtained":["WarpedTongs"],"max_hp_gain":0,"max_hp_loss":0,"event_name":"Accursed Blacksmith","floor":4,"gold_loss":0,"cards_obtained":["Pain"]},{"damage_healed":0,"gold_gain":175,"player_choice":"AGREE","damage_taken":0,"max_hp_gain":0,"max_hp_loss":0,"event_name":"Liars Game","floor":12,"gold_loss":0,"cards_obtained":["Doubt"]},{"cards_removed":["Pain"],"damage_healed":0,"gold_gain":0,"player_choice":"Gave Gold","damage_taken":0,"max_hp_gain":0,"max_hp_loss":0,"event_name":"Beggar","floor":20,"gold_loss":75},{"damage_healed":0,"gold_gain":0,"player_choice":"Gave Potion","damage_taken":0,"relics_obtained":["InkBottle"],"max_hp_gain":0,"max_hp_loss":0,"event_name":"WeMeetAgain","floor":22,"gold_loss":0},{"damage_healed":0,"gold_gain":0,"player_choice":"Became a Ghost","damage_taken":0,"max_hp_gain":0,"max_hp_loss":38,"event_name":"Ghosts","floor":30,"gold_loss":0,"cards_obtained":["Ghostly","Ghostly","Ghostly","Ghostly","Ghostly"]},{"damage_healed":0,"gold_gain":0,"player_choice":"0 cards matched","damage_taken":0,"max_hp_gain":0,"max_hp_loss":0,"event_name":"Match and Keep!","floor":38,"gold_loss":0,"cards_obtained":[]},{"damage_healed":0,"gold_gain":0,"player_choice":"Fight","damage_taken":0,"max_hp_gain":0,"max_hp_loss":0,"event_name":"MindBloom","floor":42,"gold_loss":0}],"is_beta":false,"boss_relics":[{"not_picked":["Philosopher\u0027s Stone","Busted Crown"],"picked":"Fusion Hammer"},{"not_picked":["Snecko Eye","HoveringKite"],"picked":"SlaversCollar"}],"items_purged_floors":[25,36,53],"is_endless":false,"potions_floor_spawned":[5,14,16,19,21,28,31,37,42,47,48],"ascension_level":1}}