{"host":"y3h3n3f7seyagppx","time":1609350940,"event":{"mods":["BaseMod","Colored Map","Colored Powertips","DeckTracker","Minty Spire (QoL Compilation)","Random Character Button","Rare Cards Sparkle","Relic Sorter","Relic Stats","StSLib"],"gold_per_floor":[110,73,85,150,170,170,17,43,120,148,162,162,193,212,212,212,212],"floor_reached":16,"playtime":1874,"items_purged":[],"score":240,"play_id":"6c5a0c89-22d5-43b4-b44d-07191b93b3c6","local_time":"20201230125540","is_ascension_mode":true,"campfire_choices":[{"data":"Armaments","floor":6,"key":"SMITH"},{"data":"Uppercut","floor":12,"key":"SMITH"},{"data":"Whirlwind","floor":15,"key":"SMITH"}],"circlet_count":0,"master_deck":["AscendersBane","Strike_R","Strike_R","Strike_R","Strike_R","Strike_R","Defend_R","Defend_R","Defend_R","Defend_R","Bash","Perfected Strike","Uppercut+1","Battle Trance","Armaments+1","PanicButton","Battle Trance","Whirlwind+1"],"relics":["Burning Blood","Juzu Bracelet","Centennial Puzzle","Letter Opener","Boot","Mummified Hand"],"acts_visited":["Exordium"],"potions_floor_usage":[8,10,16,16],"damage_taken":[{"damage":7,"enemies":"Cultist","floor":1,"turns":4},{"damage":4,"enemies":"Small Slimes","floor":3,"turns":4},{"damage":12,"enemies":"Jaw Worm","floor":5,"turns":2},{"damage":20,"enemies":"3 Sentries","floor":8,"turns":8},{"damage":15,"enemies":"Lagavulin","floor":10,"turns":7},{"damage":7,"enemies":"Exordium Wildlife","floor":11,"turns":4},{"damage":22,"enemies":"Gremlin Nob","floor":13,"turns":4},{"damage":7,"enemies":"3 Louse","floor":14,"turns":3},{"damage":27,"enemies":"Slime Boss","floor":16,"turns":6}],"seed_played":"6354766557674735836","potions_obtained":[{"floor":3,"key":"LiquidMemories"},{"floor":10,"key":"GamblersBrew"},{"floor":13,"key":"Fruit Juice"}],"is_trial":false,"path_per_floor":["M","$","M","?","M","R","$","E","T","E","M","R","E","M","R","B"],"character_chosen":"IRONCLAD","items_purchased":["Uppercut","Strength Potion","PanicButton"],"campfire_rested":0,"item_purchase_floors":[2,7,7],"current_hp_per_floor":[67,67,69,69,63,63,63,49,49,40,39,39,23,22,22,0,0],"gold":212,"neow_bonus":"RANDOM_COMMON_RELIC","is_daily":false,"chose_seed":false,"campfire_upgraded":3,"win_rate":0.0,"timestamp":1609350940,"path_taken":["M","?","M","?","M","R","$","E","T","E","M","R","E","M","R","BOSS"],"items_purchased_type":["Card","Potion","Card"],"build_version":"2020-12-22","purchased_purges":0,"victory":false,"max_hp_per_floor":[75,75,75,75,75,75,75,75,75,75,75,75,75,75,75,80,80],"relic_stats":{"Centennial Puzzle":[15],"counters":[9,42],"Mummified Hand":[0],"Juzu Bracelet":0,"Letter Opener":[15],"Boot":[0],"obtain_stats":[{"Centennial Puzzle":8,"Mummified Hand":13,"Juzu Bracelet":0,"Letter Opener":9,"Boot":10,"Burning Blood":0},{"Centennial Puzzle":4,"Mummified Hand":7,"Juzu Bracelet":0,"Letter Opener":4,"Boot":5,"Burning Blood":0},{"Centennial Puzzle":18,"Mummified Hand":33,"Juzu Bracelet":0,"Letter Opener":18,"Boot":25,"Burning Blood":0}],"Burning Blood":48},"card_choices":[{"not_picked":["Wild Strike","Feel No Pain"],"picked":"Perfected Strike","floor":1},{"not_picked":["Rampage","Intimidate"],"picked":"Battle Trance","floor":3},{"not_picked":["Clothesline","Warcry"],"picked":"Armaments","floor":5},{"not_picked":["True Grit","Rupture","Blood for Blood"],"picked":"SKIP","floor":8},{"not_picked":["True Grit","Sword Boomerang","Clash"],"picked":"SKIP","floor":10},{"not_picked":["Iron Wave","Sentinel","Cleave"],"picked":"SKIP","floor":11},{"not_picked":["Iron Wave","Sentinel","Cleave"],"picked":"SKIP","floor":11},{"not_picked":["Rage","Seeing Red"],"picked":"Battle Trance","floor":13},{"not_picked":["Clash","Cleave"],"picked":"Whirlwind","floor":14}],"player_experience":20203677,"relics_obtained":[{"floor":8,"key":"Centennial Puzzle"},{"floor":9,"key":"Letter Opener"},{"floor":10,"key":"Boot"},{"floor":13,"key":"Mummified Hand"}],"event_choices":[{"damage_healed":0,"gold_gain":65,"player_choice":"Gained Gold","damage_taken":0,"max_hp_gain":0,"max_hp_loss":0,"event_name":"Golden Wing","floor":4,"gold_loss":0}],"is_beta":false,"boss_relics":[],"items_purged_floors":[],"is_endless":false,"potions_floor_spawned":[3,10,13],"killed_by":"Slime Boss","ascension_level":20}}