{"host":"gttgmv2wah99hzdm","time":1609368384,"event":{"mods":["AchievementEnabler","BaseMod","Bestiary","Block Reminder","Filter the Spire","Minty Spire (QoL Compilation)","Relic Stats","ojb\u0027s Better Paths Mod","ojb\u0027s Info Mod"],"gold_per_floor":[111,111,135,153,178,178,209,209,209,32,32,53,53,91,91,219,219,244,260,260,175,4,4,4,28,28,28,52,96,114,114,114,237,237,251,274,1,1,19,58,58,391,391,410,438,438,58,72,72,72,72,72,54,85,85],"floor_reached":56,"playtime":3901,"items_purged":["Strike_R","Strike_R","Strike_R","Strike_R"],"score":1361,"play_id":"f782ce42-e355-4b40-a67d-b95285a3eeb3","local_time":"20201230164624","is_ascension_mode":true,"campfire_choices":[{"data":"Searing Blow","floor":6.0,"key":"SMITH"},{"data":"Searing Blow+1","floor":8.0,"key":"SMITH"},{"data":"Searing Blow+2","floor":11.0,"key":"SMITH"},{"data":"Searing Blow+3","floor":13.0,"key":"SMITH"},{"data":"Searing Blow+4","floor":15.0,"key":"SMITH"},{"data":"Searing Blow+5","floor":23.0,"key":"SMITH"},{"data":"Searing Blow+6","floor":27.0,"key":"SMITH"},{"data":"Searing Blow+7","floor":32.0,"key":"SMITH"},{"data":"Searing Blow+8","floor":41.0,"key":"SMITH"},{"data":"Searing Blow+9","floor":46.0,"key":"SMITH"},{"floor":49.0,"key":"RECALL"},{"data":"Searing Blow+10","floor":52.0,"key":"SMITH"}],"circlet_count":0,"master_deck":["Strike_R","Defend_R","Defend_R+1","Defend_R","Defend_R","Bash","Searing Blow+11","Pommel Strike","Reaper","Shrug It Off","Havoc","Headbutt","Flame Barrier+1","Shrug It Off","Inflame","Headbutt+1","Havoc","Spot Weakness+1","Ghostly","Ghostly","Ghostly","Ghostly","Ghostly+1","Impervious","Dual Wield","Inflame+1","Shockwave","Shrug It Off+1","Whirlwind+1","Flame Barrier+1","Second Wind","Impervious"],"relics":["Velvet Choker","Pear","Gremlin Horn","Paper Frog","Snecko Eye","Enchiridion","Mummified Hand","Lantern","Sozu","Orrery","Bronze Scales","Singing Bowl","War Paint","Membership Card","Mango","CaptainsWheel"],"acts_visited":["Exordium","TheCity","TheBeyond","TheEnding"],"potions_floor_usage":[55,55],"damage_taken":[{"damage":1.0,"enemies":"Cultist","floor":1.0,"turns":3.0},{"damage":3.0,"enemies":"Small Slimes","floor":3.0,"turns":3.0},{"damage":1.0,"enemies":"Jaw Worm","floor":4.0,"turns":3.0},{"damage":2.0,"enemies":"2 Fungi Beasts","floor":5.0,"turns":4.0},{"damage":11.0,"enemies":"Gremlin Nob","floor":7.0,"turns":3.0},{"damage":0.0,"enemies":"Large Slime","floor":12.0,"turns":4.0},{"damage":9.0,"enemies":"3 Sentries","floor":14.0,"turns":4.0},{"damage":36.0,"enemies":"Hexaghost","floor":16.0,"turns":5.0},{"damage":12.0,"enemies":"Shell Parasite","floor":18.0,"turns":2.0},{"damage":0.0,"enemies":"Chosen","floor":19.0,"turns":3.0},{"damage":24.0,"enemies":"Snake Plant","floor":25.0,"turns":3.0},{"damage":0.0,"enemies":"Centurion and Healer","floor":28.0,"turns":3.0},{"damage":0.0,"enemies":"Book of Stabbing","floor":29.0,"turns":4.0},{"damage":13.0,"enemies":"Shelled Parasite and Fungi","floor":30.0,"turns":3.0},{"damage":36.0,"enemies":"Automaton","floor":33.0,"turns":5.0},{"damage":1.0,"enemies":"Orb Walker","floor":35.0,"turns":2.0},{"damage":15.0,"enemies":"3 Darklings","floor":36.0,"turns":4.0},{"damage":0.0,"enemies":"Transient","floor":39.0,"turns":5.0},{"damage":0.0,"enemies":"Reptomancer","floor":40.0,"turns":4.0},{"damage":0.0,"enemies":"4 Shapes","floor":44.0,"turns":3.0},{"damage":0.0,"enemies":"Giant Head","floor":45.0,"turns":5.0},{"damage":0.0,"enemies":"Sphere and 2 Shapes","floor":48.0,"turns":4.0},{"damage":2.0,"enemies":"Donu and Deca","floor":50.0,"turns":6.0},{"damage":1,"enemies":"Shield and Spear","floor":54,"turns":5},{"damage":8,"enemies":"The Heart","floor":55,"turns":7}],"seed_played":"3734128957813149356","potions_obtained":[{"floor":1.0,"key":"FearPotion"},{"floor":7.0,"key":"PowerPotion"},{"floor":12.0,"key":"ColorlessPotion"},{"floor":18.0,"key":"SmokeBomb"},{"floor":28.0,"key":"Energy Potion"},{"floor":29.0,"key":"FearPotion"}],"is_trial":false,"path_per_floor":["M","?","M","M","M","R","E","R","T","$","R","M","R","E","R","B",null,"M","M","?","?","$","R","?","M","T","R","M","E","M","?","R","B",null,"M","M","$","?","M","E","R","?","T","M","E","R","$","M","R","B",null,"R","$","E","B",null],"character_chosen":"IRONCLAD","items_purchased":["Shrug It Off","Havoc","Inflame","Orrery","Membership Card","Mango","Second Wind"],"campfire_rested":0,"item_purchase_floors":[10,10,22,37,47,47,53],"current_hp_per_floor":[79,74,71,70,68,68,67,67,67,67,67,71,71,66,66,37,84,72,72,56,56,56,56,56,36,36,36,36,42,40,40,40,4,42,41,41,41,40,40,40,40,40,40,42,44,44,58,58,58,58,58,58,58,57,57],"gold":85,"neow_bonus":"BOSS_RELIC","is_daily":false,"chose_seed":false,"campfire_upgraded":11,"win_rate":0.0,"timestamp":1609368384,"path_taken":["M","?","M","M","M","R","E","R","T","$","R","M","R","E","R","BOSS","M","M","?","?","$","R","?","M","T","R","M","E","M","?","R","BOSS","M","M","$","?","M","E","R","?","T","M","E","R","$","M","R","BOSS","R","$","E","BOSS"],"items_purchased_type":["Card","Card","Card","Relic","Relic","Relic","Card"],"build_version":"2020-12-22","purchased_purges":4,"victory":true,"max_hp_per_floor":[80,74,74,74,74,74,84,84,84,84,84,84,84,84,84,84,84,84,84,84,84,84,84,84,84,84,84,84,84,84,42,42,42,42,42,42,42,40,40,40,40,40,40,42,44,44,58,58,58,58,58,58,58,58,58],"relic_stats":{"Sozu":3,"Gremlin Horn":[17,17],"Singing Bowl":4,"counters":[25,97],"Mummified Hand":[41],"Bronze Scales":[138],"Snecko Eye":[120,134,130,130],"War Paint":["Defend_R","Ghostly"],"obtain_stats":[{"Lantern":29,"Pear":7,"Gremlin Horn":9,"Singing Bowl":43,"Golden Idol":2,"Velvet Choker":0,"Enchiridion":20,"Mango":47,"War Paint":45,"Burning Blood":0,"Sozu":34,"CaptainsWheel":54,"Mummified Hand":21,"Bronze Scales":40,"Snecko Eye":17,"Orrery":37,"Membership Card":47,"Paper Frog":14},{"Lantern":13,"Pear":5,"Gremlin Horn":5,"Singing Bowl":19,"Golden Idol":1,"Velvet Choker":0,"Enchiridion":10,"Mango":21,"War Paint":21,"Burning Blood":0,"Sozu":15,"CaptainsWheel":24,"Mummified Hand":10,"Bronze Scales":19,"Snecko Eye":8,"Orrery":17,"Membership Card":21,"Paper Frog":7},{"Lantern":44,"Pear":16,"Gremlin Horn":16,"Singing Bowl":67,"Golden Idol":3,"Velvet Choker":0,"Enchiridion":34,"Mango":75,"War Paint":75,"Burning Blood":0,"Sozu":52,"CaptainsWheel":90,"Mummified Hand":34,"Bronze Scales":67,"Snecko Eye":29,"Orrery":58,"Membership Card":75,"Paper Frog":24}]},"card_choices":[{"not_picked":["Disarm","Second Wind"],"picked":"Searing Blow","floor":1.0},{"not_picked":["Perfected Strike","Cleave","Sword Boomerang"],"picked":"SKIP","floor":3.0},{"not_picked":["Heavy Blade","Armaments"],"picked":"Pommel Strike","floor":4.0},{"not_picked":["Warcry","Flex","Sword Boomerang"],"picked":"SKIP","floor":5.0},{"not_picked":["Twin Strike","Rampage"],"picked":"Reaper","floor":7.0},{"not_picked":["Heavy Blade","Body Slam"],"picked":"Headbutt","floor":12.0},{"not_picked":["Bludgeon","Iron Wave","Bloodletting"],"picked":"SKIP","floor":14.0},{"not_picked":["Dropkick+1","Rupture+1"],"picked":"Flame Barrier+1","floor":18.0},{"not_picked":["Metallicize+1","Warcry+1"],"picked":"Shrug It Off","floor":19.0},{"not_picked":["Flex","Second Wind"],"picked":"Headbutt+1","floor":25.0},{"not_picked":["Iron Wave","Entrench","Perfected Strike"],"picked":"SKIP","floor":28.0},{"not_picked":["Sword Boomerang","Evolve"],"picked":"Havoc","floor":29.0},{"not_picked":["Infernal Blade","Clash"],"picked":"Spot Weakness+1","floor":30.0},{"not_picked":["Berserk","Immolate"],"picked":"Impervious","floor":33.0},{"not_picked":["Armaments","Clothesline","Headbutt"],"picked":"SKIP","floor":35.0},{"not_picked":["Shrug It Off","Headbutt+1"],"picked":"Dual Wield","floor":36.0},{"not_picked":["Dark Embrace+1","Armaments+1"],"picked":"Inflame+1","floor":37.0},{"not_picked":["Double Tap","Carnage"],"picked":"Shockwave","floor":37.0},{"not_picked":["Wild Strike","Sword Boomerang"],"picked":"Shrug It Off+1","floor":37.0},{"not_picked":["Armaments+1","Iron Wave","Wild Strike"],"picked":"SKIP","floor":39.0},{"not_picked":["Pommel Strike+1","Anger+1"],"picked":"Whirlwind+1","floor":40.0},{"not_picked":["Reckless Charge+1","Anger","Heavy Blade+1"],"picked":"Singing Bowl","floor":44.0},{"not_picked":["Shrug It Off","Infernal Blade","Sword Boomerang+1"],"picked":"Singing Bowl","floor":45.0},{"not_picked":["Thunderclap+1","Heavy Blade"],"picked":"Flame Barrier+1","floor":48.0},{"not_picked":["Inflame","Headbutt"],"picked":"Impervious","floor":54}],"player_experience":1038468,"relics_obtained":[{"floor":7.0,"key":"Pear"},{"floor":9.0,"key":"Gremlin Horn"},{"floor":14.0,"key":"Paper Frog"},{"floor":20.0,"key":"Enchiridion"},{"floor":29.0,"key":"Lantern"},{"floor":40.0,"key":"Bronze Scales"},{"floor":43.0,"key":"Singing Bowl"},{"floor":45.0,"key":"War Paint"},{"floor":54,"key":"CaptainsWheel"}],"event_choices":[{"damage_healed":0.0,"max_hp_gain":0.0,"max_hp_loss":6.0,"gold_gain":0.0,"event_name":"Golden Idol","player_choice":"Lose Max HP","floor":2.0,"gold_loss":0.0,"damage_taken":0.0,"relics_obtained":["Golden Idol"]},{"damage_healed":0.0,"max_hp_gain":0.0,"max_hp_loss":0.0,"gold_gain":0.0,"event_name":"Cursed Tome","player_choice":"Obtained Book","floor":20.0,"gold_loss":0.0,"damage_taken":16.0},{"damage_healed":0.0,"max_hp_gain":0.0,"max_hp_loss":0.0,"gold_gain":0.0,"event_name":"Addict","player_choice":"Obtained Relic","floor":21.0,"gold_loss":85.0,"damage_taken":0.0,"relics_obtained":["Mummified Hand"]},{"damage_healed":0.0,"max_hp_gain":0.0,"max_hp_loss":0.0,"gold_gain":0.0,"event_name":"Vampires","player_choice":"Ignored","floor":24.0,"gold_loss":0.0,"damage_taken":0.0},{"damage_healed":0.0,"max_hp_gain":0.0,"max_hp_loss":42.0,"gold_gain":0.0,"event_name":"Ghosts","player_choice":"Became a Ghost","floor":31.0,"gold_loss":0.0,"damage_taken":0.0,"cards_obtained":["Ghostly","Ghostly","Ghostly","Ghostly","Ghostly"]},{"damage_healed":0.0,"max_hp_gain":0.0,"max_hp_loss":2.0,"gold_gain":0.0,"event_name":"Winding Halls","player_choice":"Max HP","floor":38.0,"gold_loss":0.0,"damage_taken":0.0},{"damage_healed":0.0,"max_hp_gain":0.0,"max_hp_loss":0.0,"gold_gain":333.0,"event_name":"The Moai Head","player_choice":"Gave Idol","floor":42.0,"relics_lost":["Golden Idol"],"gold_loss":0.0,"damage_taken":0.0}],"is_beta":false,"boss_relics":[{"not_picked":["Black Star","SacredBark"],"picked":"Snecko Eye"},{"not_picked":["Calling Bell","Runic Pyramid"],"picked":"Sozu"}],"items_purged_floors":[10,22,37,47],"is_endless":false,"potions_floor_spawned":[1,7,12,18,28,29,30,39,40,44],"ascension_level":1}}