{"host":"7khtwbkyze7y134w","time":1609329160,"event":{"mods":["AchievementEnabler","BaseMod","Bestiary","Colored Map","Colored Powertips","Highlight Path","Minty Spire (QoL Compilation)","Quick Restart","Relic Stats","Slay-I","StSLib","SuperFastMode"],"gold_per_floor":[116,128,144,94,112,112,140,154,154,189,364,364,379,410,410,530,530,555,567,598,269,287,325,348,386,386,400,60,60,74,92,92,92,92],"floor_reached":33,"playtime":1481,"items_purged":[],"score":336,"play_id":"70b3ec21-330d-481d-b3e1-8dbc4e63c1da","local_time":"20201230115240","is_ascension_mode":false,"campfire_choices":[{"data":"Eruption","floor":6.0,"key":"SMITH"},{"floor":15.0,"key":"REST"},{"floor":32,"key":"REST"}],"circlet_count":0,"master_deck":["Strike_P","Strike_P+1","Strike_P","Defend_P","Defend_P","Defend_P","Defend_P","Eruption+1","Vigilance","FlurryOfBlows","EmptyFist","TalkToTheHand","Adaptation","Fasting2","Crescendo","CurseOfTheBell","Eruption+1","DeusExMachina","Tantrum","Indignation","EmptyFist","EmptyFist+1","Halt","FlurryOfBlows+1","EmptyFist","EmptyBody","FlurryOfBlows"],"relics":["PureWater","NeowsBlessing","Ornamental Fan","Omamori","Oddly Smooth Stone","Bottled Lightning","Calling Bell","MawBank","InkBottle","Girya","TeardropLocket","Mercury Hourglass","Whetstone","Eternal Feather","ClockworkSouvenir","PreservedInsect","Nloth\u0027s Gift"],"acts_visited":["Exordium","TheCity"],"potions_floor_usage":[33],"damage_taken":[{"damage":0.0,"enemies":"2 Louse","floor":1.0,"turns":1.0},{"damage":0.0,"enemies":"Small Slimes","floor":2.0,"turns":1.0},{"damage":0.0,"enemies":"Cultist","floor":3.0,"turns":1.0},{"damage":3.0,"enemies":"Lots of Slimes","floor":5.0,"turns":3.0},{"damage":22.0,"enemies":"Lagavulin","floor":7.0,"turns":6.0},{"damage":1.0,"enemies":"2 Fungi Beasts","floor":8.0,"turns":3.0},{"damage":7.0,"enemies":"Gremlin Nob","floor":10.0,"turns":3.0},{"damage":11.0,"enemies":"Gremlin Gang","floor":13.0,"turns":3.0},{"damage":18.0,"enemies":"3 Sentries","floor":14.0,"turns":5.0},{"damage":10.0,"enemies":"Slime Boss","floor":16.0,"turns":7.0},{"damage":4.0,"enemies":"Shell Parasite","floor":18.0,"turns":6.0},{"damage":10.0,"enemies":"3 Byrds","floor":20.0,"turns":6.0},{"damage":9.0,"enemies":"Centurion and Healer","floor":22.0,"turns":4.0},{"damage":19.0,"enemies":"Gremlin Leader","floor":23.0,"turns":4.0},{"damage":11.0,"enemies":"Snake Plant","floor":24.0,"turns":3.0},{"damage":2.0,"enemies":"Slavers","floor":25.0,"turns":3.0},{"damage":0,"enemies":"Snecko","floor":27,"turns":1},{"damage":0,"enemies":"3 Cultists","floor":30,"turns":3},{"damage":15,"enemies":"Cultist and Chosen","floor":31,"turns":4},{"damage":80,"enemies":"Automaton","floor":33,"turns":6}],"seed_played":"-805206771854255404","potions_obtained":[{"floor":3.0,"key":"PowerPotion"},{"floor":7.0,"key":"DuplicationPotion"},{"floor":8.0,"key":"SteroidPotion"},{"floor":10.0,"key":"SteroidPotion"},{"floor":14.0,"key":"Swift Potion"},{"floor":20.0,"key":"SkillPotion"},{"floor":24.0,"key":"AttackPotion"},{"floor":30,"key":"Dexterity Potion"}],"is_trial":false,"path_per_floor":["M","M","M","?","M","R","E","M","T","E","?","?","M","E","R","B",null,"M","?","M","$","M","E","M","E","T","M","$","?","M","M","R","B"],"character_chosen":"WATCHER","items_purchased":["Indignation","TeardropLocket","ClockworkSouvenir","PreservedInsect","EmptyBody"],"campfire_rested":2,"item_purchase_floors":[21,21,28,28,28],"current_hp_per_floor":[72,72,72,72,69,69,47,46,46,39,39,39,28,10,31,21,72,68,68,58,58,49,30,19,17,17,17,17,17,17,2,38,0,0],"gold":92,"neow_bonus":"THREE_ENEMY_KILL","is_daily":false,"chose_seed":false,"campfire_upgraded":1,"win_rate":0.0,"timestamp":1609329160,"path_taken":["M","M","M","?","M","R","E","M","T","E","?","?","M","E","R","BOSS","M","?","?","$","M","E","M","E","T","M","?","?","M","M","R","BOSS"],"items_purchased_type":["Card","Relic","Relic","Relic","Card"],"build_version":"2020-12-22","purchased_purges":0,"victory":false,"max_hp_per_floor":[72,72,72,72,72,72,72,72,72,72,72,72,72,72,72,72,72,72,72,72,72,72,72,72,72,72,72,72,72,72,72,72,72,72],"relic_stats":{"counters":[20,73],"Ornamental Fan":[180],"Eternal Feather":15,"PreservedInsect":0,"Nloth\u0027s Gift":0,"Whetstone":["Eruption","Strike_P"],"MawBank":48,"obtain_stats":[{"Girya":17,"NeowsBlessing":0,"Golden Idol":12,"Oddly Smooth Stone":10,"Eternal Feather":26,"PreservedInsect":28,"Omamori":9,"TeardropLocket":21,"Whetstone":25,"MawBank":17,"Mercury Hourglass":23,"ClockworkSouvenir":28,"Calling Bell":17,"Ornamental Fan":7,"Nloth\u0027s Gift":29,"Bottled Lightning":14,"PureWater":0,"InkBottle":17},{"Girya":10,"NeowsBlessing":0,"Golden Idol":7,"Oddly Smooth Stone":7,"Eternal Feather":16,"PreservedInsect":17,"Omamori":6,"TeardropLocket":12,"Whetstone":16,"MawBank":10,"Mercury Hourglass":14,"ClockworkSouvenir":17,"Calling Bell":10,"Ornamental Fan":5,"Nloth\u0027s Gift":17,"Bottled Lightning":9,"PureWater":0,"InkBottle":10},{"Girya":33,"NeowsBlessing":0,"Golden Idol":18,"Oddly Smooth Stone":18,"Eternal Feather":59,"PreservedInsect":60,"Omamori":15,"TeardropLocket":45,"Whetstone":59,"MawBank":33,"Mercury Hourglass":53,"ClockworkSouvenir":60,"Calling Bell":33,"Ornamental Fan":12,"Nloth\u0027s Gift":60,"Bottled Lightning":26,"PureWater":0,"InkBottle":33}],"InkBottle":[19],"Mercury Hourglass":[105]},"card_choices":[{"not_picked":["Fasting2","JustLucky"],"picked":"FlurryOfBlows","floor":1.0},{"not_picked":["FollowUp","Evaluate"],"picked":"EmptyFist","floor":2.0},{"not_picked":["Prostrate","FollowUp","PathToVictory"],"picked":"SKIP","floor":3.0},{"not_picked":["Consecrate","Crescendo"],"picked":"TalkToTheHand","floor":5.0},{"not_picked":["Alpha","ForeignInfluence","PathToVictory"],"picked":"SKIP","floor":7.0},{"not_picked":["Evaluate","BowlingBash"],"picked":"Adaptation","floor":8.0},{"not_picked":["FollowUp","FlyingSleeves"],"picked":"Fasting2","floor":10.0},{"not_picked":["FollowUp","JustLucky"],"picked":"Crescendo","floor":13.0},{"not_picked":["FollowUp","JustLucky","ThirdEye"],"picked":"SKIP","floor":14.0},{"not_picked":["FollowUp","JustLucky","ThirdEye"],"picked":"SKIP","floor":14.0},{"not_picked":["WheelKick+1","Protect","FlyingSleeves"],"picked":"SKIP","floor":18.0},{"not_picked":["Crescendo","Consecrate"],"picked":"Tantrum","floor":20.0},{"not_picked":["SashWhip+1","Swivel"],"picked":"EmptyFist","floor":22.0},{"not_picked":["Nirvana","PathToVictory"],"picked":"EmptyFist+1","floor":23.0},{"not_picked":["Nirvana","ThirdEye"],"picked":"Halt","floor":24.0},{"not_picked":["ClearTheMind+1","CutThroughFate"],"picked":"FlurryOfBlows+1","floor":25.0},{"not_picked":["Adaptation+1","FlyingSleeves"],"picked":"EmptyFist","floor":27},{"not_picked":["Protect","Scrawl"],"picked":"FlurryOfBlows","floor":30},{"not_picked":["JustLucky","SashWhip","Crescendo"],"picked":"SKIP","floor":31}],"player_experience":33823,"relics_obtained":[{"floor":7.0,"key":"Ornamental Fan"},{"floor":9.0,"key":"Omamori"},{"floor":10.0,"key":"Oddly Smooth Stone"},{"floor":14.0,"key":"Bottled Lightning"},{"floor":17.0,"key":"MawBank"},{"floor":17.0,"key":"InkBottle"},{"floor":17.0,"key":"Girya"},{"floor":23.0,"key":"Mercury Hourglass"},{"floor":25.0,"key":"Whetstone"},{"floor":26.0,"key":"Eternal Feather"}],"event_choices":[{"cards_removed":["Strike_P"],"damage_healed":0.0,"max_hp_gain":0.0,"max_hp_loss":0.0,"gold_gain":0.0,"event_name":"The Cleric","player_choice":"Card Removal","floor":4.0,"gold_loss":50.0,"damage_taken":0.0},{"damage_healed":0.0,"max_hp_gain":0.0,"max_hp_loss":0.0,"gold_gain":175.0,"event_name":"Liars Game","player_choice":"AGREE","floor":11.0,"gold_loss":0.0,"damage_taken":0.0,"cards_obtained":["Doubt"]},{"damage_healed":0.0,"max_hp_gain":0.0,"max_hp_loss":0.0,"gold_gain":0.0,"event_name":"Golden Idol","player_choice":"Take Wound","floor":12.0,"gold_loss":0.0,"damage_taken":0.0,"relics_obtained":["Golden Idol"],"cards_obtained":["Injury"]},{"damage_healed":0.0,"max_hp_gain":0.0,"max_hp_loss":0.0,"gold_gain":0.0,"event_name":"Match and Keep!","player_choice":"2 cards matched","floor":19.0,"gold_loss":0.0,"damage_taken":0.0,"cards_obtained":["Eruption","DeusExMachina"]},{"damage_healed":0,"gold_gain":0,"player_choice":"Traded Relic","damage_taken":0,"relics_obtained":["Nloth\u0027s Gift"],"max_hp_gain":0,"max_hp_loss":0,"event_name":"N\u0027loth","floor":29,"relics_lost":["Golden Idol"],"gold_loss":0}],"is_beta":false,"boss_relics":[{"not_picked":["Astrolabe","Velvet Choker"],"picked":"Calling Bell"}],"items_purged_floors":[],"is_endless":false,"potions_floor_spawned":[3,7,8,10,13,14,20,24,30],"killed_by":"Automaton","ascension_level":0}}