{"host":"0fmi5fguj5lvt8pf","time":1609306197,"event":{"mods":["BaseMod","Colored Map","Curses Come First","Downfall","Minty Spire (QoL Compilation)","Permanent Neow","StSLib","Waifu the Spire"],"gold_per_floor":[99,117,117,117,217,232,232,252,252,268,268,278,378,30,46,145,145,145,160,171,181,194,194,220,220,231,331,360,370,384,394,414,414,414,414],"floor_reached":33,"playtime":2517,"items_purged":["Guardian:Strike_Guardian"],"score":265,"play_id":"14823196-4944-49e7-9ff9-f72ead26b41a","local_time":"20201229212957","is_ascension_mode":false,"campfire_choices":[{"data":"Guardian:HyperBeam_Guardian","floor":1.0,"key":"SMITH"},{"data":"Guardian:CurlUp","floor":9.0,"key":"SMITH"},{"floor":11.0,"key":"RECALL"},{"data":"Guardian:SphericShield","floor":18.0,"key":"SMITH"}],"circlet_count":0,"master_deck":["Guardian:Strike_Guardian+1","Guardian:Strike_Guardian+1","Guardian:Strike_Guardian+1","Guardian:Defend_Guardian+1","Guardian:Defend_Guardian+1","Guardian:Defend_Guardian+1","Guardian:Defend_Guardian+1","Guardian:CurlUp+1","Guardian:TwinSlam","Guardian:HyperBeam_Guardian+1","Guardian:Incinerate","Guardian:Harden","Guardian:SphericShield+1","Guardian:Gem_Red","Guardian:Clone","Guardian:ShieldCharger","Guardian:Gem_Synthetic","Guardian:Gem_White","Guardian:ChargeCore","Guardian:ChargeUp","Guardian:BronzeOrb+1","Guardian:Repulse","Guardian:Orbwalk","Guardian:ExploitGems","Guardian:Gem_Yellow"],"relics":["Guardian:ModeShifter","Lantern","The Courier","OrangePellets","Snecko Eye","Girya","Pantograph","Potion Belt"],"acts_visited":["Exordium","TheCity"],"potions_floor_usage":[33,33],"damage_taken":[{"damage":0.0,"enemies":"Small Slimes","floor":2.0,"turns":1.0},{"damage":0.0,"enemies":"Cultist","floor":6.0,"turns":3.0},{"damage":0.0,"enemies":"Jaw Worm","floor":8.0,"turns":3.0},{"damage":7.0,"enemies":"3 Louse","floor":10.0,"turns":3.0},{"damage":0.0,"enemies":"Exordium Wildlife","floor":12.0,"turns":1.0},{"damage":0.0,"enemies":"downfall:FleeingMerchant","floor":14.0,"turns":4.0},{"damage":0.0,"enemies":"2 Fungi Beasts","floor":15.0,"turns":2.0},{"damage":26.0,"enemies":"downfall:Watcher","floor":16.0,"turns":14.0},{"damage":12.0,"enemies":"3 Byrds","floor":19.0,"turns":3.0},{"damage":0.0,"enemies":"Chosen","floor":20.0,"turns":8.0},{"damage":11.0,"enemies":"Snake Plant","floor":21.0,"turns":4.0},{"damage":10.0,"enemies":"3 Cultists","floor":22.0,"turns":4.0},{"damage":0.0,"enemies":"Cultist and Chosen","floor":26.0,"turns":5.0},{"damage":10.0,"enemies":"downfall:Defect","floor":27.0,"turns":8.0},{"damage":37.0,"enemies":"Gremlin Leader","floor":28.0,"turns":9.0},{"damage":0.0,"enemies":"Centurion and Healer","floor":29.0,"turns":10.0},{"damage":0.0,"enemies":"Snecko","floor":30.0,"turns":5.0},{"damage":0.0,"enemies":"Snake Plant","floor":31.0,"turns":5.0},{"damage":1.0,"enemies":"Sentry and Sphere","floor":32.0,"turns":8.0},{"damage":29,"enemies":"downfall:Silent","floor":33,"turns":8}],"seed_played":"1806955071686698475","potions_obtained":[{"floor":2.0,"key":"Guardian:AcceleratePotion"},{"floor":6.0,"key":"FearPotion"},{"floor":15.0,"key":"SkillPotion"},{"floor":21.0,"key":"Swift Potion"},{"floor":28.0,"key":"Guardian:DefensiveModePotion"},{"floor":29.0,"key":"SpeedPotion"},{"floor":30.0,"key":"DuplicationPotion"},{"floor":32.0,"key":"sneckomod:MuddlingPotion"}],"is_trial":false,"path_per_floor":["R","M","?","?","?","M","T","M","R","M","R","M","?","$","M","B",null,"R","M","M","M","M","?","T","?","M","?","E","M","M","M","M","B"],"character_chosen":"GUARDIAN","items_purchased":["OrangePellets","Guardian:SphericShield","Guardian:Gem_Red","Guardian:Clone"],"campfire_rested":0,"item_purchase_floors":[14,14,14,14],"current_hp_per_floor":[80,80,85,52,52,52,52,52,52,45,45,45,45,45,45,19,85,85,73,73,62,52,52,52,52,52,42,5,5,5,5,4,0,0,0],"gold":414,"neow_bonus":"ONE_RANDOM_RARE_CARD","is_daily":false,"chose_seed":false,"campfire_upgraded":3,"win_rate":0.0,"timestamp":1609306197,"path_taken":["R","M","?","?","?","?","T","M","R","M","R","M","?","$","M","BOSS","R","M","M","M","M","?","T","?","M","?","E","M","M","M","M","BOSS"],"items_purchased_type":["Relic","Card","Card","Card"],"build_version":"2020-12-22","purchased_purges":1,"victory":false,"max_hp_per_floor":[80,80,85,85,85,85,85,85,85,85,85,85,85,85,85,85,85,85,85,85,85,85,85,85,85,85,85,85,85,85,85,85,85,85,85],"card_choices":[{"not_picked":["Guardian:RollAttack","Guardian:GuardianWhirl"],"picked":"Guardian:Gem_Yellow","floor":2.0},{"not_picked":["Guardian:Repulse","Guardian:Preprogram"],"picked":"Guardian:Gem_Cyan","floor":6.0},{"not_picked":["Guardian:BronzeOrb","Guardian:EvasiveProtocol"],"picked":"Guardian:Incinerate","floor":8.0},{"not_picked":["Guardian:PolyBeam","Guardian:Gem_Green","Guardian:RollAttack"],"picked":"SKIP","floor":10.0},{"not_picked":["Guardian:FuturePlans","Guardian:TemporalShield","Guardian:Reroute"],"picked":"SKIP","floor":12.0},{"not_picked":["Guardian:Gem_Purple","Guardian:VentSteam"],"picked":"Guardian:Harden","floor":14.0},{"not_picked":["Guardian:RefractedBeam","Guardian:CrystalBeam"],"picked":"Guardian:ShieldCharger","floor":15.0},{"not_picked":["Guardian:CompilePackage","Guardian:StasisStrike"],"picked":"Guardian:Gem_Synthetic","floor":16.0},{"not_picked":["Guardian:ShieldCharger","Guardian:MultiBeam"],"picked":"Guardian:Gem_White","floor":19.0},{"not_picked":["Guardian:Gem_Blue","Guardian:FloatingOrbs","Guardian:Gem_Green"],"picked":"SKIP","floor":20.0},{"not_picked":["Guardian:Gem_Cyan","Guardian:Gem_Blue"],"picked":"Guardian:ChargeCore","floor":21.0},{"not_picked":["Guardian:Incinerate","Guardian:Clone","Guardian:Reroute"],"picked":"SKIP","floor":22.0},{"not_picked":["Guardian:Gem_Lightblue","Guardian:TemporalShield"],"picked":"Guardian:BronzeOrb+1","floor":26.0},{"not_picked":["Guardian:Planning","Guardian:CrystalBeam+1"],"picked":"Guardian:Repulse","floor":27.0},{"not_picked":["Guardian:Emergency+1","Guardian:Gem_Lightblue"],"picked":"Guardian:Orbwalk","floor":28.0},{"not_picked":["Guardian:Planning","Guardian:Suspension"],"picked":"Guardian:ExploitGems","floor":29.0},{"not_picked":["Guardian:Recover+1","Guardian:VentSteam"],"picked":"Guardian:Gem_Yellow","floor":30.0},{"not_picked":["Guardian:Gem_Purple","Guardian:EvasiveProtocol","Guardian:TemporalStrike"],"picked":"SKIP","floor":31.0},{"not_picked":["Guardian:Planning","Guardian:Gem_Green","Guardian:Incinerate"],"picked":"SKIP","floor":32.0}],"player_experience":1261059,"relics_obtained":[{"floor":7.0,"key":"The Courier"},{"floor":27.0,"key":"Girya"},{"floor":27.0,"key":"Pantograph"},{"floor":28.0,"key":"Potion Belt"}],"event_choices":[{"damage_healed":0.0,"max_hp_gain":5.0,"max_hp_loss":0.0,"gold_gain":0.0,"event_name":"Big Fish","player_choice":"Donut","floor":3.0,"gold_loss":0.0,"damage_taken":0.0},{"damage_healed":0.0,"max_hp_gain":0.0,"max_hp_loss":0.0,"gold_gain":0.0,"event_name":"Scrap Ooze","player_choice":"Success","floor":4.0,"gold_loss":0.0,"damage_taken":33.0,"relics_obtained":["Lantern"]},{"damage_healed":0.0,"max_hp_gain":0.0,"max_hp_loss":0.0,"gold_gain":0.0,"event_name":"The Library","player_choice":"Read","floor":23.0,"gold_loss":0.0,"damage_taken":0.0,"cards_obtained":["Guardian:ChargeUp"]},{"damage_healed":0.0,"max_hp_gain":0.0,"max_hp_loss":0.0,"gold_gain":0.0,"event_name":"Back to Basics","player_choice":"Simplicity","floor":25.0,"gold_loss":0.0,"damage_taken":0.0,"cards_upgraded":["Guardian:Strike_Guardian","Guardian:Strike_Guardian","Guardian:Strike_Guardian","Guardian:Defend_Guardian","Guardian:Defend_Guardian","Guardian:Defend_Guardian","Guardian:Defend_Guardian"]}],"is_beta":false,"boss_relics":[{"not_picked":["Guardian:StasisSlotReductionRelic","Cursed Key"],"picked":"Snecko Eye"}],"items_purged_floors":[14],"is_endless":false,"potions_floor_spawned":[2,6,15,21,28,29,30,32],"killed_by":"downfall:Silent","ascension_level":0}}