{"host":"7j96kgp47d19w6vo","time":1609295909,"event":{"mods":["BaseMod","BetterRewards","Custom Start","Friendly Minions","Gold Saver","Minty Spire (QoL Compilation)","Remove Card Discount Mod","StSLib","UnlockEverythingMod"],"gold_per_floor":[2903,2903,2903,2918,2918,2956,1887,1887,1887,1887,1928,1078,1178,1202,1202,1323,1323,1347,1370,1408,1408,1408,1408],"floor_reached":22,"playtime":1756,"items_purged":["Regret"],"score":200,"play_id":"b21f8b79-24af-4624-9786-97561182ce7e","local_time":"20201230113829","is_ascension_mode":false,"campfire_choices":[{"data":"Apotheosis","floor":10.0,"key":"SMITH"},{"data":"DevaForm","floor":15.0,"key":"SMITH"}],"circlet_count":0,"master_deck":["Strike_P","Strike_P","Strike_P","Strike_P","Defend_P+1","Defend_P","Defend_P","Defend_P","Eruption+1","Vigilance","SpiritShield+1","FollowUp","MentalFortress","Consecrate","Apotheosis+1","JustLucky","Flash of Steel","SashWhip","InnerPeace","Study","Wireheading","DevaForm+1","Weave+1","PathToVictory+1","SandsOfTime","Deep Breath+1","FollowUp","LessonLearned","BowlingBash+1","SashWhip","FearNoEvil+1"],"relics":["PureWater","Golden Idol","Orichalcum","Boot","Eternal Feather","Sundial","Toxic Egg 2","Matryoshka","Turnip","SlaversCollar","Red Mask","Nloth\u0027s Gift"],"acts_visited":["Exordium","TheCity"],"potions_floor_usage":[],"damage_taken":[{"damage":0.0,"enemies":"Cultist","floor":1.0,"turns":3.0},{"damage":0.0,"enemies":"2 Louse","floor":4.0,"turns":2.0},{"damage":66.0,"enemies":"Gremlin Nob","floor":6.0,"turns":8.0},{"damage":0.0,"enemies":"Lagavulin","floor":8.0,"turns":1.0},{"damage":9.0,"enemies":"3 Sentries","floor":11.0,"turns":7.0},{"damage":3.0,"enemies":"Jaw Worm","floor":14.0,"turns":4.0},{"damage":4.0,"enemies":"Hexaghost","floor":16.0,"turns":8.0},{"damage":4.0,"enemies":"3 Byrds","floor":18.0,"turns":4.0},{"damage":12.0,"enemies":"2 Thieves","floor":19.0,"turns":4.0},{"damage":49.0,"enemies":"Masked Bandits","floor":20.0,"turns":5.0},{"damage":16,"enemies":"Snecko","floor":22,"turns":4}],"seed_played":"-5145790494234596663","potions_obtained":[{"floor":4.0,"key":"SmokeBomb"},{"floor":14.0,"key":"PowerPotion"},{"floor":20.0,"key":"SteroidPotion"}],"is_trial":false,"path_per_floor":["M","?","?","M","?","E","$","E","T","R","E","$","?","M","R","B",null,"M","M","?","?","M"],"character_chosen":"WATCHER","items_purchased":["Apotheosis","Eternal Feather","Sundial","JustLucky","Flash of Steel","SashWhip","InnerPeace","Study","Swift Potion","SkillPotion","DevaForm","Turnip","War Paint","Weave","PathToVictory+1","SandsOfTime","Deep Breath+1"],"campfire_rested":0,"item_purchase_floors":[7,7,7,7,7,7,7,7,7,7,12,12,12,12,12,12,12],"current_hp_per_floor":[72,72,72,72,72,6,6,6,6,18,9,9,9,6,21,17,72,68,56,7,7,0,0],"gold":1408,"neow_bonus":"ONE_RANDOM_RARE_CARD","is_daily":false,"chose_seed":false,"campfire_upgraded":2,"win_rate":0.0,"timestamp":1609295909,"path_taken":["M","?","?","?","?","E","$","E","T","R","E","$","?","M","R","BOSS","M","M","?","?","M"],"items_purchased_type":["Card","Relic","Relic","Card","Card","Card","Card","Card","Potion","Potion","Card","Relic","Relic","Card","Card","Card","Card"],"build_version":"2020-12-22","purchased_purges":1,"victory":false,"max_hp_per_floor":[72,72,72,72,72,72,72,72,72,72,72,72,72,72,72,72,72,72,72,72,72,72,72],"card_choices":[{"not_picked":["SashWhip","FlyingSleeves"],"picked":"FollowUp","floor":1.0},{"not_picked":["Conclude","PathToVictory"],"picked":"MentalFortress","floor":4.0},{"not_picked":["FlurryOfBlows","Scrawl"],"picked":"Consecrate","floor":6.0},{"not_picked":["FollowUp","ReachHeaven"],"picked":"Wireheading","floor":11.0},{"not_picked":["SandsOfTime","Consecrate"],"picked":"FollowUp","floor":14.0},{"not_picked":["Ragnarok","Judgement+1"],"picked":"LessonLearned","floor":16.0},{"not_picked":["WreathOfFlame+1","FollowUp"],"picked":"BowlingBash+1","floor":18.0},{"not_picked":["Tantrum","CrushJoints"],"picked":"SashWhip","floor":19.0},{"not_picked":["Worship+1","Crescendo+1"],"picked":"FearNoEvil+1","floor":20.0}],"player_experience":869791,"relics_obtained":[{"floor":6.0,"key":"Boot"},{"floor":9.0,"key":"Toxic Egg 2"},{"floor":11.0,"key":"Matryoshka"},{"floor":20.0,"key":"Red Mask"}],"event_choices":[{"damage_healed":0.0,"max_hp_gain":0.0,"max_hp_loss":0.0,"gold_gain":0.0,"event_name":"Golden Idol","player_choice":"Take Wound","floor":2.0,"gold_loss":0.0,"damage_taken":0.0,"relics_obtained":["Golden Idol"],"cards_obtained":["Injury"]},{"cards_removed":["Injury"],"damage_healed":0.0,"max_hp_gain":0.0,"max_hp_loss":0.0,"gold_gain":0.0,"event_name":"Purifier","player_choice":"Purged","floor":3.0,"gold_loss":0.0,"damage_taken":0.0},{"damage_healed":0.0,"max_hp_gain":0.0,"max_hp_loss":0.0,"gold_gain":0.0,"event_name":"Big Fish","player_choice":"Box","floor":5.0,"gold_loss":0.0,"damage_taken":0.0,"relics_obtained":["Orichalcum"],"cards_obtained":["Regret"]},{"damage_healed":0.0,"max_hp_gain":0.0,"max_hp_loss":0.0,"gold_gain":100.0,"event_name":"Golden Shrine","player_choice":"Pray","floor":13.0,"gold_loss":0.0,"damage_taken":0.0},{"damage_healed":0.0,"max_hp_gain":0.0,"max_hp_loss":0.0,"gold_gain":0.0,"event_name":"Masked Bandits","player_choice":"Fought Bandits","floor":20.0,"gold_loss":0.0,"damage_taken":0.0},{"damage_healed":0.0,"max_hp_gain":0.0,"max_hp_loss":0.0,"gold_gain":0.0,"event_name":"N\u0027loth","player_choice":"Traded Relic","floor":21.0,"relics_lost":["War Paint"],"gold_loss":0.0,"damage_taken":0.0,"relics_obtained":["Nloth\u0027s Gift"]}],"is_beta":false,"boss_relics":[{"not_picked":["Cursed Key","Astrolabe"],"picked":"SlaversCollar"}],"items_purged_floors":[7],"is_endless":false,"potions_floor_spawned":[4,8,14,20],"killed_by":"Snecko","ascension_level":0}}