{"host":"Jedit","time":1609348790,"event":{"mods":["BaseMod","Minty Spire (QoL Compilation)","Relic Stats","StSLib"],"gold_per_floor":[116,18,168,179,198,198,215,233,233,263,280,235,235,261,261,261,261],"floor_reached":16,"playtime":676,"items_purged":[],"score":224,"play_id":"99107160-a8ea-4524-8e94-97fedd5f88c1","local_time":"20201230171950","is_ascension_mode":true,"campfire_choices":[{"data":"Underhanded Strike","floor":6,"key":"SMITH"},{"floor":15,"key":"REST"}],"circlet_count":0,"master_deck":["AscendersBane","Strike_G","Strike_G","Strike_G","Strike_G","Strike_G","Defend_G","Defend_G","Defend_G","Defend_G","Defend_G","Survivor","Neutralize","Underhanded Strike+1","Dagger Throw","Masterful Stab","Doubt","Dagger Throw","Dagger Throw","Dagger Spray","Backflip"],"relics":["HoveringKite","Singing Bowl","Regal Pillow","Darkstone Periapt"],"acts_visited":["Exordium"],"potions_floor_usage":[10,14,16],"damage_taken":[{"damage":7,"enemies":"2 Louse","floor":1,"turns":6},{"damage":3,"enemies":"Small Slimes","floor":4,"turns":3},{"damage":0,"enemies":"Jaw Worm","floor":5,"turns":2},{"damage":5,"enemies":"Gremlin Gang","floor":7,"turns":4},{"damage":16,"enemies":"Large Slime","floor":8,"turns":5},{"damage":20,"enemies":"Lagavulin","floor":10,"turns":4},{"damage":1,"enemies":"Exordium Thugs","floor":11,"turns":4},{"damage":3,"enemies":"Gremlin Nob","floor":14,"turns":3},{"damage":44,"enemies":"The Guardian","floor":16,"turns":15}],"seed_played":"-2240399071628734882","potions_obtained":[{"floor":8,"key":"Fire Potion"},{"floor":10,"key":"Fire Potion"},{"floor":14,"key":"DuplicationPotion"}],"is_trial":false,"path_per_floor":["M","$","?","M","M","R","M","M","T","E","M","?","?","E","R","B"],"character_chosen":"THE_SILENT","items_purchased":["Dagger Throw","Masterful Stab"],"campfire_rested":1,"item_purchase_floors":[2,2],"current_hp_per_floor":[52,52,52,49,49,49,44,28,28,10,11,11,11,10,46,2,2],"gold":261,"neow_bonus":"BOSS_RELIC","is_daily":false,"chose_seed":false,"campfire_upgraded":1,"win_rate":0.0,"timestamp":1609348790,"path_taken":["M","$","?","M","M","R","M","M","T","E","M","?","?","E","R","BOSS"],"items_purchased_type":["Card","Card"],"build_version":"2020-12-18","purchased_purges":0,"victory":false,"max_hp_per_floor":[66,66,66,66,66,66,66,66,66,68,70,70,70,72,72,72,72],"relic_stats":{"Darkstone Periapt":0,"Regal Pillow":15,"Singing Bowl":6,"counters":[9,46],"HoveringKite":[31],"obtain_stats":[{"Darkstone Periapt":14,"Regal Pillow":10,"Singing Bowl":9,"HoveringKite":0,"Ring of the Snake":0},{"Darkstone Periapt":8,"Regal Pillow":6,"Singing Bowl":5,"HoveringKite":0,"Ring of the Snake":0},{"Darkstone Periapt":31,"Regal Pillow":24,"Singing Bowl":20,"HoveringKite":0,"Ring of the Snake":0}]},"card_choices":[{"not_picked":["Backflip","Quick Slash"],"picked":"Underhanded Strike","floor":1},{"not_picked":["Concentrate","All Out Attack"],"picked":"Dagger Throw","floor":4},{"not_picked":["PiercingWail","Deadly Poison"],"picked":"Dagger Throw","floor":5},{"not_picked":["Bane","Dagger Throw"],"picked":"Dagger Spray","floor":7},{"not_picked":["Deflect","Dodge and Roll"],"picked":"Backflip","floor":8},{"not_picked":["Backstab","Cloak And Dagger","A Thousand Cuts"],"picked":"Singing Bowl","floor":10},{"not_picked":["PiercingWail","Bane","Dagger Spray"],"picked":"Singing Bowl","floor":11},{"not_picked":["Infinite Blades","Slice","Sucker Punch"],"picked":"Singing Bowl","floor":14}],"player_experience":3426311,"relics_obtained":[{"floor":9,"key":"Singing Bowl"},{"floor":10,"key":"Regal Pillow"},{"floor":14,"key":"Darkstone Periapt"}],"event_choices":[{"damage_healed":0,"gold_gain":150,"player_choice":"AGREE","damage_taken":0,"max_hp_gain":0,"max_hp_loss":0,"event_name":"Liars Game","floor":3,"gold_loss":0,"cards_obtained":["Doubt"]},{"damage_healed":0,"gold_gain":0,"player_choice":"Left Gold","damage_taken":0,"max_hp_gain":0,"max_hp_loss":0,"event_name":"World of Goop","floor":12,"gold_loss":45},{"damage_healed":0,"gold_gain":0,"player_choice":"Fled","damage_taken":0,"max_hp_gain":0,"max_hp_loss":0,"event_name":"Scrap Ooze","floor":13,"gold_loss":0}],"is_beta":true,"boss_relics":[],"items_purged_floors":[],"is_endless":false,"potions_floor_spawned":[8,10,14],"killed_by":"The Guardian","ascension_level":20}}