{"host":"aas8f8jvicx6tcxp","time":1609305297,"event":{"mods":["BaseMod","Better Third Choice","BetterRewards","Downfall","Hermit","Jorbs\u0027s Wanderer Trilogy","Minty Spire (QoL Compilation)","Robot Space Explorer","StSLib","The Cursed"],"gold_per_floor":[99,119,119,136,149,163,163,163,313,343,343,362,362,119,133,228,228,228,243,260,260,7,7,7,7],"floor_reached":23,"playtime":2204,"items_purged":["Slimebound:Icky"],"score":181,"play_id":"1953e99d-b86a-4821-ae8e-1c4e6a89f7b2","local_time":"20201229231457","is_ascension_mode":false,"campfire_choices":[{"floor":1.0,"key":"RECALL"},{"data":"hexamod:DynamicBlow","floor":8.0,"key":"SMITH"},{"floor":13.0,"key":"REST"},{"data":"hexamod:EmpoweringStance","floor":18,"key":"SMITH"}],"circlet_count":0,"master_deck":["hexamod:Strike","hexamod:Strike","hexamod:Strike","hexamod:Defend","hexamod:Defend","hexamod:Defend","hexamod:Defend","hexamod:Sear","hexamod:Float","Swift Strike","hexamod:DynamicBlow+1","hexamod:RadiantFlame","hexamod:SwordOfDarkness","hexamod:DynamicBlow","hexamod:ChargedBarrage","hexamod:BurningTouch","hexamod:HeatMetal","hexamod:TimeWarp","hexamod:EmpoweringStance+1","hexamod:SwordOfDarkness+1","Necronomicurse","hexamod:TimeWarp","expansioncontent:DarkVoid","hexamod:HeatCrush"],"relics":["hexamod:SpiritBrand","HandDrill","SlaversCollar","Necronomicon"],"acts_visited":["Exordium","TheCity"],"potions_floor_usage":[16,19,23],"damage_taken":[{"damage":0.0,"enemies":"Small Slimes","floor":2.0,"turns":3.0},{"damage":1.0,"enemies":"2 Louse","floor":4.0,"turns":3.0},{"damage":0.0,"enemies":"Jaw Worm","floor":5.0,"turns":3.0},{"damage":10.0,"enemies":"Lots of Slimes","floor":6.0,"turns":4.0},{"damage":8.0,"enemies":"3 Louse","floor":12.0,"turns":3.0},{"damage":0.0,"enemies":"downfall:FleeingMerchant","floor":14.0,"turns":4.0},{"damage":5,"enemies":"Large Slime","floor":15,"turns":3},{"damage":39,"enemies":"downfall:Watcher","floor":16,"turns":6},{"damage":4,"enemies":"3 Byrds","floor":19,"turns":5},{"damage":18,"enemies":"Snake Plant","floor":20,"turns":3},{"damage":0,"enemies":"downfall:FleeingMerchant","floor":22,"turns":4},{"damage":37,"enemies":"Book of Stabbing","floor":23,"turns":3}],"seed_played":"8658678982174449179","potions_obtained":[{"floor":5.0,"key":"SteroidPotion"},{"floor":15,"key":"DistilledChaos"},{"floor":16,"key":"LiquidMemories"},{"floor":20,"key":"Swift Potion"}],"is_trial":false,"path_per_floor":["R","M","?","M","M","M","T","R","?","?","?","M","R","$","M","B",null,"R","M","M","?","$","E"],"character_chosen":"THE_SPIRIT","items_purchased":["HandDrill","hexamod:HeatMetal","expansioncontent:DarkVoid","hexamod:HeatCrush"],"campfire_rested":1,"item_purchase_floors":[14,14,22,22],"current_hp_per_floor":[70,70,70,69,69,59,59,59,59,59,59,51,70,70,65,26,70,70,66,48,32,32,0,0,0],"gold":7,"neow_bonus":"RANDOM_COLORLESS","is_daily":false,"chose_seed":false,"campfire_upgraded":2,"win_rate":0.0,"timestamp":1609305297,"path_taken":["R","M","?","M","M","M","T","R","?","?","?","M","R","$","M","BOSS","R","M","M","?","$","E"],"items_purchased_type":["Relic","Card","Card","Card"],"build_version":"2020-12-22","purchased_purges":1,"victory":false,"max_hp_per_floor":[70,70,70,70,70,70,70,70,70,70,70,70,70,70,70,70,70,70,70,70,70,70,70,70,70],"card_choices":[{"not_picked":["expansioncontent:YouAreMine","Deep Breath"],"picked":"Swift Strike","floor":0.0},{"not_picked":["hexamod:SpectersWail","hexamod:FirstSeal"],"picked":"hexamod:DynamicBlow","floor":2.0},{"not_picked":["hexamod:Hexaguard","hexamod:Firestarter"],"picked":"hexamod:RadiantFlame","floor":4.0},{"not_picked":["hexamod:Hexaguard","hexamod:GhostLash"],"picked":"hexamod:SwordOfDarkness","floor":5.0},{"not_picked":["hexamod:GhostShield","hexamod:ShieldOfDarkness"],"picked":"hexamod:DynamicBlow","floor":6.0},{"not_picked":["hexamod:BurningTouch","hexamod:Hexaguard"],"picked":"hexamod:ChargedBarrage","floor":12.0},{"not_picked":["hexamod:GhostLash","hexamod:DynamicBlow"],"picked":"hexamod:BurningTouch","floor":14.0},{"not_picked":["hexamod:EmpoweredFlame","hexamod:Rewind"],"picked":"hexamod:TimeWarp","floor":15},{"not_picked":["hexamod:VolcanoVisage","hexamod:GhostflameInferno"],"picked":"hexamod:EmpoweringStance","floor":16},{"not_picked":["hexamod:RainOfEmbers","hexamod:FastForward","hexamod:NightmareGuise"],"picked":"SKIP","floor":19},{"not_picked":["hexamod:FastForward","hexamod:GhostLash+1"],"picked":"hexamod:SwordOfDarkness+1","floor":20},{"not_picked":["hexamod:InspiringFlames","hexamod:NightmareStrike+1"],"picked":"hexamod:TimeWarp","floor":22}],"player_experience":282628,"relics_obtained":[{"floor":21,"key":"Necronomicon"}],"event_choices":[],"is_beta":false,"boss_relics":[{"not_picked":["Astrolabe","Philosopher\u0027s Stone"],"picked":"SlaversCollar"}],"items_purged_floors":[22],"is_endless":false,"potions_floor_spawned":[5,15,16,20],"killed_by":"Book of Stabbing","ascension_level":0}}