{"host":"mttmnrdvbvzz8cuy","time":1609316907,"event":{"mods":["BaseMod","Bestiary","Colored Map","Colored Powertips","Minty Spire (QoL Compilation)","StSLib"],"gold_per_floor":[114,129,43,58,73,103,118,118,418,418,418],"floor_reached":10,"playtime":595,"items_purged":[],"score":70,"play_id":"4d5c2b5e-50e8-4d79-9f15-90969cdefa51","local_time":"20201230192827","daily_mods":["Cursed Run","Diverse","DeadlyEvents"],"is_ascension_mode":false,"campfire_choices":[{"data":"Flame Barrier","floor":8,"key":"SMITH"}],"circlet_count":0,"master_deck":["Strike_B","Strike_B","Strike_B","Strike_B","Defend_B","Defend_B","Defend_B","Defend_B","Zap","Dualcast","PiercingWail","Doom and Gloom","Dodge and Roll","Calculated Gamble","Judgement","CrushJoints","Barrage","Flame Barrier+1","Parasite"],"relics":["Cursed Key","Darkstone Periapt","Du-Vu Doll","Meat on the Bone","Old Coin"],"acts_visited":["Exordium"],"potions_floor_usage":[],"damage_taken":[{"damage":1,"enemies":"Cultist","floor":1,"turns":3},{"damage":0,"enemies":"Small Slimes","floor":2,"turns":3},{"damage":0,"enemies":"Jaw Worm","floor":4,"turns":4},{"damage":5,"enemies":"Exordium Thugs","floor":5,"turns":3},{"damage":12,"enemies":"3 Sentries","floor":6,"turns":6},{"damage":0,"enemies":"2 Fungi Beasts","floor":7,"turns":2},{"damage":66,"enemies":"Gremlin Nob","floor":10,"turns":5}],"seed_played":"9091901603564859836","potions_obtained":[{"floor":4,"key":"FearPotion"},{"floor":5,"key":"LiquidMemories"}],"is_trial":false,"path_per_floor":["M","M","$","M","M","E","M","R","T","E"],"character_chosen":"DEFECT","items_purchased":["Dodge and Roll","Calculated Gamble"],"campfire_rested":0,"item_purchase_floors":[3,3],"current_hp_per_floor":[74,74,74,74,69,57,57,57,63,0,0],"gold":418,"neow_bonus":"","is_daily":true,"chose_seed":false,"campfire_upgraded":1,"win_rate":0.0,"timestamp":1609316907,"path_taken":["M","M","$","?","M","E","M","R","T","?"],"items_purchased_type":["Card","Card"],"build_version":"2020-12-22","purchased_purges":0,"victory":false,"max_hp_per_floor":[75,75,75,75,75,75,75,75,81,81,81],"card_choices":[{"not_picked":["Compile Driver","Poisoned Stab"],"picked":"PiercingWail","floor":1},{"not_picked":["EmptyFist","Havoc"],"picked":"Doom and Gloom","floor":2},{"not_picked":["Dodge and Roll","BowlingBash"],"picked":"Judgement","floor":4},{"not_picked":["Headbutt","Clash"],"picked":"CrushJoints","floor":5},{"not_picked":["Headbutt","Reflex"],"picked":"Barrage","floor":6},{"not_picked":["Warcry","Consecrate"],"picked":"Flame Barrier","floor":7}],"player_experience":122346,"relics_obtained":[{"floor":6,"key":"Meat on the Bone"},{"floor":9,"key":"Old Coin"}],"event_choices":[],"is_beta":false,"boss_relics":[],"items_purged_floors":[],"is_endless":false,"potions_floor_spawned":[4,5],"killed_by":"Gremlin Nob","ascension_level":0}}