{"host":"wha9hktbkslqvblg","time":1609293063,"event":{"mods":["BaseMod","Colored Map","Minty Spire (QoL Compilation)","Relic Stats","SuperFastMode","everything is the same but u backflip on backflip"],"gold_per_floor":[109,124,12,12,12,37,37,62,86,105,105,105,105,105,105,221,221,236,236,254,78,93,93,105,105,129,129,129],"floor_reached":27,"playtime":453,"items_purged":["Strike_R"],"score":488,"play_id":"cab41169-745a-4063-9703-a97f19baf924","local_time":"20201230105103","is_ascension_mode":true,"campfire_choices":[{"data":"Carnage","floor":7.0,"key":"SMITH"},{"data":"Pommel Strike","floor":11.0,"key":"SMITH"},{"data":"Shrug It Off","floor":13.0,"key":"SMITH"},{"floor":15.0,"key":"RECALL"},{"data":"Dual Wield","floor":23,"key":"SMITH"},{"data":"Flash of Steel","floor":25,"key":"SMITH"}],"circlet_count":0,"master_deck":["AscendersBane","Strike_R","Strike_R","Defend_R","Defend_R","Defend_R","Defend_R","Bash","Shrug It Off+1","Carnage+1","Pommel Strike+1","Dual Wield+1","CurseOfTheBell","Cleave","Battle Trance+1","Second Wind","Flash of Steel+1"],"relics":["Burning Blood","NeowsBlessing","Kunai","StrikeDummy","Shuriken","White Beast Statue","Potion Belt","Calling Bell","Akabeko","Darkstone Periapt","Calipers"],"acts_visited":["Exordium","TheCity"],"potions_floor_usage":[24,27,27],"damage_taken":[{"damage":0.0,"enemies":"Cultist","floor":1.0,"turns":1.0},{"damage":0.0,"enemies":"Jaw Worm","floor":2.0,"turns":1.0},{"damage":0.0,"enemies":"Lagavulin","floor":6.0,"turns":1.0},{"damage":9.0,"enemies":"3 Sentries","floor":8.0,"turns":7.0},{"damage":1.0,"enemies":"2 Louse","floor":10.0,"turns":2.0},{"damage":18.0,"enemies":"Slime Boss","floor":16.0,"turns":4.0},{"damage":33.0,"enemies":"2 Thieves","floor":18.0,"turns":3.0},{"damage":0.0,"enemies":"Chosen","floor":20.0,"turns":3.0},{"damage":14,"enemies":"Centurion and Healer","floor":22,"turns":5},{"damage":16,"enemies":"Shelled Parasite and Fungi","floor":24,"turns":4},{"damage":32,"enemies":"Book of Stabbing","floor":27,"turns":4}],"seed_played":"-6607593132904706445","potions_obtained":[{"floor":2.0,"key":"FearPotion"},{"floor":6.0,"key":"PowerPotion"},{"floor":8.0,"key":"ColorlessPotion"},{"floor":10.0,"key":"DistilledChaos"},{"floor":16.0,"key":"LiquidBronze"},{"floor":18.0,"key":"Strength Potion"},{"floor":20.0,"key":"SkillPotion"},{"floor":22,"key":"Swift Potion"},{"floor":24,"key":"Explosive Potion"}],"is_trial":false,"path_per_floor":["M","M","$","T","T","E","R","E","T","M","R","?","R","?","R","B",null,"M","?","M","$","M","R","M","R","T","E"],"character_chosen":"IRONCLAD","items_purchased":["Carnage","Second Wind","Flash of Steel"],"campfire_rested":0,"item_purchase_floors":[3,21,21],"current_hp_per_floor":[74,75,75,75,75,75,75,72,72,75,75,80,80,80,80,68,77,50,50,56,56,48,48,38,38,38,6,6],"gold":129,"neow_bonus":"THREE_ENEMY_KILL","is_daily":false,"chose_seed":false,"campfire_upgraded":5,"win_rate":0.0,"timestamp":1609293063,"path_taken":["M","M","$","?","?","E","R","E","T","?","R","?","R","?","R","BOSS","M","?","?","$","M","R","M","R","T","E"],"items_purchased_type":["Card","Card","Card"],"build_version":"2020-12-22","purchased_purges":1,"victory":false,"max_hp_per_floor":[75,75,75,75,75,75,75,75,75,75,75,80,80,80,80,80,80,80,80,80,80,80,80,80,80,80,80,80],"relic_stats":{"Darkstone Periapt":0,"counters":[11,35],"Shuriken":[12],"Kunai":[12],"obtain_stats":[{"Potion Belt":9,"Calling Bell":17,"Darkstone Periapt":17,"Calipers":17,"NeowsBlessing":0,"Shuriken":6,"Kunai":4,"StrikeDummy":5,"Burning Blood":0,"White Beast Statue":8,"Akabeko":17},{"Potion Belt":4,"Calling Bell":6,"Darkstone Periapt":6,"Calipers":6,"NeowsBlessing":0,"Shuriken":3,"Kunai":2,"StrikeDummy":2,"Burning Blood":0,"White Beast Statue":4,"Akabeko":6},{"Potion Belt":10,"Calling Bell":16,"Darkstone Periapt":16,"Calipers":16,"NeowsBlessing":0,"Shuriken":3,"Kunai":2,"StrikeDummy":2,"Burning Blood":0,"White Beast Statue":10,"Akabeko":16}],"Burning Blood":47},"card_choices":[{"not_picked":["Wild Strike","Clash"],"picked":"Shrug It Off","floor":1.0},{"not_picked":["Rage","Headbutt","Reaper"],"picked":"SKIP","floor":2.0},{"not_picked":["Fiend Fire","Havoc"],"picked":"Pommel Strike","floor":6.0},{"not_picked":["Iron Wave","Heavy Blade","Exhume"],"picked":"SKIP","floor":8.0},{"not_picked":["Spot Weakness","Warcry","Perfected Strike"],"picked":"SKIP","floor":10.0},{"not_picked":["Cleave","Shrug It Off","Dropkick"],"picked":"SKIP","floor":18.0},{"not_picked":["Anger+1","Disarm"],"picked":"Battle Trance+1","floor":20.0},{"not_picked":["Heavy Blade","Body Slam","Wild Strike"],"picked":"SKIP","floor":22},{"not_picked":["Heavy Blade","Body Slam","Wild Strike"],"picked":"SKIP","floor":22},{"not_picked":["Infernal Blade","Iron Wave","Body Slam"],"picked":"SKIP","floor":24}],"player_experience":908507,"relics_obtained":[{"floor":4.0,"key":"Kunai"},{"floor":5.0,"key":"StrikeDummy"},{"floor":6.0,"key":"Shuriken"},{"floor":8.0,"key":"White Beast Statue"},{"floor":9.0,"key":"Potion Belt"},{"floor":17.0,"key":"Akabeko"},{"floor":17.0,"key":"Darkstone Periapt"},{"floor":17.0,"key":"Calipers"}],"event_choices":[{"damage_healed":0.0,"max_hp_gain":5.0,"max_hp_loss":0.0,"gold_gain":0.0,"event_name":"Big Fish","player_choice":"Donut","floor":12.0,"gold_loss":0.0,"damage_taken":0.0},{"damage_healed":0.0,"max_hp_gain":0.0,"max_hp_loss":0.0,"gold_gain":0.0,"cards_transformed":["Strike_R"],"event_name":"Living Wall","player_choice":"Change","floor":14.0,"gold_loss":0.0,"damage_taken":0.0,"cards_obtained":["Dual Wield"]},{"damage_healed":0.0,"max_hp_gain":0.0,"max_hp_loss":0.0,"gold_gain":0.0,"cards_transformed":["Strike_R"],"event_name":"Transmorgrifier","player_choice":"Transformed","floor":19.0,"gold_loss":0.0,"damage_taken":0.0,"cards_obtained":["Cleave"]}],"is_beta":false,"boss_relics":[{"not_picked":["Black Blood","Tiny House"],"picked":"Calling Bell"}],"items_purged_floors":[3],"is_endless":false,"potions_floor_spawned":[2,6,8,10,16,18,20,22,24],"killed_by":"Book of Stabbing","ascension_level":20}}