{"host":"474oh00kq6ni8dn3","time":1609366304,"event":{"mods":["AchievementEnabler","Aspiration","Bartender","BaseMod","Bestiary","Clockwork Mod","Colored Map","Colored Powertips","Conspire","Custom Start","Defuse TimeMaze Blight","Downfall","GifTheSpireLib","Googly Eyes","GungeonMod","Halation","Hubris","Infinite Spire","Jedi Mod","Lobotomy","LobotomyExtend","Minty Spire (QoL Compilation)","Permanent Neow","Quick Restart","Random Character Button","Replay The Spire","Shop Mod","StSLib","Stuff the Spire","The Construct","The Factory","The Jungle","Trackpad","Unceasing Turn Reminder","thorton","vexMod"],"gold_per_floor":[110,126,11,0,12,12,12,46,70,70,70,103,103,122,122,221,221,239,239,42,55,66,101,101,134,134,134,150,167,186,202,219,219,219,219,219],"floor_reached":35,"playtime":1960,"items_purged":["Strike_R"],"score":324,"play_id":"5f0805b3-19ed-4ad9-a87c-19bb847c7467","local_time":"20201230221144","is_ascension_mode":true,"campfire_choices":[{"data":"Armaments","floor":6.0,"key":"SMITH"},{"data":"StuffTheSpire:Incineration","floor":10.0,"key":"SMITH"},{"data":"Feed","floor":15.0,"key":"SMITH"},{"data":"StuffTheSpire:Incineration","floor":24.0,"key":"SMITH"},{"data":"Shockwave","floor":27.0,"key":"SMITH"},{"data":"Rage","floor":33,"key":"SMITH"}],"circlet_count":0,"master_deck":["Strike_R","Strike_R","Strike_R","Strike_R","Defend_R","Defend_R","Defend_R","Defend_R","Bash","Armaments+1","Feed+1","Immolate","Rage+1","StuffTheSpire:Incineration+1","conspire:ExplosiveBarrier","Shockwave+1","jedi:MakeshiftSword+1","StuffTheSpire:Incineration+1","StuffTheSpire:Incineration+1"],"relics":["Burning Blood","aspiration:Nostalgia","m_GuardianBlood","LetterFromLob","StuffTheSpire:Mouthbags","Blue Doll","Replay:Mystery Machine","infinitespire:Eraser","Electric Blood","Vajra","halation:VictoryRuler","RedMistMask"],"acts_visited":["Exordium","TheCity","DemoMod:Maze"],"potions_floor_usage":[35,35,35],"damage_taken":[{"damage":8.0,"enemies":"2 Louse","floor":1.0,"turns":3.0},{"damage":6.0,"enemies":"Jaw Worm","floor":2.0,"turns":3.0},{"damage":5.0,"enemies":"Cultist","floor":5.0,"turns":4.0},{"damage":32.0,"enemies":"3 Sentries","floor":8.0,"turns":9.0},{"damage":27.0,"enemies":"Lagavulin","floor":12.0,"turns":6.0},{"damage":4.0,"enemies":"Large Slime","floor":14.0,"turns":4.0},{"damage":28.0,"enemies":"Fading Forest","floor":16.0,"turns":11.0},{"damage":9.0,"enemies":"conspire:FuzzyDice","floor":18.0,"turns":7.0},{"damage":18.0,"enemies":"2 Thieves","floor":21.0,"turns":3.0},{"damage":26.0,"enemies":"Snake Plant","floor":22.0,"turns":3.0},{"damage":22.0,"enemies":"Slavers","floor":23.0,"turns":4.0},{"damage":16.0,"enemies":"conspire:SneckoGhost","floor":25.0,"turns":6.0},{"damage":18.0,"enemies":"DemoMod:Veteran_shot_gun_kin_and_bullet_kin","floor":28.0,"turns":2.0},{"damage":8.0,"enemies":"DemoMod:Red_and_blue_shotgun_kin","floor":29.0,"turns":2.0},{"damage":8,"enemies":"DemoMod:Red_and_blue_shotgun_kin_with_gunsinger","floor":30,"turns":1},{"damage":10,"enemies":"DemoMod:2_Mousers","floor":31,"turns":2},{"damage":14,"enemies":"DemoMod:Veteran_shot_gun_kin_and_blue_shotgun_kin","floor":32,"turns":2},{"damage":50,"enemies":"DemoMod:ResourcefulRat","floor":35,"turns":6}],"seed_played":"-7631056846081716356","potions_obtained":[{"floor":8.0,"key":"Guardian:BlockOnCardUsePotion"},{"floor":12.0,"key":"Swift Potion"},{"floor":14.0,"key":"Death Potion"},{"floor":16.0,"key":"jedi:StrikingPotion"},{"floor":23.0,"key":"EssenceOfSteel"},{"floor":25.0,"key":"ColorlessPotion"},{"floor":31,"key":"Reflective Coating"},{"floor":32,"key":"LiquidBronze"}],"is_trial":false,"path_per_floor":["M","M","$","?","M","R","$","E","T","R","T","E","M","M","R","B",null,"M","?","$","M","M","E","R","E","T","R","M","M","M","M","M","R","B","B"],"character_chosen":"IRONCLAD","items_purchased":["DemoMod:GnawedKey","StuffTheSpire:Incineration","conspire:ExplosiveBarrier"],"campfire_rested":0,"item_purchase_floors":[3,20,20],"current_hp_per_floor":[80,80,80,80,80,80,80,60,60,60,60,45,45,53,53,56,80,84,84,84,82,68,58,58,54,88,88,86,90,92,92,90,90,45,0,0],"gold":219,"neow_bonus":"NOSTALGIA","is_daily":false,"chose_seed":false,"campfire_upgraded":6,"win_rate":0.0,"timestamp":1609366304,"path_taken":["M","M","$","?","M","R","?","E","T","R","?","E","?","M","R","BOSS","M","?","$","M","M","E","R","E","T","R","M","M","M","M","M","R","BOSS","BOSS"],"items_purchased_type":["Relic","Card","Card"],"build_version":"2020-12-22","purchased_purges":1,"victory":false,"max_hp_per_floor":[80,80,80,80,80,80,80,80,80,80,80,80,80,80,80,80,80,84,84,84,88,88,88,88,88,88,88,92,92,92,92,92,92,92,92,92],"card_choices":[{"not_picked":["Whirlwind","Heavy Blade"],"picked":"StuffTheSpire:Incineration","floor":1.0},{"not_picked":["Reckless Charge","Sword Boomerang","jedi:controlledanger"],"picked":"SKIP","floor":2.0},{"not_picked":["Searing Blow","hubris:CleavingFinish"],"picked":"Armaments","floor":5.0},{"not_picked":["Warcry","Rampage","Battle Trance"],"picked":"SKIP","floor":8.0},{"not_picked":["Bloodletting","Guardian:GuardianWhirl","Wild Strike"],"picked":"SKIP","floor":12.0},{"not_picked":["Clash","hubris:ReadiedAction"],"picked":"Feed","floor":14.0},{"not_picked":["Impervious","Fiend Fire"],"picked":"Immolate","floor":16.0},{"not_picked":["Clash","infinitespire:OneForAll+1"],"picked":"Rage","floor":18.0},{"not_picked":["jedi:controlledanger","Twin Strike","Anger"],"picked":"SKIP","floor":21.0},{"not_picked":["Headbutt","jedi:fear"],"picked":"Shockwave","floor":22.0},{"not_picked":["Bloodletting","StuffTheSpire:Pyroclast","hubris:SharpeningStone+1"],"picked":"SKIP","floor":23.0},{"not_picked":["Limit Break","jedi:controlledanger"],"picked":"jedi:MakeshiftSword+1","floor":25.0},{"not_picked":["Pommel Strike","Clothesline+1"],"picked":"StuffTheSpire:Incineration+1","floor":28.0},{"not_picked":["StuffTheSpire:Slingshot","Havoc","jedi:suffering"],"picked":"SKIP","floor":29.0},{"not_picked":["DemoMod:BlackBlade+1","Evolve+1","Berserk"],"picked":"SKIP","floor":30},{"not_picked":["DemoMod:BlackBlade+1","Evolve+1","Berserk"],"picked":"SKIP","floor":30},{"not_picked":["Replay:Undeath\u0027s Touch+1","conspire:Charge+1","Run Through+1"],"picked":"SKIP","floor":31},{"not_picked":["hubris:ReadiedAction+1","Abandon+1","True Grit+1"],"picked":"SKIP","floor":32}],"player_experience":51289,"relics_obtained":[{"floor":1.0,"key":"LetterFromLob"},{"floor":8.0,"key":"StuffTheSpire:Mouthbags"},{"floor":9.0,"key":"Blue Doll"},{"floor":11.0,"key":"Replay:Mystery Machine"},{"floor":12.0,"key":"infinitespire:Eraser"},{"floor":23.0,"key":"Vajra"},{"floor":25.0,"key":"halation:VictoryRuler"},{"floor":30,"key":"RedMistMask"}],"event_choices":[],"is_beta":false,"boss_relics":[{"not_picked":["hubris:GrandSneckoEye","halation:Risk"],"picked":"Electric Blood"}],"items_purged_floors":[20],"is_endless":false,"potions_floor_spawned":[8,12,14,16,23,25,31,32],"killed_by":"DemoMod:ResourcefulRat","ascension_level":1}}