{"host":"hvwa7s69zr612rn1","time":1609322329,"event":{"mods":["BaseMod","Colored Map","Colored Powertips","Hermit","Minty Spire (QoL Compilation)","StSLib"],"gold_per_floor":[109,124,139,149,166,192,204,52,52,17,41,66,83,116,116,223,223,238,338,356,367,160,160,185,217,217,252,269,269,292,35,35,137,187,211,211,5,25,49,83,33,33,33,58,77,105,122,152,152,157,157],"floor_reached":50,"playtime":3401,"items_purged":["hermit:Defend_Hermit","hermit:Strike_Hermit","hermit:Strike_Hermit","hermit:Defend_Hermit"],"score":673,"play_id":"646cedef-a5b7-4db4-9481-2e7210092263","local_time":"20201230205849","is_ascension_mode":true,"campfire_choices":[{"data":"hermit:BlackWind","floor":15,"key":"SMITH"},{"data":"hermit:Gestalt","floor":23,"key":"SMITH"},{"data":"hermit:FromBeyond","floor":29,"key":"SMITH"},{"data":"hermit:HeroicBravado","floor":32,"key":"SMITH"},{"floor":42,"key":"DIG"},{"floor":49,"key":"REST"}],"circlet_count":0,"master_deck":["hermit:Defend_Hermit","hermit:Snapshot","hermit:Covet+1","hermit:Gestalt+1","hermit:Quickdraw","hermit:SprayPray","hermit:Scavenge","hermit:BlackWind+1","hermit:Gambit","hermit:Malice","hermit:HeroicBravado+1","hermit:HeroicBravado+1","hermit:BlackWind+1","hermit:Dissolve+1","hermit:Gestalt+1","hermit:LoneWolf+1","hermit:FromBeyond+1","hermit:ShadowCloak+1","hermit:PistolWhip","hermit:EternalForm","hermit:Determination","hermit:Scavenge+1"],"relics":["hermit:Momento","MealTicket","Vajra","Orichalcum","Smiling Mask","Astrolabe","Sling","PreservedInsect","Pear","Bottled Flame","Gremlin Horn","Tiny House","Membership Card","Shovel","Toxic Egg 2","Kunai","Toy Ornithopter","hermit:Spyglass"],"acts_visited":["Exordium","TheCity","TheBeyond"],"potions_floor_usage":[6,14,16,16,30,33,33,38,46,50,50],"damage_taken":[{"damage":1,"enemies":"Cultist","floor":1,"turns":3},{"damage":0,"enemies":"2 Louse","floor":2,"turns":2},{"damage":2,"enemies":"Small Slimes","floor":3,"turns":4},{"damage":24,"enemies":"Exordium Thugs","floor":4,"turns":5},{"damage":11,"enemies":"3 Louse","floor":5,"turns":4},{"damage":2,"enemies":"Lagavulin","floor":6,"turns":7},{"damage":1,"enemies":"Gremlin Gang","floor":7,"turns":4},{"damage":5,"enemies":"Lots of Slimes","floor":11,"turns":5},{"damage":0,"enemies":"2 Fungi Beasts","floor":12,"turns":3},{"damage":0,"enemies":"Gremlin Gang","floor":13,"turns":4},{"damage":2,"enemies":"3 Sentries","floor":14,"turns":4},{"damage":38,"enemies":"Hexaghost","floor":16,"turns":10},{"damage":3,"enemies":"Spheric Guardian","floor":18,"turns":4},{"damage":3,"enemies":"Chosen","floor":20,"turns":5},{"damage":19,"enemies":"3 Cultists","floor":21,"turns":6},{"damage":4,"enemies":"Snecko","floor":24,"turns":6},{"damage":15,"enemies":"Book of Stabbing","floor":25,"turns":5},{"damage":5,"enemies":"Slavers","floor":27,"turns":4},{"damage":5,"enemies":"Centurion and Healer","floor":28,"turns":6},{"damage":6,"enemies":"Snake Plant","floor":30,"turns":2},{"damage":5,"enemies":"Collector","floor":33,"turns":8},{"damage":5,"enemies":"3 Darklings","floor":35,"turns":5},{"damage":4,"enemies":"Orb Walker","floor":38,"turns":5},{"damage":5,"enemies":"3 Darklings","floor":39,"turns":5},{"damage":7,"enemies":"Giant Head","floor":40,"turns":11},{"damage":3,"enemies":"Transient","floor":44,"turns":5},{"damage":62,"enemies":"4 Shapes","floor":45,"turns":6},{"damage":5,"enemies":"Nemesis","floor":46,"turns":3},{"damage":11,"enemies":"Spire Growth","floor":47,"turns":4},{"damage":0,"enemies":"Reptomancer","floor":48,"turns":1},{"damage":45,"enemies":"Donu and Deca","floor":50,"turns":8}],"seed_played":"8696584598899590335","potions_obtained":[{"floor":2,"key":"CultistPotion"},{"floor":6,"key":"Block Potion"},{"floor":7,"key":"SkillPotion"},{"floor":13,"key":"DuplicationPotion"},{"floor":16,"key":"Energy Potion"},{"floor":18,"key":"CultistPotion"},{"floor":25,"key":"Ancient Potion"},{"floor":28,"key":"AttackPotion"},{"floor":30,"key":"SneckoOil"},{"floor":34,"key":"AttackPotion"},{"floor":35,"key":"EssenceOfSteel"},{"floor":40,"key":"Swift Potion"},{"floor":46,"key":"EssenceOfSteel"}],"is_trial":false,"path_per_floor":["M","M","M","M","M","E","M","$","T","?","M","M","M","E","R","B",null,"M","?","M","M","$","R","M","E","T","E","M","R","M","$","R","B",null,"M","?","$","M","M","E","$","R","T","M","M","E","M","E","R","B"],"character_chosen":"HERMIT","items_purchased":["hermit:BlackWind","Sling","Gremlin Horn","Membership Card"],"campfire_rested":1,"item_purchase_floors":[8,22,31,37],"current_hp_per_floor":[74,74,72,48,37,35,34,49,49,49,44,44,44,42,42,4,75,72,72,69,50,65,65,61,46,56,51,46,46,40,55,55,50,90,85,85,90,86,81,74,89,89,89,86,24,19,8,8,35,0,0],"gold":157,"neow_bonus":"RANDOM_COMMON_RELIC","is_daily":false,"chose_seed":false,"campfire_upgraded":4,"win_rate":0.0,"timestamp":1609322329,"path_taken":["M","M","M","M","M","E","M","$","T","?","M","M","M","E","R","BOSS","M","?","?","?","$","R","M","E","T","E","M","R","M","$","R","BOSS","M","?","$","M","M","E","?","R","T","M","?","E","M","E","R","BOSS"],"items_purchased_type":["Card","Relic","Relic","Relic"],"build_version":"2020-12-22","purchased_purges":4,"victory":false,"max_hp_per_floor":[75,75,75,75,75,75,75,75,75,75,75,75,75,75,75,75,75,75,75,75,75,75,75,75,75,85,85,85,85,85,85,85,85,90,90,90,90,90,90,90,90,90,90,90,90,90,90,90,90,90,90],"card_choices":[{"not_picked":["hermit:Desperado","hermit:Manifest","hermit:LowProfile"],"picked":"SKIP","floor":1},{"not_picked":["hermit:TrackingShot","hermit:Headshot"],"picked":"hermit:Gestalt","floor":2},{"not_picked":["hermit:DeadMansHand","hermit:HighCaliber","hermit:ItchyTrigger"],"picked":"SKIP","floor":3},{"not_picked":["hermit:Brawl","hermit:HighCaliber"],"picked":"hermit:Quickdraw","floor":4},{"not_picked":["hermit:Coalescence","hermit:Feint","hermit:Glare"],"picked":"SKIP","floor":5},{"not_picked":["hermit:Showdown","hermit:LowProfile"],"picked":"hermit:SprayPray","floor":6},{"not_picked":["hermit:WideOpen","hermit:TrackingShot"],"picked":"hermit:Scavenge","floor":7},{"not_picked":["hermit:Showdown","hermit:Virtue"],"picked":"hermit:Gambit","floor":11},{"not_picked":["hermit:Manifest","hermit:Vantage","hermit:HighCaliber"],"picked":"SKIP","floor":12},{"not_picked":["hermit:Quickdraw","hermit:LowProfile"],"picked":"hermit:Malice","floor":13},{"not_picked":["hermit:Adapt","hermit:TrackingShot","hermit:Misfire"],"picked":"SKIP","floor":14},{"not_picked":["hermit:Gambit","hermit:Reprieve"],"picked":"hermit:HeroicBravado","floor":16},{"not_picked":["hermit:WideOpen","hermit:Manifest"],"picked":"hermit:Gestalt+1","floor":18},{"not_picked":["hermit:ItchyTrigger","hermit:Glare","hermit:Misfire"],"picked":"SKIP","floor":20},{"not_picked":["hermit:LowProfile","hermit:Ricochet"],"picked":"hermit:LoneWolf+1","floor":21},{"not_picked":["hermit:Roulette","hermit:HoleUp"],"picked":"hermit:FromBeyond","floor":24},{"not_picked":["hermit:Feint+1","hermit:BodyArmor","hermit:Roughhouse"],"picked":"SKIP","floor":25},{"not_picked":["hermit:Spite","hermit:Vantage+1"],"picked":"hermit:ShadowCloak+1","floor":27},{"not_picked":["hermit:DeadMansHand","hermit:PistolWhip","hermit:Deadeye"],"picked":"SKIP","floor":28},{"not_picked":["hermit:Desperado","hermit:TrackingShot","hermit:DeadMansHand"],"picked":"SKIP","floor":30},{"not_picked":["hermit:TrackingShot","hermit:GoldenBullet"],"picked":"hermit:PistolWhip","floor":34},{"not_picked":["hermit:Coalescence","hermit:Roulette","hermit:TakeCover+1"],"picked":"SKIP","floor":35},{"not_picked":["hermit:LuckOfTheDraw+1","hermit:Ricochet","hermit:Brawl+1"],"picked":"SKIP","floor":38},{"not_picked":["hermit:Spite","hermit:Glare+1","hermit:Roulette+1"],"picked":"SKIP","floor":39},{"not_picked":["hermit:Grudge+1","hermit:Maintenance","hermit:Midnight"],"picked":"SKIP","floor":40},{"not_picked":["hermit:WideOpen+1","hermit:Feint+1","hermit:LoneWolf+1"],"picked":"SKIP","floor":44},{"not_picked":["hermit:Headshot","hermit:Quickdraw+1","hermit:HoleUp+1"],"picked":"SKIP","floor":45},{"not_picked":["hermit:Purgatory","hermit:Snipe+1"],"picked":"hermit:Determination","floor":46},{"not_picked":["hermit:CalledShot","hermit:Deadeye+1","hermit:Vantage+1"],"picked":"SKIP","floor":47},{"not_picked":["hermit:WideOpen","hermit:Shortfuse"],"picked":"hermit:Scavenge+1","floor":48}],"player_experience":329439,"relics_obtained":[{"floor":6,"key":"Vajra"},{"floor":9,"key":"Orichalcum"},{"floor":14,"key":"Smiling Mask"},{"floor":25,"key":"PreservedInsect"},{"floor":26,"key":"Pear"},{"floor":27,"key":"Bottled Flame"},{"floor":40,"key":"Shovel"},{"floor":42,"key":"Toxic Egg 2"},{"floor":43,"key":"Kunai"},{"floor":46,"key":"Toy Ornithopter"},{"floor":48,"key":"hermit:Spyglass"}],"event_choices":[{"damage_healed":0,"gold_gain":0,"player_choice":"Left Gold","damage_taken":0,"max_hp_gain":0,"max_hp_loss":0,"event_name":"World of Goop","floor":10,"gold_loss":35},{"damage_healed":0,"gold_gain":100,"player_choice":"Pray","damage_taken":0,"max_hp_gain":0,"max_hp_loss":0,"event_name":"Golden Shrine","floor":19,"gold_loss":0},{"damage_healed":0,"gold_gain":0,"player_choice":"1 cards matched","damage_taken":0,"max_hp_gain":0,"max_hp_loss":0,"event_name":"Match and Keep!","floor":36,"gold_loss":0,"cards_obtained":["hermit:EternalForm"]}],"is_beta":false,"boss_relics":[{"not_picked":["Fusion Hammer","hermit:ClaspedLocket"],"picked":"Astrolabe"},{"not_picked":["Empty Cage","Pandora\u0027s Box"],"picked":"Tiny House"}],"items_purged_floors":[8,22,37,41],"is_endless":false,"potions_floor_spawned":[2,6,7,13,16,18,25,28,30,35,40,46],"killed_by":"Donu and Deca","ascension_level":1}}