{"host":"08sn1703g14rasc1","time":1609324342,"event":{"mods":["AchievementEnabler","BaseMod","Colored Map","Colored Powertips","Hermit","Minty Spire (QoL Compilation)","StSLib"],"gold_per_floor":[213,213,2,17,17,46,46,76,103,116,29,29,45,56,56,156,156,170,170,170,170,186,186,205,224,251,261,261,261,261],"floor_reached":29,"playtime":761,"items_purged":[],"score":317,"play_id":"d842ed32-bfde-44f4-b148-bc1fb6a2e2c3","local_time":"20201230023222","is_ascension_mode":true,"campfire_choices":[{"floor":7,"key":"REST"},{"floor":15,"key":"REST"},{"floor":23,"key":"REST"}],"circlet_count":0,"master_deck":["hermit:Strike_Hermit+1","hermit:Strike_Hermit+1","hermit:Strike_Hermit+1","hermit:Strike_Hermit+1","hermit:Defend_Hermit+1","hermit:Defend_Hermit+1","hermit:Defend_Hermit+1","hermit:Defend_Hermit+1","hermit:Snapshot","hermit:Covet","hermit:Brawl+1","hermit:Spite","hermit:Brawl+1","hermit:FlashPowder","hermit:Reprieve","hermit:Brawl","Madness","hermit:ShadowCloak","hermit:BlackWind","hermit:Virtue","hermit:FatalDesire","hermit:DeadMansHand","hermit:Quickdraw+1","hermit:Determination","hermit:Feint","hermit:Deadeye+1","hermit:EyeOfTheStorm","Decay"],"relics":["hermit:Momento","DollysMirror","Vajra","Dream Catcher","Orichalcum","Ancient Tea Set","SlaversCollar","PreservedInsect"],"acts_visited":["Exordium","TheCity"],"potions_floor_usage":[13],"damage_taken":[{"damage":0,"enemies":"Small Slimes","floor":1,"turns":4},{"damage":1,"enemies":"Cultist","floor":4,"turns":3},{"damage":18,"enemies":"Lagavulin","floor":6,"turns":6},{"damage":32,"enemies":"Gremlin Nob","floor":8,"turns":4},{"damage":5,"enemies":"Jaw Worm","floor":10,"turns":4},{"damage":7,"enemies":"3 Louse","floor":13,"turns":4},{"damage":6,"enemies":"Blue Slaver","floor":14,"turns":4},{"damage":27,"enemies":"Hexaghost","floor":16,"turns":8},{"damage":39,"enemies":"Chosen","floor":18,"turns":7},{"damage":6,"enemies":"2 Thieves","floor":22,"turns":5},{"damage":23,"enemies":"Snecko","floor":24,"turns":5},{"damage":21,"enemies":"Centurion and Healer","floor":25,"turns":6},{"damage":22,"enemies":"3 Cultists","floor":27,"turns":5},{"damage":7,"enemies":"Slavers","floor":29,"turns":1}],"seed_played":"7009435043943371788","potions_obtained":[{"floor":8,"key":"FearPotion"},{"floor":10,"key":"Fire Potion"},{"floor":14,"key":"BlessingOfTheForge"},{"floor":18,"key":"hermit:Tonic"},{"floor":25,"key":"FairyPotion"}],"is_trial":false,"path_per_floor":["M","?","$","M","$","E","R","E","T","M","$","?","M","M","R","B",null,"M","?","?","?","M","R","M","M","T","M","?","E"],"character_chosen":"HERMIT","items_purchased":["hermit:Spite","DollysMirror","Madness"],"campfire_rested":3,"item_purchase_floors":[3,3,11],"current_hp_per_floor":[68,68,68,67,67,49,71,43,43,38,38,35,32,26,48,21,62,27,27,27,21,19,41,18,1,1,4,4,0,0],"gold":261,"neow_bonus":"HUNDRED_GOLD","is_daily":false,"chose_seed":false,"campfire_upgraded":0,"win_rate":0.0,"timestamp":1609324342,"path_taken":["M","?","$","?","?","E","R","E","T","M","$","?","M","M","R","BOSS","M","?","?","?","M","R","M","M","T","?","?","E"],"items_purchased_type":["Card","Relic","Card"],"build_version":"2020-12-22","purchased_purges":0,"victory":false,"max_hp_per_floor":[75,75,75,75,75,75,75,75,75,75,75,75,75,75,75,75,75,75,75,75,75,75,75,75,75,75,75,75,75,75],"card_choices":[{"not_picked":["hermit:BodyArmor","hermit:NoHoldsBarred"],"picked":"hermit:Brawl","floor":1},{"not_picked":["hermit:Glare","hermit:CursedWeapon"],"picked":"hermit:FlashPowder","floor":4},{"not_picked":["hermit:Vantage","hermit:Misfire"],"picked":"hermit:Reprieve","floor":6},{"not_picked":["hermit:Dive","hermit:NoHoldsBarred"],"picked":"hermit:Brawl","floor":8},{"not_picked":["hermit:Coalescence","hermit:Ricochet"],"picked":"hermit:Quickdraw","floor":10},{"not_picked":["hermit:Feint","hermit:Ricochet","hermit:CalledShot"],"picked":"SKIP","floor":13},{"not_picked":["hermit:LuckOfTheDraw","hermit:HighCaliber"],"picked":"hermit:ShadowCloak","floor":14},{"not_picked":["hermit:Roulette","hermit:TakeAim"],"picked":"hermit:Dive","floor":15},{"not_picked":["hermit:EternalForm","hermit:OverwhelmingPower"],"picked":"hermit:BlackWind","floor":16},{"not_picked":["hermit:Quickdraw","hermit:CursedWeapon"],"picked":"hermit:Virtue","floor":18},{"not_picked":["hermit:ItchyTrigger+1","hermit:Snipe"],"picked":"hermit:Quickdraw+1","floor":22},{"not_picked":["hermit:Roulette","hermit:Virtue"],"picked":"hermit:Determination","floor":23},{"not_picked":["hermit:Snipe","hermit:Cheat"],"picked":"hermit:Feint","floor":24},{"not_picked":["hermit:BigShot+1","hermit:Feint"],"picked":"hermit:Deadeye+1","floor":25},{"not_picked":["hermit:BodyArmor+1","hermit:Gestalt"],"picked":"hermit:EyeOfTheStorm","floor":27}],"player_experience":446416,"relics_obtained":[{"floor":6,"key":"Vajra"},{"floor":8,"key":"Dream Catcher"},{"floor":9,"key":"Orichalcum"},{"floor":26,"key":"PreservedInsect"}],"event_choices":[{"damage_healed":0,"gold_gain":0,"player_choice":"Upgraded","damage_taken":0,"max_hp_gain":0,"max_hp_loss":0,"event_name":"Upgrade Shrine","floor":2,"gold_loss":0,"cards_upgraded":["hermit:Brawl"]},{"damage_healed":0,"gold_gain":0,"player_choice":"Success","damage_taken":3,"relics_obtained":["Ancient Tea Set"],"max_hp_gain":0,"max_hp_loss":0,"event_name":"Scrap Ooze","floor":12,"gold_loss":0},{"damage_healed":0,"gold_gain":0,"player_choice":"Simplicity","damage_taken":0,"max_hp_gain":0,"max_hp_loss":0,"event_name":"Back to Basics","floor":19,"gold_loss":0,"cards_upgraded":["hermit:Strike_Hermit","hermit:Strike_Hermit","hermit:Strike_Hermit","hermit:Strike_Hermit","hermit:Defend_Hermit","hermit:Defend_Hermit","hermit:Defend_Hermit","hermit:Defend_Hermit"]},{"damage_healed":0,"gold_gain":0,"cards_transformed":["hermit:Quickdraw","hermit:Dive"],"player_choice":"Became Test Subject","damage_taken":0,"max_hp_gain":0,"max_hp_loss":0,"event_name":"Drug Dealer","floor":20,"gold_loss":0,"cards_obtained":["hermit:FatalDesire","hermit:DeadMansHand"]},{"damage_healed":0,"gold_gain":0,"player_choice":"","damage_taken":6,"max_hp_gain":0,"max_hp_loss":0,"event_name":"Knowing Skull","floor":21,"potions_obtained":[],"gold_loss":0,"cards_obtained":[]},{"damage_healed":0,"gold_gain":0,"player_choice":"Smashed Altar","damage_taken":0,"max_hp_gain":0,"max_hp_loss":0,"event_name":"Forgotten Altar","floor":28,"gold_loss":0,"cards_obtained":["Decay"]}],"is_beta":false,"boss_relics":[{"not_picked":["Empty Cage","hermit:DentedPlate"],"picked":"SlaversCollar"}],"items_purged_floors":[],"is_endless":false,"potions_floor_spawned":[8,10,14,18,25],"killed_by":"Slavers","ascension_level":7}}