{"host":"0ydzwspkajt4brzd","time":1609313607,"event":{"mods":["AchievementEnabler","BaseMod","Colored Map","DeckTracker","Googly Eyes","Highlight Path","Minty Spire (QoL Compilation)","Quick Restart","Random Character Button","Rare Cards Sparkle"],"gold_per_floor":[115,126,20,40,56,88,108,140,167,203,228,252,252,281,281,281,281],"floor_reached":16,"playtime":1267,"items_purged":[],"score":192,"play_id":"b89dfce4-f8ad-44a9-8867-a188e807a2dd","local_time":"20201229233327","is_ascension_mode":true,"campfire_choices":[{"floor":15,"key":"REST"}],"circlet_count":0,"master_deck":["AscendersBane","Strike_R","Strike_R","Strike_R","Strike_R+1","Strike_R","Defend_R","Defend_R","Defend_R","Defend_R","Bash","Swift Strike","Spot Weakness","Warcry","Flame Barrier","Whirlwind","Pommel Strike","Immolate","Headbutt","Disarm+1","Limit Break","Demon Form","Perfected Strike","Pommel Strike"],"relics":["Burning Blood","Regal Pillow","Prayer Wheel","Lantern","CeramicFish","Potion Belt"],"acts_visited":["Exordium"],"potions_floor_usage":[11,11],"damage_taken":[{"damage":1.0,"enemies":"Cultist","floor":1.0,"turns":3.0},{"damage":10.0,"enemies":"Small Slimes","floor":2.0,"turns":3.0},{"damage":2.0,"enemies":"Jaw Worm","floor":4.0,"turns":3.0},{"damage":5.0,"enemies":"2 Fungi Beasts","floor":5.0,"turns":4.0},{"damage":23.0,"enemies":"Lagavulin","floor":6.0,"turns":6.0},{"damage":11.0,"enemies":"Blue Slaver","floor":7.0,"turns":3.0},{"damage":16.0,"enemies":"Gremlin Nob","floor":8.0,"turns":4.0},{"damage":20,"enemies":"3 Sentries","floor":10,"turns":3},{"damage":13,"enemies":"Large Slime","floor":11,"turns":5},{"damage":2,"enemies":"2 Fungi Beasts","floor":14,"turns":3},{"damage":57,"enemies":"Slime Boss","floor":16,"turns":8}],"seed_played":"7202289480062297449","potions_obtained":[{"floor":1.0,"key":"SpeedPotion"},{"floor":2.0,"key":"Swift Potion"},{"floor":7.0,"key":"Strength Potion"},{"floor":10,"key":"Explosive Potion"}],"is_trial":false,"path_per_floor":["M","M","$","M","M","E","M","E","T","E","M","T","?","M","R","B"],"character_chosen":"IRONCLAD","items_purchased":["Flame Barrier","Whirlwind"],"campfire_rested":1,"item_purchase_floors":[3,3],"current_hp_per_floor":[77,73,73,77,78,61,56,46,46,32,25,25,9,13,52,0,0],"gold":281,"neow_bonus":"RANDOM_COLORLESS","is_daily":false,"chose_seed":false,"campfire_upgraded":0,"win_rate":0.0,"timestamp":1609313607,"path_taken":["M","M","$","?","M","E","M","E","T","E","?","?","?","M","R","BOSS"],"items_purchased_type":["Card","Card"],"build_version":"2020-12-22","purchased_purges":0,"victory":false,"max_hp_per_floor":[80,80,80,80,80,80,80,80,80,80,80,80,80,80,80,80,80],"card_choices":[{"not_picked":["Purity","Deep Breath"],"picked":"Swift Strike","floor":0.0},{"not_picked":["Wild Strike","Warcry"],"picked":"Spot Weakness","floor":1.0},{"not_picked":["Infernal Blade","Sword Boomerang"],"picked":"Warcry","floor":2.0},{"not_picked":["Inflame","Body Slam"],"picked":"Pommel Strike","floor":4.0},{"not_picked":["Body Slam","Iron Wave"],"picked":"Immolate","floor":5.0},{"not_picked":["Flex","Cleave"],"picked":"Headbutt","floor":6.0},{"not_picked":["Dark Embrace","Thunderclap"],"picked":"Disarm","floor":7.0},{"not_picked":["Body Slam","Brutality"],"picked":"Limit Break","floor":8.0},{"not_picked":["Shrug It Off","Reckless Charge"],"picked":"Demon Form","floor":10},{"not_picked":["Body Slam","Dual Wield"],"picked":"Perfected Strike","floor":11},{"not_picked":["Sever Soul","Havoc","Dark Embrace"],"picked":"SKIP","floor":11},{"not_picked":["Dark Embrace","Twin Strike"],"picked":"Pommel Strike","floor":14},{"not_picked":["Whirlwind","Thunderclap","Dual Wield"],"picked":"SKIP","floor":14}],"player_experience":398891,"relics_obtained":[{"floor":6.0,"key":"Regal Pillow"},{"floor":8.0,"key":"Prayer Wheel"},{"floor":9.0,"key":"Lantern"},{"floor":10,"key":"CeramicFish"},{"floor":12,"key":"Potion Belt"}],"event_choices":[{"damage_healed":0,"gold_gain":0,"player_choice":"Entered Light","damage_taken":16,"max_hp_gain":0,"max_hp_loss":0,"event_name":"Shining Light","floor":13,"gold_loss":0,"cards_upgraded":["Disarm","Strike_R"]}],"is_beta":false,"boss_relics":[],"items_purged_floors":[],"is_endless":false,"potions_floor_spawned":[1,2,7,10],"killed_by":"Slime Boss","ascension_level":11}}