{"host":"y3iy5gb13b300rns","time":1609315540,"event":{"mods":["BaseMod","Bestiary","Curses Come First","Minty Spire (QoL Compilation)","Replay The Spire","StSLib","The Runesmith"],"gold_per_floor":[363,61,118,393,412,447,462,481,481,508,508,526,526,526,526,655,718,737,751,205,205,229,229,267,267,267],"floor_reached":25,"playtime":1521,"items_purged":[],"score":294,"play_id":"9dd15d9c-482b-4366-b0b5-d33b4bae5953","local_time":"20201230020540","is_ascension_mode":true,"campfire_choices":[{"floor":11.0,"key":"REST"},{"floor":13.0,"key":"REST"},{"floor":15.0,"key":"DIG"},{"floor":23.0,"key":"REST"}],"circlet_count":0,"master_deck":["Strike_G","Strike_G","Strike_G","Strike_G","Strike_G","Defend_G","Defend_G","Defend_G","Defend_G","Defend_G","Survivor+1","Neutralize","Slice","Bouncing Flask","Bouncing Flask","Bouncing Flask","Regret","Bane","Deflect","Poisoned Stab","Crippling Poison","Slice","Blur","Injury","Burst","Catalyst","Deadly Poison","Footwork","Necronomicurse","Terror","Outmaneuver+1"],"relics":["Ring of the Snake","ReplayTheSpireMod:Shallot","Sundial","Nunchaku","Quantum Egg","Kunai","Golden Idol","Molten Egg 2","Tiny House","Garlic","Torii","Necronomicon","Bird Faced Urn"],"acts_visited":["Exordium","TheCity"],"potions_floor_usage":[],"damage_taken":[{"damage":2.0,"enemies":"Small Slimes","floor":1.0,"turns":3.0},{"damage":0.0,"enemies":"Cultist","floor":5.0,"turns":3.0},{"damage":4.0,"enemies":"Gremlin Nob","floor":6.0,"turns":3.0},{"damage":2.0,"enemies":"Jaw Worm","floor":7.0,"turns":3.0},{"damage":2.0,"enemies":"Large Slime","floor":8.0,"turns":6.0},{"damage":18.0,"enemies":"Lagavulin","floor":10.0,"turns":4.0},{"damage":9.0,"enemies":"3 Louse","floor":12.0,"turns":3.0},{"damage":16.0,"enemies":"The Guardian","floor":16.0,"turns":8.0},{"damage":3.0,"enemies":"Chosen","floor":18.0,"turns":4.0},{"damage":0.0,"enemies":"Spheric Guardian","floor":19.0,"turns":3.0},{"damage":32.0,"enemies":"3 Cultists","floor":22.0,"turns":6.0},{"damage":13.0,"enemies":"Slavers","floor":24.0,"turns":8.0},{"damage":35,"enemies":"Cultist and Chosen","floor":25,"turns":6}],"seed_played":"-5720785958608850596","potions_obtained":[{"floor":3.0,"key":"FearPotion"},{"floor":5.0,"key":"CultistPotion"},{"floor":7.0,"key":"Flashbang"},{"floor":8.0,"key":"Swift Potion"},{"floor":16.0,"key":"Block Potion"},{"floor":17.0,"key":"Adrenaline Potion"},{"floor":24.0,"key":"Fruit Juice"}],"is_trial":false,"path_per_floor":["M","$","?","?","M","E","M","M","T","E","R","M","R","?","R","B",null,"M","M","$","?","M","R","E","M"],"character_chosen":"THE_SILENT","items_purchased":["ReplayTheSpireMod:Shallot","Bouncing Flask","Garlic","Torii"],"campfire_rested":3,"item_purchase_floors":[2,2,20,20],"current_hp_per_floor":[61,61,61,61,61,57,55,53,53,35,53,44,62,62,62,46,68,65,65,65,49,17,37,29,0,0],"gold":267,"neow_bonus":"TWO_FIFTY_GOLD","is_daily":false,"chose_seed":false,"campfire_upgraded":0,"win_rate":0.0,"timestamp":1609315540,"path_taken":["M","$","?","?","?","E","M","M","T","E","R","M","R","?","R","BOSS","M","M","$","?","M","R","E","M"],"items_purchased_type":["Relic","Card","Relic","Relic"],"build_version":"2020-12-22","purchased_purges":0,"victory":false,"max_hp_per_floor":[63,63,63,63,63,63,63,63,63,63,63,63,63,63,63,63,68,68,68,68,68,68,68,73,73,73],"card_choices":[{"not_picked":["Acrobatics","Flying Knee"],"picked":"Slice","floor":1.0},{"not_picked":["ReplayTheSpireMod:Exploit Weakness","ReplayTheSpireMod:Shiv Toss"],"picked":"Bouncing Flask","floor":3.0},{"not_picked":["Underhanded Strike","Dagger Spray"],"picked":"Bane","floor":5.0},{"not_picked":["Draining Mist","Flying Knee"],"picked":"Deflect","floor":6.0},{"not_picked":["Finisher","Choke"],"picked":"Poisoned Stab","floor":7.0},{"not_picked":["Dodge and Roll","Toxin Wave"],"picked":"Crippling Poison","floor":8.0},{"not_picked":["Outmaneuver","ReplayTheSpireMod:Tripwire"],"picked":"Slice","floor":10.0},{"not_picked":["Skewer","PiercingWail"],"picked":"Blur","floor":12.0},{"not_picked":["Night Terror","Replay:Bag of Tricks"],"picked":"Burst","floor":16.0},{"not_picked":["Well Laid Plans","Leg Sweep"],"picked":"Catalyst","floor":17.0},{"not_picked":["Quick Slash+1","Fluid Movement+1"],"picked":"Deadly Poison","floor":18.0},{"not_picked":["Deflect","Blade Dance"],"picked":"Footwork","floor":19.0},{"not_picked":["Flying Knee+1","Prepared"],"picked":"Terror","floor":22.0},{"not_picked":["Acrobatics","Poisoned Stab+1"],"picked":"Outmaneuver+1","floor":24.0}],"player_experience":378947,"relics_obtained":[{"floor":3.0,"key":"Sundial"},{"floor":6.0,"key":"Nunchaku"},{"floor":9.0,"key":"Quantum Egg"},{"floor":10.0,"key":"Kunai"},{"floor":15.0,"key":"Molten Egg 2"},{"floor":21.0,"key":"Necronomicon"},{"floor":24.0,"key":"Bird Faced Urn"}],"event_choices":[{"damage_healed":0.0,"max_hp_gain":0.0,"max_hp_loss":0.0,"gold_gain":275.0,"event_name":"Golden Shrine","player_choice":"Desecrate","floor":4.0,"gold_loss":0.0,"damage_taken":0.0,"cards_obtained":["Regret"]},{"damage_healed":0.0,"max_hp_gain":0.0,"max_hp_loss":0.0,"gold_gain":0.0,"event_name":"Golden Idol","player_choice":"Take Wound","floor":14.0,"gold_loss":0.0,"damage_taken":0.0,"relics_obtained":["Golden Idol"],"cards_obtained":["Injury"]},{"damage_healed":0.0,"max_hp_gain":0.0,"max_hp_loss":0.0,"gold_gain":0.0,"event_name":"Cursed Tome","player_choice":"Obtained Book","floor":21.0,"gold_loss":0.0,"damage_taken":16.0}],"is_beta":false,"boss_relics":[{"not_picked":["Ring of Chaos","Runic Dome"],"picked":"Tiny House"}],"items_purged_floors":[],"is_endless":false,"potions_floor_spawned":[5,7,8,16,24],"killed_by":"Cultist and Chosen","ascension_level":1}}