{"host":"naykp6d9ulahlwib","time":1609357844,"event":{"mods":["BaseMod","Highlight Path","Minty Spire (QoL Compilation)","Shop Mod","StSLib"],"gold_per_floor":[19,19,37,37,86,129,154,79,79,79,101,101,122,142,142,224,224,250,259,276,105,125,160,176,176,176,19,35,35,63,82,82,169,178,194,220,220,95,95,95,115,140,140,140,0,0,38,38,38,38],"floor_reached":51,"playtime":7983,"items_purged":["Regret","Defend_P","Strike_P"],"score":1305,"play_id":"65e2a838-8b4f-400c-bd3a-b06bc391f231","local_time":"20201230135044","is_ascension_mode":true,"campfire_choices":[{"data":"Apotheosis","floor":10.0,"key":"SMITH"},{"data":"Omniscience","floor":12.0,"key":"SMITH"},{"data":"Eruption","floor":15.0,"key":"SMITH"},{"data":"Scrawl","floor":25.0,"key":"SMITH"},{"data":"Wish","floor":29.0,"key":"SMITH"},{"data":"WaveOfTheHand","floor":32.0,"key":"SMITH"},{"floor":40.0,"key":"REST"},{"floor":46.0,"key":"REST"},{"data":"Vault","floor":49.0,"key":"SMITH"}],"circlet_count":0,"master_deck":["AscendersBane","Strike_P+1","Defend_P","Defend_P","Defend_P","Eruption+1","Vigilance","Apotheosis+1","Wallop+1","Halt","Omniscience+1","WaveOfTheHand+1","Tantrum","EmptyBody","Wish+1","WreathOfFlame","Omniscience+1","Wallop","Scrawl+1","Scrawl+1","TalkToTheHand+1","DevaForm","CurseOfTheBell","TalkToTheHand+1","Halt","Vault+1"],"relics":["HolyWater","Singing Bowl","CeramicFish","Pantograph","Boot","Whetstone","Molten Egg 2","DollysMirror","Sundial","Calling Bell","Toy Ornithopter","Frozen Egg 2","WingedGreaves","Ancient Tea Set","Red Mask","MealTicket"],"acts_visited":["Exordium","TheCity","TheBeyond"],"potions_floor_usage":[50,50],"damage_taken":[{"damage":0.0,"enemies":"Jaw Worm","floor":1.0,"turns":2.0},{"damage":2.0,"enemies":"2 Louse","floor":3.0,"turns":2.0},{"damage":10.0,"enemies":"Lagavulin","floor":6.0,"turns":8.0},{"damage":0.0,"enemies":"Cultist","floor":7.0,"turns":3.0},{"damage":1.0,"enemies":"Blue Slaver","floor":11.0,"turns":4.0},{"damage":1.0,"enemies":"Exordium Thugs","floor":13.0,"turns":4.0},{"damage":0.0,"enemies":"Large Slime","floor":14.0,"turns":3.0},{"damage":30.0,"enemies":"The Guardian","floor":16.0,"turns":10.0},{"damage":5.0,"enemies":"2 Thieves","floor":18.0,"turns":5.0},{"damage":1.0,"enemies":"3 Byrds","floor":20.0,"turns":5.0},{"damage":0.0,"enemies":"Snecko","floor":22.0,"turns":5.0},{"damage":5.0,"enemies":"Gremlin Leader","floor":23.0,"turns":4.0},{"damage":0.0,"enemies":"Sentry and Sphere","floor":24.0,"turns":2.0},{"damage":0.0,"enemies":"Snake Plant","floor":28.0,"turns":2.0},{"damage":0.0,"enemies":"Slavers","floor":30.0,"turns":5.0},{"damage":0.0,"enemies":"Centurion and Healer","floor":31.0,"turns":3.0},{"damage":28.0,"enemies":"Automaton","floor":33.0,"turns":14.0},{"damage":16.0,"enemies":"3 Shapes","floor":35.0,"turns":4.0},{"damage":9.0,"enemies":"3 Darklings","floor":36.0,"turns":6.0},{"damage":0.0,"enemies":"Writhing Mass","floor":41.0,"turns":8.0},{"damage":2.0,"enemies":"Sphere and 2 Shapes","floor":42.0,"turns":5.0},{"damage":1.0,"enemies":"Nemesis","floor":47.0,"turns":7.0},{"damage":66,"enemies":"Time Eater","floor":50,"turns":15}],"seed_played":"-5788064907916467530","potions_obtained":[{"floor":1.0,"key":"EssenceOfSteel"},{"floor":3.0,"key":"SpeedPotion"},{"floor":6.0,"key":"PowerPotion"},{"floor":13.0,"key":"EssenceOfSteel"},{"floor":22.0,"key":"BlessingOfTheForge"},{"floor":23.0,"key":"ColorlessPotion"},{"floor":33.0,"key":"DuplicationPotion"}],"is_trial":false,"path_per_floor":["M","?","M","?","T","E","M","$","T","R","M","R","M","M","R","B",null,"M","?","M","$","M","E","M","R","T","$","M","R","E","M","R","B",null,"M","M","?","$","?","R","M","M","T","$","?","R","E","?","R","B",null],"character_chosen":"WATCHER","items_purchased":["Wallop","DollysMirror"],"campfire_rested":2,"item_purchase_floors":[21,27],"current_hp_per_floor":[61,61,59,59,59,49,49,49,49,49,48,48,47,49,49,40,63,58,58,59,59,61,56,58,58,58,58,60,60,62,62,62,52,73,59,50,46,46,46,72,74,72,72,72,72,90,89,89,89,34],"gold":38,"neow_bonus":"RANDOM_COLORLESS_2","is_daily":false,"chose_seed":false,"campfire_upgraded":7,"win_rate":0.0,"timestamp":1609357844,"path_taken":["M","?","M","?","?","E","M","$","T","R","?","R","M","M","R","BOSS","M","?","M","$","?","E","M","R","T","$","M","R","E","M","R","BOSS","M","M","?","$","?","R","?","M","T","$","?","R","E","?","R","BOSS"],"items_purchased_type":["Card","Relic"],"build_version":"2020-12-22","purchased_purges":3,"victory":true,"max_hp_per_floor":[68,68,68,68,68,68,68,68,68,68,68,68,68,70,70,70,70,70,70,72,72,74,74,76,76,76,76,78,78,80,80,80,80,80,82,82,88,88,88,88,90,90,90,90,90,90,90,90,90,90],"card_choices":[{"not_picked":["Violence","Sadistic Nature"],"picked":"Apotheosis","floor":0.0},{"not_picked":["SashWhip","FearNoEvil"],"picked":"Wallop","floor":1.0},{"not_picked":["Evaluate","ThirdEye"],"picked":"Halt","floor":3.0},{"not_picked":["FearNoEvil","CrushJoints"],"picked":"Omniscience","floor":6.0},{"not_picked":["EmptyFist","JustLucky"],"picked":"WaveOfTheHand","floor":7.0},{"not_picked":["Halt","ThirdEye"],"picked":"Tantrum","floor":11.0},{"not_picked":["Evaluate","CutThroughFate"],"picked":"EmptyBody","floor":13.0},{"not_picked":["FlyingSleeves","EmptyFist","Prostrate"],"picked":"Singing Bowl","floor":14.0},{"not_picked":["Brilliance","Omniscience"],"picked":"Wish","floor":16.0},{"not_picked":["CutThroughFate","CrushJoints"],"picked":"WreathOfFlame","floor":18.0},{"not_picked":["ClearTheMind","Pray","FollowUp"],"picked":"Singing Bowl","floor":20.0},{"not_picked":["WreathOfFlame","Protect","Indignation"],"picked":"Singing Bowl","floor":22.0},{"not_picked":["Perseverance+1","Study+1"],"picked":"Scrawl","floor":23.0},{"not_picked":["SignatureMove+1","Pray","ThirdEye+1"],"picked":"Singing Bowl","floor":24.0},{"not_picked":["FlyingSleeves+1","InnerPeace","WindmillStrike+1"],"picked":"Singing Bowl","floor":28.0},{"not_picked":["Meditate","Protect","Tantrum+1"],"picked":"Singing Bowl","floor":30.0},{"not_picked":["Swivel","Consecrate+1"],"picked":"TalkToTheHand+1","floor":31.0},{"not_picked":["Judgement","SpiritShield"],"picked":"DevaForm","floor":33.0},{"not_picked":["JustLucky+1","Indignation","EmptyFist+1"],"picked":"Singing Bowl","floor":35.0},{"not_picked":["Meditate","MentalFortress+1"],"picked":"TalkToTheHand+1","floor":36.0},{"not_picked":["Finesse","Enlightenment","Forethought"],"picked":"Singing Bowl","floor":37.0},{"not_picked":["Swift Strike+1","Jack Of All Trades","Purity"],"picked":"Singing Bowl","floor":37.0},{"not_picked":["Metamorphosis","Enlightenment","Jack Of All Trades"],"picked":"Singing Bowl","floor":37.0},{"not_picked":["FollowUp+1","EmptyFist+1","CrushJoints+1"],"picked":"Singing Bowl","floor":41.0},{"not_picked":["Tantrum+1","Prostrate"],"picked":"Halt","floor":42.0},{"not_picked":["LikeWater+1","Study+1"],"picked":"Vault","floor":47.0}],"player_experience":932286,"relics_obtained":[{"floor":5.0,"key":"CeramicFish"},{"floor":6.0,"key":"Pantograph"},{"floor":9.0,"key":"Boot"},{"floor":23.0,"key":"Whetstone"},{"floor":26.0,"key":"Molten Egg 2"},{"floor":30.0,"key":"Sundial"},{"floor":34.0,"key":"Toy Ornithopter"},{"floor":34.0,"key":"Frozen Egg 2"},{"floor":34.0,"key":"WingedGreaves"},{"floor":43.0,"key":"Ancient Tea Set"},{"floor":47.0,"key":"MealTicket"}],"event_choices":[{"cards_removed":["Strike_P"],"damage_healed":0.0,"max_hp_gain":0.0,"max_hp_loss":0.0,"gold_gain":0.0,"event_name":"Living Wall","player_choice":"Forget","floor":2.0,"gold_loss":0.0,"damage_taken":0.0},{"damage_healed":0.0,"max_hp_gain":0.0,"max_hp_loss":0.0,"gold_gain":0.0,"event_name":"Big Fish","player_choice":"Box","floor":4.0,"gold_loss":0.0,"damage_taken":0.0,"relics_obtained":["Singing Bowl"],"cards_obtained":["Regret"]},{"damage_healed":0.0,"max_hp_gain":0.0,"max_hp_loss":0.0,"gold_gain":0.0,"event_name":"Duplicator","player_choice":"Copied","floor":19.0,"gold_loss":0.0,"damage_taken":0.0,"cards_obtained":["Omniscience"]},{"damage_healed":0.0,"max_hp_gain":0.0,"max_hp_loss":0.0,"gold_gain":0.0,"event_name":"SensoryStone","player_choice":"Memory 3","floor":37.0,"gold_loss":0.0,"damage_taken":10.0},{"cards_removed":["Strike_P"],"damage_healed":0.0,"max_hp_gain":0.0,"max_hp_loss":0.0,"gold_gain":0.0,"event_name":"Bonfire Elementals","player_choice":"Offered Basic","floor":39.0,"gold_loss":0.0,"damage_taken":0.0},{"damage_healed":0.0,"max_hp_gain":0.0,"max_hp_loss":0.0,"gold_gain":0.0,"event_name":"Tomb of Lord Red Mask","player_choice":"Paid","floor":45.0,"gold_loss":140.0,"damage_taken":0.0,"relics_obtained":["Red Mask"]},{"damage_healed":0.0,"max_hp_gain":0.0,"max_hp_loss":0.0,"gold_gain":0.0,"event_name":"Match and Keep!","player_choice":"0 cards matched","floor":48.0,"gold_loss":0.0,"damage_taken":0.0,"cards_obtained":[]}],"is_beta":false,"boss_relics":[{"not_picked":["Sozu","Astrolabe"],"picked":"HolyWater"},{"not_picked":["Black Star","Snecko Eye"],"picked":"Calling Bell"}],"items_purged_floors":[8,21,38],"is_endless":false,"potions_floor_spawned":[1,3,6,13,22,23,28,33,36,42],"ascension_level":17}}