{"host":"5gc11emcm5chfr5t","time":1609372352,"event":{"mods":["2.2 Compatiblity","AchievementEnabler","BaseMod","Bestiary","Better Note","Colored Map","Colored Powertips","Downfall","Googly Eyes","Minty Spire (QoL Compilation)","Rare Cards Sparkle","StSLib"],"gold_per_floor":[115,115,129,40,61,100,100,100,100,100,113,113,132,132,132],"floor_reached":14,"playtime":401,"items_purged":[],"score":180,"play_id":"019935b4-58e5-48d2-a05d-d824d5351403","local_time":"20201230185232","is_ascension_mode":true,"campfire_choices":[{"floor":7,"key":"RECALL"},{"floor":10,"key":"REST"},{"floor":12,"key":"REST"}],"circlet_count":0,"master_deck":["AscendersBane","sneckomod:Strike","sneckomod:Strike","sneckomod:Strike","sneckomod:Defend","sneckomod:Defend","sneckomod:Defend","sneckomod:TailWhip","sneckomod:SnekBite","sneckomod:Unknown","sneckomod:Unknown","sneckomod:SnakeSap","sneckomod:UnknownCommonSkill","expansioncontent:Chronoboost","sneckomod:CheapStock","sneckomod:ImprovisedAttack","sneckomod:UnknownClassHEXA_GHOST_PURPLE","sneckomod:UnknownColorless"],"relics":["sneckomod:SneckoSoul","NeowsBlessing","Golden Idol","Sundial","Gremlin Horn"],"acts_visited":["Exordium"],"potions_floor_usage":[11,14],"damage_taken":[{"damage":0,"enemies":"2 Louse","floor":1,"turns":1},{"damage":0,"enemies":"Cultist","floor":3,"turns":1},{"damage":2,"enemies":"Jaw Worm","floor":5,"turns":2},{"damage":44,"enemies":"Lagavulin","floor":6,"turns":8},{"damage":12,"enemies":"Red Slaver","floor":11,"turns":4},{"damage":31,"enemies":"Lots of Slimes","floor":13,"turns":5},{"damage":50,"enemies":"3 Sentries","floor":14,"turns":6}],"seed_played":"-3645139347207551723","potions_obtained":[{"floor":8,"key":"CultistPotion"},{"floor":8,"key":"hexamod:EctoCoolerPotion"},{"floor":11,"key":"CultistPotion"}],"is_trial":false,"path_per_floor":["M","?","M","$","M","E","R","?","T","R","M","R","M","E"],"character_chosen":"THE_SNECKO","items_purchased":["expansioncontent:Chronoboost"],"campfire_rested":2,"item_purchase_floors":[4],"current_hp_per_floor":[75,75,76,76,74,30,30,30,30,52,41,64,34,0,0],"gold":132,"neow_bonus":"THREE_ENEMY_KILL","is_daily":false,"chose_seed":false,"campfire_upgraded":0,"win_rate":0.0,"timestamp":1609372352,"path_taken":["M","?","M","$","M","E","R","?","T","R","M","R","M","E"],"items_purchased_type":["Card"],"build_version":"2020-12-22","purchased_purges":0,"victory":false,"max_hp_per_floor":[83,75,76,76,76,76,76,76,76,76,77,77,78,78,78],"card_choices":[{"not_picked":["sneckomod:UnknownBlock","sneckomod:Nope"],"picked":"sneckomod:SnakeSap","floor":1},{"not_picked":["sneckomod:SoulDraw","sneckomod:RainOfDice"],"picked":"sneckomod:UnknownCommonSkill","floor":3},{"not_picked":["sneckomod:UnknownVulnerable","sneckomod:UnknownBlock"],"picked":"sneckomod:CheapStock","floor":5},{"not_picked":["sneckomod:Unknown1Cost","sneckomod:SoulCleanse"],"picked":"sneckomod:ImprovisedAttack","floor":6},{"not_picked":["sneckomod:UnknownCommonAttack","sneckomod:UnknownStrike"],"picked":"sneckomod:UnknownClassHEXA_GHOST_PURPLE","floor":11},{"not_picked":["sneckomod:UnknownWeak","sneckomod:UnknownExhaust"],"picked":"sneckomod:UnknownColorless","floor":13}],"player_experience":507090,"relics_obtained":[{"floor":6,"key":"Sundial"},{"floor":9,"key":"Gremlin Horn"}],"event_choices":[{"damage_healed":0,"gold_gain":0,"player_choice":"Lose Max HP","damage_taken":0,"relics_obtained":["Golden Idol"],"max_hp_gain":0,"max_hp_loss":8,"event_name":"Golden Idol","floor":2,"gold_loss":0},{"damage_healed":0,"gold_gain":0,"player_choice":"Got Potions","damage_taken":0,"max_hp_gain":0,"max_hp_loss":0,"event_name":"Lab","floor":8,"gold_loss":0}],"is_beta":false,"boss_relics":[],"items_purged_floors":[],"is_endless":false,"potions_floor_spawned":[11],"killed_by":"3 Sentries","ascension_level":20}}