{"host":"j0vzbnzm6n2ctevn","time":1609320278,"event":{"mods":["AchievementEnabler","BaseMod","Minty Spire (QoL Compilation)","Quick Restart","Shop Mod","Spicy Shops","StSLib"],"gold_per_floor":[20,20,36,111,111,111,122,122,122,122,133,150,165,17,17,112,112,131,69,69,84,99,99,128,144,144,144,175,195,195,211,211,310,310,320,18,29,29,29,29,29,29,29,29,43,54,276,293,293,293,293],"floor_reached":50,"playtime":2850,"items_purged":["Strike_P","Defend_P"],"score":484,"play_id":"1c280655-ccbe-43b4-91eb-9cc1fca104d0","local_time":"20201230172438","is_ascension_mode":false,"campfire_choices":[{"data":"Eruption","floor":6.0,"key":"SMITH"},{"data":"Wallop","floor":8.0,"key":"SMITH"},{"data":"Strike_P","floor":10.0,"key":"SMITH"},{"data":"FollowUp","floor":15.0,"key":"SMITH"},{"data":"FollowUp","floor":23.0,"key":"SMITH"},{"data":"CutThroughFate","floor":27.0,"key":"SMITH"},{"floor":30.0,"key":"REST"},{"data":"PathToVictory","floor":32.0,"key":"SMITH"},{"data":"PathToVictory","floor":40.0,"key":"SMITH"},{"data":"Evaluate","floor":42.0,"key":"SMITH"},{"data":"Consecrate","floor":44.0,"key":"SMITH"},{"floor":49.0,"key":"REST"}],"circlet_count":0,"master_deck":["Strike_P+1","Strike_P+1","Eruption+1","Wallop+1","Worship+1","FollowUp+1","Consecrate+1","FollowUp+1","CutThroughFate+1","DeusExMachina","Collect+1","PathToVictory+1","Evaluate+1","PathToVictory+1","DeusExMachina"],"relics":["PureWater","Bag of Preparation","Busted Crown","Boot","White Beast Statue","Red Mask","SlaversCollar","Toolbox","FossilizedHelix","Darkstone Periapt"],"acts_visited":["Exordium","TheCity","TheBeyond"],"potions_floor_usage":[50],"damage_taken":[{"damage":2.0,"enemies":"Jaw Worm","floor":1.0,"turns":3.0},{"damage":1.0,"enemies":"Small Slimes","floor":3.0,"turns":4.0},{"damage":0.0,"enemies":"2 Louse","floor":7.0,"turns":2.0},{"damage":1.0,"enemies":"2 Fungi Beasts","floor":11.0,"turns":3.0},{"damage":0.0,"enemies":"Blue Slaver","floor":12.0,"turns":1.0},{"damage":0.0,"enemies":"Gremlin Gang","floor":13.0,"turns":1.0},{"damage":26.0,"enemies":"Hexaghost","floor":16.0,"turns":5.0},{"damage":10.0,"enemies":"Shell Parasite","floor":18.0,"turns":3.0},{"damage":0.0,"enemies":"Spheric Guardian","floor":21.0,"turns":2.0},{"damage":0.0,"enemies":"Snecko","floor":22.0,"turns":2.0},{"damage":19.0,"enemies":"Book of Stabbing","floor":24.0,"turns":4.0},{"damage":6.0,"enemies":"Cultist and Chosen","floor":25.0,"turns":4.0},{"damage":0.0,"enemies":"Masked Bandits","floor":28.0,"turns":3.0},{"damage":0.0,"enemies":"3 Cultists","floor":29.0,"turns":3.0},{"damage":5.0,"enemies":"Snake Plant","floor":31.0,"turns":3.0},{"damage":35.0,"enemies":"Automaton","floor":33.0,"turns":7.0},{"damage":3.0,"enemies":"3 Shapes","floor":35.0,"turns":4.0},{"damage":7.0,"enemies":"3 Darklings","floor":37.0,"turns":3.0},{"damage":13.0,"enemies":"Reptomancer","floor":41.0,"turns":2.0},{"damage":0.0,"enemies":"Transient","floor":45.0,"turns":5.0},{"damage":34.0,"enemies":"Writhing Mass","floor":46.0,"turns":4.0},{"damage":0.0,"enemies":"Spire Growth","floor":48.0,"turns":3.0},{"damage":62,"enemies":"Donu and Deca","floor":50,"turns":2}],"seed_played":"-3640151980902083607","potions_obtained":[{"floor":1.0,"key":"AttackPotion"},{"floor":3.0,"key":"Fire Potion"},{"floor":13.0,"key":"StancePotion"},{"floor":16.0,"key":"Weak Potion"},{"floor":21.0,"key":"Ancient Potion"},{"floor":22.0,"key":"Weak Potion"},{"floor":24.0,"key":"AttackPotion"},{"floor":28.0,"key":"DistilledChaos"},{"floor":29.0,"key":"Fruit Juice"},{"floor":31.0,"key":"SmokeBomb"},{"floor":33.0,"key":"Explosive Potion"},{"floor":35.0,"key":"Strength Potion"},{"floor":45.0,"key":"Strength Potion"},{"floor":46.0,"key":"Block Potion"}],"is_trial":false,"path_per_floor":["M","?","M","?","?","R","M","R","T","R","M","M","M","$","R","B",null,"M","$","?","M","M","R","E","M","T","R","?","M","R","M","R","B",null,"M","$","M","?","?","R","E","R","T","R","M","M","?","M","R","B"],"character_chosen":"WATCHER","items_purchased":["FollowUp","CutThroughFate","PathToVictory","PathToVictory","Toolbox","FossilizedHelix"],"campfire_rested":2,"item_purchase_floors":[14,14,19,36,36,36],"current_hp_per_floor":[70,70,69,58,44,44,44,44,44,44,43,43,43,43,43,17,72,62,62,62,62,62,62,43,37,37,37,37,42,65,60,60,25,77,74,74,67,67,67,67,54,54,54,54,54,20,20,20,43,0,0],"gold":293,"neow_bonus":"TRANSFORM_TWO_CARDS","is_daily":false,"chose_seed":false,"campfire_upgraded":10,"win_rate":0.0,"timestamp":1609320278,"path_taken":["M","?","M","?","?","R","M","R","T","R","M","M","M","$","R","BOSS","M","$","?","M","M","R","E","M","T","R","?","M","R","M","R","BOSS","M","$","M","?","?","R","E","R","T","R","?","M","?","M","R","BOSS"],"items_purchased_type":["Card","Card","Card","Card","Relic","Relic"],"build_version":"2020-12-22","purchased_purges":2,"victory":false,"max_hp_per_floor":[72,72,72,72,72,72,72,72,72,72,72,72,72,72,72,72,72,72,72,72,72,72,72,72,72,72,72,72,77,77,77,77,77,77,77,77,77,77,77,77,77,77,77,77,77,77,77,77,77,77,77],"card_choices":[{"not_picked":["TalkToTheHand","Evaluate","ThirdEye"],"picked":"SKIP","floor":1.0},{"not_picked":["EmptyBody","CutThroughFate","TalkToTheHand"],"picked":"SKIP","floor":3.0},{"not_picked":["Study","EmptyBody","Crescendo"],"picked":"SKIP","floor":7.0},{"not_picked":["CrushJoints","EmptyBody"],"picked":"FollowUp","floor":11.0},{"not_picked":["Evaluate","Crescendo"],"picked":"Consecrate","floor":12.0},{"not_picked":["WindmillStrike","LessonLearned","Wallop"],"picked":"SKIP","floor":13.0},{"not_picked":["Ragnarok","LessonLearned"],"picked":"DeusExMachina","floor":16.0},{"not_picked":[],"picked":"Collect+1","floor":18.0},{"not_picked":["FlurryOfBlows"],"picked":"SKIP","floor":21.0},{"not_picked":["Swivel"],"picked":"SKIP","floor":22.0},{"not_picked":[],"picked":"Evaluate","floor":24.0},{"not_picked":["Perseverance"],"picked":"SKIP","floor":25.0},{"not_picked":["WindmillStrike"],"picked":"SKIP","floor":29.0},{"not_picked":["JustLucky+1"],"picked":"SKIP","floor":31.0},{"not_picked":["EmptyFist+1"],"picked":"SKIP","floor":35.0},{"not_picked":["JustLucky+1"],"picked":"SKIP","floor":37.0},{"not_picked":["BowlingBash+1"],"picked":"SKIP","floor":45.0},{"not_picked":["WindmillStrike"],"picked":"SKIP","floor":46.0},{"not_picked":["CarveReality"],"picked":"SKIP","floor":48.0}],"player_experience":68127,"relics_obtained":[{"floor":9.0,"key":"Bag of Preparation"},{"floor":24.0,"key":"Boot"},{"floor":26.0,"key":"White Beast Statue"},{"floor":28.0,"key":"Red Mask"},{"floor":43.0,"key":"Darkstone Periapt"}],"event_choices":[{"cards_removed":["Defend_P"],"damage_healed":0.0,"max_hp_gain":0.0,"max_hp_loss":0.0,"gold_gain":0.0,"event_name":"Living Wall","player_choice":"Forget","floor":2.0,"gold_loss":0.0,"damage_taken":0.0},{"damage_healed":0.0,"max_hp_gain":0.0,"max_hp_loss":0.0,"gold_gain":75.0,"event_name":"World of Goop","player_choice":"Gather Gold","floor":4.0,"gold_loss":0.0,"damage_taken":11.0},{"damage_healed":0.0,"max_hp_gain":0.0,"max_hp_loss":0.0,"gold_gain":0.0,"event_name":"Shining Light","player_choice":"Entered Light","floor":5.0,"gold_loss":0.0,"damage_taken":14.0,"cards_upgraded":["Worship","Strike_P"]},{"cards_removed":["Strike_P"],"damage_healed":0.0,"max_hp_gain":0.0,"max_hp_loss":0.0,"gold_gain":0.0,"event_name":"Back to Basics","player_choice":"Elegance","floor":20.0,"gold_loss":0.0,"damage_taken":0.0},{"damage_healed":0.0,"max_hp_gain":0.0,"max_hp_loss":0.0,"gold_gain":0.0,"event_name":"Masked Bandits","player_choice":"Fought Bandits","floor":28.0,"gold_loss":0.0,"damage_taken":0.0},{"cards_removed":["Vigilance"],"damage_healed":0.0,"max_hp_gain":0.0,"max_hp_loss":0.0,"gold_gain":0.0,"event_name":"Falling","player_choice":"Removed Skill","floor":38.0,"gold_loss":0.0,"damage_taken":0.0},{"damage_healed":0.0,"max_hp_gain":0.0,"max_hp_loss":0.0,"gold_gain":0.0,"event_name":"Match and Keep!","player_choice":"1 cards matched","floor":39.0,"gold_loss":0.0,"damage_taken":0.0,"cards_obtained":["DeusExMachina"]},{"damage_healed":0.0,"max_hp_gain":0.0,"max_hp_loss":0.0,"gold_gain":222.0,"event_name":"Tomb of Lord Red Mask","player_choice":"Wore Mask","floor":47.0,"gold_loss":0.0,"damage_taken":0.0}],"is_beta":false,"boss_relics":[{"not_picked":["Fusion Hammer","Tiny House"],"picked":"Busted Crown"},{"not_picked":["Coffee Dripper","Velvet Choker"],"picked":"SlaversCollar"}],"items_purged_floors":[14,36],"is_endless":false,"potions_floor_spawned":[1,3,13,16,21,22,24,28,29,31,33,35,37,41,45,46,48],"killed_by":"Donu and Deca","ascension_level":0}}