{"host":"i09pxcjttd31eh4q","time":1609324377,"event":{"mods":["AchievementEnabler","BaseMod","Colored Map","Keyboard Shortcuts","Minty Spire (QoL Compilation)","StSLib","SuperFastMode"],"gold_per_floor":[110,123,139,139,139,139,139,139,191,76,87,116,16,28,28,28,28],"floor_reached":16,"playtime":252,"items_purged":["Defend_G","Defend_G"],"score":200,"play_id":"635eb754-ef41-4557-b187-a0691d9d48e7","local_time":"20201230193257","is_ascension_mode":true,"campfire_choices":[{"data":"Tactician","floor":6,"key":"SMITH"},{"data":"Acrobatics","floor":8,"key":"SMITH"},{"data":"Glass Knife","floor":15,"key":"SMITH"}],"circlet_count":0,"master_deck":["AscendersBane","Strike_G","Strike_G","Strike_G","Defend_G+1","Defend_G+1","Defend_G","Survivor","Neutralize","Tactician+1","Acrobatics","Acrobatics+1","Glass Knife+1","Well Laid Plans","Footwork","Prepared","Escape Plan"],"relics":["Ring of the Snake","NeowsBlessing","Art of War","War Paint"],"acts_visited":["Exordium"],"potions_floor_usage":[12,12],"damage_taken":[{"damage":0,"enemies":"Cultist","floor":1,"turns":1},{"damage":0,"enemies":"Jaw Worm","floor":2,"turns":1},{"damage":0,"enemies":"2 Louse","floor":3,"turns":1},{"damage":1,"enemies":"Looter","floor":11,"turns":3},{"damage":20,"enemies":"Lagavulin","floor":12,"turns":9},{"damage":0,"enemies":"Exordium Wildlife","floor":14,"turns":4},{"damage":26,"enemies":"The Guardian","floor":16,"turns":3}],"seed_played":"3640017293875232122","potions_obtained":[{"floor":2,"key":"Block Potion"},{"floor":3,"key":"AttackPotion"},{"floor":12,"key":"SpeedPotion"}],"is_trial":false,"path_per_floor":["M","M","M","?","?","R","?","R","T","$","M","E","$","M","R","B"],"character_chosen":"THE_SILENT","items_purchased":["Well Laid Plans"],"campfire_rested":0,"item_purchase_floors":[10],"current_hp_per_floor":[59,59,59,52,57,57,57,57,57,57,56,36,36,36,36,10,10],"gold":28,"neow_bonus":"THREE_ENEMY_KILL","is_daily":false,"chose_seed":false,"campfire_upgraded":3,"win_rate":0.0,"timestamp":1609324377,"path_taken":["M","M","?","?","?","R","?","R","T","$","?","E","$","M","R","BOSS"],"items_purchased_type":["Card"],"build_version":"2020-12-22","purchased_purges":2,"victory":false,"max_hp_per_floor":[66,66,66,66,71,71,71,71,71,71,71,71,71,71,71,71,71],"card_choices":[{"not_picked":["Outmaneuver","Finisher"],"picked":"Tactician","floor":1},{"not_picked":["Underhanded Strike","Poisoned Stab"],"picked":"Acrobatics","floor":2},{"not_picked":["Dodge and Roll","Skewer"],"picked":"Acrobatics","floor":3},{"not_picked":["Concentrate","Flying Knee"],"picked":"Footwork","floor":11},{"not_picked":["Poisoned Stab","Well Laid Plans"],"picked":"Prepared","floor":12},{"not_picked":["Accuracy","Terror"],"picked":"Escape Plan","floor":14}],"player_experience":795862,"relics_obtained":[{"floor":9,"key":"Art of War"},{"floor":12,"key":"War Paint"}],"event_choices":[{"cards_removed":["Strike_G"],"damage_healed":0,"gold_gain":0,"player_choice":"Card Removal","damage_taken":7,"max_hp_gain":0,"max_hp_loss":0,"event_name":"Golden Wing","floor":4,"gold_loss":0},{"damage_healed":0,"gold_gain":0,"player_choice":"Donut","damage_taken":0,"max_hp_gain":5,"max_hp_loss":0,"event_name":"Big Fish","floor":5,"gold_loss":0},{"damage_healed":0,"gold_gain":0,"cards_transformed":["Strike_G"],"player_choice":"Change","damage_taken":0,"max_hp_gain":0,"max_hp_loss":0,"event_name":"Living Wall","floor":7,"gold_loss":0,"cards_obtained":["Glass Knife"]}],"is_beta":false,"boss_relics":[],"items_purged_floors":[10,13],"is_endless":false,"potions_floor_spawned":[2,3,12],"killed_by":"The Guardian","ascension_level":20}}