{"host":"ixqzyafodex1tsi5","time":1609298263,"event":{"mods":["AchievementEnabler","Act Like it!","BaseMod","Downfall","Gensokyo","GifTheSpireLib","Lobotomy","LobotomyExtend","Minty Spire (QoL Compilation)","Relic Stats","Replay The Spire","RumiaBox-露米娅的神秘盒子","Spicy Shops","StSLib","【功能Mod】混沌之环修复补丁"],"gold_per_floor":[111,131,306,324,339,339,374,374,374,393,393,393,393],"floor_reached":12,"playtime":621,"items_purged":[],"score":92,"play_id":"2a91afb5-e3e1-4fc7-8c61-d0184c0423a5","local_time":"20201230111743","is_ascension_mode":true,"campfire_choices":[{"data":"Sneak Up","floor":6,"key":"SMITH"},{"data":"Noxious Fumes","floor":8,"key":"SMITH"}],"circlet_count":0,"master_deck":["Strike_G","Strike_G","Strike_G","Strike_G","Strike_G","Defend_G","Defend_G","Defend_G","Defend_G","Defend_G","Survivor","Neutralize","MHz","Quick Slash","Sneak Up+1","Woodsman","Doubt","CrumblingArmor","Dagger Throw","Blade Dance","Noxious Fumes+1","Glass Knife"],"relics":["Ring of the Snake","CogitoBucket","LetterFromLob","AddBug","SecretRecord","SecretRecord"],"acts_visited":["Exordium"],"potions_floor_usage":[],"damage_taken":[{"damage":0,"enemies":"2 Louse","floor":1,"turns":4},{"damage":0,"enemies":"Small Slimes","floor":2,"turns":3},{"damage":12,"enemies":"Jaw Worm","floor":4,"turns":5},{"damage":21,"enemies":"Large Slime","floor":5,"turns":5},{"damage":21,"enemies":"Gremlin Nob","floor":7,"turns":4},{"damage":49,"enemies":"Lots of Slimes","floor":10,"turns":5},{"damage":11,"enemies":"Lagavulin","floor":12,"turns":3}],"seed_played":"-548011345622508870","potions_obtained":[{"floor":4,"key":"DuplicationPotion"},{"floor":5,"key":"FearPotion"},{"floor":7,"key":"SpeedPotion"}],"is_trial":false,"path_per_floor":["M","M","?","M","M","R","E","R","T","M","?","E"],"character_chosen":"THE_SILENT","items_purchased":[],"campfire_rested":0,"item_purchase_floors":[],"current_hp_per_floor":[70,70,70,65,65,65,51,51,51,9,9,0,0],"gold":393,"neow_bonus":"","is_daily":false,"chose_seed":false,"campfire_upgraded":2,"win_rate":0.0,"timestamp":1609298263,"path_taken":["M","M","?","M","M","R","E","R","T","M","?","E"],"items_purchased_type":[],"build_version":"2020-12-22","purchased_purges":0,"victory":false,"max_hp_per_floor":[70,70,70,70,70,70,70,70,70,70,70,70,70],"relic_stats":{"counters":[8,30],"obtain_stats":[{"CogitoBucket":0,"AddBug":1,"SecretRecord":1,"LetterFromLob":1,"Ring of the Snake":0},{"CogitoBucket":0,"AddBug":1,"SecretRecord":1,"LetterFromLob":1,"Ring of the Snake":0},{"CogitoBucket":0,"AddBug":4,"SecretRecord":4,"LetterFromLob":4,"Ring of the Snake":0}],"Ring of the Snake":[16]},"card_choices":[{"not_picked":["Scorched","OldLady","WallGazer"],"picked":"Singing Bowl","floor":1},{"not_picked":["SnowQueen","CherryBlossoms"],"picked":"MHz","floor":1},{"not_picked":["Blade Dance","Underhanded Strike"],"picked":"Quick Slash","floor":1},{"not_picked":["Prepared","Catalyst"],"picked":"Sneak Up","floor":2},{"not_picked":["WhitesApple","CherryBlossoms"],"picked":"Woodsman","floor":2},{"not_picked":["WhitesApple","UniverseFragment"],"picked":"CrumblingArmor","floor":4},{"not_picked":["Reflex","Prepared"],"picked":"Dagger Throw","floor":4},{"not_picked":["PunishingBird","OSAHOGD","Scarecrow"],"picked":"Singing Bowl","floor":5},{"not_picked":["Dagger Throw","Leg Sweep"],"picked":"Blade Dance","floor":5},{"not_picked":["Deadly Poison","Dagger Throw"],"picked":"Noxious Fumes","floor":7},{"not_picked":["OldLady","SpiderBud","Bloodbath"],"picked":"Singing Bowl","floor":7},{"not_picked":["DespairKnight","Scarecrow","WhitesApple"],"picked":"Singing Bowl","floor":10},{"not_picked":["Heel Hook","Accuracy"],"picked":"Glass Knife","floor":10}],"player_experience":142859,"relics_obtained":[{"floor":1,"key":"LetterFromLob"},{"floor":1,"key":"AddBug"},{"floor":7,"key":"Du-Vu Doll"},{"floor":10,"key":"SecretRecord"}],"event_choices":[{"damage_healed":0,"gold_gain":175,"player_choice":"AGREE","damage_taken":0,"max_hp_gain":0,"max_hp_loss":0,"event_name":"Liars Game","floor":3,"gold_loss":0,"cards_obtained":["Doubt"]},{"damage_healed":0,"gold_gain":0,"player_choice":"Fled","damage_taken":0,"max_hp_gain":0,"max_hp_loss":0,"event_name":"Scrap Ooze","floor":11,"gold_loss":0}],"is_beta":false,"boss_relics":[],"items_purged_floors":[],"is_endless":false,"potions_floor_spawned":[4,5,7],"killed_by":"Lagavulin","ascension_level":3}}