{"host":"mi24dmma43d7mlws","time":1609372038,"event":{"mods":["2.2 Compatiblity","Astrologer","Bard","BaseMod","Beaked The Cultist","Bestiary","CatGirl Mod","Colored Map","Colored Powertips","Custom Start","Downfall","Fiend Mod","Fireblade Mod","Hermit","Highlight Path","JesterMod","Jorbs\u0027s Wanderer Trilogy","Mad Scientist","Magitek Elite","Minty Spire (QoL Compilation)","Potionbrewer","QueenMod","Quick Restart","Rare Cards Sparkle","Relic Stats","Shade Mod","Somnambulant","StSLib","Td1madao Mod","The Accelerator","The Blackbeard","The Bladedancer","The Bug Knight","The Clintock","The Construct","The Cursed","The Death Knight","The Disciple","The Elementalist","The Florist","The Forsaken","The Gatherer","The Hayseed","The Hierophant","The Judge","The Juggle","The Mystic","The Necromancer","The Problem Sleuth","The Runesmith","The Sage","The Senshi","The Servant 0.9.4","The Showman","The Spell Scribe","The Trickster","The Valiant","The Vixen","The Wild Card","TheArtist","TheBandit","TheFirefly","TheHeartMod","TheHero","TheLocksmith","everything is the same but u backflip on backflip","slay the spire mod where everything is the same but ironclad has a cowboy hat","thorton"],"gold_per_floor":[117,33,53,53,53,84,84,103,103,103,129,148,168,184,184,287,287,303,303,315,327,39,72,72,85,85,111,111,111,131,141,141,245,245,260,260,1,1,1,31,51,76,76,88,88,135,135,154,154,154,154,154,16,42,42,42,42],"floor_reached":55,"playtime":6306,"items_purged":["Slimebound:FinishingTackle","Slimebound:Split"],"score":763,"play_id":"2430623b-2368-46b6-8f83-70fc1ac3e63c","local_time":"20201230234718","is_ascension_mode":true,"campfire_choices":[{"data":"Slimebound:CorrosiveSpit","floor":7,"key":"SMITH"},{"data":"Slimebound:BestDefense","floor":24,"key":"PURGE"},{"data":"Slimebound:OneTwoCombo","floor":29,"key":"PURGE"},{"data":"Slimebound:Recycling","floor":32,"key":"SMITH"},{"data":"Slimebound:MinionMaster","floor":45,"key":"PURGE"},{"data":"Slimebound:FirmFortitude+1","floor":47,"key":"PURGE"},{"floor":49,"key":"RECALL"},{"data":"Slimebound:MassFeed","floor":52,"key":"PURGE"}],"circlet_count":0,"master_deck":["elementalist:Air_Emblem","elementalist:Water_Emblem","Slimebound:Tackle","Slimebound:Defend_Slimebound","Slimebound:Defend_Slimebound","Slimebound:Defend_Slimebound","Slimebound:Defend_Slimebound","Slimebound:CorrosiveSpit+1","Slimebound:ItLooksTasty","Slimebound:Recollect","Slimebound:RejuvenatingLick+1","Slimebound:Prepare","Slimebound:LeechingTouch","elementalist:Fire_Emblem","Slimebound:FinishingTackle","Slimebound:Schlurp","Slimebound:Recycling+1","Slimebound:Gluttony+1","Slimebound:TongueLash+1","Slimebound:SlimeSpikes","Slimebound:HauntingLick+1","Slimebound:LeechEnergy","Slimebound:SpikyOuterGoop+1","Slimebound:FinishingTackle+1","Slimebound:SlimeBrawl+1","Slimebound:Darklings+1","Slimebound:LeechEnergy","Slimebound:SamplingLick+1","Slimebound:SpikyOuterGoop+1","Slimebound:SpikyOuterGoop"],"relics":["Slimebound:AbsorbEndCombat","Slimebound:ScrapOozeRelic","Ornamental Fan","Anchor","Bottled Flame","Coffee Dripper","HornCleat","Eternal Feather","Oddly Smooth Stone","Bottled Lightning","The Courier","theForsaken:PlagueMask","Astrolabe","Matryoshka","Molten Egg 2","sagemod:Blowpipe","HornCleat","Vajra","DeathKnight:PutricidesVial","Happy Flower"],"acts_visited":["Exordium","TheCity","TheBeyond","TheEnding"],"potions_floor_usage":[6,23,33,54,54,55,55],"damage_taken":[{"damage":13,"enemies":"Jaw Worm","floor":1,"turns":3},{"damage":7,"enemies":"2 Louse","floor":3,"turns":3},{"damage":45,"enemies":"3 Sentries","floor":6,"turns":9},{"damage":0,"enemies":"Small Slimes","floor":8,"turns":2},{"damage":16,"enemies":"Lagavulin","floor":11,"turns":5},{"damage":4,"enemies":"3 Louse","floor":12,"turns":3},{"damage":4,"enemies":"Blue Slaver","floor":13,"turns":4},{"damage":4,"enemies":"Exordium Thugs","floor":14,"turns":3},{"damage":31,"enemies":"Slime Boss","floor":16,"turns":8},{"damage":15,"enemies":"2 Thieves","floor":18,"turns":4},{"damage":4,"enemies":"Shell Parasite","floor":20,"turns":4},{"damage":10,"enemies":"Centurion and Healer","floor":21,"turns":5},{"damage":13,"enemies":"Slavers","floor":23,"turns":5},{"damage":8,"enemies":"3 Cultists","floor":25,"turns":4},{"damage":15,"enemies":"Book of Stabbing","floor":27,"turns":4},{"damage":6,"enemies":"Chosen and Byrds","floor":30,"turns":4},{"damage":18,"enemies":"Sentry and Sphere","floor":31,"turns":4},{"damage":72,"enemies":"Collector","floor":33,"turns":10},{"damage":38,"enemies":"3 Darklings","floor":35,"turns":4},{"damage":51,"enemies":"Reptomancer","floor":40,"turns":7},{"damage":0,"enemies":"3 Shapes","floor":41,"turns":3},{"damage":31,"enemies":"Nemesis","floor":42,"turns":6},{"damage":19,"enemies":"Maw","floor":44,"turns":8},{"damage":24,"enemies":"Transient","floor":48,"turns":5},{"damage":62,"enemies":"Donu and Deca","floor":50,"turns":11},{"damage":49,"enemies":"Shield and Spear","floor":54,"turns":8},{"damage":76,"enemies":"The Heart","floor":55,"turns":5}],"seed_played":"-682450612156875517","potions_obtained":[{"floor":1,"key":"potionbrewer:DiscountPotion"},{"floor":8,"key":"SkillPotion"},{"floor":11,"key":"Strength Potion"},{"floor":13,"key":"SneckoOil"},{"floor":14,"key":"potionbrewer:BarricadePotion"},{"floor":30,"key":"Dexterity Potion"},{"floor":33,"key":"SpeedPotion"},{"floor":35,"key":"ColorlessPotion"},{"floor":48,"key":"DeathKnight:RimePotion"}],"is_trial":false,"path_per_floor":["M","$","M","?","?","E","R","M","T","?","E","M","M","M","R","B",null,"M","?","M","M","$","E","R","M","T","E","?","R","M","M","R","B",null,"M","?","$","?","$","E","M","E","T","M","R","T","R","M","R","B",null,"R","$","E","B"],"character_chosen":"SLIMEBOUND","items_purchased":["Slimebound:FinishingTackle","Slimebound:Recollect","Slimebound:SlimeSpikes","Eternal Feather","Matryoshka","Slimebound:SpikyOuterGoop"],"campfire_rested":0,"item_purchase_floors":[2,2,22,22,37,53],"current_hp_per_floor":[55,55,56,61,61,32,32,42,42,42,50,60,62,65,65,57,65,61,55,65,65,65,65,65,68,68,61,61,68,69,63,71,29,71,60,60,60,38,38,29,43,46,46,69,74,74,74,68,74,68,74,74,74,57,0,0,0],"gold":42,"neow_bonus":"RANDOM_COMMON_RELIC","is_daily":false,"chose_seed":false,"campfire_upgraded":2,"win_rate":0.0,"timestamp":1609372038,"path_taken":["M","$","M","?","?","E","R","M","T","?","E","?","M","M","R","BOSS","M","?","M","M","$","E","R","M","T","E","?","R","M","M","R","BOSS","M","?","?","?","$","E","M","E","T","M","R","?","R","M","R","BOSS","R","$","E","BOSS"],"items_purchased_type":["Card","Card","Card","Relic","Relic","Card"],"build_version":"2020-12-22","purchased_purges":2,"victory":false,"max_hp_per_floor":[60,60,60,65,65,65,65,65,65,65,65,65,65,65,65,65,65,65,65,65,65,65,65,65,68,68,68,68,68,71,71,71,71,71,74,74,74,74,74,74,74,74,74,74,74,74,74,74,74,74,74,74,74,74,74,74,74],"relic_stats":{"Happy Flower":[1],"counters":[27,136],"Ornamental Fan":[104],"Astrolabe":["Slimebound:FinishingTackle","Slimebound:SlimeBrawl","Slimebound:Darklings"],"Eternal Feather":26,"obtain_stats":[{"Slimebound:ScrapOozeRelic":5,"Happy Flower":54,"Astrolabe":34,"Oddly Smooth Stone":23,"Vajra":46,"Eternal Feather":22,"Pen Nib":0,"The Courier":27,"sagemod:Blowpipe":42,"theForsaken:PlagueMask":28,"Anchor":9,"Bottled Flame":11,"HornCleat":19,"Matryoshka":37,"Ornamental Fan":6,"DeathKnight:PutricidesVial":46,"Molten Egg 2":40,"Slimebound:AbsorbEndCombat":0,"Coffee Dripper":17,"Bottled Lightning":26},{"Slimebound:ScrapOozeRelic":2,"Happy Flower":26,"Astrolabe":18,"Oddly Smooth Stone":13,"Vajra":23,"Eternal Feather":12,"Pen Nib":0,"The Courier":15,"sagemod:Blowpipe":22,"theForsaken:PlagueMask":15,"Anchor":4,"Bottled Flame":5,"HornCleat":10,"Matryoshka":19,"Ornamental Fan":3,"DeathKnight:PutricidesVial":23,"Molten Egg 2":20,"Slimebound:AbsorbEndCombat":0,"Coffee Dripper":9,"Bottled Lightning":14},{"Slimebound:ScrapOozeRelic":6,"Happy Flower":131,"Astrolabe":81,"Oddly Smooth Stone":56,"Vajra":107,"Eternal Feather":52,"Pen Nib":0,"The Courier":64,"sagemod:Blowpipe":100,"theForsaken:PlagueMask":64,"Anchor":17,"Bottled Flame":22,"HornCleat":43,"Matryoshka":85,"Ornamental Fan":15,"DeathKnight:PutricidesVial":107,"Molten Egg 2":91,"Slimebound:AbsorbEndCombat":0,"Coffee Dripper":39,"Bottled Lightning":60}]},"card_choices":[{"not_picked":["Slimebound:Prepare","Slimebound:Grow"],"picked":"Slimebound:ItLooksTasty","floor":1},{"not_picked":["Slimebound:SplitBruiser","Slimebound:PressTheAttack"],"picked":"Slimebound:RejuvenatingLick","floor":3},{"not_picked":["Slimebound:SpikyOuterGoop","Slimebound:SplitSpecialist"],"picked":"Slimebound:Prepare","floor":6},{"not_picked":["Slimebound:Prepare","Slimebound:PressTheAttack"],"picked":"Slimebound:LeechingTouch","floor":8},{"not_picked":["Slimebound:LivingWall","Slimebound:BestDefense"],"picked":"Slimebound:FinishingTackle","floor":11},{"not_picked":["Slimebound:LeechEnergy","Slimebound:SplitBruiser"],"picked":"Slimebound:BestDefense","floor":12},{"not_picked":["Slimebound:RollThrough","Slimebound:ServeAndProtect"],"picked":"Slimebound:Schlurp","floor":13},{"not_picked":["Slimebound:Chomp","Slimebound:PressTheAttack"],"picked":"Slimebound:Recycling","floor":14},{"not_picked":["Slimebound:PrepareCrush","Slimebound:SlimeSlap"],"picked":"Slimebound:OneTwoCombo","floor":16},{"not_picked":["Slimebound:SplitMire","Slimebound:SplitAcid"],"picked":"Slimebound:Gluttony","floor":18},{"not_picked":["Slimebound:Replication","Slimebound:SplitMire+1"],"picked":"Slimebound:TongueLash","floor":20},{"not_picked":["Slimebound:LeechingTouch","Slimebound:SplitAcid+1","Slimebound:SplitBruiser"],"picked":"SKIP","floor":21},{"not_picked":["Slimebound:ForwardTackle","Slimebound:ViciousTackle+1"],"picked":"Slimebound:MassFeed","floor":23},{"not_picked":["Slimebound:GoopTackle","Slimebound:SplitLeeching+1"],"picked":"Slimebound:LeechEnergy","floor":25},{"not_picked":["Slimebound:RollThrough","Slimebound:ComboTackle+1","Slimebound:HungryTackle"],"picked":"SKIP","floor":27},{"not_picked":["Slimebound:ForwardTackle","Slimebound:SplitSpecialist"],"picked":"Slimebound:SpikyOuterGoop+1","floor":30},{"not_picked":["Slimebound:SamplingLick","Slimebound:SplitAcid","Slimebound:RejuvenatingLick"],"picked":"SKIP","floor":31},{"not_picked":["Slimebound:MassFeed","Slimebound:DuplicatedForm"],"picked":"Slimebound:MinionMaster","floor":33},{"not_picked":["Slimebound:HauntingLick+1","Slimebound:DisruptingSlam+1"],"picked":"Slimebound:LeechEnergy","floor":35},{"not_picked":["Slimebound:SlimeBarrage+1","Slimebound:FinishingTackle+1","Slimebound:SplitLeeching+1"],"picked":"SKIP","floor":40},{"not_picked":["Slimebound:PressTheAttack+1","Slimebound:ComboTackle+1","Slimebound:SlimeSpikes+1"],"picked":"SKIP","floor":41},{"not_picked":["Slimebound:SlimeSpikes","Slimebound:FirmFortitude","Slimebound:LeechEnergy+1"],"picked":"SKIP","floor":42},{"not_picked":["Slimebound:SplitBruiser","Slimebound:ViciousTackle+1","Slimebound:TagTeam+1"],"picked":"SKIP","floor":44},{"not_picked":["Slimebound:ViciousTackle+1","Slimebound:BestDefense","Slimebound:Dissolve"],"picked":"SKIP","floor":48},{"not_picked":["Slimebound:DuplicatedForm","Slimebound:Replication","Slimebound:GrowthPunch+1"],"picked":"SKIP","floor":54}],"player_experience":1037839,"relics_obtained":[{"floor":6,"key":"Ornamental Fan"},{"floor":9,"key":"Anchor"},{"floor":11,"key":"Bottled Flame"},{"floor":23,"key":"Oddly Smooth Stone"},{"floor":26,"key":"Bottled Lightning"},{"floor":27,"key":"The Courier"},{"floor":40,"key":"Molten Egg 2"},{"floor":42,"key":"sagemod:Blowpipe"},{"floor":43,"key":"HornCleat"},{"floor":46,"key":"Vajra"},{"floor":46,"key":"DeathKnight:PutricidesVial"},{"floor":54,"key":"Happy Flower"}],"event_choices":[{"damage_healed":0,"gold_gain":0,"player_choice":"Donut","damage_taken":0,"max_hp_gain":5,"max_hp_loss":0,"event_name":"Big Fish","floor":4,"gold_loss":0},{"damage_healed":0,"gold_gain":0,"player_choice":"HornCleat","damage_taken":0,"relics_obtained":["HornCleat"],"max_hp_gain":0,"max_hp_loss":0,"event_name":"blackbeard:ShipwreckEvent","floor":19,"gold_loss":0},{"damage_healed":0,"gold_gain":0,"player_choice":"Obtain Plague Curse","damage_taken":0,"max_hp_gain":0,"max_hp_loss":0,"event_name":"Plague Doctor","floor":28,"gold_loss":0,"cards_obtained":["theForsaken:PlagueCurse"]},{"cards_removed":["theForsaken:PlagueCurse"],"damage_healed":0,"gold_gain":0,"player_choice":"Purged","damage_taken":0,"max_hp_gain":0,"max_hp_loss":0,"event_name":"Purifier","floor":36,"gold_loss":0}],"is_beta":false,"boss_relics":[{"not_picked":["thethorton:GreedFountain","Empty Cage"],"picked":"Coffee Dripper"},{"not_picked":["beaked:SacredDeck","Velvet Choker"],"picked":"Astrolabe"}],"items_purged_floors":[37,53],"is_endless":false,"potions_floor_spawned":[1,8,11,13,14,18,20,30,33,35,44,48],"killed_by":"The Heart","ascension_level":1}}