{"host":"sc0o2qwpf9j16a4i","time":1609339333,"event":{"mods":["AchievementEnabler","BaseMod","BetterRewards","Block Reminder","Colored Map","Colored Powertips","Custom Start","Highlight Path","Minty Spire (QoL Compilation)","Relic Stats"],"gold_per_floor":[113,131,148,148,148,148,158,186,186,186,186,186],"floor_reached":11,"playtime":342,"items_purged":["Strike_R"],"score":146,"play_id":"d917964d-5e4e-4771-87a2-5d5dc4273a9a","local_time":"20201230164213","is_ascension_mode":true,"campfire_choices":[{"floor":6,"key":"REST"},{"floor":10,"key":"REST"}],"circlet_count":0,"master_deck":["AscendersBane","Strike_R","Strike_R","Strike_R+1","Strike_R+1","Defend_R+1","Defend_R","Defend_R","Defend_R+1","Bash","Whirlwind","Shockwave","Armaments","Battle Trance","Headbutt","Feel No Pain"],"relics":["Burning Blood","HornCleat","War Paint","Centennial Puzzle","Singing Bowl"],"acts_visited":["Exordium"],"potions_floor_usage":[8,11],"damage_taken":[{"damage":3,"enemies":"Cultist","floor":1,"turns":4},{"damage":0,"enemies":"Small Slimes","floor":2,"turns":4},{"damage":2,"enemies":"Jaw Worm","floor":3,"turns":5},{"damage":7,"enemies":"Large Slime","floor":7,"turns":7},{"damage":28,"enemies":"Gremlin Nob","floor":8,"turns":4},{"damage":54,"enemies":"Lagavulin","floor":11,"turns":11}],"seed_played":"-730707748709734091","potions_obtained":[{"floor":1,"key":"ElixirPotion"},{"floor":8,"key":"LiquidMemories"}],"is_trial":false,"path_per_floor":["M","M","M","?","?","R","M","E","T","R","E"],"character_chosen":"IRONCLAD","items_purchased":["HornCleat","Whirlwind","War Paint","Shockwave","Strength Potion"],"campfire_rested":2,"item_purchase_floors":[0,0,0,0,0],"current_hp_per_floor":[41,47,51,51,28,50,49,27,27,49,0,0],"gold":186,"neow_bonus":"","is_daily":false,"chose_seed":false,"campfire_upgraded":0,"win_rate":0.0,"timestamp":1609339333,"path_taken":["M","M","?","?","?","R","M","E","T","R","E"],"items_purchased_type":["Relic","Card","Relic","Card","Potion"],"build_version":"2020-12-22","purchased_purges":1,"victory":false,"max_hp_per_floor":[75,75,75,75,75,75,75,75,75,75,75,75],"relic_stats":{"Centennial Puzzle":[12],"Singing Bowl":0,"counters":[44,214],"War Paint":["Defend_R","Defend_R","Defend_R","Defend_R"],"obtain_stats":[{"Darkstone Periapt":12,"Singing Bowl":26,"Ancient Tea Set":10,"Burning Blood":0,"Blood Vial":9,"Sozu":34,"Centennial Puzzle":8,"Shovel":26,"HornCleat":0,"Pantograph":25,"Gambling Chip":30,"Chemical X":0,"Lee\u0027s Waffle":21,"Pear":14,"NeowsBlessing":0,"Golden Idol":2,"PreservedInsect":0,"Omamori":24,"Orichalcum":31,"War Paint":7,"Medical Kit":0,"Du-Vu Doll":10,"Anchor":6,"Busted Crown":17,"Ornamental Fan":30,"Bloody Idol":20,"Molten Egg 2":24,"Coffee Dripper":17,"Bag of Marbles":27,"TungstenRod":21,"Toy Ornithopter":9},{"Darkstone Periapt":25,"Singing Bowl":12,"Ancient Tea Set":5,"Burning Blood":0,"Blood Vial":4,"Sozu":15,"Centennial Puzzle":43,"Shovel":32,"HornCleat":38,"Pantograph":12,"Gambling Chip":36,"Chemical X":20,"Lee\u0027s Waffle":11,"Pear":9,"NeowsBlessing":0,"Golden Idol":1,"PreservedInsect":20,"Omamori":32,"Orichalcum":14,"War Paint":23,"Medical Kit":20,"Du-Vu Doll":24,"Anchor":3,"Busted Crown":10,"Ornamental Fan":36,"Bloody Idol":11,"Molten Egg 2":11,"Coffee Dripper":28,"Bag of Marbles":33,"TungstenRod":11,"Toy Ornithopter":23},{"Darkstone Periapt":108,"Singing Bowl":43,"Ancient Tea Set":11,"Burning Blood":0,"Blood Vial":7,"Sozu":65,"Centennial Puzzle":203,"Shovel":140,"HornCleat":179,"Pantograph":43,"Gambling Chip":164,"Chemical X":91,"Lee\u0027s Waffle":41,"Pear":27,"NeowsBlessing":0,"Golden Idol":1,"PreservedInsect":91,"Omamori":140,"Orichalcum":54,"War Paint":102,"Medical Kit":91,"Du-Vu Doll":105,"Anchor":4,"Busted Crown":38,"Ornamental Fan":164,"Bloody Idol":41,"Molten Egg 2":41,"Coffee Dripper":123,"Bag of Marbles":149,"TungstenRod":41,"Toy Ornithopter":102}],"Burning Blood":207},"card_choices":[{"not_picked":["Fire Breathing","Entrench"],"picked":"Armaments","floor":1},{"not_picked":["Body Slam","Heavy Blade"],"picked":"Battle Trance","floor":2},{"not_picked":["Body Slam","Twin Strike","Heavy Blade"],"picked":"SKIP","floor":3},{"not_picked":["Cleave","Clash"],"picked":"Headbutt","floor":7},{"not_picked":["Ghostly Armor","Cleave"],"picked":"Feel No Pain","floor":8}],"player_experience":449158,"relics_obtained":[{"floor":8,"key":"Centennial Puzzle"},{"floor":9,"key":"Singing Bowl"}],"event_choices":[{"damage_healed":0,"gold_gain":0,"player_choice":"Ignored","damage_taken":0,"max_hp_gain":0,"max_hp_loss":0,"event_name":"Liars Game","floor":4,"gold_loss":0},{"damage_healed":0,"gold_gain":0,"player_choice":"Entered Light","damage_taken":23,"max_hp_gain":0,"max_hp_loss":0,"event_name":"Shining Light","floor":5,"gold_loss":0,"cards_upgraded":["Strike_R","Strike_R"]}],"is_beta":false,"boss_relics":[],"items_purged_floors":[0],"is_endless":false,"potions_floor_spawned":[1,8],"killed_by":"Lagavulin","ascension_level":20}}