{"host":"51qmnr9isyv85d0p","time":1609319242,"event":{"mods":["AchievementEnabler","BaseMod","Colored Map","Colored Powertips","Curses Come First","Downfall","Minty Spire (QoL Compilation)","Relic Stats","StSLib","TestMod","vexMod"],"gold_per_floor":[99,113,13000,12025,11875,11885,11965,12365,12392,12418,12448,11762,11780,11800,11818,11915,11915,11915,11926,10901,10911,10886,10906,10954,10969,10969,10198,10217,10233,10268,10118,10129,10232,10232,10232,10245,10255,10255,9102,9102,9154,9154,9189,9189,9206,9238,9238,9265,9280,9280],"floor_reached":51,"playtime":2297,"items_purged":["Slimebound:Defend_Slimebound","Slimebound:Defend_Slimebound","Slimebound:Strike_Slimebound","Slimebound:Defend_Slimebound","Slimebound:Strike_Slimebound"],"score":1108,"play_id":"f5f78585-eb56-4a0d-aad4-5c548271389e","local_time":"20201230170722","is_ascension_mode":true,"campfire_choices":[{"data":"Slimebound:CorrosiveSpit","floor":1,"key":"SMITH"},{"data":"Slimebound:Nibble","floor":18,"key":"SMITH"},{"data":"Mayhem","floor":26,"key":"SMITH"},{"data":"Apotheosis","floor":35,"key":"SMITH"},{"data":"expansioncontent:StudyTheSpire","floor":40,"key":"SMITH"},{"data":"Slimebound:LevelUp","floor":47,"key":"SMITH"}],"circlet_count":0,"master_deck":["Slimebound:Strike_Slimebound","Slimebound:Tackle","Slimebound:Defend_Slimebound","Slimebound:Split","Slimebound:CorrosiveSpit+1","Slimebound:OneTwoCombo","Slimebound:MegaLick+1","Slimebound:Nibble+1","Slimebound:HauntingLick","expansioncontent:StudyTheSpire+1","Slimebound:SplitSpecialist","Slimebound:ForwardTackle","Slimebound:SamplingLick","Slimebound:SelfFormingGoo","Slimebound:SlimeBrawl+1","Slimebound:SpikyOuterGoop+1","Mayhem+1","Slimebound:ProtectTheBoss+1","Slimebound:LeadByExample","Apotheosis+1","Slimebound:OneTwoCombo","Slimebound:Replication+1","Ghostly","Slimebound:Darklings+1","Slimebound:Overexert","Slimebound:LeechEnergy","Slimebound:Darklings","Slimebound:LevelUp+1","Slimebound:RejuvenatingLick","Slimebound:Nibble"],"relics":["Slimebound:AbsorbEndCombat","Ornamental Fan","Vajra","Toolbox","vexMod:ScavengeHelm","Shuriken","Odd Mushroom","vexMod:BarristanHead","Dream Catcher","PreservedInsect","testmod-IWantAll","Slimebound:TarBlob","testmod-BalancedPeriapt","Slimebound:AggressiveSlimeRelic","Medical Kit","Boot","testmod-Fortitude","testmod-IndustrialRevolution","Lee\u0027s Waffle","Matryoshka","Cursed Key","testmod-Justice","FossilizedHelix","Chemical X","testmod-TurbochargingSystem","Bronze Scales","Lantern","War Paint","Mummified Hand"],"acts_visited":["Exordium","TheCity","TheBeyond"],"potions_floor_usage":[4,6,6,10,10,16,16,16,27,30,30,32,37,39,46,46,50],"damage_taken":[{"damage":4,"enemies":"2 Louse","floor":2,"turns":2},{"damage":4,"enemies":"Cultist","floor":3,"turns":3},{"damage":10,"enemies":"downfall:FleeingMerchant","floor":4,"turns":4},{"damage":8,"enemies":"Small Slimes","floor":6,"turns":2},{"damage":6,"enemies":"Gremlin Nob","floor":9,"turns":3},{"damage":9,"enemies":"The Mushroom Lair","floor":10,"turns":3},{"damage":12,"enemies":"Lagavulin","floor":11,"turns":3},{"damage":17,"enemies":"downfall:FleeingMerchant","floor":12,"turns":4},{"damage":4,"enemies":"2 Fungi Beasts","floor":13,"turns":2},{"damage":12,"enemies":"Large Slime","floor":14,"turns":3},{"damage":4,"enemies":"Lots of Slimes","floor":15,"turns":2},{"damage":19,"enemies":"downfall:Silent","floor":16,"turns":4},{"damage":12,"enemies":"3 Byrds","floor":19,"turns":3},{"damage":17,"enemies":"downfall:FleeingMerchant","floor":20,"turns":4},{"damage":21,"enemies":"Chosen","floor":21,"turns":2},{"damage":12,"enemies":"Snake Plant","floor":23,"turns":2},{"damage":32,"enemies":"Sentry and Sphere","floor":25,"turns":3},{"damage":6,"enemies":"downfall:FleeingMerchant","floor":27,"turns":1},{"damage":21,"enemies":"Cultist and Chosen","floor":28,"turns":3},{"damage":24,"enemies":"Shelled Parasite and Fungi","floor":29,"turns":3},{"damage":7,"enemies":"Gremlin Leader","floor":30,"turns":1},{"damage":27,"enemies":"Snake Plant","floor":32,"turns":3},{"damage":36,"enemies":"downfall:Watcher","floor":33,"turns":2},{"damage":12,"enemies":"Orb Walker","floor":36,"turns":2},{"damage":30,"enemies":"3 Darklings","floor":37,"turns":3},{"damage":24,"enemies":"Reptomancer","floor":43,"turns":1},{"damage":18,"enemies":"Writhing Mass","floor":45,"turns":2},{"damage":12,"enemies":"Nemesis","floor":46,"turns":2},{"damage":30,"enemies":"Reptomancer","floor":48,"turns":2},{"damage":18,"enemies":"Sphere and 2 Shapes","floor":49,"turns":1},{"damage":39,"enemies":"downfall:Ironclad","floor":50,"turns":4}],"seed_played":"8866568435822542052","potions_obtained":[{"floor":2,"key":"Swift Potion"},{"floor":6,"key":"Block Potion"},{"floor":9,"key":"SteroidPotion"},{"floor":11,"key":"Block Potion"},{"floor":13,"key":"PowerPotion"},{"floor":23,"key":"DistilledChaos"},{"floor":28,"key":"Fire Potion"},{"floor":33,"key":"Fire Potion"},{"floor":36,"key":"Weak Potion"},{"floor":46,"key":"testmod-TestPotion"}],"is_trial":false,"path_per_floor":["R","M","M","$","?","M","T","?","E","?","E","$","M","M","M","B",null,"R","M","$","M","?","M","T","M","R","$","M","M","E","?","M","B",null,"R","M","M","?","$","R","T","?","E","?","M","E","R","E","M","B",null],"character_chosen":"SLIMEBOUND","items_purchased":["Ornamental Fan","Vajra","Toolbox","Energy Potion","BlessingOfTheForge","Ancient Potion","expansioncontent:StudyTheSpire","Dream Catcher","PreservedInsect","testmod-IWantAll","Slimebound:SamplingLick","DistilledChaos","testmod-BalancedPeriapt","Slimebound:AggressiveSlimeRelic","Medical Kit","SkillPotion","Explosive Potion","Strength Potion","Mayhem","testmod-Fortitude","testmod-IndustrialRevolution","Lee\u0027s Waffle","Apotheosis","Fruit Juice","GamblersBrew","testmod-Justice","FossilizedHelix","Chemical X","Slimebound:LeechEnergy","testmod-SpacePotion","FearPotion","SneckoOil"],"campfire_rested":0,"item_purchase_floors":[4,4,4,4,4,4,4,12,12,12,12,12,20,20,20,20,20,20,20,27,27,27,27,27,27,39,39,39,39,39,39,39],"current_hp_per_floor":[42,42,46,48,70,64,64,64,64,65,70,70,70,70,70,67,70,70,70,69,67,67,70,70,65,65,70,70,70,70,70,57,63,70,70,70,70,70,70,70,70,70,66,66,68,70,70,70,68,68],"gold":9280,"neow_bonus":"THREE_RARE_CARDS","is_daily":false,"chose_seed":false,"campfire_upgraded":6,"win_rate":0.0,"timestamp":1609319242,"path_taken":["R","M","M","$","?","?","T","?","E","?","E","$","M","M","M","BOSS","R","M","$","M","?","M","T","M","R","$","M","M","E","?","M","BOSS","R","M","M","?","$","R","T","?","E","?","M","E","R","E","M","BOSS"],"items_purchased_type":["Relic","Relic","Relic","Potion","Potion","Potion","Card","Relic","Relic","Relic","Card","Potion","Relic","Relic","Relic","Potion","Potion","Potion","Card","Relic","Relic","Relic","Card","Potion","Potion","Relic","Relic","Relic","Card","Potion","Potion","Potion"],"build_version":"2020-12-22","purchased_purges":5,"victory":true,"max_hp_per_floor":[60,60,60,60,70,70,70,70,70,70,70,70,70,70,70,70,70,70,70,70,70,70,70,70,70,70,70,70,70,70,70,70,70,70,70,70,70,70,70,70,70,70,70,70,70,70,70,70,70,70],"relic_stats":{"Lee\u0027s Waffle":1,"counters":[31,77],"PreservedInsect":210,"War Paint":["Slimebound:MegaLick","Slimebound:Darklings"],"Medical Kit":[0],"Boot":[27],"Cursed Key":1,"Dream Catcher":0,"Ornamental Fan":[180],"Shuriken":[44],"Mummified Hand":[9],"Bronze Scales":[3],"Chemical X":[1],"obtain_stats":[{"Lantern":43,"Vajra":4,"testmod-IWantAll":12,"Boot":24,"Cursed Key":34,"Dream Catcher":12,"Matryoshka":30,"Mummified Hand":48,"Toolbox":4,"Chemical X":39,"Slimebound:AggressiveSlimeRelic":20,"Lee\u0027s Waffle":27,"testmod-TestBox":0,"vexMod:ScavengeHelm":7,"PreservedInsect":12,"testmod-TurbochargingSystem":41,"Odd Mushroom":10,"testmod-Justice":39,"War Paint":46,"Medical Kit":20,"testmod-IndustrialRevolution":27,"Slimebound:TarBlob":17,"testmod-Fortitude":27,"vexMod:BarristanHead":11,"Ornamental Fan":4,"Shuriken":9,"Bronze Scales":41,"Slimebound:AbsorbEndCombat":0,"testmod-BalancedPeriapt":20,"FossilizedHelix":39},{"Lantern":26,"Vajra":3,"testmod-IWantAll":8,"Boot":16,"Cursed Key":23,"Dream Catcher":8,"Matryoshka":21,"Mummified Hand":29,"Toolbox":3,"Chemical X":25,"Slimebound:AggressiveSlimeRelic":14,"Lee\u0027s Waffle":18,"testmod-TestBox":0,"vexMod:ScavengeHelm":4,"PreservedInsect":8,"testmod-TurbochargingSystem":25,"Odd Mushroom":6,"testmod-Justice":25,"War Paint":28,"Medical Kit":14,"testmod-IndustrialRevolution":18,"Slimebound:TarBlob":12,"testmod-Fortitude":18,"vexMod:BarristanHead":7,"Ornamental Fan":3,"Shuriken":5,"Bronze Scales":25,"Slimebound:AbsorbEndCombat":0,"testmod-BalancedPeriapt":14,"FossilizedHelix":25},{"Lantern":67,"Vajra":9,"testmod-IWantAll":24,"Boot":46,"Cursed Key":61,"Dream Catcher":24,"Matryoshka":56,"Mummified Hand":72,"Toolbox":9,"Chemical X":66,"Slimebound:AggressiveSlimeRelic":42,"Lee\u0027s Waffle":49,"testmod-TestBox":0,"vexMod:ScavengeHelm":11,"PreservedInsect":24,"testmod-TurbochargingSystem":66,"Odd Mushroom":17,"testmod-Justice":66,"War Paint":70,"Medical Kit":42,"testmod-IndustrialRevolution":49,"Slimebound:TarBlob":35,"testmod-Fortitude":49,"vexMod:BarristanHead":20,"Ornamental Fan":9,"Shuriken":14,"Bronze Scales":66,"Slimebound:AbsorbEndCombat":0,"testmod-BalancedPeriapt":42,"FossilizedHelix":66}]},"card_choices":[{"not_picked":["Slimebound:MassRepurpose","Slimebound:SelfFormingGoo"],"picked":"Slimebound:OneTwoCombo","floor":0},{"not_picked":["Slimebound:SplitLeeching","Slimebound:FlameTackle"],"picked":"Slimebound:MegaLick","floor":2},{"not_picked":["Slimebound:PressTheAttack","Slimebound:ViciousTackle"],"picked":"Slimebound:Nibble","floor":3},{"not_picked":["Slimebound:ViciousTackle","Slimebound:ForwardTackle"],"picked":"Slimebound:HauntingLick","floor":4},{"not_picked":["Slimebound:FormOfPuddle","Slimebound:ServeAndProtect","Slimebound:DivideAndConquer"],"picked":"SKIP","floor":6},{"not_picked":["Slimebound:SplitLeeching","Slimebound:SplitMire","Slimebound:LeechingTouch"],"picked":"SKIP","floor":9},{"not_picked":["Slimebound:ForwardTackle","Slimebound:Repurpose"],"picked":"Slimebound:SplitSpecialist","floor":10},{"not_picked":["Slimebound:FlameTackle","Slimebound:Grow"],"picked":"Slimebound:ForwardTackle","floor":11},{"not_picked":["Slimebound:Repurpose","Slimebound:Dissolve","Slimebound:DouseInSlime"],"picked":"SKIP","floor":12},{"not_picked":["Slimebound:ForwardTackle","Slimebound:ViciousTackle","Slimebound:FinishingTackle"],"picked":"SKIP","floor":13},{"not_picked":["Slimebound:ViciousTackle","Slimebound:SplitAcid"],"picked":"Slimebound:SlimeTap","floor":14},{"not_picked":["Slimebound:ViciousTackle","Slimebound:TongueLash","Slimebound:GoopSpray"],"picked":"SKIP","floor":15},{"not_picked":["Slimebound:WasteNot","Slimebound:OozeBath"],"picked":"Slimebound:SelfFormingGoo","floor":16},{"not_picked":["Slimebound:PressTheAttack+1","Slimebound:SamplingLick"],"picked":"Slimebound:SlimeBrawl+1","floor":19},{"not_picked":["Slimebound:LeechEnergy","Slimebound:PressTheAttack"],"picked":"Slimebound:SpikyOuterGoop+1","floor":20},{"not_picked":["Slimebound:Prepare","Slimebound:DisruptingSlam"],"picked":"Slimebound:ProtectTheBoss+1","floor":21},{"not_picked":["Slimebound:LeechingTouch+1","Slimebound:SlimeSpikes","Slimebound:ComboTackle+1"],"picked":"SKIP","floor":23},{"not_picked":["Slimebound:LeadByExample","Slimebound:FinishingTackle","Slimebound:LeechingTouch"],"picked":"SKIP","floor":25},{"not_picked":["Slimebound:ViciousTackle","Slimebound:GoopSpray"],"picked":"Slimebound:LeadByExample","floor":27},{"not_picked":["Slimebound:SplitSpecialist","Slimebound:Chomp"],"picked":"Slimebound:OneTwoCombo","floor":28},{"not_picked":["Slimebound:GoopSpray+1","Slimebound:ForwardTackle","Slimebound:SplitLeeching"],"picked":"SKIP","floor":29},{"not_picked":["Slimebound:GoopTackle","Slimebound:LeechEnergy"],"picked":"Slimebound:Replication+1","floor":30},{"not_picked":["Slimebound:ComboTackle+1","Slimebound:DivideAndConquer"],"picked":"Slimebound:Darklings","floor":32},{"not_picked":["Slimebound:Recycling","Slimebound:WasteNot"],"picked":"Slimebound:Overexert","floor":33},{"not_picked":["Slimebound:Dissolve","Slimebound:GrowthPunch","Slimebound:SplitMire"],"picked":"SKIP","floor":36},{"not_picked":["Slimebound:FirmFortitude","Slimebound:TongueLash+1","Slimebound:FinishingTackle"],"picked":"SKIP","floor":37},{"not_picked":["Slimebound:BestDefense+1","Slimebound:MassFeed","Slimebound:SlimeBrawl"],"picked":"SKIP","floor":43},{"not_picked":["Slimebound:FinishingTackle+1","Slimebound:SplitBruiser+1","Slimebound:LivingWall"],"picked":"SKIP","floor":45},{"not_picked":["Slimebound:FinishingTackle+1","Slimebound:OozeBath"],"picked":"Slimebound:LevelUp","floor":46},{"not_picked":["Slimebound:ComboTackle+1","Slimebound:GrowthPunch+1"],"picked":"Slimebound:RejuvenatingLick","floor":48},{"not_picked":["Slimebound:LeadByExample+1","Slimebound:DivideAndConquer+1"],"picked":"Slimebound:Nibble","floor":49}],"player_experience":7323,"relics_obtained":[{"floor":7,"key":"vexMod:ScavengeHelm"},{"floor":9,"key":"Shuriken"},{"floor":10,"key":"Odd Mushroom"},{"floor":11,"key":"vexMod:BarristanHead"},{"floor":24,"key":"Boot"},{"floor":30,"key":"Matryoshka"},{"floor":41,"key":"testmod-TurbochargingSystem"},{"floor":41,"key":"Bronze Scales"},{"floor":43,"key":"Lantern"},{"floor":46,"key":"War Paint"},{"floor":48,"key":"Mummified Hand"}],"event_choices":[{"damage_healed":0,"gold_gain":400,"player_choice":"Sell","damage_taken":0,"max_hp_gain":0,"max_hp_loss":0,"event_name":"¶÷ÂåË¹µÄÅÌ×Ó","floor":8,"relics_lost":["testmod-TestBox"],"gold_loss":0},{"damage_healed":0,"gold_gain":0,"player_choice":"Fought Mushrooms","damage_taken":0,"max_hp_gain":0,"max_hp_loss":0,"event_name":"Mushrooms","floor":10,"gold_loss":0},{"cards_removed":["Slimebound:SlimeTap"],"damage_healed":0,"gold_gain":0,"player_choice":"Removed Skill","damage_taken":0,"max_hp_gain":0,"max_hp_loss":0,"event_name":"Falling","floor":38,"gold_loss":0},{"cards_removed":["Regret"],"damage_healed":0,"gold_gain":0,"player_choice":"Purged","damage_taken":0,"max_hp_gain":0,"max_hp_loss":0,"event_name":"Purifier","floor":44,"gold_loss":0}],"is_beta":false,"boss_relics":[{"not_picked":["Astrolabe","Calling Bell"],"picked":"Slimebound:TarBlob"},{"not_picked":["testmod-DeterminationOfClimber","testmod-SaigiyounoYou"],"picked":"Cursed Key"}],"items_purged_floors":[4,12,20,27,39],"is_endless":false,"potions_floor_spawned":[2,6,9,11,13,14,21,23,25,28,33,36,46],"ascension_level":2}}