{"host":"er8s5flrc5z1a07t","time":1609289036,"event":{"mods":["2.2 Compatiblity","Act Like it!","Bard","BaseMod","Better Note","Better Third Choice","Downfall","Duelist Mod","Elementarium","Energized Spire","GifTheSpireLib","Hermit","Hubris","Infinite Spire","Minty Spire (QoL Compilation)","Relic Stats","Replay The Spire","Shop Mod","StSLib","Stuff the Spire","Synergy Search","The Cursed","The Disciple","The Mystic"],"gold_per_floor":[115,132,132,149,165,165,165,165,165,165,191,203,3,3,3,80,80,99,111,125,125,139,139,159,186,186,186,200,200,218,231,231,310,310,330,343,343,343,355,355,355,355],"floor_reached":41,"playtime":1972,"items_purged":["Strike_B"],"score":813,"play_id":"7a94b445-b9d8-49d0-a806-ba1e173a9704","local_time":"20201229194356","is_ascension_mode":true,"campfire_choices":[{"data":"StuffTheSpire:Synthwave","floor":6,"key":"SMITH"},{"data":"Zap","floor":8,"key":"SMITH"},{"data":"expansioncontent:QuickStudy","floor":15,"key":"SMITH"},{"data":"Amplify","floor":23,"key":"SMITH"},{"data":"Stack","floor":29,"key":"SMITH"},{"floor":32,"key":"REST"},{"data":"Rainbow","floor":40,"key":"SMITH"}],"circlet_count":0,"master_deck":["AscendersBane","Strike_B","Strike_B","Strike_B","Defend_B+1","Defend_B","Defend_B+1","Defend_B","Zap+1","Dualcast","StuffTheSpire:Synthwave+1","Panic Button","Cold Snap","Heatsinks","Conserve Battery","hubris:Ukulele","expansioncontent:QuickStudy+1","Electrodynamics","Loop","StuffTheSpire:Coldhearted+1","BasicCrystalCard+1","Amplify+1","Stack+1","Ball Lightning","Rainbow+1","Coolheaded","Panic Button","Force Field"],"relics":["Cracked Core","NeowsBlessing","hubris:PeanutButter","hubris:Towel","Art of War","Bird Faced Urn","energizedSpire:NeverEndingSparkler","Iron Hammer","Simple Rune","hubris:Backtick","Mummified Hand","Counterbalance","FrozenCore"],"acts_visited":["Exordium","TheCity","TheBeyond"],"potions_floor_usage":[11,19,24,25,33],"damage_taken":[{"damage":0,"enemies":"Cultist","floor":1,"turns":1},{"damage":0,"enemies":"Jaw Worm","floor":2,"turns":1},{"damage":0,"enemies":"2 Louse","floor":4,"turns":1},{"damage":15,"enemies":"Large Slime","floor":5,"turns":6},{"damage":5,"enemies":"Lagavulin","floor":11,"turns":6},{"damage":0,"enemies":"Blue Slaver","floor":12,"turns":5},{"damage":25,"enemies":"Slime Boss","floor":16,"turns":8},{"damage":4,"enemies":"3 Byrds","floor":18,"turns":3},{"damage":0,"enemies":"Chosen","floor":19,"turns":4},{"damage":26,"enemies":"Shelled Parasite and Fungi","floor":20,"turns":6},{"damage":14,"enemies":"Snecko","floor":22,"turns":6},{"damage":0,"enemies":"Centurion and Healer","floor":24,"turns":9},{"damage":30,"enemies":"Gremlin Leader","floor":25,"turns":5},{"damage":0,"enemies":"Snake Plant","floor":28,"turns":4},{"damage":10,"enemies":"Shelled Parasite and Fungi","floor":30,"turns":6},{"damage":35,"enemies":"Chosen and Byrds","floor":31,"turns":7},{"damage":25,"enemies":"hubris:MusketHawk","floor":33,"turns":8},{"damage":0,"enemies":"Orb Walker","floor":35,"turns":3},{"damage":0,"enemies":"3 Shapes","floor":36,"turns":2},{"damage":2,"enemies":"Sphere and 2 Shapes","floor":39,"turns":4},{"damage":93,"enemies":"Giant Head","floor":41,"turns":10}],"seed_played":"-1452126449901730516","potions_obtained":[{"floor":2,"key":"FocusPotion"},{"floor":5,"key":"Languid Potion"},{"floor":11,"key":"Energy Potion"},{"floor":18,"key":"FocusPotion"},{"floor":20,"key":"SkillPotion"},{"floor":25,"key":"Energy Potion"},{"floor":30,"key":"FocusPotion"}],"is_trial":false,"path_per_floor":["M","M","?","M","M","R","?","R","T","?","E","M","$","T","R","B",null,"M","M","M","?","M","R","M","E","T","?","M","R","M","M","R","B",null,"M","M","AVR","?","M","R","E"],"character_chosen":"DEFECT","items_purchased":["expansioncontent:QuickStudy"],"campfire_rested":1,"item_purchase_floors":[13],"current_hp_per_floor":[64,64,64,64,49,49,49,49,49,49,44,44,44,44,44,27,60,60,68,50,50,40,40,52,34,34,34,42,42,46,21,42,25,60,66,71,71,71,69,69,0,0],"gold":355,"neow_bonus":"THREE_ENEMY_KILL","is_daily":false,"chose_seed":false,"campfire_upgraded":6,"win_rate":0.0,"timestamp":1609289036,"path_taken":["M","?","?","M","M","R","?","R","T","?","E","M","$","?","R","BOSS","M","M","M","?","M","R","M","E","T","?","M","R","M","M","R","BOSS","M","M","AVR","?","M","R","E"],"items_purchased_type":["Card"],"build_version":"2020-12-22","purchased_purges":1,"victory":false,"max_hp_per_floor":[71,71,71,71,71,71,71,71,71,71,71,71,71,71,71,71,71,71,71,71,71,71,71,71,71,71,71,71,71,71,71,71,71,71,71,71,71,71,71,71,71,71],"relic_stats":{"counters":[21,105],"Mummified Hand":[20],"Bird Faced Urn":[111],"Art of War":[17],"obtain_stats":[{"NeowsBlessing":0,"Counterbalance":37,"hubris:Towel":10,"FrozenCore":37,"hubris:Backtick":34,"energizedSpire:NeverEndingSparkler":17,"Mummified Hand":34,"Bird Faced Urn":14,"hubris:PeanutButter":9,"Simple Rune":26,"Iron Hammer":25,"Art of War":11,"Cracked Core":0},{"NeowsBlessing":0,"Counterbalance":19,"hubris:Towel":4,"FrozenCore":19,"hubris:Backtick":17,"energizedSpire:NeverEndingSparkler":7,"Mummified Hand":17,"Bird Faced Urn":6,"hubris:PeanutButter":4,"Simple Rune":13,"Iron Hammer":13,"Art of War":5,"Cracked Core":0},{"NeowsBlessing":0,"Counterbalance":91,"hubris:Towel":9,"FrozenCore":91,"hubris:Backtick":86,"energizedSpire:NeverEndingSparkler":28,"Mummified Hand":86,"Bird Faced Urn":20,"hubris:PeanutButter":9,"Simple Rune":61,"Iron Hammer":61,"Art of War":15,"Cracked Core":0}],"FrozenCore":[5]},"card_choices":[{"not_picked":["Crystallizer","StuffTheSpire:GlassShard"],"picked":"StuffTheSpire:Synthwave","floor":1},{"not_picked":["Leap","Streamline"],"picked":"Panic Button","floor":2},{"not_picked":["Streamline","Rebound"],"picked":"Cold Snap","floor":4},{"not_picked":["Sweeping Beam","Sunder"],"picked":"Heatsinks","floor":5},{"not_picked":["BasicCrystalCard","Rebound"],"picked":"Conserve Battery","floor":11},{"not_picked":["Streamline","Hologram"],"picked":"hubris:Ukulele","floor":12},{"not_picked":["Amplify","hubris:DoWhile"],"picked":"Electrodynamics","floor":16},{"not_picked":["Gash","Reprogram+1"],"picked":"Loop","floor":18},{"not_picked":["ReplayTheSpireMod:GoodbyeWorld+1","Turbo"],"picked":"StuffTheSpire:Coldhearted+1","floor":19},{"not_picked":["Steam Power+1","Sweeping Beam"],"picked":"BasicCrystalCard+1","floor":20},{"not_picked":["Beam Cell","Rebound"],"picked":"Amplify","floor":22},{"not_picked":["Go for the Eyes","Cold Snap"],"picked":"Compile Driver","floor":24},{"not_picked":["White Noise","Conserve Battery"],"picked":"Stack","floor":25},{"not_picked":["Auto Shields","Multi-Cast"],"picked":"Ball Lightning","floor":28},{"not_picked":["Beam Cell","Tempest","Redo"],"picked":"SKIP","floor":30},{"not_picked":["Beam Cell","Blizzard","Chaos"],"picked":"SKIP","floor":31},{"not_picked":["Electrodynamics","Multi-Cast"],"picked":"Rainbow","floor":33},{"not_picked":["Crystallizer","StuffTheSpire:CleanHardDrive"],"picked":"Coolheaded","floor":35},{"not_picked":["Sweeping Beam","BasicCrystalCard+1"],"picked":"Panic Button","floor":36},{"not_picked":["Core Surge","ReplayTheSpireMod:GoodbyeWorld"],"picked":"Force Field","floor":39}],"player_experience":1182541,"relics_obtained":[{"floor":9,"key":"hubris:PeanutButter"},{"floor":11,"key":"Art of War"},{"floor":14,"key":"Bird Faced Urn"},{"floor":25,"key":"Iron Hammer"},{"floor":26,"key":"Simple Rune"}],"event_choices":[{"damage_healed":0,"gold_gain":0,"player_choice":"Leave","damage_taken":0,"max_hp_gain":0,"max_hp_loss":0,"event_name":"The Cleric","floor":3,"gold_loss":0},{"cards_removed":["Compile Driver"],"damage_healed":0,"gold_gain":0,"player_choice":"Removed Attack","damage_taken":0,"max_hp_gain":0,"max_hp_loss":0,"event_name":"Falling","floor":38,"gold_loss":0}],"is_beta":false,"boss_relics":[{"not_picked":["energizedSpire:DeadBattery","ChewingGum"],"picked":"energizedSpire:NeverEndingSparkler"},{"not_picked":["Replay:Wanted Poster","hubris:BlackHole"],"picked":"hubris:Backtick"}],"items_purged_floors":[37],"is_endless":false,"potions_floor_spawned":[2,5,11,18,20,25,30],"killed_by":"Giant Head","ascension_level":19}}