{"host":"0qevis500jgmlc2v","time":1609314416,"event":{"mods":["Act Like it!","Aspiration","BaseMod","Challenge The Spire","Conspire","Downfall","Friendly Minions","GifTheSpireLib","Hallownest","Hubris","KinomotoSakuraMod(ƒæ÷Æ±æ”£)","Koishi","KomeijiMod","Luminous","Marisa£®ÏF”Í°°ƒß¿Ì…≥£©","Minty Spire (QoL Compilation)","MostiFishMod","Prisma Mod","Quick Restart","Reimu£®≤©¿ˆ¡È√Œ£©","Replay The Spire","Shop Mod","StSLib","Stuff the Spire","The Bug Knight","The Cursed","The Hierophant","vexMod","°æ“≈ŒÔø®≈∆°øREMEMod"],"gold_per_floor":[109,135,135,135,135,60,79,79,120,120,147,147,172,26,37,67,67,174,174,203,231,231,86,113,113,113],"floor_reached":25,"playtime":4551,"items_purged":["hierophant:Strike_Hierophant"],"score":211,"play_id":"49e2a644-33a8-43c6-9894-28f192a85e82","local_time":"20201230154656","is_ascension_mode":true,"campfire_choices":[{"data":"hierophant:Upheaval","floor":8.0,"key":"SMITH"},{"data":"hierophant:Punish","floor":10.0,"key":"SMITH"},{"data":"hierophant:Strike_Hierophant","floor":12.0,"key":"PURGE"},{"data":"hierophant:RepressedViolence","floor":17.0,"key":"SMITH"}],"circlet_count":0,"master_deck":["hierophant:Strike_Hierophant","hierophant:Strike_Hierophant","hierophant:Punish+1","hierophant:Defend_Hierophant","hierophant:Defend_Hierophant","hierophant:Defend_Hierophant","hierophant:Defend_Hierophant","hierophant:ChurchCoffers","Guardian:Gem_Orange","hierophant:Upheaval+1","hierophant:Doubloon+1","hierophant:Refuge","hierophant:ThreeLashes","hierophant:MorningPrayer","hierophant:Patience","hierophant:RepressedViolence+1","Replay:BasicMightCard","hierophant:Doubloon+1","hierophant:CursedGold","hierophant:FaithHealing","hierophant:MintersHammer","hierophant:RepressedViolence","hierophant:Rebuild+1","hierophant:Endure"],"relics":["hierophant:PropheticMaskRelic","REME_ComplimentaryCards","StuffTheSpire:Gunfinga","Peace Pipe","vexMod:EndlessSickness","hubris:Icosahedron","Pet Ghost"],"acts_visited":["Exordium","TheCity"],"potions_floor_usage":[],"damage_taken":[{"damage":0.0,"enemies":"Small Slimes","floor":1.0,"turns":3.0},{"damage":24.0,"enemies":"conspire:MimicChest","floor":2.0,"turns":7.0},{"damage":1.0,"enemies":"2 Louse","floor":7.0,"turns":4.0},{"damage":6.0,"enemies":"Gremlin Nob","floor":9.0,"turns":3.0},{"damage":0.0,"enemies":"conspire:RoseBush","floor":13.0,"turns":4.0},{"damage":5.0,"enemies":"Red Slaver","floor":15.0,"turns":3.0},{"damage":5.0,"enemies":"Looter","floor":16.0,"turns":5.0},{"damage":38.0,"enemies":"The Guardian","floor":18.0,"turns":14.0},{"damage":7.0,"enemies":"Shell Parasite","floor":20.0,"turns":5.0},{"damage":5.0,"enemies":"3 Byrds","floor":21.0,"turns":4.0},{"damage":18.0,"enemies":"3 Cultists","floor":24.0,"turns":6.0},{"damage":0,"enemies":"conspire:SneckoGhost","floor":25,"turns":1}],"seed_played":"-3147003582410531808","potions_obtained":[{"floor":2.0,"key":"Fire Potion"},{"floor":5.0,"key":"Toxic Potion"},{"floor":5.0,"key":"EntropicBrew"},{"floor":9.0,"key":"Languid Potion"},{"floor":15.0,"key":"GrandPatriotsElixir:ReiMu"},{"floor":16.0,"key":"Dexterity Potion"}],"is_trial":false,"path_per_floor":["M","?","PTL","PTL","?","$","M","R","E","R","T","R","M","$","M","M","R","B",null,"M","M","?","$","M","E"],"character_chosen":"HIEROPHANT","items_purchased":["hierophant:RepressedViolence","Replay:BasicMightCard","Pet Ghost"],"campfire_rested":0,"item_purchase_floors":[14,14,23],"current_hp_per_floor":[82,58,58,58,58,58,57,57,51,51,51,51,51,51,46,41,41,3,82,75,70,70,70,52,52,52],"gold":113,"neow_bonus":"TEN_PERCENT_HP_BONUS","is_daily":false,"chose_seed":false,"campfire_upgraded":3,"win_rate":0.0,"timestamp":1609314416,"path_taken":["M","?","PTL","PTL","?","$","M","R","E","R","T","R","M","$","M","?","R","BOSS","M","M","?","$","M","E"],"items_purchased_type":["Card","Card","Relic"],"build_version":"2020-12-22","purchased_purges":1,"victory":false,"max_hp_per_floor":[82,82,82,82,82,82,82,82,82,82,82,82,82,82,82,82,82,82,82,82,82,82,82,82,82,82],"card_choices":[{"not_picked":["hierophant:Shelter","hierophant:Alms"],"picked":"hierophant:Upheaval","floor":1.0},{"not_picked":["hierophant:Shelter","hierophant:PassingBell"],"picked":"hierophant:Refuge","floor":2.0},{"not_picked":["hierophant:OrnateBuckler","hierophant:FieryStrike"],"picked":"hierophant:ThreeLashes","floor":7.0},{"not_picked":["hierophant:Blessing","hierophant:Remorse"],"picked":"hierophant:MorningPrayer","floor":9.0},{"not_picked":["hierophant:Smite","hierophant:Remorse"],"picked":"hierophant:Patience","floor":13.0},{"not_picked":["hierophant:Zeal","hierophant:WrathOfGod"],"picked":"hierophant:CursedGold","floor":15.0},{"not_picked":["hierophant:ThreeLashes","hierophant:HammerAndAnvil"],"picked":"hierophant:FaithHealing","floor":16.0},{"not_picked":["hierophant:DivineIntervention","hierophant:DeathKnell"],"picked":"hierophant:MintersHammer","floor":18.0},{"not_picked":["hierophant:AuricShield","hierophant:ThreeLashes"],"picked":"hierophant:RepressedViolence","floor":20.0},{"not_picked":["hierophant:RustyCrate","hierophant:FieryStrike+1"],"picked":"hierophant:Rebuild+1","floor":21.0},{"not_picked":["hierophant:Remorse","hierophant:FlamingChariot"],"picked":"hierophant:Endure","floor":24.0}],"player_experience":1000291,"relics_obtained":[{"floor":2.0,"key":"StuffTheSpire:Gunfinga"},{"floor":9.0,"key":"Peace Pipe"}],"event_choices":[{"damage_healed":0.0,"max_hp_gain":0.0,"max_hp_loss":0.0,"gold_gain":0.0,"event_name":"Lab","player_choice":"Got Potions","floor":5.0,"gold_loss":0.0,"damage_taken":0.0}],"is_beta":false,"boss_relics":[{"not_picked":["ReplayTheSpireMod:DimensionalGlitch","Snecko Eye"],"picked":"vexMod:EndlessSickness"}],"items_purged_floors":[6],"is_endless":false,"potions_floor_spawned":[2,9,15,16],"killed_by":"conspire:SneckoGhost","ascension_level":1}}