{"host":"9n6i2vl93jt4o42q","time":1609362358,"event":{"mods":["BaseMod","Minty Spire (QoL Compilation)","Relic Stats"],"gold_per_floor":[117,117,15,35,50,79,93,93,118,118,12,22,22,22,22,95,95,105,25,25,35,45,45,45],"floor_reached":23,"playtime":2241,"items_purged":[],"score":372,"play_id":"2e18b8f7-91f4-4e42-9947-deed7db33973","local_time":"20201230220558","is_ascension_mode":true,"campfire_choices":[{"data":"Power Through","floor":8.0,"key":"SMITH"},{"data":"Battle Trance","floor":10.0,"key":"SMITH"},{"data":"Armaments","floor":13.0,"key":"SMITH"},{"floor":15.0,"key":"REST"}],"circlet_count":0,"master_deck":["AscendersBane","Strike_R","Strike_R","Strike_R+1","Strike_R","Defend_R","Defend_R","Defend_R","Defend_R","Bash","Power Through+1","Body Slam+1","Ghostly Armor","Spot Weakness","Battle Trance+1","Headbutt+1","Armaments+1","Iron Wave","Sword Boomerang","Feed","Inflame","Forethought","Body Slam","Evolve"],"relics":["Burning Blood","PreservedInsect","Bag of Marbles","Toy Ornithopter","Fusion Hammer"],"acts_visited":["Exordium","TheCity"],"potions_floor_usage":[],"damage_taken":[{"damage":1.0,"enemies":"Cultist","floor":1.0,"turns":3.0},{"damage":2.0,"enemies":"2 Louse","floor":4.0,"turns":3.0},{"damage":12.0,"enemies":"Small Slimes","floor":5.0,"turns":2.0},{"damage":30.0,"enemies":"3 Sentries","floor":6.0,"turns":11.0},{"damage":5.0,"enemies":"3 Louse","floor":7.0,"turns":4.0},{"damage":4.0,"enemies":"Red Slaver","floor":12.0,"turns":4.0},{"damage":30.0,"enemies":"Slime Boss","floor":16.0,"turns":10.0},{"damage":13.0,"enemies":"Chosen","floor":18.0,"turns":4.0},{"damage":0.0,"enemies":"Shell Parasite","floor":21.0,"turns":3.0},{"damage":32.0,"enemies":"Shelled Parasite and Fungi","floor":22.0,"turns":4.0},{"damage":24,"enemies":"Slavers","floor":23,"turns":1}],"seed_played":"-9124789888393355790","potions_obtained":[{"floor":4.0,"key":"Dexterity Potion"},{"floor":5.0,"key":"FearPotion"},{"floor":12.0,"key":"DistilledChaos"}],"is_trial":false,"path_per_floor":["M","?","?","M","M","E","M","R","T","R","$","M","R","?","R","B",null,"M","$","?","M","M","E"],"character_chosen":"IRONCLAD","items_purchased":["Armaments","Iron Wave","Inflame"],"campfire_rested":1,"item_purchase_floors":[11,11,19],"current_hp_per_floor":[73,73,73,75,69,45,46,46,46,46,46,48,48,25,47,28,63,56,56,44,50,24,0,0],"gold":45,"neow_bonus":"TRANSFORM_CARD","is_daily":false,"chose_seed":false,"campfire_upgraded":3,"win_rate":0.0,"timestamp":1609362358,"path_taken":["M","?","?","M","M","E","?","R","T","R","$","M","R","?","R","BOSS","M","$","?","?","M","E"],"items_purchased_type":["Card","Card","Card"],"build_version":"2020-12-22","purchased_purges":0,"victory":false,"max_hp_per_floor":[75,75,75,75,75,75,75,75,75,75,75,75,75,75,75,75,75,75,75,75,75,75,75,75],"relic_stats":{"counters":[11,49],"PreservedInsect":74,"obtain_stats":[{"PreservedInsect":3,"Fusion Hammer":17,"Bag of Marbles":6,"Burning Blood":0,"Toy Ornithopter":9},{"PreservedInsect":1,"Fusion Hammer":7,"Bag of Marbles":4,"Burning Blood":0,"Toy Ornithopter":5},{"PreservedInsect":3,"Fusion Hammer":37,"Bag of Marbles":19,"Burning Blood":0,"Toy Ornithopter":23}],"Burning Blood":58,"Toy Ornithopter":5},"card_choices":[{"not_picked":["Perfected Strike","Warcry"],"picked":"Body Slam","floor":1.0},{"not_picked":["Flex","Feel No Pain"],"picked":"Ghostly Armor","floor":4.0},{"not_picked":["Thunderclap","Clash"],"picked":"Spot Weakness","floor":5.0},{"not_picked":["Twin Strike","Clash"],"picked":"Battle Trance","floor":6.0},{"not_picked":["Pommel Strike","Hemokinesis"],"picked":"Headbutt","floor":7.0},{"not_picked":["Clash","Clothesline"],"picked":"Sword Boomerang","floor":12.0},{"not_picked":["Double Tap","Barricade"],"picked":"Feed","floor":16.0},{"not_picked":["Armaments","Reckless Charge","Wild Strike"],"picked":"SKIP","floor":18.0},{"not_picked":["Rage","Havoc"],"picked":"Body Slam","floor":21.0},{"not_picked":["Battle Trance+1","Pummel"],"picked":"Evolve","floor":22.0}],"player_experience":1986708,"relics_obtained":[{"floor":6.0,"key":"Bag of Marbles"},{"floor":9.0,"key":"Toy Ornithopter"}],"event_choices":[{"damage_healed":0.0,"max_hp_gain":0.0,"max_hp_loss":0.0,"gold_gain":0.0,"event_name":"Living Wall","player_choice":"Grow","floor":2.0,"gold_loss":0.0,"damage_taken":0.0,"cards_upgraded":["Body Slam"]},{"damage_healed":0.0,"max_hp_gain":0.0,"max_hp_loss":0.0,"gold_gain":0.0,"event_name":"WeMeetAgain","player_choice":"Paid Gold","floor":3.0,"gold_loss":102.0,"damage_taken":0.0,"relics_obtained":["PreservedInsect"]},{"damage_healed":0.0,"max_hp_gain":0.0,"max_hp_loss":0.0,"gold_gain":0.0,"event_name":"Shining Light","player_choice":"Entered Light","floor":14.0,"gold_loss":0.0,"damage_taken":23.0,"cards_upgraded":["Strike_R","Headbutt"]},{"damage_healed":0.0,"max_hp_gain":0.0,"max_hp_loss":0.0,"gold_gain":0.0,"event_name":"Knowing Skull","player_choice":"CARD ","floor":20.0,"potions_obtained":[],"gold_loss":0.0,"damage_taken":12.0,"cards_obtained":["Forethought"]},{"damage_healed":0.0,"max_hp_gain":0.0,"max_hp_loss":0.0,"gold_gain":0.0,"event_name":"Knowing Skull","player_choice":"CARD ","floor":20.0,"potions_obtained":[],"gold_loss":0.0,"damage_taken":12.0,"cards_obtained":["Forethought"]}],"is_beta":false,"boss_relics":[{"not_picked":["Snecko Eye","Ectoplasm"],"picked":"Fusion Hammer"}],"items_purged_floors":[],"is_endless":false,"potions_floor_spawned":[4,5,12],"killed_by":"Slavers","ascension_level":19}}