{"host":"sc0o2qwpf9j16a4i","time":1609336767,"event":{"mods":["AchievementEnabler","BaseMod","BetterRewards","Block Reminder","Colored Map","Colored Powertips","Custom Start","Highlight Path","Minty Spire (QoL Compilation)","Relic Stats"],"gold_per_floor":[116,96,111,123,123,123,149,149,173,173,208,208,219,91,91,91,91],"floor_reached":16,"playtime":386,"items_purged":["Strike_P"],"score":211,"play_id":"0c59a293-13a7-4678-8782-d4607a9adc89","local_time":"20201230155927","is_ascension_mode":true,"campfire_choices":[{"data":"MentalFortress","floor":6,"key":"SMITH"},{"floor":8,"key":"REST"},{"data":"FlyingSleeves","floor":12,"key":"SMITH"},{"data":"Vigilance","floor":15,"key":"SMITH"}],"circlet_count":0,"master_deck":["AscendersBane","Strike_P","Strike_P","Strike_P","Defend_P","Defend_P","Defend_P","Defend_P","Eruption","Vigilance+1","MentalFortress+1","Vengeance","FlyingSleeves+1","Crescendo","Sanctity","Protect"],"relics":["Busted Crown","Anchor","Lantern","Oddly Smooth Stone","Vajra"],"acts_visited":["Exordium"],"potions_floor_usage":[7,7],"damage_taken":[{"damage":6,"enemies":"Small Slimes","floor":1,"turns":5},{"damage":6,"enemies":"Cultist","floor":3,"turns":5},{"damage":2,"enemies":"Jaw Worm","floor":4,"turns":4},{"damage":21,"enemies":"Gremlin Nob","floor":7,"turns":4},{"damage":2,"enemies":"Lagavulin","floor":11,"turns":9},{"damage":9,"enemies":"Exordium Wildlife","floor":13,"turns":4},{"damage":45,"enemies":"Hexaghost","floor":16,"turns":11}],"seed_played":"-3004740827218530446","potions_obtained":[{"floor":1,"key":"ColorlessPotion"},{"floor":2,"key":"Ambrosia"}],"is_trial":false,"path_per_floor":["M","?","M","M","?","R","E","R","T","T","E","R","M","$","R","B"],"character_chosen":"WATCHER","items_purchased":["Protect"],"campfire_rested":1,"item_purchase_floors":[14],"current_hp_per_floor":[55,55,49,47,52,52,31,52,52,52,50,50,41,41,41,0,0],"gold":91,"neow_bonus":"BOSS_RELIC","is_daily":false,"chose_seed":false,"campfire_upgraded":3,"win_rate":0.0,"timestamp":1609336767,"path_taken":["M","?","M","?","?","R","E","R","T","?","E","R","M","?","R","BOSS"],"items_purchased_type":["Card"],"build_version":"2020-12-22","purchased_purges":1,"victory":false,"max_hp_per_floor":[68,68,68,68,73,73,73,73,73,73,73,73,73,73,73,73,73],"relic_stats":{"Busted Crown":12,"counters":[7,42],"obtain_stats":[{"Anchor":7,"Lantern":9,"Busted Crown":0,"Oddly Smooth Stone":10,"Vajra":11,"PureWater":0},{"Anchor":4,"Lantern":4,"Busted Crown":0,"Oddly Smooth Stone":4,"Vajra":5,"PureWater":0},{"Anchor":18,"Lantern":18,"Busted Crown":0,"Oddly Smooth Stone":18,"Vajra":27,"PureWater":0}]},"card_choices":[{"not_picked":[],"picked":"MentalFortress","floor":1},{"not_picked":[],"picked":"Vengeance","floor":3},{"not_picked":["JustLucky"],"picked":"SKIP","floor":4},{"not_picked":[],"picked":"FlyingSleeves","floor":7},{"not_picked":[],"picked":"Crescendo","floor":11},{"not_picked":[],"picked":"Sanctity","floor":13}],"player_experience":446673,"relics_obtained":[{"floor":7,"key":"Anchor"},{"floor":9,"key":"Lantern"},{"floor":10,"key":"Oddly Smooth Stone"},{"floor":11,"key":"Vajra"}],"event_choices":[{"damage_healed":0,"gold_gain":0,"player_choice":"Bought 1 Potion","damage_taken":0,"max_hp_gain":0,"max_hp_loss":0,"event_name":"The Woman in Blue","floor":2,"gold_loss":0},{"damage_healed":0,"gold_gain":0,"player_choice":"Donut","damage_taken":0,"max_hp_gain":5,"max_hp_loss":0,"event_name":"Big Fish","floor":5,"gold_loss":0}],"is_beta":false,"boss_relics":[],"items_purged_floors":[14],"is_endless":false,"potions_floor_spawned":[1,4],"killed_by":"Hexaghost","ascension_level":19}}