{"host":"ye7dkdlypz0ka1od","time":1609345669,"event":{"mods":["Act Like it!","Aspiration","BaseMod","Better Third Choice","Downfall","Gensokyo","Hallownest","Hubris","Infinite Spire","Marisa????????","Minty Spire (QoL Compilation)","StSLib","The Exalted"],"gold_per_floor":[116,126,76,95,113,146,146,146,146,146,165,165,54,64,64,159,159,173,173,173,186,86,86,97,97,124,124,139,14,44,55,55,152,152,171,171,171,189,189,224,75,75,75,75,91,101,101,101,101,197,197,191,191,191,185,185,185,185,49,125,128,128,115,115,380,380,602,602,602,602,602,588,580,580,594,399,426,425,416,366,366,360,360,441,441,438,438,438,437,677,670,474,474,542,542,103,43,54,305,305,380,380,383,384,334,345,347,369,369,369,394,409,406,406,406,430,430,510,510,509,509,709,714,222,242,242,242,266,281,305,305,138,154,154,239,239,249,199,201,233,231,298,298,298,323,371,381,457,474,525,525,555,555,555,205,221,260],"floor_reached":158,"playtime":8416,"items_purged":["Bromod:Strike_Bro","Bromod:Strike_Bro","Bromod:Defend_Bro","Bromod:Defend_Bro","Bromod:Defend_Bro","Pain","Bromod:Vitality","Bromod:Defend_Bro","Bromod:SplitChamber","Bromod:EnergySiphon+1","Bromod:ExaltedBlade+1","Acrobatics+1"],"score":4495,"play_id":"5a8c786d-f9c9-4c85-8ba6-b3299f1f44ba","local_time":"20201230112749","is_ascension_mode":false,"campfire_choices":[{"data":"Bromod:ReflexCoil","floor":7.0,"key":"SMITH"},{"data":"Bromod:FastHands","floor":10.0,"key":"SMITH"},{"data":"Bromod:Reflection","floor":12.0,"key":"SMITH"},{"floor":15.0,"key":"REST"},{"data":"infinitespire:Collect","floor":23.0,"key":"SMITH"},{"data":"SpiritShield","floor":25.0,"key":"SMITH"},{"data":"infinitespire:TheBestDefense","floor":32.0,"key":"SMITH"},{"data":"Bromod:ToxicBarrage","floor":42.0,"key":"SMITH"},{"data":"Bromod:Berserker","floor":44.0,"key":"SMITH"},{"data":"Bromod:FinishingTouch","floor":47.0,"key":"SMITH"},{"floor":49.0,"key":"REST"},{"data":"Bromod:EnergySiphon","floor":57.0,"key":"SMITH"},{"data":"Burst","floor":62.0,"key":"SMITH"},{"data":"Bromod:Vitality","floor":66.0,"key":"SMITH"},{"floor":83.0,"key":"REST"},{"data":"Bromod:ExaltedBlade","floor":93.0,"key":"SMITH"},{"data":"Acrobatics","floor":95.0,"key":"SMITH"},{"data":"Bromod:Stretch","floor":100.0,"key":"SMITH"},{"data":"Bromod:RadialJavelin","floor":114.0,"key":"SMITH"},{"data":"Bromod:DriftingContact","floor":117,"key":"SMITH"},{"data":"Bromod:SlashDash","floor":126,"key":"SMITH"},{"data":"Bromod:QuickThinking","floor":131,"key":"SMITH"},{"data":"infinitespire:UltimateForm","floor":134,"key":"SMITH"},{"data":"Bromod:ContagiousSpread","floor":143,"key":"SMITH"},{"data":"Bromod:QuickThinking","floor":151,"key":"SMITH"},{"floor":154,"key":"RECALL"}],"circlet_count":0,"master_deck":["Bromod:SlashDash+1","Bromod:SlashDash+1","Bromod:SlashDash+1","Bromod:FastHands+1","Bromod:ContagiousSpread+1","Bromod:ReflexCoil+1","Bromod:JaggedEdge","SpiritShield+1","Bromod:Reflection+1","Bromod:FinishingTouch+1","Bromod:Vitality+1","Bromod:DriftingContact+1","Bromod:FinishingTouch+1","infinitespire:Collect+1","Bromod:FastHands+1","infinitespire:TheBestDefense+1","Bromod:Stretch+1","Bromod:Berserker+1","CurseOfTheBell","Bromod:ToxicBarrage+1","Burst+1","infinitespire:UltimateForm+1","Bromod:FastHands+1","Bromod:BloodRush+1","Phantasmal Killer+1","Gensokyo:CustomPotion","Backflip+1","Bromod:RadialBlind+1","Bromod:RadialJavelin+1","Bromod:Serration+1","Bromod:QuickThinking+1","Adrenaline+1","Adrenaline+1","Bromod:QuickThinking+1","Bromod:ArchwingLauncher","Guardian:Gem_Orange"],"relics":["Bromod:AscarisDevice","aspiration:DSix","Bag of Preparation","infinitespire:Beetle Shell","Runic Pyramid","CaptainsWheel","Happy Flower","Nloth\u0027s Gift","hubris:TenFootPole","Calling Bell","Ice Cream","infinitespire:Lucky Rock","Bromod:ArcaneAwakening","Matryoshka","Oddly Smooth Stone","hubris:Backtick","hubris:OldNail","Pantograph","Bottled Lightning","hubris:SlimyHat","infinitespire:Satchel","Bromod:ArcaneTrickery","hubris:Towel","aspiration:SilentSkillbook","hubris:Icosahedron","Ornamental Fan","Gensokyo:LunaticRedEyes","Question Card","Shuriken","Blue Candle","aspiration:FrozenJewel","StoneCalendar","Oddly Smooth Stone","aspiration:ArtOfWarUpgrade","infinitespire:Cupcake","Gensokyo:ConquerorOfFear","Gensokyo:DirgeOfMelancholy","hubris:MysteriousPyramids","MealTicket","Toxic Egg 2","Smiling Mask","hubris:FunFungus","Mercury Hourglass","Bromod:ArcaneEnergize","infinitespire:Joker Card","Gensokyo:DualWield","Bromod:ArcaneUltimatum","infinitespire:PuzzleCube","aspiration:Nostalgia","Ring of the Snake","The Courier","ClockworkSouvenir","Chemical X","Tiny Chest","Black Star","TungstenRod","aspiration:ChemicalBlood","PreservedInsect","Bromod:ArcaneTempo","aspiration:Lifesprig","infinitespire:Bottled Soul","Bronze Scales","Pandora\u0027s Box","hubris:MedicalManual","Bottled Tornado","hubris:ToyBattleship","Bottled Flame","Ancient Tea Set","Pen Nib","infinitespire:CheckeredPen","Whetstone","Guardian:BottledAnomaly","Potion Belt","Unceasing Top","Coffee Dripper","aspiration:AnachronicSnailShell","Strawberry","hubris:MobiusCoin","Omamori","hubris:TinFlute","hubris:CrystalStatue","hubris:DisguiseKit","Lizard Tail","hubris:SphereOfDissonance","Philosopher\u0027s Stone","Medical Kit","Lantern","War Paint","Nunchaku"],"acts_visited":[],"potions_floor_usage":[152,152,152],"damage_taken":[{"damage":0.0,"enemies":"Cultist","floor":1.0,"turns":2.0},{"damage":6.0,"enemies":"Jaw Worm","floor":2.0,"turns":3.0},{"damage":2.0,"enemies":"Small Slimes","floor":4.0,"turns":4.0},{"damage":0.0,"enemies":"Gremlin Gang","floor":5.0,"turns":5.0},{"damage":6.0,"enemies":"Lagavulin","floor":6.0,"turns":7.0},{"damage":5.0,"enemies":"Exordium Wildlife","floor":11.0,"turns":4.0},{"damage":0.0,"enemies":"Red Slaver","floor":14.0,"turns":3.0},{"damage":9.0,"enemies":"The Guardian","floor":16.0,"turns":9.0},{"damage":0.0,"enemies":"2 Thieves","floor":18.0,"turns":3.0},{"damage":0.0,"enemies":"Shell Parasite","floor":21.0,"turns":4.0},{"damage":0.0,"enemies":"Shelled Parasite and Fungi","floor":24.0,"turns":2.0},{"damage":0.0,"enemies":"Snecko","floor":28.0,"turns":3.0},{"damage":0.0,"enemies":"Nightmare","floor":30.0,"turns":3.0},{"damage":1.0,"enemies":"Centurion and Healer","floor":31.0,"turns":4.0},{"damage":0.0,"enemies":"hubris:MusketHawk","floor":33.0,"turns":6.0},{"damage":0.0,"enemies":"Orb Walker","floor":35.0,"turns":3.0},{"damage":0.0,"enemies":"3 Darklings","floor":38.0,"turns":2.0},{"damage":19.0,"enemies":"Reptomancer","floor":40.0,"turns":6.0},{"damage":0.0,"enemies":"Transient","floor":45.0,"turns":4.0},{"damage":0.0,"enemies":"4 Shapes","floor":46.0,"turns":6.0},{"damage":37.0,"enemies":"Time Eater","floor":50.0,"turns":4.0},{"damage":0.0,"enemies":"Gensokyo:Gryphon","floor":52.0,"turns":2.0},{"damage":0.0,"enemies":"Gensokyo:3_Fairies","floor":55.0,"turns":3.0},{"damage":1.0,"enemies":"Gensokyo:2_Kodama","floor":61.0,"turns":2.0},{"damage":4.0,"enemies":"Gensokyo:Cirno","floor":63.0,"turns":6.0},{"damage":0.0,"enemies":"Gensokyo:Aya","floor":65.0,"turns":2.0},{"damage":0.0,"enemies":"Gensokyo:Kokoro","floor":67.0,"turns":5.0},{"damage":0.0,"enemies":"Gensokyo:Chomper","floor":69.0,"turns":2.0},{"damage":0.0,"enemies":"Gensokyo:3_Dogs","floor":72.0,"turns":3.0},{"damage":0.0,"enemies":"Gensokyo:3_Gloops","floor":73.0,"turns":2.0},{"damage":0.0,"enemies":"Gensokyo:Reisen","floor":75.0,"turns":3.0},{"damage":0.0,"enemies":"Gensokyo:Monolith_and_Dog","floor":78.0,"turns":1.0},{"damage":16.0,"enemies":"Gensokyo:Swordslinger","floor":79.0,"turns":3.0},{"damage":0.0,"enemies":"Nightmare","floor":82.0,"turns":4.0},{"damage":1.0,"enemies":"Gensokyo:Eiki","floor":84.0,"turns":2.0},{"damage":1.0,"enemies":"Gensokyo:AncientGuardian","floor":86.0,"turns":2.0},{"damage":0.0,"enemies":"Gensokyo:3_Boulders","floor":89.0,"turns":2.0},{"damage":0.0,"enemies":"Gensokyo:Rafflesia","floor":90.0,"turns":2.0},{"damage":3.0,"enemies":"Nightmare","floor":91.0,"turns":3.0},{"damage":0.0,"enemies":"Gensokyo:Kasen","floor":98.0,"turns":3.0},{"damage":0.0,"enemies":"Gensokyo:4_Bats","floor":99.0,"turns":1.0},{"damage":0.0,"enemies":"Gensokyo:Shinki","floor":101.0,"turns":3.0},{"damage":0.0,"enemies":"Small Slimes","floor":103.0,"turns":1.0},{"damage":0.0,"enemies":"Jaw Worm","floor":104.0,"turns":2.0},{"damage":0.0,"enemies":"2 Louse","floor":106.0,"turns":1.0},{"damage":0.0,"enemies":"2 Fungi Beasts","floor":107.0,"turns":1.0},{"damage":0.0,"enemies":"Gremlin Nob","floor":108.0,"turns":1.0},{"damage":0.0,"enemies":"Lagavulin","floor":112.0,"turns":1.0},{"damage":0.0,"enemies":"Blue Slaver","floor":113.0,"turns":1.0},{"damage":0,"enemies":"Hexaghost","floor":118,"turns":2},{"damage":0,"enemies":"3 Byrds","floor":120,"turns":1},{"damage":0,"enemies":"Spheric Guardian","floor":123,"turns":1},{"damage":0,"enemies":"Slavers","floor":125,"turns":1},{"damage":0,"enemies":"Snake Plant","floor":127,"turns":1},{"damage":0,"enemies":"Book of Stabbing","floor":129,"turns":1},{"damage":0,"enemies":"Gremlin Leader","floor":133,"turns":1},{"damage":0,"enemies":"Collector","floor":135,"turns":2},{"damage":0,"enemies":"3 Shapes","floor":137,"turns":1},{"damage":0,"enemies":"3 Darklings","floor":139,"turns":1},{"damage":0,"enemies":"Mind Bloom Boss Battle","floor":140,"turns":2},{"damage":0,"enemies":"Writhing Mass","floor":141,"turns":1},{"damage":0,"enemies":"Nemesis","floor":142,"turns":1},{"damage":0,"enemies":"Jaw Worm Horde","floor":146,"turns":1},{"damage":0,"enemies":"Nightmare","floor":147,"turns":2},{"damage":0,"enemies":"Nemesis","floor":149,"turns":1},{"damage":0,"enemies":"Transient","floor":150,"turns":2},{"damage":0,"enemies":"infinitespire:LordOfFortification","floor":152,"turns":5},{"damage":0,"enemies":"Shield and Spear","floor":156,"turns":2},{"damage":0,"enemies":"The Heart","floor":157,"turns":5}],"seed_played":"-7456240732344587218","potions_obtained":[{"floor":2.0,"key":"Slimebound:ThreeZeroPotion"},{"floor":4.0,"key":"Bromod:AmmoRestore"},{"floor":5.0,"key":"EssenceOfSteel"},{"floor":16.0,"key":"Fire Potion"},{"floor":21.0,"key":"Energy Potion"},{"floor":28.0,"key":"Bromod:Forma"},{"floor":31.0,"key":"PowerPotion"},{"floor":38.0,"key":"Bromod:AmmoRestore"},{"floor":46.0,"key":"LiquidBronze"},{"floor":50.0,"key":"Ancient Potion"},{"floor":52.0,"key":"Bromod:EnergyRestore"},{"floor":63.0,"key":"CultistPotion"},{"floor":65.0,"key":"Bromod:Forma"},{"floor":67.0,"key":"Guardian:BlockOnCardUsePotion"},{"floor":73.0,"key":"Energy Potion"},{"floor":90.0,"key":"Ancient Potion"},{"floor":91.0,"key":"infinitespire:BlackPotion"},{"floor":133,"key":"Slimebound:ThreeZeroPotion"},{"floor":140,"key":"Regen Potion"},{"floor":157,"key":"Bromod:AmmoRestore"}],"is_trial":false,"path_per_floor":["M","M","?","M","M","E","R","?","T","R","M","R","$","M","R","B",null,"M","?","AVR","M","$","R","M","R","T","?","M","$","NM","M","R","B",null,"M","T","AVR","M","?","E","$","R","T","R","M","M","R","?","R","B",null,"M","?","?","M","?","R","T","COS","T","M","R","?","AVR","E","R","B",null,"M","?","?","M","M","R","E","COS","T","M","M","?","R","NM","R","B",null,"M","?","?","M","M","NM","$","R","T","R","COS","?","E","M","R","B",null,"M","M","$","M","M","E","?","?","T","E","M","R","?","T","R","B",null,"M","?","?","M","$","E","R","M","T","E","T","R","$","E","R","B",null,"M","$","M","?","M","E","R","?","T","M","NM","T","E","M","R","B",null,"R","$","E","B",null],"character_chosen":"THE_EXALTED","items_purchased":["Bromod:FinishingTouch","hubris:SlimyHat","aspiration:Nostalgia","hubris:MedicalManual","Bottled Tornado","Guardian:BottledAnomaly","Medical Kit","Bromod:ArchwingLauncher","Lantern"],"campfire_rested":3,"item_purchase_floors":[13,41,92,124,124,132,155,155,155],"current_hp_per_floor":[75,69,69,67,75,69,69,42,42,42,37,37,37,37,59,50,75,75,75,75,75,75,75,75,75,75,75,75,75,75,74,74,74,75,75,75,75,75,75,56,56,56,56,56,56,56,56,56,75,38,75,75,75,68,68,68,68,68,68,68,74,74,70,70,70,70,75,75,75,75,75,75,75,75,75,75,75,75,59,66,66,66,82,82,82,82,66,66,68,69,68,82,82,82,82,82,82,82,82,82,82,82,82,82,82,82,82,82,82,87,87,87,87,87,87,87,87,87,87,87,87,87,87,87,87,87,87,87,87,87,87,87,87,87,87,87,87,87,87,87,87,94,94,94,94,94,94,94,94,94,94,94,94,94,94,94,94],"gold":260,"neow_bonus":"DSIX","is_daily":false,"chose_seed":false,"campfire_upgraded":22,"win_rate":0.0,"timestamp":1609345669,"path_taken":["M","?","?","M","M","E","R","?","T","R","M","R","?","M","R","BOSS","M","?","AVR","?","$","R","M","R","T","?","?","?","NM","M","R","BOSS","M","?","AVR","M","?","E","$","R","T","R","?","M","R","?","R","BOSS","M","?","?","?","?","R","?","COS","T","M","R","?","AVR","E","R","BOSS","M","?","?","M","?","R","E","COS","T","M","M","?","R","NM","R","BOSS","M","?","?","M","M","NM","$","R","T","R","COS","?","E","M","R","BOSS","M","M","$","M","M","E","?","?","T","E","M","R","?","?","R","BOSS","M","?","?","M","$","E","R","?","T","E","?","R","?","E","R","BOSS","M","$","M","?","M","E","R","?","T","M","NM","?","E","M","R","BOSS","R","$","E","BOSS"],"items_purchased_type":["Card","Relic","Relic","Relic","Relic","Relic","Relic","Card","Relic"],"build_version":"2020-12-22","purchased_purges":12,"victory":true,"max_hp_per_floor":[75,75,75,75,75,75,75,75,75,75,75,75,75,75,75,75,75,75,75,75,75,75,75,75,75,75,75,75,75,75,75,75,75,75,75,75,75,75,75,75,75,75,75,75,75,75,75,75,75,75,75,75,75,75,75,75,75,75,75,75,75,75,75,75,75,75,75,75,75,75,75,75,75,75,75,75,75,75,75,82,82,82,82,82,82,82,82,82,82,82,82,82,82,82,82,82,82,82,82,82,82,82,82,82,82,82,82,82,82,87,87,87,87,87,87,87,87,87,87,87,87,87,87,87,87,87,87,87,87,87,87,87,87,87,87,87,87,87,87,87,87,94,94,94,94,94,94,94,94,94,94,94,94,94,94,94,94],"card_choices":[{"not_picked":["Bromod:HeatedCharge","Bromod:Patagium"],"picked":"Bromod:FastHands","floor":1.0},{"not_picked":["Bromod:ShatteringImpact","Bromod:Redirection"],"picked":"Bromod:EnergySiphon","floor":2.0},{"not_picked":["Bromod:Fury","Bromod:SlashDash"],"picked":"Bromod:ContagiousSpread","floor":4.0},{"not_picked":["Bromod:NoReturn","Bromod:Redirection"],"picked":"Bromod:ReflexCoil","floor":5.0},{"not_picked":["Bromod:FastHands","Bromod:HeatedCharge"],"picked":"Bromod:JaggedEdge","floor":6.0},{"not_picked":["Bromod:SteelFiber","Bromod:RelentlessCombination"],"picked":"Bromod:Reflection","floor":11.0},{"not_picked":["Bromod:FormaBlueprint","Bromod:FinishingTouch"],"picked":"Bromod:Vitality","floor":14.0},{"not_picked":["Bromod:HellsChamber","Bromod:LifeStrike"],"picked":"Bromod:DriftingContact","floor":16.0},{"not_picked":["Bromod:SteelFiber+1","Bromod:Foundry+1"],"picked":"Bromod:FinishingTouch","floor":18.0},{"not_picked":["Bromod:FormaBlueprint","Bromod:BulletJump+1"],"picked":"Bromod:FastHands+1","floor":21.0},{"not_picked":["Bromod:BriefRespite","Bromod:PressurePoint"],"picked":"Bromod:Vitality","floor":24.0},{"not_picked":["Bromod:Maglev","Bromod:Foundry","Bromod:BodyCount"],"picked":"SKIP","floor":28.0},{"not_picked":["Bromod:PointBlank","Bromod:BriefRespite+1"],"picked":"Bromod:SplitChamber","floor":30.0},{"not_picked":["infinitespire:SevenWalls","hubris:InfiniteBlow"],"picked":"infinitespire:TheBestDefense","floor":30.0},{"not_picked":["Bromod:Vitality","Bromod:ExaltedBlade"],"picked":"Bromod:Stretch","floor":31.0},{"not_picked":["Bromod:JaggedEdge","Bromod:CollisionForce"],"picked":"Bromod:Berserker","floor":33.0},{"not_picked":["Bromod:TargetCracker+1","Bromod:SlashDash","Bromod:Reflection"],"picked":"SKIP","floor":35.0},{"not_picked":["Bromod:QuickDraw","Bromod:NoReturn+1","Bromod:SteelFiber"],"picked":"SKIP","floor":38.0},{"not_picked":["Bromod:LifeStrike","Bromod:Reflection"],"picked":"Bromod:ToxicBarrage","floor":40.0},{"not_picked":["Bromod:OrganShatter+1","Bromod:Maglev","Bromod:BodyCount"],"picked":"SKIP","floor":45.0},{"not_picked":["Bromod:PointStrike+1","Bromod:NorthWind+1","Bromod:BulletJump"],"picked":"SKIP","floor":46.0},{"not_picked":["Slice","Dagger Spray","Bromod:HornetStrike","PiercingWail"],"picked":"SKIP","floor":52.0},{"not_picked":["Flying Knee","Bromod:SteelFiber","Deflect","Bromod:Stretch"],"picked":"SKIP","floor":55.0},{"not_picked":["hubris:Sniper","Acrobatics","Sucker Punch","Bromod:OrganShatter"],"picked":"Burst","floor":61.0},{"not_picked":["Bromod:Blaze","hubris:SlightOfHand","Bromod:SteelCharge","Bromod:ShatteringImpact","Backstab"],"picked":"SKIP","floor":63.0},{"not_picked":["Sucker Punch","Blade Dance","Skewer","Bromod:PointBlank","Dash"],"picked":"SKIP","floor":65.0},{"not_picked":["infinitespire:Fortify","infinitespire:Execution"],"picked":"infinitespire:UltimateForm","floor":67.0},{"not_picked":["Outmaneuver","Bromod:BulletJump","Bromod:Provoked","Bromod:PressurePoint"],"picked":"Acrobatics","floor":69.0},{"not_picked":["Bromod:Foundry+1","Distraction","Predator","Leg Sweep","Bromod:FastHands"],"picked":"SKIP","floor":72.0},{"not_picked":["Bromod:SlashDash","Bromod:LethalTorrent","Bromod:Serration+1","Bromod:BodyCount","Dagger Throw"],"picked":"SKIP","floor":73.0},{"not_picked":["Crippling Poison","Bromod:SeismicWave","Bromod:Flow","Bromod:Redirection+1","Skewer+1"],"picked":"SKIP","floor":75.0},{"not_picked":["Terror+1","Acrobatics+1","Bromod:Maglev+1","Bromod:Vitality+1","hubris:Counter"],"picked":"SKIP","floor":78.0},{"not_picked":["Dodge and Roll+1","Reflex+1","Bromod:SpeedTrigger+1","hubris:SlightOfHand+1"],"picked":"Bromod:FastHands+1","floor":79.0},{"not_picked":["Envenom","Bromod:BodyCount","aspiration:Lunge","Footwork"],"picked":"Bromod:BloodRush+1","floor":82.0},{"not_picked":["Bromod:Rage","Unload","Tools of the Trade","Bromod:RadialJavelin"],"picked":"Bromod:ExaltedBlade","floor":84.0},{"not_picked":["Underhanded Strike","Dagger Spray+1","Bromod:ChillingReload+1","Well Laid Plans+1","Bromod:BulletJump+1"],"picked":"SKIP","floor":86.0},{"not_picked":["Bromod:BloodRush+1","Bromod:HeatedCharge","Bromod:NoReturn+1","Bromod:Foundry","hubris:SlightOfHand+1"],"picked":"SKIP","floor":89.0},{"not_picked":["hubris:Sniper+1","Predator","Masterful Stab","Bromod:VoltaicStrike"],"picked":"Phantasmal Killer+1","floor":90.0},{"not_picked":["Bromod:Berserker","Cloak And Dagger+1","Bromod:Blaze+1","Bromod:Fury+1","Dodge and Roll+1"],"picked":"SKIP","floor":91.0},{"not_picked":["Bromod:Rejuvenation","Bromod:BloodRush+1","Bromod:SlipMagazine+1","Bromod:Berserker"],"picked":"Backflip+1","floor":98.0},{"not_picked":["Bromod:PressurePoint+1","Crippling Poison+1","Dagger Throw","Slice+1"],"picked":"Bromod:RadialBlind+1","floor":99.0},{"not_picked":["Venomology+1","Corpse Explosion+1","Bromod:JaggedEdge","Bromod:VoltaicStrike"],"picked":"Bromod:RadialJavelin","floor":101.0},{"not_picked":["Bromod:ThermiteRounds","Distraction+1","Bromod:EnergySiphon","Skewer","Bromod:HornetStrike"],"picked":"SKIP","floor":103.0},{"not_picked":["Cloak And Dagger+1","Slice","Bromod:FastHands+1","Infinite Blades","PiercingWail+1"],"picked":"SKIP","floor":104.0},{"not_picked":["Bromod:BulletJump+1","Prepared+1","Crippling Poison+1","Bromod:JaggedEdge","Bromod:SpeedTrigger+1"],"picked":"SKIP","floor":106.0},{"not_picked":["Bromod:Fury+1","Bromod:Redirection+1","Heel Hook","Dagger Spray","hubris:Counter"],"picked":"SKIP","floor":107.0},{"not_picked":["Deflect+1","Bromod:HellsChamber","Bromod:Vitality+1","Prepared+1","Bromod:SlashDash"],"picked":"SKIP","floor":108.0},{"not_picked":["Bromod:SlashDash","Bromod:Reflection+1","Unload","Bromod:SteelFiber"],"picked":"Bromod:Serration+1","floor":112.0},{"not_picked":["Caltrops","Bromod:FastHands+1","hubris:SlightOfHand+1","Bromod:Foundry","Bromod:PressurePoint+1"],"picked":"SKIP","floor":113.0},{"not_picked":["Bromod:SlashDash","Bromod:SpeedTrigger+1","Bromod:BriefRespite","Flechettes+1","Flying Knee"],"picked":"SKIP","floor":120},{"not_picked":["Flying Knee","Bromod:SlipMagazine+1","Bromod:ShatteringImpact+1","Acrobatics+1","Well Laid Plans"],"picked":"SKIP","floor":123},{"not_picked":["Leg Sweep+1","Bromod:NorthWind","Bromod:Foundry","Bromod:HellsChamber","Bromod:Intensify"],"picked":"SKIP","floor":125},{"not_picked":["Bromod:VitalSense","Bromod:ReflexCoil+1","Backstab","Eviscerate+1","Bromod:NorthWind"],"picked":"SKIP","floor":127},{"not_picked":["Bromod:FastHands+1","Deadly Poison+1","Cloak And Dagger+1","Finisher"],"picked":"Bromod:QuickThinking","floor":129},{"not_picked":["Bromod:PressurePoint+1","Bromod:Frostbite","Bromod:Patagium+1","Bromod:ExaltedBlade","Bromod:Rage"],"picked":"SKIP","floor":133},{"not_picked":["Bromod:Berserker","Bromod:ExaltedBlade","Phantasmal Killer+1","Bromod:ChillingReload+1"],"picked":"Adrenaline+1","floor":135},{"not_picked":["Concentrate+1","Bromod:TargetCracker+1","Bromod:QuickDraw+1","Bromod:Patagium+1","Poisoned Stab"],"picked":"SKIP","floor":137},{"not_picked":["Bromod:NoReturn","Blade Dance+1","Bromod:Frostbite","Underhanded Strike","Flying Knee+1"],"picked":"SKIP","floor":139},{"not_picked":["Bromod:SlipMagazine+1","Footwork","Bromod:LifeStrike","Bane+1","Bromod:BodyCount"],"picked":"SKIP","floor":141},{"not_picked":["Bromod:HeatedCharge+1","Bane+1","Bromod:Rejuvenation","Bromod:FormaBlueprint+1","Crippling Poison+1"],"picked":"SKIP","floor":142},{"not_picked":["Bromod:HeatedCharge+1","Bane+1","Bromod:Rejuvenation","Bromod:FormaBlueprint+1","Crippling Poison+1"],"picked":"SKIP","floor":142},{"not_picked":["Tactician+1","Bromod:SteelFiber","Bromod:ShatteringImpact+1","PiercingWail+1"],"picked":"Adrenaline+1","floor":146},{"not_picked":["Bane","Backflip+1","Bromod:Flow+1","Slice"],"picked":"Bromod:QuickThinking","floor":147},{"not_picked":["Slice","Bromod:Maglev+1","Bromod:RadialBlind+1","Bromod:Patagium+1","Setup+1","Guardian:Gem_Lightblue"],"picked":"SKIP","floor":149},{"not_picked":["Bromod:OrganShatter","Slice","infinitespire:Neurotoxin+1","Bromod:RelentlessCombination+1","Bromod:Provoked+1","Guardian:Gem_Lightblue"],"picked":"SKIP","floor":150},{"not_picked":["Prepared+1","Blade Dance+1","Bromod:HellsChamber","Bromod:HeatedCharge","Bromod:CollisionForce","Guardian:GatlingBeam"],"picked":"SKIP","floor":156},{"not_picked":["Unload","aspiration:Lunge","Venomology+1","Bromod:Thunderbolt","Tools of the Trade"],"picked":"Guardian:Gem_Orange","floor":157}],"player_experience":1525545,"relics_obtained":[{"floor":6.0,"key":"Bag of Preparation"},{"floor":26.0,"key":"Happy Flower"},{"floor":30.0,"key":"hubris:TenFootPole"},{"floor":34.0,"key":"Ice Cream"},{"floor":34.0,"key":"infinitespire:Lucky Rock"},{"floor":34.0,"key":"Bromod:ArcaneAwakening"},{"floor":36.0,"key":"Matryoshka"},{"floor":40.0,"key":"Bottled Lightning"},{"floor":43.0,"key":"infinitespire:Satchel"},{"floor":43.0,"key":"Bromod:ArcaneTrickery"},{"floor":58.0,"key":"Question Card"},{"floor":58.0,"key":"Shuriken"},{"floor":60.0,"key":"Blue Candle"},{"floor":63.0,"key":"aspiration:FrozenJewel"},{"floor":65.0,"key":"Oddly Smooth Stone"},{"floor":72.0,"key":"Gensokyo:ConquerorOfFear"},{"floor":75.0,"key":"hubris:MysteriousPyramids"},{"floor":77.0,"key":"MealTicket"},{"floor":82.0,"key":"hubris:FunFungus"},{"floor":91.0,"key":"infinitespire:PuzzleCube"},{"floor":94.0,"key":"The Courier"},{"floor":98.0,"key":"Tiny Chest"},{"floor":108.0,"key":"aspiration:ChemicalBlood"},{"floor":108.0,"key":"PreservedInsect"},{"floor":111.0,"key":"Bromod:ArcaneTempo"},{"floor":112.0,"key":"aspiration:Lifesprig"},{"floor":112.0,"key":"infinitespire:Bottled Soul"},{"floor":116,"key":"Bronze Scales"},{"floor":125,"key":"hubris:ToyBattleship"},{"floor":125,"key":"Bottled Flame"},{"floor":128,"key":"Ancient Tea Set"},{"floor":129,"key":"Pen Nib"},{"floor":129,"key":"infinitespire:CheckeredPen"},{"floor":130,"key":"Whetstone"},{"floor":133,"key":"Potion Belt"},{"floor":133,"key":"Unceasing Top"},{"floor":140,"key":"aspiration:AnachronicSnailShell"},{"floor":142,"key":"Strawberry"},{"floor":142,"key":"hubris:MobiusCoin"},{"floor":145,"key":"Omamori"},{"floor":147,"key":"hubris:TinFlute"},{"floor":147,"key":"hubris:CrystalStatue"},{"floor":148,"key":"hubris:DisguiseKit"},{"floor":149,"key":"Lizard Tail"},{"floor":149,"key":"hubris:SphereOfDissonance"},{"floor":156,"key":"War Paint"},{"floor":156,"key":"Nunchaku"}],"event_choices":[{"cards_removed":["Bromod:Strike_Bro"],"damage_healed":0.0,"max_hp_gain":0.0,"max_hp_loss":0.0,"gold_gain":0.0,"event_name":"The Cleric","player_choice":"Card Removal","floor":3.0,"gold_loss":50.0,"damage_taken":0.0},{"damage_healed":0.0,"max_hp_gain":0.0,"max_hp_loss":0.0,"gold_gain":0.0,"event_name":"N\u0027loth","player_choice":"Traded Relic","floor":27.0,"relics_lost":["Bromod:Ordis"],"gold_loss":0.0,"damage_taken":0.0,"relics_obtained":["Nloth\u0027s Gift"]},{"damage_healed":0.0,"max_hp_gain":0.0,"max_hp_loss":0.0,"gold_gain":0.0,"event_name":"WeMeetAgain","player_choice":"Gave Potion","floor":39.0,"gold_loss":0.0,"damage_taken":0.0,"relics_obtained":["Pantograph"]},{"damage_healed":0.0,"max_hp_gain":5.0,"max_hp_loss":0.0,"gold_gain":0.0,"event_name":"Big Fish","player_choice":"Donut","floor":110.0,"gold_loss":0.0,"damage_taken":0.0},{"damage_healed":0,"gold_gain":0,"player_choice":"Left","damage_taken":0,"max_hp_gain":1,"max_hp_loss":0,"event_name":"betterThird:BetterGoop","floor":115,"gold_loss":0},{"damage_healed":0,"gold_gain":200,"player_choice":"Gold","damage_taken":0,"max_hp_gain":0,"max_hp_loss":0,"event_name":"Wheel of Change","floor":122,"gold_loss":0},{"damage_healed":0,"gold_gain":0,"player_choice":"Fight","damage_taken":0,"max_hp_gain":0,"max_hp_loss":0,"event_name":"MindBloom","floor":140,"gold_loss":0}],"is_beta":false,"boss_relics":[{"not_picked":["Coffee Dripper","Pandora\u0027s Box"],"picked":"Runic Pyramid"},{"not_picked":["aspiration:SecretTechniqueScroll","hubris:Stopwatch"],"picked":"Calling Bell"},{"not_picked":["Astrolabe","Fusion Hammer"],"picked":"aspiration:SilentSkillbook"},{"not_picked":["hubris:RunicObelisk","Busted Crown"],"picked":"infinitespire:Cupcake"},{"not_picked":["hubris:TerracottaHorce","Velvet Choker"],"picked":"Bromod:ArcaneEnergize"},{"not_picked":["SlaversCollar","aspiration:PoetsPen_weak"],"picked":"Black Star"},{"not_picked":["aspiration:PoetsPen_weak","hubris:TerracottaHorce"],"picked":"Pandora\u0027s Box"},{"not_picked":["hubris:VirtuousBlindfold","Runic Dome"],"picked":"Coffee Dripper"},{"not_picked":["aspiration:RitualDagger","hubris:CrackedHourglass"],"picked":"Philosopher\u0027s Stone"}],"items_purged_floors":[13,20,22,29,37,64,92,105,124,132,138,155],"is_endless":true,"potions_floor_spawned":[2,4,5,16,21,28,31,38,46,50,52,63,65,67,73,78,79,82,90,91,101,103,104,107,113,123,129,133,140,146,149,150,157],"ascension_level":0}}