{"host":"5fasz840ryq7obdf","time":1609349501,"event":{"mods":["AchievementEnabler","BaseMod","Bestiary","Better Altar","Better Skull","Better Third Choice","BetterRewards","Block Reminder","Colored Powertips","Curses Come First","Downfall","Highlight Path","Minty Spire (QoL Compilation)","Quick Restart","Relic Sorter","Relic Stats","Shop Mod","Spicy Shops","StSLib","SuperFastMode"],"gold_per_floor":[99,114,125,136,155,155,181,213,123,123,158,174,174,205,225,225,225],"floor_reached":16,"playtime":949,"items_purged":["Regret"],"score":139,"play_id":"742df88f-67e3-439b-a231-6d792a1014da","local_time":"20201230173141","is_ascension_mode":false,"campfire_choices":[{"data":"sneckomod:TailWhip","floor":1.0,"key":"SMITH"},{"data":"sneckomod:CheapStock","floor":10,"key":"SMITH"},{"data":"sneckomod:MorePower","floor":13,"key":"SMITH"}],"circlet_count":0,"master_deck":["sneckomod:Strike","sneckomod:Strike","sneckomod:Strike","sneckomod:Defend","sneckomod:Defend","sneckomod:Defend","sneckomod:TailWhip+1","sneckomod:SnekBite","sneckomod:Unknown","sneckomod:Unknown","sneckomod:SnakeSap","sneckomod:SoulDraw","sneckomod:SerpentMind","sneckomod:UnknownUncommonSkill","sneckomod:CheapStock+1","sneckomod:ImprovisedAttack","sneckomod:MorePower+1","sneckomod:DiceBlock","sneckomod:UnknownRareSkill+1","sneckomod:Unknown1Cost","sneckomod:UnknownX+1","sneckomod:SnekBeam","sneckomod:UnknownColorless+1","sneckomod:QuickBite"],"relics":["sneckomod:SneckoSoul","Centennial Puzzle","PreservedInsect","Tiny Chest","Singing Bowl"],"acts_visited":["Exordium"],"potions_floor_usage":[14,16],"damage_taken":[{"damage":0.0,"enemies":"Cultist","floor":2.0,"turns":3.0},{"damage":0.0,"enemies":"2 Louse","floor":3.0,"turns":2.0},{"damage":3.0,"enemies":"Jaw Worm","floor":4.0,"turns":4.0},{"damage":8.0,"enemies":"Red Slaver","floor":5.0,"turns":2.0},{"damage":23,"enemies":"Gremlin Nob","floor":8,"turns":4},{"damage":8,"enemies":"downfall:FleeingMerchant","floor":9,"turns":4},{"damage":20,"enemies":"3 Louse","floor":11,"turns":3},{"damage":7,"enemies":"Blue Slaver","floor":12,"turns":2},{"damage":0,"enemies":"Lagavulin","floor":14,"turns":4},{"damage":20,"enemies":"Large Slime","floor":15,"turns":5},{"damage":22,"enemies":"downfall:Defect","floor":16,"turns":4}],"seed_played":"-5240898759838200392","potions_obtained":[{"floor":2.0,"key":"Swift Potion"},{"floor":4.0,"key":"EssenceOfSteel"},{"floor":11,"key":"Strength Potion"},{"floor":12,"key":"sneckomod:DiceRollPotion"},{"floor":15,"key":"sneckomod:DiceRollPotion"}],"is_trial":false,"path_per_floor":["R","M","M","M","M","?","T","E","$","R","M","M","R","E","M","B"],"character_chosen":"THE_SNECKO","items_purchased":[],"campfire_rested":0,"item_purchase_floors":[],"current_hp_per_floor":[99,99,99,96,89,89,89,66,58,58,39,33,33,34,19,0,0],"gold":225,"neow_bonus":"TEN_PERCENT_HP_BONUS","is_daily":false,"chose_seed":false,"campfire_upgraded":3,"win_rate":0.0,"timestamp":1609349501,"path_taken":["R","M","M","?","M","?","T","E","$","R","M","M","R","E","M","BOSS"],"items_purchased_type":[],"build_version":"2020-12-22","purchased_purges":1,"victory":false,"max_hp_per_floor":[99,99,99,99,100,100,100,100,100,100,101,102,102,103,104,104,104],"relic_stats":{"Centennial Puzzle":[18],"Singing Bowl":0,"counters":[11,37],"Tiny Chest":0,"PreservedInsect":157,"obtain_stats":[{"Centennial Puzzle":6,"Singing Bowl":14,"Tiny Chest":8,"PreservedInsect":7,"sneckomod:SneckoSoul":0},{"Centennial Puzzle":4,"Singing Bowl":9,"Tiny Chest":5,"PreservedInsect":4,"sneckomod:SneckoSoul":0},{"Centennial Puzzle":11,"Singing Bowl":28,"Tiny Chest":15,"PreservedInsect":11,"sneckomod:SneckoSoul":0}]},"card_choices":[{"not_picked":["sneckomod:SoulRoll","sneckomod:Unknown2Cost"],"picked":"sneckomod:SnakeSap","floor":2.0},{"not_picked":["sneckomod:RainOfDice","sneckomod:UnknownStrike"],"picked":"sneckomod:SoulDraw","floor":3.0},{"not_picked":["sneckomod:UnknownClassPURPLE","sneckomod:UnknownStrike"],"picked":"sneckomod:SerpentMind","floor":4.0},{"not_picked":["sneckomod:UnknownCommonSkill","sneckomod:UnknownWeak"],"picked":"sneckomod:UnknownUncommonSkill","floor":5.0},{"not_picked":["sneckomod:UnknownClassGUARDIAN","sneckomod:UnknownStrike"],"picked":"sneckomod:CheapStock","floor":8},{"not_picked":["sneckomod:UnknownWeak","sneckomod:SnekBeam"],"picked":"sneckomod:ImprovisedAttack","floor":9},{"not_picked":["sneckomod:DiceCrush","sneckomod:SoulCleanse"],"picked":"sneckomod:MorePower","floor":9},{"not_picked":["sneckomod:UnknownWeak","sneckomod:RainOfDice"],"picked":"sneckomod:DiceBlock","floor":11},{"not_picked":["sneckomod:UnknownClassRED+1","sneckomod:UnknownClassPURPLE+1"],"picked":"sneckomod:UnknownRareSkill+1","floor":11},{"not_picked":["sneckomod:UnknownCommonAttack","sneckomod:SoulDraw"],"picked":"sneckomod:Unknown1Cost","floor":12},{"not_picked":["sneckomod:UnknownClassGUARDIAN+1","sneckomod:UnknownUncommonPower+1"],"picked":"sneckomod:UnknownX+1","floor":14},{"not_picked":["sneckomod:UnknownEthereal","sneckomod:QuickMove"],"picked":"sneckomod:SnekBeam","floor":14},{"not_picked":["sneckomod:UnknownClassBLUE+1","sneckomod:UnknownUncommonPower+1"],"picked":"sneckomod:UnknownColorless+1","floor":15},{"not_picked":["sneckomod:DefensiveFlair","sneckomod:UnknownClassRED"],"picked":"sneckomod:QuickBite","floor":15}],"player_experience":1302915,"relics_obtained":[{"floor":7.0,"key":"PreservedInsect"},{"floor":8,"key":"Tiny Chest"},{"floor":14,"key":"Singing Bowl"}],"event_choices":[{"damage_healed":0.0,"max_hp_gain":0.0,"max_hp_loss":0.0,"gold_gain":0.0,"event_name":"Big Fish","player_choice":"Box","floor":6.0,"gold_loss":0.0,"damage_taken":0.0,"relics_obtained":["Centennial Puzzle"],"cards_obtained":["Regret"]}],"is_beta":false,"boss_relics":[],"items_purged_floors":[9],"is_endless":false,"potions_floor_spawned":[2,4,11,12,15],"killed_by":"downfall:Defect","ascension_level":0}}