{"host":"l60rmjjsfi0fipmi","time":1609345021,"event":{"mods":["BaseMod","Colored Map","DeckTracker","Highlight Path","Minty Spire (QoL Compilation)"],"gold_per_floor":[215,28,39,39,51,82,100,100,155,185,185,185,185,156,156,261,261,273,273,259,278,29,29,29,29],"floor_reached":24,"playtime":3059,"items_purged":["Strike_G","Strike_G"],"score":231,"play_id":"675000db-5743-4e29-907d-1826e20b8572","local_time":"20201230111701","is_ascension_mode":false,"campfire_choices":[{"floor":11,"key":"REST"},{"floor":15,"key":"REST"},{"floor":23,"key":"REST"}],"circlet_count":0,"master_deck":["Strike_G","Defend_G","Defend_G","Defend_G","Defend_G","Defend_G","Survivor","Neutralize","Infinite Blades","Noxious Fumes","Catalyst","Prepared","Poisoned Stab","Night Terror","Distraction","Predator","Tools of the Trade","Dagger Spray+1","Iron Wave","PiercingWail","Eviscerate"],"relics":["Ring of the Snake","Strawberry","White Beast Statue","Bag of Marbles","Mango","Black Star","TwistedFunnel"],"acts_visited":["Exordium","TheCity"],"potions_floor_usage":[6,10,10,16,21,24,24],"damage_taken":[{"damage":0,"enemies":"2 Louse","floor":1,"turns":4},{"damage":0,"enemies":"Jaw Worm","floor":3,"turns":6},{"damage":2,"enemies":"Cultist","floor":5,"turns":5},{"damage":25,"enemies":"3 Sentries","floor":6,"turns":7},{"damage":2,"enemies":"Looter","floor":7,"turns":4},{"damage":44,"enemies":"Gremlin Nob","floor":10,"turns":6},{"damage":11,"enemies":"Exordium Thugs","floor":14,"turns":5},{"damage":41,"enemies":"Hexaghost","floor":16,"turns":11},{"damage":17,"enemies":"Chosen","floor":18,"turns":7},{"damage":29,"enemies":"2 Thieves","floor":20,"turns":4},{"damage":28,"enemies":"Cultist and Chosen","floor":21,"turns":8},{"damage":52,"enemies":"Slavers","floor":24,"turns":4}],"seed_played":"-7801790730929389813","potions_obtained":[{"floor":1,"key":"Explosive Potion"},{"floor":3,"key":"DistilledChaos"},{"floor":6,"key":"CunningPotion"},{"floor":10,"key":"Weak Potion"},{"floor":13,"key":"GamblersBrew"},{"floor":13,"key":"SmokeBomb"},{"floor":16,"key":"Regen Potion"},{"floor":18,"key":"Fire Potion"},{"floor":21,"key":"Strength Potion"}],"is_trial":false,"path_per_floor":["M","$","M","?","M","E","M","T","T","E","R","?","?","M","R","B",null,"M","?","M","M","$","R","E"],"character_chosen":"THE_SILENT","items_purchased":["Noxious Fumes","Catalyst","TwistedFunnel"],"campfire_rested":3,"item_purchase_floors":[2,2,22],"current_hp_per_floor":[70,70,70,70,68,50,48,48,48,18,45,45,45,34,61,20,91,74,74,45,17,17,44,4,4],"gold":29,"neow_bonus":"HUNDRED_GOLD","is_daily":false,"chose_seed":false,"campfire_upgraded":0,"win_rate":0.0,"timestamp":1609345021,"path_taken":["M","$","M","?","M","E","M","?","T","E","R","?","?","?","R","BOSS","M","?","M","?","$","R","E"],"items_purchased_type":["Card","Card","Relic"],"build_version":"2020-12-22","purchased_purges":2,"victory":false,"max_hp_per_floor":[70,70,70,70,70,77,77,77,77,91,91,91,91,91,91,91,91,91,91,91,91,91,91,91,91],"card_choices":[{"not_picked":["Expertise","Prepared"],"picked":"Infinite Blades","floor":1},{"not_picked":["Deflect","Dagger Spray"],"picked":"Prepared","floor":3},{"not_picked":["Backstab","A Thousand Cuts"],"picked":"Poisoned Stab","floor":5},{"not_picked":["Acrobatics","Reflex"],"picked":"Night Terror","floor":6},{"not_picked":["Blade Dance","Dodge and Roll"],"picked":"Distraction","floor":7},{"not_picked":["Masterful Stab","Caltrops"],"picked":"Predator","floor":10},{"not_picked":["All Out Attack","Riddle With Holes","Dodge and Roll"],"picked":"SKIP","floor":14},{"not_picked":["Malaise","Doppelganger"],"picked":"Tools of the Trade","floor":16},{"not_picked":["Deflect","Riddle With Holes+1"],"picked":"Dagger Spray+1","floor":18},{"not_picked":["Blade Dance","Underhanded Strike"],"picked":"PiercingWail","floor":20},{"not_picked":["Escape Plan","Sucker Punch"],"picked":"Eviscerate","floor":21}],"player_experience":110070,"relics_obtained":[{"floor":6,"key":"Strawberry"},{"floor":8,"key":"White Beast Statue"},{"floor":9,"key":"Bag of Marbles"},{"floor":10,"key":"Mango"}],"event_choices":[{"cards_removed":["Strike_G"],"damage_healed":0,"gold_gain":0,"player_choice":"Forget","damage_taken":0,"max_hp_gain":0,"max_hp_loss":0,"event_name":"Living Wall","floor":4,"gold_loss":0},{"damage_healed":0,"gold_gain":0,"player_choice":"Ignored","damage_taken":0,"max_hp_gain":0,"max_hp_loss":0,"event_name":"Liars Game","floor":12,"gold_loss":0},{"damage_healed":0,"gold_gain":0,"player_choice":"Got Potions","damage_taken":0,"max_hp_gain":0,"max_hp_loss":0,"event_name":"Lab","floor":13,"gold_loss":0},{"cards_removed":["Strike_G"],"damage_healed":0,"gold_gain":0,"player_choice":"Took Card","damage_taken":0,"max_hp_gain":0,"max_hp_loss":0,"event_name":"NoteForYourself","floor":19,"gold_loss":0,"cards_obtained":["Iron Wave"]}],"is_beta":false,"boss_relics":[{"not_picked":["Empty Cage","Ring of the Serpent"],"picked":"Black Star"}],"items_purged_floors":[2,22],"is_endless":false,"potions_floor_spawned":[1,3,6,10,14,16,18,20,21],"killed_by":"Slavers","ascension_level":0}}