{"host":"cgaibh95wzkurumv","time":1609366930,"event":{"mods":["BaseMod","Minty Spire (QoL Compilation)","Replay The Spire","StSLib","The Runesmith"],"gold_per_floor":[99,99,117,128,128,156,156,176,203,228,244,244,257,267,267,362,362,378,378,398,70,70,70,70,70,145,164,194,170,197,197,197,298,298,310,14,14,0,0,25,25,54,130,130,130,142,142,160,160,160],"floor_reached":51,"playtime":1602,"items_purged":[],"score":699,"play_id":"f8c7394c-c1c1-4044-a4cb-5e27e517a8e2","local_time":"20201230192210","daily_mods":["Chimera","Colorless Cards","DeadlyEvents"],"is_ascension_mode":false,"campfire_choices":[{"data":"Neutralize","floor":7,"key":"SMITH"},{"data":"Disarm","floor":12,"key":"SMITH"},{"data":"Armaments","floor":15,"key":"SMITH"},{"data":"Dark Shackles","floor":23,"key":"SMITH"},{"floor":32,"key":"DIG"},{"data":"Juggernaut","floor":41,"key":"SMITH"},{"data":"Thunderclap","floor":44,"key":"SMITH"},{"data":"Armaments","floor":49,"key":"SMITH"}],"circlet_count":0,"master_deck":["Survivor","Zap","Eruption","Strike_R+2","Strike_G","Strike_B","Defend_R+1","Defend_G","Defend_P","Survivor","Neutralize+1","Flash of Steel","Thunderclap+1","Violence","Disarm+1","Uppercut","Armaments+1","Immolate","Dark Shackles+1","ReplayTheSpireMod:Doomed","Armaments+1","Battle Trance+1","Juggernaut+1","Shrug It Off+1","Writhe"],"relics":["Burning Blood","NeowsBlessing","Simple Rune","Smiling Mask","Boot","Cursed Key","MutagenicStrength","Snack Pack","NeowsBlessing","ReplayTheSpireMod:Shallot","Replay:Bottled Eggs","Pen Nib","Self Forming Clay","ReplayTheSpireMod:DimensionalGlitch","Mango","NeowsBlessing","Red Mask","Matryoshka","Question Card","Bottled Flame","Pear"],"acts_visited":["Exordium","TheCity","TheBeyond"],"potions_floor_usage":[50],"damage_taken":[{"damage":0,"enemies":"2 Louse","floor":3,"turns":2},{"damage":0,"enemies":"Jaw Worm","floor":4,"turns":4},{"damage":0,"enemies":"Lagavulin","floor":6,"turns":1},{"damage":0,"enemies":"Cultist","floor":8,"turns":1},{"damage":0,"enemies":"3 Sentries","floor":10,"turns":1},{"damage":8,"enemies":"Red Slaver","floor":11,"turns":4},{"damage":2,"enemies":"3 Louse","floor":13,"turns":3},{"damage":0,"enemies":"Looter","floor":14,"turns":3},{"damage":40,"enemies":"The Guardian","floor":16,"turns":13},{"damage":15,"enemies":"2 Thieves","floor":18,"turns":2},{"damage":11,"enemies":"Shell Parasite","floor":20,"turns":7},{"damage":0,"enemies":"Centurion and Healer","floor":27,"turns":1},{"damage":0,"enemies":"Slavers","floor":28,"turns":1},{"damage":0,"enemies":"Book of Stabbing","floor":30,"turns":1},{"damage":40,"enemies":"Champ","floor":33,"turns":15},{"damage":19,"enemies":"3 Shapes","floor":35,"turns":5},{"damage":0,"enemies":"Nemesis","floor":40,"turns":1},{"damage":0,"enemies":"R_Hoarder","floor":42,"turns":1},{"damage":0,"enemies":"Orb Walker","floor":46,"turns":1},{"damage":8,"enemies":"Spire Growth","floor":48,"turns":5},{"damage":69,"enemies":"Awakened One","floor":50,"turns":22}],"seed_played":"-2585748165690641590","potions_obtained":[{"floor":3,"key":"SteroidPotion"},{"floor":6,"key":"SteroidPotion"},{"floor":10,"key":"EssenceOfSteel"},{"floor":11,"key":"BlessingOfTheForge"},{"floor":20,"key":"Regen Potion"}],"is_trial":true,"path_per_floor":["?","WH","M","M","WH","E","R","M","T","E","M","R","M","M","R","B",null,"M","?","M","$","WH","R","WH","WH","T","M","E","$","E","?","R","B",null,"M","$","WH","?","WH","E","R","E","T","R","$","M","?","M","R","B",null],"character_chosen":"IRONCLAD","items_purchased":["Snack Pack","Dark Shackles","Armaments","Mango"],"campfire_rested":0,"item_purchase_floors":[21,21,29,36],"current_hp_per_floor":[80,88,88,88,88,88,88,88,88,88,86,86,88,88,88,54,88,79,79,74,74,74,74,82,91,91,97,103,103,105,105,105,79,105,90,104,104,104,115,118,118,121,131,131,131,134,134,131,131,73],"gold":160,"neow_bonus":"TEN_PERCENT_HP_BONUS","is_daily":false,"chose_seed":false,"campfire_upgraded":7,"win_rate":0.0,"timestamp":1609366930,"path_taken":["?","WH","M","M","WH","E","R","M","T","E","M","R","M","M","R","BOSS","M","?","M","$","WH","R","WH","WH","T","?","E","$","E","?","R","BOSS","M","$","WH","?","WH","E","R","E","T","R","$","M","?","M","R","BOSS"],"items_purchased_type":["Relic","Card","Card","Relic"],"build_version":"2020-12-22","purchased_purges":0,"victory":true,"max_hp_per_floor":[80,88,88,88,88,88,88,88,88,88,88,88,88,88,88,88,88,88,88,88,88,88,88,96,105,105,105,105,105,105,105,105,105,105,105,119,119,119,130,130,130,130,140,140,140,140,140,140,140,140],"card_choices":[{"not_picked":["Dramatic Entrance","Headbutt"],"picked":"Flash of Steel","floor":3},{"not_picked":["Replay:Undeath\u0027s Touch","Headbutt"],"picked":"Thunderclap","floor":4},{"not_picked":["Brutality","Heavy Blade"],"picked":"Violence","floor":6},{"not_picked":["Wild Strike","Clash"],"picked":"Disarm","floor":8},{"not_picked":["Replay:Undeath\u0027s Touch","Massacre"],"picked":"Uppercut","floor":10},{"not_picked":["Clothesline","Heavy Blade","Warcry"],"picked":"SKIP","floor":11},{"not_picked":["Shrug It Off","Pommel Strike","Havoc"],"picked":"SKIP","floor":13},{"not_picked":["Feel No Pain","Rupture"],"picked":"Armaments","floor":14},{"not_picked":["Brutality","Master of Strategy"],"picked":"Immolate","floor":16},{"not_picked":["Pommel Strike","Bandage Up","ReplayTheSpireMod:Strike From Hell"],"picked":"SKIP","floor":18},{"not_picked":["Anger","Headbutt+1","Havoc"],"picked":"SKIP","floor":20},{"not_picked":["Violence","Sword Boomerang","Madness"],"picked":"SKIP","floor":27},{"not_picked":["Feel No Pain","Uppercut+1","Rupture"],"picked":"SKIP","floor":28},{"not_picked":["ReplayTheSpireMod:Strike From Hell","Havoc+1"],"picked":"Battle Trance+1","floor":30},{"not_picked":["Entrench","Thunderclap+1"],"picked":"Shrug It Off+1","floor":35},{"not_picked":["Good Instincts+1","Headbutt+1","Bandage Up"],"picked":"SKIP","floor":40},{"not_picked":["Whirlwind+1","Evolve+1","Carnage"],"picked":"SKIP","floor":42},{"not_picked":["Combust","Fire Breathing","ReplayTheSpireMod:Strike From Hell","Bandage Up+1"],"picked":"SKIP","floor":46},{"not_picked":["Anger+1","Shrug It Off","Uppercut+1","Headbutt"],"picked":"SKIP","floor":48}],"player_experience":255709,"relics_obtained":[{"floor":6,"key":"Simple Rune"},{"floor":9,"key":"Smiling Mask"},{"floor":10,"key":"Boot"},{"floor":26,"key":"ReplayTheSpireMod:Shallot"},{"floor":28,"key":"Replay:Bottled Eggs"},{"floor":30,"key":"Pen Nib"},{"floor":32,"key":"Self Forming Clay"},{"floor":40,"key":"Matryoshka"},{"floor":42,"key":"Question Card"},{"floor":43,"key":"Bottled Flame"},{"floor":43,"key":"Pear"}],"event_choices":[{"damage_healed":0,"gold_gain":0,"player_choice":"Inject Mutagens","damage_taken":0,"relics_obtained":["MutagenicStrength"],"max_hp_gain":0,"max_hp_loss":0,"event_name":"Drug Dealer","floor":19,"gold_loss":0},{"damage_healed":0,"gold_gain":0,"player_choice":"Read","damage_taken":0,"max_hp_gain":0,"max_hp_loss":0,"event_name":"The Library","floor":31,"gold_loss":0,"cards_obtained":["Juggernaut"]},{"damage_healed":0,"gold_gain":0,"player_choice":"Paid","damage_taken":0,"relics_obtained":["Red Mask"],"max_hp_gain":0,"max_hp_loss":0,"event_name":"Tomb of Lord Red Mask","floor":38,"gold_loss":14},{"damage_healed":0,"gold_gain":0,"player_choice":"Ignored","damage_taken":0,"max_hp_gain":0,"max_hp_loss":0,"event_name":"Mysterious Sphere","floor":47,"gold_loss":0}],"is_beta":false,"boss_relics":[{"not_picked":["Honey Jar","Sozu"],"picked":"Cursed Key"},{"not_picked":["Snecko Eye","Kintsugi"],"picked":"ReplayTheSpireMod:DimensionalGlitch"}],"items_purged_floors":[],"is_endless":false,"potions_floor_spawned":[3,6,10,11,20,30,46,48],"ascension_level":0}}