{"host":"ceopyqoizwrgii5g","time":1609317515,"event":{"mods":["ATMod(阿瑾Mod)","Act Like it!","Aspiration","BaseMod","BetterRewards","CapriCore","Conspire","Dota2Spire","GungeonMod","Hallownest","Hermit","Infinite Spire","Luminous","Marisa（霧雨　魔理沙）","Minty Spire (QoL Compilation)","Permanent Neow","Quick Restart","Reimu（博???）","Remilia（蕾米莉?）","Replay The Spire","Robot Space Explorer","RumiaBox-露米?的神秘盒子","SOS（斯巴?之子）","Shop Mod","Spicy Shops","StSLib","SuperFastMode","The Bug Knight","The Cursed","Transform Curses","WarShipGirlsR/??少女R mod","Yakumo Yukari mod","Youmu（魂魄妖?）","【功能Mod】混沌之?修复?丁","【?物卡牌】REMEMod"],"gold_per_floor":[113,129,144,24,37,65,28,28,28,28,28,46,77,77,77,176,176,190,190,209,188,208,208,236,236,259,284,304,14,67,67,67,217,217,248,248,290,141,231,231,246,275,326,326,326,349,362,380,468,607,607,640,671,744,795,509,541,548,600,600,700,700,700,700,700,700,816,816,882,690,780,720,758,758,921,921,921,966,1026,1108,1108,840,840,1020,1020,1173,795,795,795,795,888,858,858,912,912,1009,1009,1090,1208,1208,1444,1444,1522,1522,1522,1558,1665,1802,1884,1884,1960,2098,1921,1921,2059,2186,2198,2398,2410,2545,2627,2639,2823,2835,3007,3019,3234,3246,3258,3270,3426,3554,3700,3809,4015,4027,4194,4206,4319,4331,4521,4612,4708,4720,4765,4777,4789,4801,4813,4920,4932,4944,4797,4972,5075],"floor_reached":156,"playtime":4413,"items_purged":["Replay:Hysterical Blindness","Strike_G","Strike_G"],"score":4674,"play_id":"8c583d79-c04d-4e6f-b36a-673441b65969","local_time":"20201230163835","is_ascension_mode":true,"campfire_choices":[{"data":"REME_GreenPollution","floor":8,"key":"SMITH"},{"floor":11,"key":"REST"},{"data":"ScarletCoffin","floor":15,"key":"SMITH"},{"data":"ReplayTheSpireMod:Necrosis","floor":23,"key":"SMITH"},{"floor":25,"key":"REST"},{"data":"AT_TwilightShroud","floor":32,"key":"SMITH"},{"data":"ReplayTheSpireMod:Necrosis","floor":40,"key":"SMITH"},{"floor":45,"key":"REST"},{"data":"Noxious Fumes","floor":74,"key":"SMITH"},{"data":"REME_GreenPollution","floor":81,"key":"SMITH"},{"data":"Deadly Poison","floor":83,"key":"SMITH"},{"data":"Bane","floor":95,"key":"SMITH"},{"data":"Prepared","floor":97,"key":"SMITH"},{"data":"Acrobatics","floor":100,"key":"SMITH"},{"data":"Prepared","floor":110,"key":"SMITH"},{"data":"Neutralize","floor":117,"key":"SMITH"},{"floor":126,"key":"REST"},{"data":"REME_GreenPollution","floor":136,"key":"SMITH"},{"data":"AT_EssenceShift","floor":144,"key":"SMITH"},{"floor":148,"key":"REST"},{"floor":152,"key":"REST"}],"circlet_count":0,"master_deck":["Strike_G","Strike_G","Strike_G","Defend_G","Defend_G","Defend_G+1","Defend_G","Neutralize+1","AT_BodySlamDance","Toxin Wave+1","Bane+1","REME_GreenPollution+1","ScarletCoffin+1","Deadly Poison+1","All Out Attack+1","Prepared+1","Concentrate","Acrobatics+1","Acrobatics+1","Toxin Wave+1","m_Survivalism+1","ReplayTheSpireMod:Necrosis+1","Bane+1","AT_TwilightShroud+1","REME_GreenPollution+1","Calculated Gamble+1","Prepared+1","ReplayTheSpireMod:Necrosis+1","Crippling Poison+1","Parasite","REME_GreenPollution+1","REME_GreenPollution+1","Prepared+1","AT_TwilightShroud","Injury","AT_EssenceShift+1","Noxious Fumes+1","Tactician+1","All Out Attack+1","Reflex+1","ReplayTheSpireMod:Black Plague+1","AT_WindFlip+1","AT_WindFlip+1","Concentrate+1","All Out Attack+1","Crippling Poison+1","AT_EssenceShift+1","conspire:PoisonWeapons+1","Corpse Explosion+1"],"relics":["Ring of the Snake","REME_ComplimentaryCards","AT_ATBox","MerchantsRug","GodSword4","SecretRecord","SecretRecord","SecretRecord","SecretRecord","AT_BellDemon","MagicDraw3","Happy Flower","AT_ForceNature","Replay:Bandana","TwistedFunnel","DemoMod:VorpalBullet","infinitespire:BottledMercury","REME_ChargedStone","Juzu Bracelet","HollowMod:LifeEnderRelic","BargainBundle","ReplayTheSpireMod:CursedCoin","Bag of Preparation","aspiration:ArtOfWarUpgrade","Ornamental Fan","Oddly Smooth Stone","Molten Egg 2","SSSystem","AT_MibuBalloonWealth","Incense Burner","Dota2Spire:Mjollnir","ReplayFunnel","Toxic Egg 2","aspiration:RandomNobGenerator","Membership Card","aspiration:TomeofQuesting","Dota2Spire:RefresherOrb","DemoMod:GlassGuonStoneRelic","Dota2Spire:Vanguard","TentaclePot:ReiMu","Guide Book","AT_EbonyIvory","DemoMod:ChaffGrenade","conspire:TopHat","conspire:RoyalGoblet","aspiration:SneckoTail","Dota2Spire:BlackKingBar","Dota2Spire:Desolator","AT_ArchangelStaff","Blue Doll","Ice Cream","DemoMod:MeatBun","DemoMod:WhiteGuonStone","infinitespire:ShieldingShard","EasyGame_NEW","Eternal Feather","Dota2Spire:AssaultCuirass","Byrd Skull","aspiration:VileToxins","conspire:TreasureMap","Quantum Egg","conspire:SpecialSausage","Frozen Eye","Turnip","Centennial Puzzle","Replay:Bottled Steam","Gremlin Horn","ScarletDevilRocket","Torii","ChaoDraw","Kunai","Tingsha","aspiration:RunicSpoon","Onion Ring","Ring of the Serpent","infinitespire:CursedDice","GodSword6","Tiny Chest","infinitespire:Lucky Rock","DemoMod:JetPack","Pantograph","Bottled Flame","Dota2Spire:BattleFury","infinitespire:EmpoweringShard","Dota2Spire:DrumOfEndurance","GremlinMask","MawBank","Nunchaku","infinitespire:Satchel","infinitespire:Eraser","Dota2Spire:Bloodstone","Dota2Spire:EchoSabre","Mirror","Red Mask","HollowMod:PaleOreRelic","Gremlin Food","Basket Of Snakes","Snake Skull","MoreBug","AT_ChloranthyRing","Dota2Spire:LinkenSphere","Replay:Mystery Machine","Du-Vu Doll","AT_BellowingDragoncrestRing","MagicDraw1","REME_PuzzleBoxRelic","Dota2Spire:LotusOrb","Painkiller Herb","Dota2Spire:MagicBottle","AT_BladeRuinedKing","aspiration:ChemicalBlood","ReplayTheSpireMod:TigerMarble","DemoMod:PoisonVial","Boot","DemoMod:MeltedRock","Omamori","WristBlade","Shuriken","Lee\u0027s Waffle","AT_ImmortalShieldbow","Pocketwatch","AT_TimeSand"],"acts_visited":["Exordium","TheCity","TheBeyond","Exordium","TheCity","TheBeyond","Exordium","TheCity","TheBeyond","TheEnding"],"potions_floor_usage":[13,13,13,24,33,33,50,50],"damage_taken":[{"damage":4,"enemies":"Jaw Worm","floor":1,"turns":4},{"damage":11,"enemies":"2 Louse","floor":2,"turns":3},{"damage":6,"enemies":"Cultist","floor":3,"turns":3},{"damage":0,"enemies":"Large Slime","floor":5,"turns":3},{"damage":15,"enemies":"3 Sentries","floor":6,"turns":3},{"damage":0,"enemies":"2 Fungi Beasts","floor":12,"turns":2},{"damage":0,"enemies":"Gremlin Nob","floor":13,"turns":1},{"damage":30,"enemies":"Hexaghost","floor":16,"turns":4},{"damage":0,"enemies":"Spheric Guardian","floor":18,"turns":3},{"damage":0,"enemies":"Shell Parasite","floor":20,"turns":1},{"damage":2,"enemies":"Cultist and Chosen","floor":22,"turns":5},{"damage":25,"enemies":"REME_1_Revenger","floor":24,"turns":3},{"damage":0,"enemies":"Nightmare","floor":27,"turns":3},{"damage":0,"enemies":"Snecko","floor":28,"turns":3},{"damage":0,"enemies":"3 Cultists","floor":30,"turns":2},{"damage":32,"enemies":"Champ","floor":33,"turns":4},{"damage":4,"enemies":"3 Shapes","floor":35,"turns":1},{"damage":8,"enemies":"3 Darklings","floor":37,"turns":2},{"damage":42,"enemies":"Maw","floor":39,"turns":4},{"damage":0,"enemies":"Transient","floor":41,"turns":4},{"damage":0,"enemies":"3 Darklings","floor":42,"turns":1},{"damage":0,"enemies":"Writhing Mass","floor":46,"turns":2},{"damage":0,"enemies":"Jaw Worm Horde","floor":47,"turns":1},{"damage":0,"enemies":"4 Shapes","floor":48,"turns":1},{"damage":94,"enemies":"conspire:OrnateMirror","floor":50,"turns":4},{"damage":0,"enemies":"Jaw Worm","floor":52,"turns":1},{"damage":0,"enemies":"2 Louse","floor":53,"turns":1},{"damage":0,"enemies":"Small Slimes","floor":55,"turns":1},{"damage":0,"enemies":"Lagavulin","floor":57,"turns":1},{"damage":0,"enemies":"Blue Slaver","floor":58,"turns":2},{"damage":0,"enemies":"Gremlin Nob","floor":59,"turns":1},{"damage":0,"enemies":"3 Sentries","floor":61,"turns":1},{"damage":0,"enemies":"Hexaghost","floor":67,"turns":2},{"damage":0,"enemies":"Shell Parasite","floor":69,"turns":1},{"damage":0,"enemies":"Spheric Guardian","floor":73,"turns":1},{"damage":0,"enemies":"Gremlin Leader","floor":75,"turns":1},{"damage":0,"enemies":"Snecko","floor":78,"turns":1},{"damage":0,"enemies":"Book of Stabbing","floor":79,"turns":1},{"damage":0,"enemies":"Centurion and Healer","floor":80,"turns":1},{"damage":0,"enemies":"conspire:MysteriousRune","floor":84,"turns":1},{"damage":0,"enemies":"3 Darklings","floor":86,"turns":1},{"damage":0,"enemies":"Giant Head","floor":91,"turns":1},{"damage":0,"enemies":"Nemesis","floor":96,"turns":1},{"damage":0,"enemies":"Giant Head","floor":98,"turns":1},{"damage":0,"enemies":"3 Shapes","floor":99,"turns":1},{"damage":0,"enemies":"Donu and Deca","floor":101,"turns":1},{"damage":0,"enemies":"Jaw Worm","floor":103,"turns":1},{"damage":0,"enemies":"Cultist","floor":106,"turns":1},{"damage":0,"enemies":"Small Slimes","floor":107,"turns":1},{"damage":0,"enemies":"3 Sentries","floor":108,"turns":1},{"damage":0,"enemies":"Exordium Wildlife","floor":109,"turns":1},{"damage":0,"enemies":"Gremlin Gang","floor":112,"turns":1},{"damage":0,"enemies":"Gremlin Nob","floor":115,"turns":1},{"damage":0,"enemies":"Red Slaver","floor":116,"turns":1},{"damage":0,"enemies":"Hexaghost","floor":118,"turns":1},{"damage":0,"enemies":"2 Thieves","floor":120,"turns":1},{"damage":0,"enemies":"Shell Parasite","floor":121,"turns":1},{"damage":0,"enemies":"Masked Bandits","floor":123,"turns":1},{"damage":0,"enemies":"Book of Stabbing","floor":125,"turns":1},{"damage":0,"enemies":"conspire:Head Lice","floor":127,"turns":1},{"damage":0,"enemies":"Shelled Parasite and Fungi","floor":131,"turns":1},{"damage":0,"enemies":"Cultist and Chosen","floor":132,"turns":1},{"damage":0,"enemies":"Centurion and Healer","floor":133,"turns":1},{"damage":0,"enemies":"Book of Stabbing","floor":134,"turns":1},{"damage":0,"enemies":"Shelled Parasite and Fungi","floor":135,"turns":1},{"damage":0,"enemies":"Champ","floor":137,"turns":1},{"damage":0,"enemies":"Orb Walker","floor":139,"turns":1},{"damage":0,"enemies":"3 Darklings","floor":141,"turns":1},{"damage":0,"enemies":"Writhing Mass","floor":142,"turns":1},{"damage":0,"enemies":"Transient","floor":143,"turns":2},{"damage":0,"enemies":"Reptomancer","floor":145,"turns":1},{"damage":0,"enemies":"infinitespire:LordOfFortification","floor":150,"turns":1},{"damage":0,"enemies":"Shield and Spear","floor":154,"turns":1},{"damage":0,"enemies":"The Heart","floor":155,"turns":1}],"seed_played":"4969267516548818181","potions_obtained":[{"floor":1,"key":"FearPotion"},{"floor":2,"key":"Fire Potion"},{"floor":12,"key":"Strength Potion"},{"floor":20,"key":"SkillPotion"},{"floor":24,"key":"SkillPotion"},{"floor":28,"key":"Explosive Potion"},{"floor":35,"key":"Dota2Spire:Clarity"},{"floor":46,"key":"FearPotion"},{"floor":50,"key":"Explosive Potion"},{"floor":55,"key":"Poison Potion"},{"floor":61,"key":"SkillPotion"}],"is_trial":false,"path_per_floor":["M","M","M","$","M","E","$","R","T","?","R","M","E","?","R","B",null,"M","?","M","$","M","R","E","R","T","NM","M","$","M","?","R","B",null,"M","?","M","$","M","R","M","M","T","?","R","M","M","M","R","B",null,"M","M","$","M","$","E","M","E","T","E","R","?","?","AVR","R","B",null,"M","$","?","?","M","R","E","AVR","T","M","E","M","R","$","R","B",null,"M","$","?","T","AVR","E","?","?","T","R","E","R","E","M","R","B",null,"M","?","AVR","M","M","E","M","R","T","M","$","?","E","M","R","B",null,"M","M","$","?","?","E","R","E","PTL","PTL","T","M","M","M","E","M","R","B",null,"M","AVR","?","?","?","T","E","T","T","T","?","B",null,"T","T","E","B",null],"character_chosen":"THE_SILENT","items_purchased":["MerchantsRug","PrismaticShard","GodSword4","Toxin Wave","Bane","REME_GreenPollution","All Out Attack+1","Prepared","Acrobatics","AT_BellDemon","Replay:Bandana","TwistedFunnel","BargainBundle","aspiration:KaomsHeart","Pear","Boot","Dota2Spire:EchoSabre","Bag of Marbles","REME_GreenPollution","ReplayTheSpireMod:CursedCoin","Bag of Preparation","Art of War","Prepared","TentaclePot:ReiMu","Guide Book","Noxious Fumes","Ice Cream","DemoMod:MeatBun","DemoMod:WhiteGuonStone","Dota2Spire:AssaultCuirass","Byrd Skull","aspiration:VileToxins","conspire:TreasureMap","Tactician+1","All Out Attack+1","infinitespire:EmpoweringShard","Dota2Spire:DrumOfEndurance","Shuriken","Lee\u0027s Waffle"],"campfire_rested":6,"item_purchase_floors":[0,0,0,0,0,0,4,4,7,21,29,29,38,38,38,38,38,38,54,56,56,56,56,70,70,70,82,82,82,87,87,87,87,87,113,113,113,153,153],"current_hp_per_floor":[66,55,49,49,49,34,34,34,34,34,55,55,55,55,55,25,70,70,57,57,57,55,55,30,52,52,52,52,52,52,52,52,20,75,71,71,63,163,121,121,121,121,121,121,173,173,173,173,173,79,175,175,175,75,75,75,75,75,75,75,75,75,75,75,75,75,75,75,75,75,69,69,69,69,69,69,69,69,69,69,69,75,75,75,75,75,75,75,75,75,75,75,75,75,75,75,75,75,75,75,75,75,75,75,75,75,75,75,75,75,75,75,75,75,75,75,75,75,75,75,75,75,75,75,75,75,75,75,75,75,75,75,75,75,75,75,75,75,75,75,75,75,75,75,75,75,75,75,75,75,75,75,82,82,82],"gold":5075,"neow_bonus":"","is_daily":false,"chose_seed":false,"campfire_upgraded":15,"win_rate":0.0,"timestamp":1609317515,"path_taken":["M","M","M","$","M","E","$","R","T","?","R","M","E","?","R","BOSS","M","?","M","$","M","R","E","R","T","NM","M","$","M","?","R","BOSS","M","?","M","?","M","R","M","M","T","?","R","M","M","M","R","BOSS","M","M","$","M","?","E","M","E","T","E","R","?","?","AVR","R","BOSS","M","$","?","?","M","R","E","AVR","T","M","E","M","R","$","R","BOSS","M","$","?","?","AVR","E","?","?","T","R","E","R","E","M","R","BOSS","M","?","AVR","M","M","E","M","R","T","M","$","?","E","M","R","BOSS","M","M","$","?","?","E","R","E","PTL","PTL","T","M","M","M","E","M","R","BOSS","M","AVR","?","?","?","T","E","?","T","T","?","BOSS","T","T","E","BOSS"],"items_purchased_type":["Relic","Relic","Relic","Card","Card","Card","Card","Card","Card","Relic","Relic","Relic","Relic","Relic","Relic","Relic","Relic","Relic","Card","Relic","Relic","Relic","Card","Relic","Relic","Card","Relic","Relic","Relic","Relic","Relic","Relic","Relic","Card","Card","Relic","Relic","Relic","Relic"],"build_version":"2020-12-22","purchased_purges":3,"victory":true,"max_hp_per_floor":[70,70,70,70,70,70,70,70,70,70,70,70,70,70,70,70,70,70,75,75,75,75,75,75,75,75,75,75,75,75,75,75,75,75,75,75,75,175,175,175,175,175,175,175,175,175,175,175,175,175,175,175,175,75,75,75,75,75,75,75,75,75,75,75,75,75,75,75,75,75,75,75,75,75,75,75,75,75,75,75,75,75,75,75,75,75,75,75,75,75,75,75,75,75,75,75,75,75,75,75,75,75,75,75,75,75,75,75,75,75,75,75,75,75,75,75,75,75,75,75,75,75,75,75,75,75,75,75,75,75,75,75,75,75,75,75,75,75,75,75,75,75,75,75,75,75,75,75,75,75,75,75,82,82,82],"card_choices":[{"not_picked":["Slice","Reflex"],"picked":"Deadly Poison","floor":1},{"not_picked":["Bouncing Flask","Quick Slash","Envenom"],"picked":"SKIP","floor":2},{"not_picked":["Blade Dance","Quick Slash","conspire:PoisonWeapons"],"picked":"SKIP","floor":3},{"not_picked":["Poisoned Stab","Choke"],"picked":"Concentrate","floor":5},{"not_picked":["Burst","AT_WindRun","Replay:Poison Smokescreen"],"picked":"SKIP","floor":6},{"not_picked":["Hidden Blade","AT_ShadowStep","Poisoned Stab"],"picked":"SKIP","floor":12},{"not_picked":["ReplayTheSpireMod:Scrap Shanks","Noxious Fumes"],"picked":"Toxin Wave","floor":13},{"not_picked":["Phantasmal Killer","Atom Bomb"],"picked":"ReplayTheSpireMod:Necrosis","floor":16},{"not_picked":["Backflip+1","Dagger Throw"],"picked":"Bane+1","floor":18},{"not_picked":["Deadly Poison+1","ReplayTheSpireMod:From All Sides"],"picked":"AT_TwilightShroud","floor":20},{"not_picked":["Deadly Poison+1","Hidden Blade","AT_WindFlip+1"],"picked":"SKIP","floor":22},{"not_picked":["Blade Dance+1","ReplayTheSpireMod:Speed Training"],"picked":"REME_GreenPollution","floor":24},{"not_picked":["Sucker Punch+1","Underhanded Strike","Backflip+1"],"picked":"SKIP","floor":27},{"not_picked":["Riddle With Holes+1","Dagger Throw+1"],"picked":"Calculated Gamble+1","floor":28},{"not_picked":["Underhanded Strike","Corpse Explosion"],"picked":"Prepared","floor":30},{"not_picked":["Atom Bomb","Tools of the Trade"],"picked":"ReplayTheSpireMod:Necrosis","floor":33},{"not_picked":["Hidden Blade+1","Dodge and Roll","Escape Plan+1"],"picked":"SKIP","floor":35},{"not_picked":["Reflex","Replay:Poison Smokescreen","Sneak Up+1"],"picked":"SKIP","floor":37},{"not_picked":["Deflect+1","ReplayTheSpireMod:Exploit Weakness+1","Sucker Punch+1"],"picked":"SKIP","floor":39},{"not_picked":["Underhanded Strike+1","Dagger Spray"],"picked":"Crippling Poison+1","floor":41},{"not_picked":["Draining Mist","Underhanded Strike","conspire:DoublingDagger+1"],"picked":"SKIP","floor":42},{"not_picked":["Backflip+1","Dagger Spray+1","Bullet Time"],"picked":"SKIP","floor":46},{"not_picked":["Underhanded Strike+1","AT_WindFlip","Deflect"],"picked":"SKIP","floor":47},{"not_picked":["Poisoned Stab","Flying Knee+1","AT_WindFlip"],"picked":"SKIP","floor":48},{"not_picked":["ReplayTheSpireMod:Shiv Toss","Underhanded Strike","Poisoned Stab"],"picked":"SKIP","floor":52},{"not_picked":["Reflex","Flying Knee"],"picked":"REME_GreenPollution","floor":53},{"not_picked":["Dagger Spray","AT_KneejerkReflex","Blade Dance"],"picked":"SKIP","floor":55},{"not_picked":["Dagger Spray","AT_KneejerkReflex","Blade Dance"],"picked":"SKIP","floor":55},{"not_picked":["AT_WindFlip","ReplayTheSpireMod:Necrosis","REME_GrazeFinale"],"picked":"SKIP","floor":57},{"not_picked":["Cloak And Dagger","Blade Dance","Acrobatics"],"picked":"SKIP","floor":58},{"not_picked":["Flying Knee+1","Replay:Poison Smokescreen","Finisher+1"],"picked":"SKIP","floor":59},{"not_picked":["Caltrops","Replay:Poison Smokescreen"],"picked":"AT_TwilightShroud","floor":61},{"not_picked":["Night Terror+1","Doppelganger+1"],"picked":"AT_EssenceShift","floor":67},{"not_picked":["Backflip+1","Skewer+1","Riddle With Holes+1"],"picked":"SKIP","floor":69},{"not_picked":["Hidden Blade+1","Prepared+1","ReplayTheSpireMod:Speed Training+1"],"picked":"SKIP","floor":73},{"not_picked":["ReplayTheSpireMod:Exploit Weakness+1","REME_GrazeFinale+1","Blade Dance+1"],"picked":"SKIP","floor":75},{"not_picked":["Dagger Throw+1","AT_WindFlip+1","Draining Mist+1"],"picked":"SKIP","floor":78},{"not_picked":["Flying Knee+1","Underhanded Strike+1","Blur+1"],"picked":"SKIP","floor":79},{"not_picked":["Dagger Spray+1","Acrobatics+1","Dagger Throw+1"],"picked":"SKIP","floor":80},{"not_picked":["Setup+1","Dagger Spray+1","Deflect+1"],"picked":"SKIP","floor":86},{"not_picked":["Dodge and Roll+1","AT_TinkerSharpsword+1","Backflip+1"],"picked":"SKIP","floor":91},{"not_picked":[],"picked":"All Out Attack","floor":92},{"not_picked":[],"picked":"Reflex","floor":92},{"not_picked":["Bane+1","PiercingWail+1","Blade Dance+1"],"picked":"SKIP","floor":96},{"not_picked":["Dodge and Roll+1","Poisoned Stab+1","Deadly Poison+1"],"picked":"SKIP","floor":98},{"not_picked":["Replay:Poison Smokescreen+1","Underhanded Strike+1","Prepared+1"],"picked":"SKIP","floor":99},{"not_picked":["infinitespire:Oblivion","ReplayTheSpireMod:Chaos Vortex"],"picked":"ReplayTheSpireMod:Black Plague","floor":103},{"not_picked":["Dodge and Roll+1","Deflect+1","AT_ThistleTea+1"],"picked":"SKIP","floor":103},{"not_picked":["Setup+1","Bane+1"],"picked":"AT_WindFlip+1","floor":106},{"not_picked":["Sucker Punch+1","Sneak Up+1","Dagger Spray+1"],"picked":"SKIP","floor":107},{"not_picked":["ReplayTheSpireMod:Scrap Shanks","Finisher+1"],"picked":"AT_WindFlip+1","floor":108},{"not_picked":["Prepared+1","AT_TwilightShroud+1"],"picked":"Concentrate+1","floor":109},{"not_picked":["Dash+1","AT_Desolate","Well Laid Plans"],"picked":"SKIP","floor":112},{"not_picked":["Outmaneuver+1","Sucker Punch+1","Dagger Throw+1"],"picked":"SKIP","floor":115},{"not_picked":["ReplayTheSpireMod:From All Sides+1","Sucker Punch+1","Heel Hook+1"],"picked":"SKIP","floor":116},{"not_picked":["Masterful Stab+1","AT_TinkerSharpsword+1","Hidden Blade+1"],"picked":"SKIP","floor":120},{"not_picked":["ReplayTheSpireMod:Scrap Shanks","Bane+1","Poisoned Stab+1"],"picked":"SKIP","floor":121},{"not_picked":["Sucker Punch+1","Dodge and Roll+1","AT_KneejerkReflex"],"picked":"SKIP","floor":125},{"not_picked":["Caltrops","REME_ShadowStrike+1","Catalyst+1"],"picked":"SKIP","floor":127},{"not_picked":["Setup+1","Dagger Throw+1","AT_WindFlip+1"],"picked":"SKIP","floor":131},{"not_picked":["Sucker Punch+1","Bane+1","Dodge and Roll+1"],"picked":"SKIP","floor":132},{"not_picked":["Sneak Up+1","Toxin Wave+1","Dagger Spray+1"],"picked":"SKIP","floor":133},{"not_picked":["Dodge and Roll+1","Poison Darts+1","Concentrate+1"],"picked":"SKIP","floor":134},{"not_picked":["PiercingWail+1","Well Laid Plans+1"],"picked":"Crippling Poison+1","floor":135},{"not_picked":["ReplayTheSpireMod:From All Sides+1","Glass Knife+1"],"picked":"AT_EssenceShift","floor":137},{"not_picked":["Backflip+1","Prepared+1","Accuracy+1"],"picked":"SKIP","floor":139},{"not_picked":["Dagger Throw+1","Noxious Fumes","Slice+1"],"picked":"SKIP","floor":141},{"not_picked":["Quick Slash+1","Bouncing Flask+1","AT_WindFlip+1"],"picked":"SKIP","floor":142},{"not_picked":["Leg Sweep+1","PiercingWail+1","Backflip+1"],"picked":"SKIP","floor":143},{"not_picked":["Poison Darts+1","Flying Knee+1"],"picked":"conspire:PoisonWeapons+1","floor":145},{"not_picked":["Poisoned Stab+1","Deflect+1","Cloak And Dagger+1"],"picked":"SKIP","floor":154},{"not_picked":["Adrenaline+1","Venomology+1"],"picked":"Corpse Explosion+1","floor":155}],"player_experience":395169,"relics_obtained":[{"floor":1,"key":"AddBug"},{"floor":3,"key":"SecretRecord"},{"floor":5,"key":"Dota2Spire:Satanic"},{"floor":6,"key":"Dota2Spire:HandOfMidas"},{"floor":9,"key":"Blood Vial"},{"floor":13,"key":"SecretRecord"},{"floor":13,"key":"MealTicket"},{"floor":20,"key":"SecretRecord"},{"floor":24,"key":"MagicDraw3"},{"floor":26,"key":"Happy Flower"},{"floor":27,"key":"AT_ForceNature"},{"floor":30,"key":"DemoMod:VorpalBullet"},{"floor":33,"key":"infinitespire:BottledMercury"},{"floor":35,"key":"Juzu Bracelet"},{"floor":37,"key":"HollowMod:LifeEnderRelic"},{"floor":39,"key":"aspiration:KMNothing"},{"floor":41,"key":"aspiration:KMNothing"},{"floor":42,"key":"aspiration:KMNothing"},{"floor":43,"key":"aspiration:KMNothing"},{"floor":57,"key":"Ornamental Fan"},{"floor":57,"key":"Oddly Smooth Stone"},{"floor":58,"key":"Molten Egg 2"},{"floor":59,"key":"SSSystem"},{"floor":59,"key":"AT_MibuBalloonWealth"},{"floor":60,"key":"Incense Burner"},{"floor":61,"key":"Dota2Spire:Mjollnir"},{"floor":61,"key":"ReplayFunnel"},{"floor":67,"key":"aspiration:TomeofQuesting"},{"floor":69,"key":"Dota2Spire:Vanguard"},{"floor":73,"key":"AT_EbonyIvory"},{"floor":75,"key":"DemoMod:ChaffGrenade"},{"floor":75,"key":"conspire:TopHat"},{"floor":77,"key":"Dota2Spire:BlackKingBar"},{"floor":79,"key":"Dota2Spire:Desolator"},{"floor":79,"key":"AT_ArchangelStaff"},{"floor":80,"key":"Blue Doll"},{"floor":84,"key":"infinitespire:ShieldingShard"},{"floor":86,"key":"Eternal Feather"},{"floor":89,"key":"Quantum Egg"},{"floor":91,"key":"Turnip"},{"floor":91,"key":"Centennial Puzzle"},{"floor":94,"key":"Replay:Bottled Steam"},{"floor":96,"key":"Gremlin Horn"},{"floor":96,"key":"ScarletDevilRocket"},{"floor":98,"key":"Torii"},{"floor":98,"key":"ChaoDraw"},{"floor":99,"key":"Kunai"},{"floor":101,"key":"Tingsha"},{"floor":103,"key":"Onion Ring"},{"floor":106,"key":"GodSword6"},{"floor":107,"key":"Tiny Chest"},{"floor":108,"key":"infinitespire:Lucky Rock"},{"floor":108,"key":"DemoMod:JetPack"},{"floor":109,"key":"Pantograph"},{"floor":111,"key":"Bottled Flame"},{"floor":112,"key":"Dota2Spire:BattleFury"},{"floor":115,"key":"MawBank"},{"floor":115,"key":"Nunchaku"},{"floor":116,"key":"infinitespire:Satchel"},{"floor":118,"key":"infinitespire:Eraser"},{"floor":120,"key":"Dota2Spire:EchoSabre"},{"floor":121,"key":"Mirror"},{"floor":123,"key":"Red Mask"},{"floor":125,"key":"HollowMod:PaleOreRelic"},{"floor":125,"key":"Gremlin Food"},{"floor":127,"key":"Basket Of Snakes"},{"floor":127,"key":"Snake Skull"},{"floor":130,"key":"MoreBug"},{"floor":131,"key":"AT_ChloranthyRing"},{"floor":132,"key":"Dota2Spire:LinkenSphere"},{"floor":133,"key":"Replay:Mystery Machine"},{"floor":134,"key":"Du-Vu Doll"},{"floor":134,"key":"AT_BellowingDragoncrestRing"},{"floor":135,"key":"MagicDraw1"},{"floor":137,"key":"REME_PuzzleBoxRelic"},{"floor":139,"key":"Dota2Spire:LotusOrb"},{"floor":141,"key":"AT_BladeRuinedKing"},{"floor":142,"key":"aspiration:ChemicalBlood"},{"floor":143,"key":"ReplayTheSpireMod:TigerMarble"},{"floor":145,"key":"DemoMod:PoisonVial"},{"floor":145,"key":"Boot"},{"floor":147,"key":"DemoMod:MeltedRock"},{"floor":150,"key":"Omamori"},{"floor":154,"key":"AT_ImmortalShieldbow"},{"floor":154,"key":"Pocketwatch"},{"floor":155,"key":"AT_TimeSand"}],"event_choices":[{"damage_healed":0,"gold_gain":0,"player_choice":"Shed Blood","damage_taken":18,"max_hp_gain":5,"max_hp_loss":0,"event_name":"Forgotten Altar","floor":19,"gold_loss":0},{"damage_healed":0,"gold_gain":0,"player_choice":"Ignored","damage_taken":0,"max_hp_gain":0,"max_hp_loss":0,"event_name":"Ghosts","floor":31,"gold_loss":0},{"damage_healed":0,"gold_gain":0,"player_choice":"Leave","damage_taken":0,"max_hp_gain":0,"max_hp_loss":0,"event_name":"conspire:Investor","floor":36,"gold_loss":0},{"damage_healed":0,"gold_gain":0,"player_choice":"Upgraded","damage_taken":0,"max_hp_gain":0,"max_hp_loss":0,"event_name":"Upgrade Shrine","floor":44,"gold_loss":0,"cards_upgraded":["Prepared"]},{"damage_healed":0,"gold_gain":0,"player_choice":"Bought 0 Potions","damage_taken":0,"max_hp_gain":0,"max_hp_loss":0,"event_name":"The Woman in Blue","floor":64,"gold_loss":0},{"damage_healed":0,"gold_gain":90,"player_choice":"GOLD ","damage_taken":12,"max_hp_gain":0,"max_hp_loss":0,"event_name":"Knowing Skull","floor":71,"potions_obtained":[],"gold_loss":0,"cards_obtained":[]},{"cards_removed":["Defend_G"],"damage_healed":0,"gold_gain":0,"player_choice":"Removed Skill","damage_taken":0,"max_hp_gain":0,"max_hp_loss":0,"event_name":"Falling","floor":88,"gold_loss":0},{"damage_healed":0,"gold_gain":0,"player_choice":"Forge","damage_taken":0,"max_hp_gain":0,"max_hp_loss":0,"event_name":"Accursed Blacksmith","floor":93,"gold_loss":0,"cards_upgraded":["Toxin Wave"]},{"damage_healed":0,"gold_gain":0,"player_choice":"Upgraded","damage_taken":0,"max_hp_gain":0,"max_hp_loss":0,"event_name":"Upgrade Shrine","floor":104,"gold_loss":0,"cards_upgraded":["Acrobatics"]},{"damage_healed":0,"gold_gain":0,"player_choice":"Trade","damage_taken":0,"relics_obtained":["GremlinMask"],"max_hp_gain":0,"max_hp_loss":0,"event_name":"FaceTrader","floor":114,"gold_loss":0},{"damage_healed":0,"gold_gain":0,"player_choice":"Fought Bandits","damage_taken":0,"max_hp_gain":0,"max_hp_loss":0,"event_name":"Masked Bandits","floor":123,"gold_loss":0},{"damage_healed":0,"gold_gain":0,"player_choice":"Full Heal","damage_taken":0,"max_hp_gain":0,"max_hp_loss":0,"event_name":"Wheel of Change","floor":124,"gold_loss":0},{"damage_healed":0,"gold_gain":0,"player_choice":"Took Portal","damage_taken":0,"max_hp_gain":0,"max_hp_loss":0,"event_name":"SecretPortal","floor":149,"gold_loss":0}],"is_beta":false,"boss_relics":[{"not_picked":["Tiny House","Replay:Bronze Core"],"picked":"Sozu"},{"not_picked":["Snecko Eye","conspire:RoyalGoblet"],"picked":"REME_ChargedStone"},{"not_picked":["aspiration:KMNothing","aspiration:KMNothing"],"picked":"aspiration:KMNothing"},{"not_picked":["Coffee Dripper","Replay:Drink Me"],"picked":"Dota2Spire:RefresherOrb"},{"not_picked":["conspire:SeveredTorchhead","Painkiller Herb"],"picked":"EasyGame_NEW"},{"not_picked":["REME_DemonsWealth","Calling Bell"],"picked":"aspiration:RunicSpoon"},{"not_picked":["ChewingGum","Kintsugi"],"picked":"Dota2Spire:Bloodstone"},{"not_picked":["AddBug","conspire:SeveredTorchhead","Velvet Choker"]},{"not_picked":["Replay:Wanted Poster","Astrolabe"],"picked":"WristBlade"}],"items_purged_floors":[56,87,90],"is_endless":true,"potions_floor_spawned":[1,2,13,20,24,28,35,39,46,47,50,55,57,61,69,75,78,79,98,99,107,108,116,118,121,131,133,134,135,137,139,141,143],"ascension_level":3}}