{"host":"BK","time":1609297861,"event":{"mods":["BaseMod","Highlight Path","Minty Spire (QoL Compilation)","StSLib"],"gold_per_floor":[116,116,135,154,170,170,204,100,100,100,110,128,128,128,128,202,202,222,238,153,168,168,168,183,183,183,183,183,183],"floor_reached":28,"playtime":1022,"items_purged":["Strike_B"],"score":440,"play_id":"dfe33000-f9a8-48c5-b809-13882f9d6a75","local_time":"20201229201101","is_ascension_mode":true,"campfire_choices":[{"data":"Ball Lightning","floor":6.0,"key":"SMITH"},{"data":"Darkness","floor":13.0,"key":"SMITH"},{"floor":15.0,"key":"REST"},{"data":"Fission","floor":23.0,"key":"SMITH"},{"data":"Capacitor","floor":25.0,"key":"SMITH"}],"circlet_count":0,"master_deck":["AscendersBane","Defend_B+1","Defend_B+1","Defend_B+1","Defend_B+1","Zap","Dualcast","Static Discharge+1","Biased Cognition+1","Turbo+1","Ball Lightning+1","Ball Lightning","Capacitor+1","Doom and Gloom+1","Leap+1","Darkness+1","Fission+1","Coolheaded","Genetic Algorithm"],"relics":["Astrolabe","Lizard Tail","Girya","Torii","Velvet Choker","Juzu Bracelet","Kunai"],"acts_visited":["Exordium","TheCity"],"potions_floor_usage":[],"damage_taken":[{"damage":7.0,"enemies":"Jaw Worm","floor":1.0,"turns":3.0},{"damage":1.0,"enemies":"Cultist","floor":3.0,"turns":3.0},{"damage":0.0,"enemies":"2 Louse","floor":4.0,"turns":3.0},{"damage":12.0,"enemies":"Large Slime","floor":5.0,"turns":5.0},{"damage":28.0,"enemies":"3 Sentries","floor":7.0,"turns":4.0},{"damage":1.0,"enemies":"Exordium Wildlife","floor":11.0,"turns":3.0},{"damage":16.0,"enemies":"Blue Slaver","floor":12.0,"turns":4.0},{"damage":4.0,"enemies":"Hexaghost","floor":16.0,"turns":7.0},{"damage":22.0,"enemies":"Shell Parasite","floor":18.0,"turns":4.0},{"damage":6.0,"enemies":"3 Byrds","floor":19.0,"turns":3.0},{"damage":8.0,"enemies":"3 Cultists","floor":21.0,"turns":4.0},{"damage":3.0,"enemies":"Snake Plant","floor":24.0,"turns":4.0},{"damage":22,"enemies":"Shelled Parasite and Fungi","floor":28,"turns":1}],"seed_played":"-8230353945440359479","potions_obtained":[{"floor":1.0,"key":"Swift Potion"},{"floor":5.0,"key":"EntropicBrew"},{"floor":16.0,"key":"Swift Potion"},{"floor":19.0,"key":"Energy Potion"}],"is_trial":false,"path_per_floor":["M","?","M","M","M","R","E","$","T","?","M","M","R","?","R","B",null,"M","M","?","M","?","R","M","R","T","?","M"],"character_chosen":"DEFECT","items_purchased":["Leap"],"campfire_rested":1,"item_purchase_floors":[8],"current_hp_per_floor":[57,57,56,56,44,44,16,16,16,16,15,35,35,14,35,31,61,39,33,33,25,25,25,22,22,22,22,0,0],"gold":183,"neow_bonus":"BOSS_RELIC","is_daily":false,"chose_seed":false,"campfire_upgraded":4,"win_rate":0.0,"timestamp":1609297861,"path_taken":["M","?","M","?","M","R","E","$","T","?","M","M","R","?","R","BOSS","M","M","?","M","?","R","M","R","T","?","M"],"items_purchased_type":["Card"],"build_version":"2020-12-18","purchased_purges":1,"victory":false,"max_hp_per_floor":[71,71,71,71,71,71,71,71,71,71,71,71,71,71,71,71,71,71,71,71,71,71,71,71,71,71,71,71,71],"card_choices":[{"not_picked":["Compile Driver","Undo"],"picked":"Ball Lightning","floor":1.0},{"not_picked":["Go for the Eyes","Turbo"],"picked":"Ball Lightning","floor":3.0},{"not_picked":["Rebound","Fusion","Redo"],"picked":"SKIP","floor":4.0},{"not_picked":["Recycle","Rebound"],"picked":"Capacitor","floor":5.0},{"not_picked":["Leap","Gash"],"picked":"Doom and Gloom","floor":7.0},{"not_picked":["Gash","Stack","Hologram"],"picked":"SKIP","floor":11.0},{"not_picked":["Melter","Compile Driver"],"picked":"Darkness","floor":12.0},{"not_picked":["Echo Form","Meteor Strike"],"picked":"Fission","floor":16.0},{"not_picked":["Chaos","Go for the Eyes","Static Discharge"],"picked":"SKIP","floor":18.0},{"not_picked":["Double Energy","Steam"],"picked":"Coolheaded","floor":19.0},{"not_picked":["Tempest","Storm","Coolheaded"],"picked":"SKIP","floor":21.0},{"not_picked":["Chaos","Heatsinks","Compile Driver"],"picked":"SKIP","floor":24.0},{"not_picked":["Chaos","Heatsinks","Compile Driver"],"picked":"SKIP","floor":24.0}],"player_experience":2475917,"relics_obtained":[{"floor":2.0,"key":"Lizard Tail"},{"floor":7.0,"key":"Girya"},{"floor":9.0,"key":"Torii"},{"floor":26.0,"key":"Kunai"}],"event_choices":[{"damage_healed":0.0,"max_hp_gain":0.0,"max_hp_loss":0.0,"gold_gain":0.0,"event_name":"Wheel of Change","player_choice":"Relic","floor":2.0,"gold_loss":0.0,"damage_taken":0.0},{"damage_healed":0.0,"max_hp_gain":0.0,"max_hp_loss":0.0,"gold_gain":0.0,"event_name":"Scrap Ooze","player_choice":"Fled","floor":10.0,"gold_loss":0.0,"damage_taken":0.0},{"damage_healed":0.0,"max_hp_gain":0.0,"max_hp_loss":0.0,"gold_gain":0.0,"event_name":"Shining Light","player_choice":"Entered Light","floor":14.0,"gold_loss":0.0,"damage_taken":21.0,"cards_upgraded":["Doom and Gloom","Leap"]},{"damage_healed":0.0,"max_hp_gain":0.0,"max_hp_loss":0.0,"gold_gain":0.0,"event_name":"Addict","player_choice":"Obtained Relic","floor":20.0,"gold_loss":85.0,"damage_taken":0.0,"relics_obtained":["Juzu Bracelet"]},{"damage_healed":0.0,"max_hp_gain":0.0,"max_hp_loss":0.0,"gold_gain":0.0,"event_name":"Back to Basics","player_choice":"Simplicity","floor":22.0,"gold_loss":0.0,"damage_taken":0.0,"cards_upgraded":["Defend_B","Defend_B","Defend_B","Defend_B"]},{"damage_healed":0.0,"max_hp_gain":0.0,"max_hp_loss":0.0,"gold_gain":0.0,"event_name":"The Library","player_choice":"Read","floor":27.0,"gold_loss":0.0,"damage_taken":0.0,"cards_obtained":["Genetic Algorithm"]}],"is_beta":true,"boss_relics":[{"not_picked":["Philosopher\u0027s Stone","Busted Crown"],"picked":"Velvet Choker"}],"items_purged_floors":[8],"is_endless":false,"potions_floor_spawned":[1,5,16,19,24],"killed_by":"Shelled Parasite and Fungi","ascension_level":20}}