{"host":"9qh03gjyvt0jixwo","time":1609322331,"event":{"mods":["Act Like it!","BaseMod","CapriCore","Colored Map","Colored Powertips","Dota2Spire","Friendly Minions","Gensokyo","GifTheSpireLib","Highlight Path","Marisa£®ÏF”Í°°ƒß¿Ì…≥£©","Minty Spire (QoL Compilation)","Reimu£®≤©¿ˆ¡È√Œ£©","Replay The Spire","StSLib"],"gold_per_floor":[219,0,0,0,12,12,12,12,12,30,105,105,30,50,50,147,247,258,269,269,285,304,304,319,319,319,330,135,135,155,115,115,115,115],"floor_reached":33,"playtime":3185,"items_purged":["Strike_Lin:ReiMu"],"score":237,"play_id":"906ed899-9c0d-4365-83b7-23af490fb0cf","local_time":"20201230175851","is_ascension_mode":false,"campfire_choices":[{"data":"Gathering:ReiMu","floor":6,"key":"SMITH"},{"data":"SafetyPray:ReiMu","floor":8,"key":"SMITH"},{"floor":15,"key":"REST"},{"floor":23,"key":"REST"},{"floor":25,"key":"REST"},{"data":"MikOfLucky:ReiMu","floor":29,"key":"SMITH"},{"data":"NineCharacters:ReiMu","floor":32,"key":"SMITH"}],"circlet_count":0,"master_deck":["Strike_Lin:ReiMu","Strike_Lin:ReiMu+1","Strike_Lin:ReiMu","Defend_Lin:ReiMu","Defend_Lin:ReiMu","Defend_Lin:ReiMu","NB:ReiMu","Stagnation:ReiMu","UniversalSpiritual:ReiMu","Gathering:ReiMu+1","AirStrike:ReiMu+1","Conquer:ReiMu","SafetyPray:ReiMu+1","LovePray:ReiMu","SubcavityInstant:ReiMu","DependentForm:ReiMu","FineLineFantasy:ReiMu+1","OrbThrow:ReiMu","YinYangSange:ReiMu","Amulet:ReiMu+1","MikOfLucky:ReiMu+1","Enchanting:ReiMu+1","NineCharacters:ReiMu+1","CareerPray:ReiMu","OrbThrow:ReiMu+1"],"relics":["FlyPower:ReiMu","MealTicket","Dota2Spire:Dagon","Replay:Wanted Poster","Ornamental Fan","Dead Branch","ZunR:ReiMu"],"acts_visited":["Exordium","TheCity"],"potions_floor_usage":[16,21,33,33],"damage_taken":[{"damage":4,"enemies":"2 Louse","floor":1,"turns":4},{"damage":0,"enemies":"Small Slimes","floor":5,"turns":3},{"damage":0,"enemies":"Cultist","floor":10,"turns":4},{"damage":11,"enemies":"Large Slime","floor":14,"turns":6},{"damage":38,"enemies":"Hexaghost","floor":16,"turns":13},{"damage":8,"enemies":"Spheric Guardian","floor":18,"turns":5},{"damage":14,"enemies":"Shell Parasite","floor":19,"turns":8},{"damage":20,"enemies":"3 Cultists","floor":21,"turns":5},{"damage":18,"enemies":"Snake Plant","floor":22,"turns":6},{"damage":4,"enemies":"Snecko","floor":24,"turns":5},{"damage":2,"enemies":"Centurion and Healer","floor":27,"turns":6},{"damage":7,"enemies":"Chosen and Byrds","floor":30,"turns":6},{"damage":61,"enemies":"Collector","floor":33,"turns":5}],"seed_played":"-6545248607862486940","potions_obtained":[{"floor":14,"key":"AttackPotion"},{"floor":16,"key":"Ancient Potion"},{"floor":19,"key":"Weak Potion"},{"floor":22,"key":"Doom Potion"}],"is_trial":false,"path_per_floor":["M","$","?","?","M","R","?","R","T","M","?","?","$","M","R","B",null,"M","M","?","M","M","R","M","R","T","M","$","R","M","?","R","B"],"character_chosen":"REIMU","items_purchased":["Gathering:ReiMu","AirStrike:ReiMu","Conquer:ReiMu","NineCharacters:ReiMu","CareerPray:ReiMu"],"campfire_rested":3,"item_purchase_floors":[2,2,2,28,28],"current_hp_per_floor":[61,61,48,53,53,53,53,53,53,53,42,24,39,28,49,11,70,62,48,48,28,10,31,27,48,48,46,61,61,54,54,54,0,0],"gold":115,"neow_bonus":"HUNDRED_GOLD","is_daily":false,"chose_seed":false,"campfire_upgraded":4,"win_rate":0.0,"timestamp":1609322331,"path_taken":["M","$","?","?","M","R","?","R","T","?","?","?","$","M","R","BOSS","M","M","?","M","?","R","M","R","T","M","$","R","M","?","R","BOSS"],"items_purchased_type":["Card","Card","Card","Card","Card"],"build_version":"2020-12-22","purchased_purges":1,"victory":false,"max_hp_per_floor":[65,65,65,70,70,70,70,70,70,70,70,70,70,70,70,70,70,70,70,70,70,70,70,70,70,70,70,70,70,70,70,70,70,70],"card_choices":[{"not_picked":["SpreadBorder2:ReiMu","Amulet:ReiMu"],"picked":"UniversalSpiritual:ReiMu","floor":1},{"not_picked":["OrbThrow:ReiMu","WonderfulDomain:ReiMu"],"picked":"SafetyPray:ReiMu","floor":5},{"not_picked":["Amulet:ReiMu","Meditation:ReiMu"],"picked":"LovePray:ReiMu","floor":10},{"not_picked":["AirStrike:ReiMu","SealNeedle:ReiMu"],"picked":"SubcavityInstant:ReiMu","floor":14},{"not_picked":["Free:ReiMu","HakureiPhantom:ReiMu"],"picked":"DependentForm:ReiMu","floor":16},{"not_picked":["DoubleButterfly:ReiMu","PassingAway:ReiMu"],"picked":"FineLineFantasy:ReiMu+1","floor":18},{"not_picked":["SealNeedle:ReiMu+1","AlertArray:ReiMu+1"],"picked":"OrbThrow:ReiMu","floor":19},{"not_picked":["SubcavityInstant:ReiMu","Enchanting:ReiMu"],"picked":"YinYangSange:ReiMu","floor":21},{"not_picked":["RainPray2:ReiMu+1","TakeOff:ReiMu"],"picked":"Amulet:ReiMu+1","floor":22},{"not_picked":["ManaGlint:ReiMu","SafetyPray:ReiMu"],"picked":"MikOfLucky:ReiMu","floor":24},{"not_picked":["KyokaiOfKami:ReiMu","SubcavityInstant:ReiMu+1"],"picked":"Enchanting:ReiMu+1","floor":27},{"not_picked":["AlertArray:ReiMu","AirStrike:ReiMu"],"picked":"OrbThrow:ReiMu+1","floor":30}],"player_experience":224484,"relics_obtained":[{"floor":9,"key":"MealTicket"},{"floor":26,"key":"Dead Branch"}],"event_choices":[{"damage_healed":0,"gold_gain":0,"player_choice":"Entered Light","damage_taken":13,"max_hp_gain":0,"max_hp_loss":0,"event_name":"Shining Light","floor":3,"gold_loss":0,"cards_upgraded":["AirStrike:ReiMu","Strike_Lin:ReiMu"]},{"damage_healed":0,"gold_gain":0,"player_choice":"Donut","damage_taken":0,"max_hp_gain":5,"max_hp_loss":0,"event_name":"Big Fish","floor":4,"gold_loss":0},{"cards_removed":["Defend_Lin:ReiMu"],"damage_healed":0,"gold_gain":0,"player_choice":"Purged","damage_taken":0,"max_hp_gain":0,"max_hp_loss":0,"event_name":"Purifier","floor":7,"gold_loss":0},{"damage_healed":0,"gold_gain":75,"player_choice":"Gather Gold","damage_taken":11,"max_hp_gain":0,"max_hp_loss":0,"event_name":"World of Goop","floor":11,"gold_loss":0},{"damage_healed":0,"gold_gain":0,"player_choice":"Success","damage_taken":18,"relics_obtained":["Dota2Spire:Dagon"],"max_hp_gain":0,"max_hp_loss":0,"event_name":"Scrap Ooze","floor":12,"gold_loss":0},{"damage_healed":0,"gold_gain":0,"player_choice":"Opened","damage_taken":0,"relics_obtained":["Ornamental Fan"],"max_hp_gain":0,"max_hp_loss":0,"event_name":"The Mausoleum","floor":20,"gold_loss":0},{"damage_healed":0,"gold_gain":0,"player_choice":"π∫¬Ú…Òæ∆","damage_taken":0,"relics_obtained":["ZunR:ReiMu"],"max_hp_gain":0,"max_hp_loss":0,"event_name":"ZunEvent","floor":31,"gold_loss":40}],"is_beta":false,"boss_relics":[{"not_picked":["Runic Dome","Painkiller Herb"],"picked":"Replay:Wanted Poster"}],"items_purged_floors":[2],"is_endless":false,"potions_floor_spawned":[14,16,19,22],"killed_by":"Collector","ascension_level":0}}