{"host":"ccz","time":1609341302,"event":{"mods":["BaseMod","Minty Spire (QoL Compilation)","Reimu£®≤©¿ˆ¡È√Œ£©","StSLib","°æπ¶ƒ‹Mod°øªÏ„Á÷Æª∑–ﬁ∏¥≤π∂°","ÛÙª÷∏ƒœ"],"gold_per_floor":[116,116,116,136,136,170,45,70,70,22,36,311,330,330,330],"floor_reached":14,"playtime":300,"items_purged":["NB:ReiMu"],"score":129,"play_id":"ceb485d2-afc8-4ab1-8b6b-731c6aec2fca","local_time":"20201230231502","is_ascension_mode":true,"campfire_choices":[],"circlet_count":0,"master_deck":["Strike_Lin:ReiMu","Strike_Lin:ReiMu","Strike_Lin:ReiMu","Defend_Lin:ReiMu","Defend_Lin:ReiMu","Defend_Lin:ReiMu","Defend_Lin:ReiMu","Stagnation:ReiMu","SubAcupoint:ReiMu","Authority:ReiMu","SpreadBorder2:ReiMu","RainPray2:ReiMu","SafetyPray:ReiMu+1","WonderfulDomain:ReiMu+1","RunawayExorcism:ReiMu+1"],"relics":["FlyPower:ReiMu","NeowsBlessing","StoneCalendar","Happy Flower","Omamori","Toxic Egg 2"],"acts_visited":["Exordium"],"potions_floor_usage":[8,13,13],"damage_taken":[{"damage":0,"enemies":"Small Slimes","floor":1,"turns":2},{"damage":0,"enemies":"2 Louse","floor":4,"turns":2},{"damage":0,"enemies":"3 Sentries","floor":6,"turns":1},{"damage":9,"enemies":"Lagavulin","floor":8,"turns":7},{"damage":0,"enemies":"Cultist","floor":11,"turns":7},{"damage":5,"enemies":"Looter","floor":13,"turns":4},{"damage":57,"enemies":"Gremlin Nob","floor":14,"turns":6}],"seed_played":"-7359235082675473310","potions_obtained":[{"floor":4,"key":"AttackPotion"},{"floor":6,"key":"MagicPotion:ReiMu"},{"floor":11,"key":"FearPotion"}],"is_trial":false,"path_per_floor":["M","?","?","M","?","E","R","E","T","$","M","?","M","E"],"character_chosen":"REIMU","items_purchased":["SpreadBorder2:ReiMu","SafetyPray:ReiMu+1"],"campfire_rested":0,"item_purchase_floors":[7,10],"current_hp_per_floor":[65,58,58,58,63,63,63,54,54,54,54,54,49,0,0],"gold":330,"neow_bonus":"THREE_ENEMY_KILL","is_daily":false,"chose_seed":false,"campfire_upgraded":0,"win_rate":0.0,"timestamp":1609341302,"path_taken":["M","?","?","?","?","E","R","E","T","$","M","?","?","E"],"items_purchased_type":["Card","Card"],"build_version":"2020-12-18","purchased_purges":1,"victory":false,"max_hp_per_floor":[65,65,65,65,70,70,70,70,70,70,70,70,70,70,70],"card_choices":[{"not_picked":["Intuition:ReiMu","LearningPray:ReiMu","UniversalSpiritual:ReiMu"],"picked":"SKIP","floor":1},{"not_picked":["Intuition:ReiMu","TightArray:ReiMu"],"picked":"SubAcupoint:ReiMu","floor":4},{"not_picked":["Crusade:ReiMu","TakeOff:ReiMu"],"picked":"Authority:ReiMu","floor":6},{"not_picked":["Enchanting:ReiMu","Meditation:ReiMu"],"picked":"RainPray2:ReiMu","floor":8},{"not_picked":["RainPray2:ReiMu+1","TightArray:ReiMu"],"picked":"WonderfulDomain:ReiMu+1","floor":11},{"not_picked":["Amulet:ReiMu+1","AlertArray:ReiMu+1"],"picked":"RunawayExorcism:ReiMu+1","floor":13}],"player_experience":163136,"relics_obtained":[{"floor":6,"key":"Happy Flower"},{"floor":8,"key":"Omamori"},{"floor":9,"key":"Toxic Egg 2"}],"event_choices":[{"damage_healed":0,"gold_gain":0,"player_choice":"Success","damage_taken":7,"relics_obtained":["StoneCalendar"],"max_hp_gain":0,"max_hp_loss":0,"event_name":"Scrap Ooze","floor":2,"gold_loss":0},{"cards_removed":["Strike_Lin:ReiMu"],"damage_healed":0,"gold_gain":0,"player_choice":"Purged","damage_taken":0,"max_hp_gain":0,"max_hp_loss":0,"event_name":"Purifier","floor":3,"gold_loss":0},{"damage_healed":0,"gold_gain":0,"player_choice":"Donut","damage_taken":0,"max_hp_gain":5,"max_hp_loss":0,"event_name":"Big Fish","floor":5,"gold_loss":0},{"damage_healed":0,"gold_gain":275,"player_choice":"Desecrate","damage_taken":0,"max_hp_gain":0,"max_hp_loss":0,"event_name":"Golden Shrine","floor":12,"gold_loss":0,"cards_obtained":["Regret"]}],"is_beta":true,"boss_relics":[],"items_purged_floors":[7],"is_endless":false,"potions_floor_spawned":[4,6,11],"killed_by":"Gremlin Nob","ascension_level":1}}