{"host":"06rryluxft509x3v","time":1609293156,"event":{"mods":["Act Like it!","Aspiration","BaseMod","Conspire","Downfall","Energized Spire","Friendly Minions","Gensokyo","GifTheSpireLib","Googly Eyes","GungeonMod","Halation","Hallownest","Hubris","Infinite Spire","KinomotoSakuraMod(ñÿîVñ{?)","Koishi","Lobotomy","LobotomyExtend","Mari Mod (Legacy)","Mari\u0027s V1 Patch","MarisaÅiñ∂âJÅ@ñÇóùçπÅj","Minty Spire (QoL Compilation)","Prisma Mod","Random Character Button","Replay The Spire","Spikes Relics","StSLib","Stuff the Spire","The Alterego","The Jungle","The Senshi","WarShipGirlsR/??è≠èóR mod"],"gold_per_floor":[119,119,141,156,171,211,211,245,245,284,284,301,274,295,295,402,402,407,407],"floor_reached":18,"playtime":1407,"items_purged":[],"score":209,"play_id":"e4c95e24-06ce-45ae-a531-b72d23a7083b","local_time":"20201229215236","is_ascension_mode":true,"campfire_choices":[{"floor":7,"key":"REST"},{"floor":11,"key":"REST"}],"circlet_count":0,"master_deck":["SakuraCardTheSword+","ClowCardTheSword","ClowCardTheSword","ClowCardTheSword","ClowCardTheShield","ClowCardTheShield","ClowCardTheShield","ClowCardTheShield","SpellCardSeal","SpellCardRelease","ClowCardTheSand+1","ClowCardTheIllusion","ClowCardTheShot","ClowCardTheFirey","ClowCardTheIllusion","ClowCardTheWood","ClowCardTheThrough","ClowCardTheRain","ClowCardTheSand","Feint"],"relics":["KSMOD_SealedBook","KSMOD_SealedWand","aspiration:Nostalgia","MariMod:MariTheSpark","LetterFromLob","CaptainsWheel","Anchor","Torii","hubris:BundleOfHerbs","PrismaticShard","Black Star"],"acts_visited":["Exordium","TheCity"],"potions_floor_usage":[6,18],"damage_taken":[{"damage":8,"enemies":"2 Louse","floor":1,"turns":2},{"damage":0,"enemies":"Cultist","floor":3,"turns":3},{"damage":0,"enemies":"Small Slimes","floor":4,"turns":2},{"damage":11,"enemies":"2 Fungi Beasts","floor":5,"turns":4},{"damage":15,"enemies":"3 Sentries","floor":6,"turns":5},{"damage":14,"enemies":"Lagavulin","floor":8,"turns":4},{"damage":10,"enemies":"Gremlin Nob","floor":10,"turns":3},{"damage":0,"enemies":"Looter","floor":12,"turns":2},{"damage":0,"enemies":"Large Slime","floor":14,"turns":4},{"damage":8,"enemies":"Slime Boss","floor":16,"turns":8},{"damage":99,"enemies":"3 Byrds","floor":18,"turns":2}],"seed_played":"7589058760990237243","potions_obtained":[{"floor":1,"key":"Milkshake"},{"floor":3,"key":"KSMOD_MagickBottle"},{"floor":14,"key":"Guardian:BlockOnCardUsePotion"},{"floor":16,"key":"hexamod:EctoCoolerPotion"}],"is_trial":false,"path_per_floor":["M","?","M","M","M","E","R","E","T","E","R","M","?","M","R","B",null,"M"],"character_chosen":"KINOMOTOSAKURA","items_purchased":[],"campfire_rested":2,"item_purchase_floors":[],"current_hp_per_floor":[62,62,62,62,51,36,57,43,43,33,54,54,54,54,54,46,70,0,0],"gold":407,"neow_bonus":"NOSTALGIA","is_daily":false,"chose_seed":false,"campfire_upgraded":0,"win_rate":0.0,"timestamp":1609293156,"path_taken":["M","?","M","?","M","E","R","E","T","E","R","M","?","M","R","BOSS","M"],"items_purchased_type":[],"build_version":"2020-12-22","purchased_purges":0,"victory":false,"max_hp_per_floor":[70,70,70,70,70,70,70,70,70,70,70,70,70,70,70,70,70,70,70],"card_choices":[{"not_picked":["ClowCardTheMove","ClowCardTheSleep"],"picked":"ClowCardTheSand","floor":1},{"not_picked":["ClowCardTheFirey","ClowCardTheLock"],"picked":"ClowCardTheIllusion","floor":3},{"not_picked":["ClowCardTheChange","ClowCardTheSand"],"picked":"ClowCardTheShot","floor":4},{"not_picked":["ClowCardTheMaze","ClowCardThePower"],"picked":"ClowCardTheFirey","floor":5},{"not_picked":["ClowCardTheMirror","ClowCardThePower"],"picked":"ClowCardTheIllusion","floor":6},{"not_picked":["ClowCardTheMove","ClowCardTheVoice"],"picked":"ClowCardTheWood","floor":8},{"not_picked":["ClowCardTheSand","ClowCardTheSilent"],"picked":"ClowCardTheThrough","floor":10},{"not_picked":["ClowCardTheWood","ClowCardTheJump"],"picked":"ClowCardTheRain","floor":12},{"not_picked":["ClowCardTheJump","ClowCardTheMove"],"picked":"ClowCardTheSand","floor":14},{"not_picked":["MariMod:Mari_Oh_My_God","theSenshi:SailorCosmosAssists"],"picked":"Feint","floor":16}],"player_experience":298971,"relics_obtained":[{"floor":3,"key":"LetterFromLob"},{"floor":6,"key":"CaptainsWheel"},{"floor":8,"key":"Anchor"},{"floor":9,"key":"Torii"},{"floor":10,"key":"hubris:BundleOfHerbs"}],"event_choices":[{"damage_healed":0,"gold_gain":0,"player_choice":"Upgraded","damage_taken":0,"max_hp_gain":0,"max_hp_loss":0,"event_name":"Upgrade Shrine","floor":2,"gold_loss":0,"cards_upgraded":["ClowCardTheSand"]},{"damage_healed":0,"gold_gain":0,"player_choice":"Left Gold","damage_taken":0,"max_hp_gain":0,"max_hp_loss":0,"event_name":"World of Goop","floor":13,"gold_loss":27}],"is_beta":false,"boss_relics":[{"not_picked":["Ectoplasm","energizedSpire:RedRose"],"picked":"Black Star"}],"items_purged_floors":[],"is_endless":false,"potions_floor_spawned":[1,3,14,16],"killed_by":"3 Byrds","ascension_level":3}}