{"host":"anox4050deqdcqoh","time":1609334959,"event":{"mods":["BaseMod","Colored Map","Minty Spire (QoL Compilation)","Quick Restart"],"gold_per_floor":[118,118,118,134,147,147,175,175,175,191,48,68,85,96,96,198,198,211,194,194,208,123,158,171,8,8,25,45,45,59,69,69,173,173,184,30,46,64,64,64,64,64,64,64,74,74,74,89,89,89],"floor_reached":49,"playtime":3138,"items_purged":[],"score":465,"play_id":"a8931b4a-0fe5-4c5a-9fa1-73b7c3b7dfdc","local_time":"20201230082919","is_ascension_mode":false,"campfire_choices":[{"data":"Immolate","floor":6.0,"key":"SMITH"},{"floor":8.0,"key":"RECALL"},{"data":"Infernal Blade","floor":15.0,"key":"SMITH"},{"floor":29,"key":"REST"},{"floor":32,"key":"REST"},{"floor":40,"key":"REST"},{"floor":42,"key":"REST"},{"data":"Berserk","floor":44,"key":"SMITH"},{"floor":49,"key":"REST"}],"circlet_count":0,"master_deck":["Strike_R","Strike_R","Defend_R","Defend_R","Defend_R","Defend_R","Bash","Immolate+1","Spot Weakness","Iron Wave+1","Metallicize","Flame Barrier","Infernal Blade+1","Intimidate","Berserk+1","Pummel+1","Feel No Pain","Apotheosis","Demon Form","Evolve+1","Disarm+1","Exhume","Inflame+1","Carnage+1","Demon Form+1","Spot Weakness","Shockwave","Infernal Blade+1","Madness","Madness","PanicButton","Battle Trance+1","Heavy Blade+1"],"relics":["Burning Blood","Bag of Marbles","Happy Flower","SacredBark","Blue Candle","Toy Ornithopter","FossilizedHelix","Astrolabe","Whetstone","Anchor"],"acts_visited":["Exordium","TheCity","TheBeyond"],"potions_floor_usage":[23,33,33,33,33,33,48],"damage_taken":[{"damage":7.0,"enemies":"2 Louse","floor":1.0,"turns":3.0},{"damage":5.0,"enemies":"Cultist","floor":4.0,"turns":4.0},{"damage":0.0,"enemies":"Small Slimes","floor":5.0,"turns":2.0},{"damage":26.0,"enemies":"3 Sentries","floor":7.0,"turns":4.0},{"damage":6.0,"enemies":"Exordium Wildlife","floor":10.0,"turns":2.0},{"damage":0.0,"enemies":"Large Slime","floor":12.0,"turns":5.0},{"damage":2.0,"enemies":"3 Louse","floor":13.0,"turns":2.0},{"damage":0.0,"enemies":"Lots of Slimes","floor":14.0,"turns":1.0},{"damage":34.0,"enemies":"The Guardian","floor":16.0,"turns":9.0},{"damage":12.0,"enemies":"3 Byrds","floor":18.0,"turns":5.0},{"damage":7,"enemies":"2 Thieves","floor":19,"turns":4},{"damage":27,"enemies":"Snecko","floor":21,"turns":5},{"damage":53,"enemies":"Book of Stabbing","floor":23,"turns":7},{"damage":22,"enemies":"Shelled Parasite and Fungi","floor":24,"turns":5},{"damage":0,"enemies":"Centurion and Healer","floor":27,"turns":5},{"damage":3,"enemies":"Cultist and Chosen","floor":28,"turns":6},{"damage":17,"enemies":"Snake Plant","floor":30,"turns":4},{"damage":0,"enemies":"Snecko","floor":31,"turns":4},{"damage":4,"enemies":"Collector","floor":33,"turns":10},{"damage":13,"enemies":"3 Shapes","floor":35,"turns":5},{"damage":20,"enemies":"3 Darklings","floor":37,"turns":8},{"damage":29,"enemies":"Transient","floor":38,"turns":5},{"damage":34,"enemies":"4 Shapes","floor":45,"turns":3},{"damage":41,"enemies":"Sphere and 2 Shapes","floor":48,"turns":6}],"seed_played":"-8511764102817876634","potions_obtained":[{"floor":1.0,"key":"PowerPotion"},{"floor":12.0,"key":"Regen Potion"},{"floor":14.0,"key":"ElixirPotion"},{"floor":16.0,"key":"EntropicBrew"},{"floor":18,"key":"EssenceOfSteel"},{"floor":27,"key":"Dexterity Potion"},{"floor":33,"key":"Ancient Potion"},{"floor":38,"key":"Regen Potion"}],"is_trial":false,"path_per_floor":["M","$","?","M","M","R","E","R","T","M","$","M","M","M","R","B",null,"M","M","?","M","?","E","M","$","T","M","M","R","M","M","R","B",null,"M","$","M","M","?","R","?","R","T","R","M","?","$","M","R"],"character_chosen":"IRONCLAD","items_purchased":["Happy Flower","Apotheosis","Whetstone"],"campfire_rested":5,"item_purchase_floors":[11,25,36],"current_hp_per_floor":[79,79,79,80,80,80,60,60,60,60,60,66,70,76,76,48,80,74,73,73,52,52,45,29,29,29,35,38,62,51,57,80,80,80,73,73,59,36,26,50,50,74,74,74,46,46,46,16,40,40],"gold":89,"neow_bonus":"RANDOM_COLORLESS","is_daily":false,"chose_seed":false,"campfire_upgraded":3,"win_rate":0.0,"timestamp":1609334959,"path_taken":["M","$","?","M","M","R","E","R","T","M","$","M","M","M","R","BOSS","M","?","?","M","?","E","M","?","T","M","M","R","?","M","R","BOSS","M","$","M","M","?","R","?","R","T","R","M","?","$","M","R"],"items_purchased_type":["Relic","Card","Relic"],"build_version":"2020-12-22","purchased_purges":0,"victory":false,"max_hp_per_floor":[80,80,80,80,80,80,80,80,80,80,80,80,80,80,80,80,80,80,80,80,80,80,80,80,80,80,80,80,80,80,80,80,80,80,80,80,80,80,80,80,80,80,80,80,80,80,80,80,80,80],"card_choices":[{"not_picked":["Perfected Strike","Anger"],"picked":"Seeing Red","floor":1.0},{"not_picked":["Feel No Pain","Cleave"],"picked":"Spot Weakness","floor":4.0},{"not_picked":["Shrug It Off","Entrench"],"picked":"Iron Wave","floor":5.0},{"not_picked":["Sword Boomerang","Entrench"],"picked":"Metallicize","floor":7.0},{"not_picked":["Headbutt","Inflame"],"picked":"Flame Barrier","floor":10.0},{"not_picked":["Flex","Clothesline"],"picked":"Infernal Blade","floor":12.0},{"not_picked":["Burning Pact","Battle Trance","Shrug It Off"],"picked":"SKIP","floor":13.0},{"not_picked":["Flex","Iron Wave"],"picked":"Intimidate","floor":14.0},{"not_picked":["Offering","Reaper"],"picked":"Berserk","floor":16.0},{"not_picked":["Iron Wave","Pommel Strike","Dark Embrace"],"picked":"SKIP","floor":18},{"not_picked":["Body Slam","Entrench"],"picked":"Pummel","floor":19},{"not_picked":["Uppercut","Wild Strike"],"picked":"Feel No Pain","floor":21},{"not_picked":["Feel No Pain+1","Sword Boomerang","Bloodletting+1"],"picked":"SKIP","floor":23},{"not_picked":["Sentinel","Flex+1","Combust"],"picked":"SKIP","floor":24},{"not_picked":["Twin Strike","Heavy Blade","Anger"],"picked":"SKIP","floor":27},{"not_picked":["Carnage+1","Rupture"],"picked":"Demon Form","floor":28},{"not_picked":["Ghostly Armor","Iron Wave"],"picked":"Evolve+1","floor":30},{"not_picked":["Pommel Strike","Rage"],"picked":"Disarm+1","floor":31},{"not_picked":["Demon Form","Offering"],"picked":"Exhume","floor":33},{"not_picked":["Pommel Strike","Havoc+1"],"picked":"Spot Weakness","floor":35},{"not_picked":["Sword Boomerang+1","Headbutt"],"picked":"Shockwave","floor":37},{"not_picked":["Shrug It Off","Hemokinesis+1"],"picked":"Infernal Blade+1","floor":38},{"not_picked":["Discovery","Purity"],"picked":"PanicButton","floor":41},{"not_picked":["Clothesline","Cleave+1"],"picked":"Battle Trance+1","floor":45},{"not_picked":["True Grit+1","Searing Blow+1"],"picked":"Heavy Blade+1","floor":48}],"player_experience":231252,"relics_obtained":[{"floor":7.0,"key":"Bag of Marbles"},{"floor":23,"key":"Toy Ornithopter"},{"floor":26,"key":"FossilizedHelix"},{"floor":43,"key":"Anchor"}],"event_choices":[{"damage_healed":0.0,"max_hp_gain":0.0,"max_hp_loss":0.0,"gold_gain":0.0,"cards_transformed":["Seeing Red"],"event_name":"Transmorgrifier","player_choice":"Transformed","floor":3.0,"gold_loss":0.0,"damage_taken":0.0,"cards_obtained":["Immolate"]},{"damage_healed":0,"gold_gain":0,"player_choice":"Ignored","damage_taken":0,"max_hp_gain":0,"max_hp_loss":0,"event_name":"Ghosts","floor":20,"gold_loss":0},{"damage_healed":0,"gold_gain":0,"player_choice":"Obtained Relic","damage_taken":0,"relics_obtained":["Blue Candle"],"max_hp_gain":0,"max_hp_loss":0,"event_name":"Addict","floor":22,"gold_loss":85},{"damage_healed":0,"gold_gain":0,"player_choice":"Embrace Madness","damage_taken":10,"max_hp_gain":0,"max_hp_loss":0,"event_name":"Winding Halls","floor":39,"gold_loss":0,"cards_obtained":["Madness","Madness"]},{"damage_healed":0,"gold_gain":0,"player_choice":"Memory 1","damage_taken":0,"max_hp_gain":0,"max_hp_loss":0,"event_name":"SensoryStone","floor":41,"gold_loss":0},{"damage_healed":0,"gold_gain":0,"player_choice":"Ignored","damage_taken":0,"max_hp_gain":0,"max_hp_loss":0,"event_name":"SecretPortal","floor":46,"gold_loss":0}],"is_beta":false,"boss_relics":[{"not_picked":["Busted Crown","Ectoplasm"],"picked":"SacredBark"},{"not_picked":["Philosopher\u0027s Stone","Calling Bell"],"picked":"Astrolabe"}],"items_purged_floors":[],"is_endless":false,"potions_floor_spawned":[1,12,14,16,18,27,28,30,33,38,45],"ascension_level":0}}