{"host":"m1rjttoroz33xrz1","time":1609299472,"event":{"mods":["BaseMod","Colored Map","Downfall","Hermit","Mad Scientist","Marisa????????","Minty Spire (QoL Compilation)","StSLib","The Construct","The Cursed","The Druid","The Jungle","The Servant 0.9.4"],"gold_per_floor":[99,99,114,99,110,142,142,168,225,253,178,178,178,198,213,311,311,311,328,344,355,375,375,375,375,398,398,411,446,21,34,51,153,153,153,169,183,183,183,183,183,52,84,84,134,151,178,193,208,208],"floor_reached":51,"playtime":11744,"items_purged":["Pain"],"score":939,"play_id":"cb604d6f-7860-4044-95ff-0b718b99441a","local_time":"20201229223752","is_ascension_mode":true,"campfire_choices":[{"data":"champ:Execute","floor":1.0,"key":"SMITH"},{"floor":11.0,"key":"REST"},{"data":"champ:Aggression","floor":13.0,"key":"SMITH"},{"data":"champ:IgnorePain","floor":18.0,"key":"SMITH"},{"data":"champ:BringItOn","floor":23.0,"key":"SMITH"},{"data":"champ:TornadoPunch","floor":25.0,"key":"SMITH"},{"data":"champ:StrikeOfGenius","floor":35,"key":"SMITH"},{"data":"champ:SteelEdge","floor":40,"key":"SMITH"},{"floor":44,"key":"REST"}],"circlet_count":0,"master_deck":["champ:Strike","champ:Strike","champ:Strike","champ:Strike","champ:Defend","champ:Defend","champ:Defend","champ:Execute+1","champ:Taunt","champ:CrookedStrike","champ:StanceDance","champ:GutPunch","champ:RecklessLeap","champ:ArenaPreparation","champ:Aggression+1","champ:Duel","champ:Riposte","champ:FanOfKnives","champ:IgnorePain+1","champ:ShieldWall","champ:TornadoPunch+1","champ:BringItOn+1","champ:Circumvent","Injury","champ:RapidStrikes+1","champ:StrikeOfGenius+1","champ:EnragedBash","champ:Haymaker","champ:BringItOn+1","champ:SteelEdge+1","Wraith","champ:DefensiveShout+1","champ:ShieldSlam","champ:FocusedGladiator","champ:Control+1","champ:ViciousMockery+1","champ:ShieldWall","champ:HeartStrike+1"],"relics":["champ:ChampionCrownUpgraded","Bronze Scales","construct:FoamFinger","Gambling Chip","Kunai","Thread and Needle","Mummified Hand","Boot","downfall:HeartBlessingGreen","Cursed Key","Blue Candle","MealTicket","Centennial Puzzle","Sling","Pantograph","Torii","Mercury Hourglass","champ:DefensiveTrainingManual","Eternal Feather","champ:GladiatorsBookOfMartialProwess","Anchor"],"acts_visited":["Exordium","TheCity","TheBeyond"],"potions_floor_usage":[36,36,42,50],"damage_taken":[{"damage":0.0,"enemies":"Jaw Worm","floor":3.0,"turns":4.0},{"damage":5.0,"enemies":"downfall:FleeingMerchant","floor":4.0,"turns":4.0},{"damage":8.0,"enemies":"2 Louse","floor":5.0,"turns":2.0},{"damage":22.0,"enemies":"3 Sentries","floor":6.0,"turns":9.0},{"damage":35.0,"enemies":"Gremlin Nob","floor":8.0,"turns":3.0},{"damage":29.0,"enemies":"Gremlin Nob","floor":9.0,"turns":4.0},{"damage":17.0,"enemies":"Lagavulin","floor":10.0,"turns":3.0},{"damage":25.0,"enemies":"Cultist","floor":14.0,"turns":2.0},{"damage":40.0,"enemies":"Exordium Thugs","floor":15.0,"turns":3.0},{"damage":39.0,"enemies":"downfall:Ironclad","floor":16.0,"turns":5.0},{"damage":36.0,"enemies":"Chosen","floor":19.0,"turns":3.0},{"damage":25.0,"enemies":"Spheric Guardian","floor":20.0,"turns":2.0},{"damage":39.0,"enemies":"Chosen and Byrds","floor":21.0,"turns":4.0},{"damage":11.0,"enemies":"Sentry and Sphere","floor":22.0,"turns":3.0},{"damage":13.0,"enemies":"Snake Plant","floor":28.0,"turns":2.0},{"damage":10.0,"enemies":"Book of Stabbing","floor":29.0,"turns":4.0},{"damage":42.0,"enemies":"downfall:FleeingMerchant","floor":30.0,"turns":4.0},{"damage":19.0,"enemies":"Centurion and Healer","floor":31.0,"turns":5.0},{"damage":25.0,"enemies":"Snecko","floor":32.0,"turns":3.0},{"damage":45.0,"enemies":"downfall:Watcher","floor":33.0,"turns":6.0},{"damage":32,"enemies":"3 Darklings","floor":36,"turns":2},{"damage":8,"enemies":"Orb Walker","floor":37,"turns":3},{"damage":44,"enemies":"downfall:FleeingMerchant","floor":42,"turns":4},{"damage":84,"enemies":"Giant Head","floor":43,"turns":7},{"damage":52,"enemies":"Mind Bloom Boss Battle","floor":45,"turns":8},{"damage":15,"enemies":"4 Shapes","floor":46,"turns":4},{"damage":47,"enemies":"Nemesis","floor":47,"turns":5},{"damage":49,"enemies":"Sphere and 2 Shapes","floor":48,"turns":2},{"damage":34,"enemies":"3 Darklings","floor":49,"turns":3},{"damage":16,"enemies":"downfall:Defect","floor":50,"turns":6}],"seed_played":"4030281822798503737","potions_obtained":[{"floor":5.0,"key":"SteroidPotion"},{"floor":8.0,"key":"Regen Potion"},{"floor":9.0,"key":"champ:CounterPotion"},{"floor":14.0,"key":"PowerPotion"},{"floor":15.0,"key":"EssenceOfSteel"},{"floor":19.0,"key":"champ:TechniquePotion"},{"floor":29.0,"key":"SkillPotion"},{"floor":31.0,"key":"AttackPotion"},{"floor":33.0,"key":"sneckomod:MuddlingPotion"},{"floor":37,"key":"sneckomod:MuddlingPotion"},{"floor":43,"key":"Fire Potion"},{"floor":48,"key":"LiquidBronze"},{"floor":49,"key":"Swift Potion"}],"is_trial":false,"path_per_floor":["R","?","M","$","M","E","T","E","?","E","R","?","R","M","M","B",null,"R","M","M","M","M","R","T","R","T","?","M","E","$","M","M","B",null,"R","M","M","?","?","R","T","$","E","R","?","M","E","M","M","B",null],"character_chosen":"THE_CHAMP","items_purchased":["Sling","Pantograph","Mercury Hourglass","champ:DefensiveTrainingManual"],"campfire_rested":2,"item_purchase_floors":[30,30,42,42],"current_hp_per_floor":[90,72,72,72,72,50,50,41,53,49,76,71,71,71,67,67,90,90,90,90,90,89,89,89,89,89,89,89,89,90,88,88,87,90,90,81,81,81,81,81,81,83,37,82,66,59,59,59,59,83],"gold":208,"neow_bonus":"RANDOM_COMMON_RELIC","is_daily":false,"chose_seed":false,"campfire_upgraded":7,"win_rate":0.0,"timestamp":1609299472,"path_taken":["R","?","M","$","M","E","T","E","?","E","R","?","R","M","M","BOSS","R","M","M","M","?","R","T","R","?","?","M","E","$","M","M","BOSS","R","M","M","?","?","R","T","$","E","R","?","?","E","M","M","BOSS"],"items_purchased_type":["Relic","Relic","Relic","Relic"],"build_version":"2020-12-22","purchased_purges":1,"victory":true,"max_hp_per_floor":[90,90,90,90,90,90,90,90,90,90,90,90,90,90,90,90,90,90,90,90,90,90,90,90,90,90,90,90,90,90,90,90,90,90,90,90,90,90,90,90,90,90,90,90,90,90,90,90,90,90],"card_choices":[{"not_picked":["champ:BladeFlurry","champ:PerfectedStrike"],"picked":"champ:CrookedStrike","floor":3.0},{"not_picked":["champ:Backstep","champ:BerserkersShout"],"picked":"champ:StanceDance","floor":4.0},{"not_picked":["champ:BladeFlurry","champ:Haymaker"],"picked":"champ:GutPunch","floor":5.0},{"not_picked":["champ:PerfectedStrike","champ:GutPunch"],"picked":"champ:RecklessLeap","floor":6.0},{"not_picked":["champ:Improvising","champ:PerfectedStrike"],"picked":"champ:ArenaPreparation","floor":8.0},{"not_picked":["champ:RecklessLeap","champ:Circumvent"],"picked":"champ:Aggression","floor":9.0},{"not_picked":["champ:DeathBlow","champ:FanOfKnives"],"picked":"champ:Duel","floor":10.0},{"not_picked":["champ:FocusedDefense","champ:BerserkersShout"],"picked":"champ:Riposte","floor":14.0},{"not_picked":["champ:RapidStrikes","champ:StanceDance"],"picked":"champ:FanOfKnives","floor":15.0},{"not_picked":["champ:HeavySlash","champ:LastStand"],"picked":"champ:IgnorePain","floor":16.0},{"not_picked":["champ:StanceDance","champ:BringItOn"],"picked":"champ:ShieldWall","floor":19.0},{"not_picked":["champ:StanceDance+1","champ:DefensiveShout"],"picked":"champ:TornadoPunch","floor":20.0},{"not_picked":["champ:AdrenalArmor","champ:ShieldWall"],"picked":"champ:BringItOn","floor":21.0},{"not_picked":["champ:FanOfKnives","champ:FocusedGladiator"],"picked":"champ:Circumvent","floor":22.0},{"not_picked":["champ:Circumvent","champ:EnGarde"],"picked":"champ:RapidStrikes+1","floor":28.0},{"not_picked":["champ:FocusedDefense+1","champ:StanceDance"],"picked":"champ:StrikeOfGenius","floor":29.0},{"not_picked":["champ:GutPunch","champ:DeathBlow"],"picked":"champ:EnragedBash","floor":30.0},{"not_picked":["champ:GutPunch","champ:Circumvent"],"picked":"champ:Haymaker","floor":31.0},{"not_picked":["champ:PerfectedStrike","champ:DeathBlow"],"picked":"champ:BringItOn+1","floor":32.0},{"not_picked":["champ:Devastate","champ:HoldFirm"],"picked":"champ:SteelEdge","floor":33.0},{"not_picked":["champ:Circumvent","champ:StanceDance","champ:Haymaker+1"],"picked":"SKIP","floor":36},{"not_picked":["champ:EndlessRage","champ:BringItOn","champ:GutPunch"],"picked":"SKIP","floor":37},{"not_picked":["champ:FanOfKnives","champ:FlashCut"],"picked":"champ:DefensiveShout+1","floor":42},{"not_picked":["champ:RapidStrikes","champ:FightOn"],"picked":"champ:ShieldSlam","floor":43},{"not_picked":["champ:BladeFlurry","champ:PreciseThrust"],"picked":"champ:FocusedGladiator","floor":45},{"not_picked":["champ:FightOn","champ:TornadoPunch+1"],"picked":"champ:Control+1","floor":46},{"not_picked":["champ:BerserkersShout+1","champ:DeathBlow+1"],"picked":"champ:ViciousMockery+1","floor":47},{"not_picked":["champ:AdrenalArmor+1","champ:BerserkersShout+1"],"picked":"champ:ShieldWall","floor":48},{"not_picked":["champ:BerserkersShout+1","champ:TornadoPunch"],"picked":"champ:HeartStrike+1","floor":49}],"player_experience":1404294,"relics_obtained":[{"floor":6.0,"key":"Gambling Chip"},{"floor":7.0,"key":"Kunai"},{"floor":8.0,"key":"Thread and Needle"},{"floor":9.0,"key":"Mummified Hand"},{"floor":10.0,"key":"Boot"},{"floor":24.0,"key":"Blue Candle"},{"floor":26.0,"key":"MealTicket"},{"floor":29.0,"key":"Centennial Puzzle"},{"floor":41,"key":"Torii"},{"floor":43,"key":"Eternal Feather"},{"floor":45,"key":"champ:GladiatorsBookOfMartialProwess"},{"floor":47,"key":"Anchor"}],"event_choices":[{"damage_healed":0.0,"max_hp_gain":0.0,"max_hp_loss":0.0,"gold_gain":0.0,"event_name":"Scrap Ooze","player_choice":"Success","floor":2.0,"gold_loss":0.0,"damage_taken":18.0,"relics_obtained":["construct:FoamFinger"]},{"damage_healed":0,"gold_gain":0,"player_choice":"Ignored","damage_taken":0,"max_hp_gain":0,"max_hp_loss":0,"event_name":"OrinTheCat","floor":38,"gold_loss":0},{"cards_removed":["champ:Defend"],"damage_healed":0,"gold_gain":0,"player_choice":"Removed Skill","damage_taken":0,"max_hp_gain":0,"max_hp_loss":0,"event_name":"Falling","floor":39,"gold_loss":0}],"is_beta":false,"boss_relics":[{"not_picked":["Philosopher\u0027s Stone","Empty Cage"],"picked":"Cursed Key"},{"not_picked":["construct:WeddingRing","Astrolabe"],"picked":"champ:ChampionCrownUpgraded"}],"items_purged_floors":[42],"is_endless":false,"potions_floor_spawned":[5,8,9,14,15,19,29,31,32,33,37,43,48,49],"ascension_level":1}}