{"host":"qxeepl7ydvsgmfdb","time":1609311627,"event":{"mods":["AchievementEnabler","BaseMod","Colored Powertips","Minty Spire (QoL Compilation)","Quick Restart","slay the spire mod where everything is the same but ironclad has a cowboy hat"],"gold_per_floor":[118,29,104,118,42,42,72,72,72,72,82,82,96,111,111,211,211,221,146,179,190,204,231,241,241,241,241,241,256,266,17,17,17,17],"floor_reached":33,"playtime":794,"items_purged":["Regret"],"score":412,"play_id":"85d20404-8ba0-4549-a25f-10ab6b2ef30c","local_time":"20201230020027","is_ascension_mode":true,"campfire_choices":[{"floor":6,"key":"REST"},{"data":"Dramatic Entrance","floor":12,"key":"SMITH"},{"floor":15,"key":"REST"},{"floor":28,"key":"REST"},{"floor":32,"key":"REST"}],"circlet_count":0,"master_deck":["Strike_G","Strike_G","Strike_G","Strike_G","Strike_G","Defend_G","Defend_G","Defend_G","Defend_G","Defend_G","Survivor","Neutralize","Deadly Poison","Dramatic Entrance+1","Corpse Explosion","Backstab","PiercingWail","Good Instincts","Neutralize","Poisoned Stab","Deadly Poison","Dagger Spray","Noxious Fumes","Slice+1","Blade Dance","Slice+1"],"relics":["Ring of the Snake","Orichalcum","Bronze Scales","TungstenRod","Bottled Lightning","Red Mask","Ninja Scroll","Paper Crane","Mercury Hourglass"],"acts_visited":["Exordium","TheCity"],"potions_floor_usage":[16,23,29,33,33,33],"damage_taken":[{"damage":8,"enemies":"2 Louse","floor":1,"turns":3},{"damage":0,"enemies":"Small Slimes","floor":4,"turns":2},{"damage":15,"enemies":"3 Sentries","floor":7,"turns":3},{"damage":0,"enemies":"Cultist","floor":11,"turns":2},{"damage":0,"enemies":"2 Fungi Beasts","floor":13,"turns":1},{"damage":0,"enemies":"Blue Slaver","floor":14,"turns":3},{"damage":2,"enemies":"Hexaghost","floor":16,"turns":7},{"damage":11,"enemies":"Chosen","floor":18,"turns":5},{"damage":0,"enemies":"Masked Bandits","floor":20,"turns":1},{"damage":12,"enemies":"Shell Parasite","floor":21,"turns":5},{"damage":4,"enemies":"Centurion and Healer","floor":22,"turns":2},{"damage":4,"enemies":"Gremlin Leader","floor":23,"turns":5},{"damage":4,"enemies":"Sentry and Sphere","floor":24,"turns":3},{"damage":2,"enemies":"Snecko","floor":29,"turns":4},{"damage":9,"enemies":"Snake Plant","floor":30,"turns":2},{"damage":62,"enemies":"Champ","floor":33,"turns":9}],"seed_played":"-6969223586735492","potions_obtained":[{"floor":7,"key":"AttackPotion"},{"floor":13,"key":"Dexterity Potion"},{"floor":18,"key":"DuplicationPotion"},{"floor":21,"key":"LiquidBronze"},{"floor":22,"key":"Block Potion"},{"floor":23,"key":"FearPotion"},{"floor":30,"key":"Poison Potion"}],"is_trial":false,"path_per_floor":["M","$","?","M","$","R","E","?","T","?","M","R","M","M","R","B",null,"M","$","?","M","M","E","M","?","T","?","R","M","M","$","R","B"],"character_chosen":"THE_SILENT","items_purchased":["Dramatic Entrance","Backstab","Mercury Hourglass"],"campfire_rested":4,"item_purchase_floors":[2,5,31],"current_hp_per_floor":[55,55,44,44,44,65,50,50,50,50,50,50,50,50,70,68,70,59,59,59,47,43,39,35,23,23,18,40,38,29,29,51,0,0],"gold":17,"neow_bonus":"RANDOM_COMMON_RELIC","is_daily":false,"chose_seed":false,"campfire_upgraded":1,"win_rate":0.0,"timestamp":1609311627,"path_taken":["M","$","?","M","$","R","E","?","T","?","M","R","M","?","R","BOSS","M","$","?","M","M","E","M","?","T","?","R","?","M","$","R","BOSS"],"items_purchased_type":["Card","Card","Relic"],"build_version":"2020-12-22","purchased_purges":1,"victory":false,"max_hp_per_floor":[70,70,70,70,70,70,70,70,70,70,70,70,70,70,70,70,70,70,70,70,70,70,70,70,75,75,75,75,75,75,75,75,75,75],"card_choices":[{"not_picked":["Blade Dance","Dagger Throw"],"picked":"Deadly Poison","floor":1},{"not_picked":["Dagger Throw","Reflex"],"picked":"Corpse Explosion","floor":4},{"not_picked":["Terror","Flying Knee"],"picked":"PiercingWail","floor":7},{"not_picked":["Infinite Blades","Acrobatics"],"picked":"Poisoned Stab","floor":11},{"not_picked":["Acrobatics","Caltrops","Blur"],"picked":"SKIP","floor":13},{"not_picked":["Caltrops","Slice"],"picked":"Deadly Poison","floor":14},{"not_picked":["Prepared+1","Flying Knee"],"picked":"Dagger Spray","floor":18},{"not_picked":["Blade Dance","Prepared"],"picked":"Noxious Fumes","floor":21},{"not_picked":["Quick Slash","Glass Knife","Dash"],"picked":"SKIP","floor":22},{"not_picked":["Choke","Blade Dance"],"picked":"Slice+1","floor":23},{"not_picked":["Choke","Caltrops"],"picked":"Blade Dance","floor":24},{"not_picked":["Accuracy","Quick Slash+1","PiercingWail"],"picked":"SKIP","floor":29},{"not_picked":["Cloak And Dagger+1","PiercingWail"],"picked":"Slice+1","floor":30}],"player_experience":314776,"relics_obtained":[{"floor":7,"key":"Bronze Scales"},{"floor":9,"key":"Bottled Lightning"},{"floor":20,"key":"Red Mask"},{"floor":23,"key":"Ninja Scroll"},{"floor":26,"key":"Paper Crane"}],"event_choices":[{"damage_healed":0,"gold_gain":75,"player_choice":"Gather Gold","damage_taken":11,"max_hp_gain":0,"max_hp_loss":0,"event_name":"World of Goop","floor":3,"gold_loss":0},{"damage_healed":0,"gold_gain":0,"player_choice":"Box","damage_taken":0,"relics_obtained":["TungstenRod"],"max_hp_gain":0,"max_hp_loss":0,"event_name":"Big Fish","floor":8,"gold_loss":0,"cards_obtained":["Regret"]},{"damage_healed":0,"gold_gain":0,"player_choice":"2 cards matched","damage_taken":0,"max_hp_gain":0,"max_hp_loss":0,"event_name":"Match and Keep!","floor":10,"gold_loss":0,"cards_obtained":["Good Instincts","Neutralize"]},{"damage_healed":0,"gold_gain":0,"player_choice":"Fought Bandits","damage_taken":0,"max_hp_gain":0,"max_hp_loss":0,"event_name":"Masked Bandits","floor":20,"gold_loss":0},{"damage_healed":0,"gold_gain":0,"player_choice":"Shed Blood","damage_taken":18,"max_hp_gain":5,"max_hp_loss":0,"event_name":"Forgotten Altar","floor":25,"gold_loss":0},{"damage_healed":0,"gold_gain":0,"player_choice":"","damage_taken":6,"max_hp_gain":0,"max_hp_loss":0,"event_name":"Knowing Skull","floor":27,"potions_obtained":[],"gold_loss":0,"cards_obtained":[]}],"is_beta":false,"boss_relics":[{"not_picked":["Ectoplasm","SlaversCollar","Runic Pyramid"]}],"items_purged_floors":[19],"is_endless":false,"potions_floor_spawned":[7,13,18,21,22,23,30],"killed_by":"Champ","ascension_level":6}}