{"host":"h0xw20cia6ppa69g","time":1609330607,"event":{"mods":["AchievementEnabler","BaseMod","Colored Map","Filter the Spire","Googly Eyes","Minty Spire (QoL Compilation)","Relic Stats","StSLib","The Awakened One except there are too many feathers","everything is the same but u backflip on backflip"],"gold_per_floor":[112,131,27,39,39,66,77,102,128,160,177,194,220,233,233,330,330,343,343,362,130,149,174,191,223,223,223,236,250,277,118,118,213,213,231,244,256,274,20,46,46,74,99,124,142,192,15,15,15,15,15,15,15,44,44],"floor_reached":56,"playtime":5007,"items_purged":[],"score":1486,"play_id":"b903632e-9019-4697-bc5f-656a8b69f7dd","local_time":"20201230061647","is_ascension_mode":true,"campfire_choices":[{"data":"Armaments","floor":15.0,"key":"SMITH"},{"floor":27.0,"key":"REST"},{"floor":32,"key":"REST"},{"floor":41,"key":"RECALL"},{"floor":49,"key":"REST"},{"floor":52,"key":"REST"}],"circlet_count":0,"master_deck":["Bash","Feel No Pain","Brutality","Demon Form","Headbutt","Second Wind","Sentinel","Demon Form","Armaments+1","Rage+1","Shrug It Off","Cleave","Dark Embrace","Hemokinesis","Sword Boomerang","Feel No Pain","True Grit+1","Immolate","Power Through","Shrug It Off","Body Slam","Berserk","Havoc+1","Armaments+1","Feed","Dual Wield","True Grit","Disarm","Anger+1","Pommel Strike+1","Entrench","Discovery","Power Through","Fiend Fire","Entrench","Shockwave+1","Burning Pact","Rupture","Reaper","Metallicize"],"relics":["Pandora\u0027s Box","Red Skull","War Paint","Anchor","Centennial Puzzle","StrikeDummy","Runic Pyramid","Blue Candle","Kunai","Toy Ornithopter","Fusion Hammer","Self Forming Clay","Regal Pillow","The Courier","PreservedInsect","Omamori","Mango","Ornamental Fan"],"acts_visited":["Exordium","TheCity","TheBeyond","TheEnding"],"potions_floor_usage":[33,38,55,55,55],"damage_taken":[{"damage":0.0,"enemies":"Cultist","floor":1.0,"turns":5.0},{"damage":0.0,"enemies":"Jaw Worm","floor":2.0,"turns":7.0},{"damage":0.0,"enemies":"Small Slimes","floor":4.0,"turns":4.0},{"damage":0.0,"enemies":"Lagavulin","floor":6.0,"turns":4.0},{"damage":8.0,"enemies":"Looter","floor":7.0,"turns":3.0},{"damage":10.0,"enemies":"3 Sentries","floor":8.0,"turns":7.0},{"damage":5.0,"enemies":"Lagavulin","floor":10.0,"turns":7.0},{"damage":3.0,"enemies":"Exordium Thugs","floor":11.0,"turns":3.0},{"damage":6.0,"enemies":"Large Slime","floor":12.0,"turns":6.0},{"damage":0.0,"enemies":"3 Sentries","floor":13.0,"turns":10.0},{"damage":3.0,"enemies":"Red Slaver","floor":14.0,"turns":4.0},{"damage":38.0,"enemies":"The Guardian","floor":16.0,"turns":10.0},{"damage":3.0,"enemies":"Spheric Guardian","floor":18.0,"turns":7.0},{"damage":12.0,"enemies":"2 Thieves","floor":20.0,"turns":4.0},{"damage":18.0,"enemies":"Centurion and Healer","floor":22.0,"turns":9.0},{"damage":9.0,"enemies":"Book of Stabbing","floor":23.0,"turns":6.0},{"damage":0.0,"enemies":"Snake Plant","floor":24.0,"turns":7.0},{"damage":53.0,"enemies":"Slavers","floor":25.0,"turns":8.0},{"damage":20,"enemies":"Cultist and Chosen","floor":28,"turns":6},{"damage":4,"enemies":"Centurion and Healer","floor":29,"turns":8},{"damage":31,"enemies":"Book of Stabbing","floor":30,"turns":7},{"damage":54,"enemies":"Automaton","floor":33,"turns":10},{"damage":15,"enemies":"3 Shapes","floor":35,"turns":10},{"damage":11,"enemies":"Orb Walker","floor":36,"turns":4},{"damage":12,"enemies":"3 Darklings","floor":37,"turns":8},{"damage":60,"enemies":"4 Shapes","floor":38,"turns":18},{"damage":2,"enemies":"Giant Head","floor":40,"turns":8},{"damage":16,"enemies":"Nemesis","floor":42,"turns":9},{"damage":7,"enemies":"Reptomancer","floor":44,"turns":10},{"damage":2,"enemies":"Jaw Worm Horde","floor":45,"turns":8},{"damage":4,"enemies":"Mind Bloom Boss Battle","floor":46,"turns":7},{"damage":61,"enemies":"Time Eater","floor":50,"turns":15},{"damage":79,"enemies":"Shield and Spear","floor":54,"turns":9},{"damage":103,"enemies":"The Heart","floor":55,"turns":15}],"seed_played":"6501885648295981744","potions_obtained":[{"floor":2.0,"key":"SmokeBomb"},{"floor":5.0,"key":"Regen Potion"},{"floor":5.0,"key":"Block Potion"},{"floor":5.0,"key":"HeartOfIron"},{"floor":8.0,"key":"Explosive Potion"},{"floor":10.0,"key":"LiquidBronze"},{"floor":13.0,"key":"Regen Potion"},{"floor":20.0,"key":"SkillPotion"},{"floor":22.0,"key":"CultistPotion"},{"floor":24.0,"key":"Ancient Potion"},{"floor":28,"key":"BloodPotion"},{"floor":36,"key":"EssenceOfSteel"},{"floor":37,"key":"SpeedPotion"},{"floor":44,"key":"SteroidPotion"},{"floor":45,"key":"SpeedPotion"}],"is_trial":false,"path_per_floor":["M","M","$","M","?","E","M","E","T","E","M","M","E","M","R","B",null,"M","?","M","$","M","E","M","E","T","R","M","M","E","$","R","B",null,"M","M","M","M","$","E","R","E","T","E","M","?","$","?","R","B",null,"R","$","E","B",null],"character_chosen":"IRONCLAD","items_purchased":["Dark Embrace","Hemokinesis","Feed","Dual Wield","Discovery","Power Through","Self Forming Clay","Reaper","Metallicize"],"campfire_rested":4,"item_purchase_floors":[3,3,21,21,31,31,39,47,47],"current_hp_per_floor":[80,80,80,80,80,80,72,62,62,72,69,63,63,60,60,22,80,77,77,65,65,69,64,68,23,23,54,34,38,11,11,45,23,120,109,101,93,41,41,43,43,31,31,28,34,48,48,150,150,153,154,154,154,83,16],"gold":44,"neow_bonus":"BOSS_RELIC","is_daily":false,"chose_seed":false,"campfire_upgraded":1,"win_rate":0.0,"timestamp":1609330607,"path_taken":["M","M","$","M","?","E","M","E","T","E","M","M","E","?","R","BOSS","M","?","?","$","M","E","M","E","T","R","M","M","E","$","R","BOSS","M","M","M","M","$","E","R","E","T","E","M","?","$","?","R","BOSS","R","$","E","BOSS"],"items_purchased_type":["Card","Card","Card","Card","Card","Card","Relic","Card","Card"],"build_version":"2020-12-22","purchased_purges":0,"victory":true,"max_hp_per_floor":[80,80,80,80,80,80,80,80,80,80,80,80,80,80,80,80,80,80,80,80,80,88,92,96,104,104,104,104,112,116,116,116,120,120,124,127,131,134,134,138,138,142,142,146,154,172,172,150,150,154,154,154,154,162,166],"relic_stats":{"Centennial Puzzle":[68],"Regal Pillow":0,"counters":[34,263],"Self Forming Clay":[207],"Ornamental Fan":[8],"Blue Candle":[0],"Pandora\u0027s Box":["Feel No Pain","Brutality","Demon Form","Headbutt","Second Wind","Sentinel","Demon Form","Armaments","Rage"],"PreservedInsect":127,"Kunai":[10],"War Paint":["True Grit","Rage"],"obtain_stats":[{"Regal Pillow":40,"Self Forming Clay":39,"Blue Candle":23,"Mango":46,"The Courier":42,"PreservedInsect":43,"Omamori":44,"War Paint":8,"Burning Blood":0,"Anchor":9,"Centennial Puzzle":10,"Ornamental Fan":54,"Pandora\u0027s Box":0,"Fusion Hammer":34,"Kunai":25,"StrikeDummy":13,"Red Skull":6,"Toy Ornithopter":30,"Runic Pyramid":17},{"Regal Pillow":27,"Self Forming Clay":26,"Blue Candle":16,"Mango":31,"The Courier":28,"PreservedInsect":28,"Omamori":29,"War Paint":6,"Burning Blood":0,"Anchor":6,"Centennial Puzzle":7,"Ornamental Fan":33,"Pandora\u0027s Box":0,"Fusion Hammer":22,"Kunai":18,"StrikeDummy":10,"Red Skull":4,"Toy Ornithopter":21,"Runic Pyramid":12},{"Regal Pillow":190,"Self Forming Clay":182,"Blue Candle":96,"Mango":224,"The Courier":199,"PreservedInsect":199,"Omamori":209,"War Paint":30,"Burning Blood":0,"Anchor":30,"Centennial Puzzle":37,"Ornamental Fan":248,"Pandora\u0027s Box":0,"Fusion Hammer":142,"Kunai":111,"StrikeDummy":56,"Red Skull":20,"Toy Ornithopter":132,"Runic Pyramid":70}],"Toy Ornithopter":25},"card_choices":[{"not_picked":["Pommel Strike","Infernal Blade"],"picked":"Shrug It Off","floor":1.0},{"not_picked":["Anger","Carnage"],"picked":"Cleave","floor":2.0},{"not_picked":["Flame Barrier","Bloodletting"],"picked":"Sword Boomerang","floor":4.0},{"not_picked":["Blood for Blood","Havoc"],"picked":"Feel No Pain","floor":6.0},{"not_picked":["Perfected Strike","Sword Boomerang"],"picked":"True Grit","floor":7.0},{"not_picked":["Flame Barrier","Thunderclap"],"picked":"Immolate","floor":8.0},{"not_picked":["Searing Blow","Intimidate","Perfected Strike"],"picked":"SKIP","floor":10.0},{"not_picked":["Searing Blow","Rage"],"picked":"Power Through","floor":11.0},{"not_picked":["Clash","Wild Strike"],"picked":"Shrug It Off","floor":12.0},{"not_picked":["Shrug It Off","Pummel"],"picked":"Body Slam","floor":13.0},{"not_picked":["Shrug It Off","Warcry","Thunderclap"],"picked":"SKIP","floor":14.0},{"not_picked":["Immolate","Offering"],"picked":"Berserk","floor":16.0},{"not_picked":["Heavy Blade","Blood for Blood"],"picked":"Havoc+1","floor":18.0},{"not_picked":["Wild Strike","Cleave","Twin Strike+1"],"picked":"SKIP","floor":20.0},{"not_picked":["Corruption","Headbutt"],"picked":"True Grit","floor":22.0},{"not_picked":["Intimidate","Ghostly Armor"],"picked":"Disarm","floor":23.0},{"not_picked":["Intimidate","True Grit","Thunderclap"],"picked":"SKIP","floor":24.0},{"not_picked":["Wild Strike+1","Spot Weakness"],"picked":"Anger+1","floor":25.0},{"not_picked":["Clothesline","Cleave"],"picked":"Pommel Strike+1","floor":28},{"not_picked":["Shrug It Off","Sword Boomerang+1","Hemokinesis"],"picked":"SKIP","floor":29},{"not_picked":["Clash","Whirlwind+1"],"picked":"Entrench","floor":30},{"not_picked":["Double Tap","Feed"],"picked":"Fiend Fire","floor":33},{"not_picked":["Whirlwind+1","Heavy Blade+1","Blood for Blood"],"picked":"SKIP","floor":35},{"not_picked":["Havoc+1","Power Through"],"picked":"Entrench","floor":36},{"not_picked":["Pommel Strike","Iron Wave","Wild Strike+1"],"picked":"SKIP","floor":37},{"not_picked":["Searing Blow+1","Iron Wave"],"picked":"Shockwave+1","floor":38},{"not_picked":["Inflame","Headbutt+1","Heavy Blade+1"],"picked":"SKIP","floor":40},{"not_picked":["Flex","Intimidate"],"picked":"Burning Pact","floor":42},{"not_picked":["Flex","Immolate","Wild Strike+1"],"picked":"SKIP","floor":44},{"not_picked":["Clash+1","Havoc+1","Wild Strike"],"picked":"SKIP","floor":45},{"not_picked":["Clothesline","Headbutt+1"],"picked":"Rupture","floor":46},{"not_picked":["Searing Blow","Twin Strike+1","Perfected Strike"],"picked":"SKIP","floor":54}],"player_experience":3573765,"relics_obtained":[{"floor":6.0,"key":"Red Skull"},{"floor":8.0,"key":"War Paint"},{"floor":9.0,"key":"Anchor"},{"floor":10.0,"key":"Centennial Puzzle"},{"floor":13.0,"key":"StrikeDummy"},{"floor":23.0,"key":"Blue Candle"},{"floor":25.0,"key":"Kunai"},{"floor":30,"key":"Toy Ornithopter"},{"floor":40,"key":"Regal Pillow"},{"floor":42,"key":"The Courier"},{"floor":43,"key":"PreservedInsect"},{"floor":44,"key":"Omamori"},{"floor":46,"key":"Mango"},{"floor":54,"key":"Ornamental Fan"}],"event_choices":[{"damage_healed":0.0,"max_hp_gain":0.0,"max_hp_loss":0.0,"gold_gain":0.0,"event_name":"Lab","player_choice":"Got Potions","floor":5.0,"gold_loss":0.0,"damage_taken":0.0},{"damage_healed":0.0,"max_hp_gain":0.0,"max_hp_loss":0.0,"gold_gain":0.0,"event_name":"Duplicator","player_choice":"Copied","floor":19.0,"gold_loss":0.0,"damage_taken":0.0,"cards_obtained":["Armaments"]},{"damage_healed":0,"gold_gain":0,"player_choice":"Fight","damage_taken":0,"max_hp_gain":0,"max_hp_loss":0,"event_name":"MindBloom","floor":46,"gold_loss":0},{"damage_healed":150,"gold_gain":0,"player_choice":"Heal","damage_taken":0,"max_hp_gain":0,"max_hp_loss":22,"event_name":"The Moai Head","floor":48,"gold_loss":0}],"is_beta":false,"boss_relics":[{"not_picked":["Cursed Key","Astrolabe"],"picked":"Runic Pyramid"},{"not_picked":["Empty Cage","Calling Bell"],"picked":"Fusion Hammer"}],"items_purged_floors":[],"is_endless":false,"potions_floor_spawned":[2,8,10,12,13,20,22,24,28,36,37,44,45],"ascension_level":1}}