{"host":"a1u4jo6xlg3w0wsm","time":1609325008,"event":{"mods":["BaseMod","Better Third Choice","DeckTracker","Downfall","Hermit","Hubris","Minty Spire (QoL Compilation)","Rare Cards Sparkle","Replay The Spire","StSLib"],"gold_per_floor":[113,13,13,28,41,41,75,89,113,113,148,148,148,113,113,209,209,228,228,159,172,172,172],"floor_reached":22,"playtime":1228,"items_purged":[],"score":236,"play_id":"1fd85bd8-374e-4599-bac3-a592ac04c6ce","local_time":"20201230234328","is_ascension_mode":true,"campfire_choices":[{"data":"hermit:CursedWeapon","floor":6,"key":"SMITH"},{"floor":10,"key":"REST"},{"data":"hermit:HoleUp","floor":12,"key":"SMITH"},{"data":"hermit:Gestalt","floor":15,"key":"SMITH"}],"circlet_count":0,"master_deck":["hermit:Determination+1","hermit:Strike_Hermit","hermit:Strike_Hermit","hermit:Strike_Hermit","hermit:Strike_Hermit","hermit:Defend_Hermit","hermit:Defend_Hermit","hermit:Defend_Hermit","hermit:Defend_Hermit","hermit:Snapshot","hermit:Covet","hermit:Showdown+1","hermit:HoleUp+1","hermit:CursedWeapon+1","hermit:Enervate","hermit:LowProfile","hermit:CalledShot","hermit:Snipe","hermit:Enervate","hermit:Gestalt+1","hermit:FatalDesire","hermit:FullyLoaded","hermit:Shortfuse"],"relics":["hermit:Momento","hubris:ToyBattleship","Replay:Ringing Soul","Vajra","StrikeDummy","hubris:CrackedHourglass"],"acts_visited":["Exordium","TheCity"],"potions_floor_usage":[7],"damage_taken":[{"damage":2,"enemies":"Small Slimes","floor":1,"turns":5},{"damage":2,"enemies":"Jaw Worm","floor":4,"turns":4},{"damage":6,"enemies":"2 Louse","floor":5,"turns":3},{"damage":16,"enemies":"3 Sentries","floor":7,"turns":9},{"damage":6,"enemies":"Exordium Wildlife","floor":8,"turns":5},{"damage":25,"enemies":"Gremlin Nob","floor":11,"turns":4},{"damage":6,"enemies":"Slime Boss","floor":16,"turns":9},{"damage":12,"enemies":"Shell Parasite","floor":18,"turns":4},{"damage":21,"enemies":"2 Thieves","floor":21,"turns":5},{"damage":0,"enemies":"3 Cultists","floor":22,"turns":1}],"seed_played":"7899873096683397933","potions_obtained":[{"floor":5,"key":"Explosive Potion"},{"floor":7,"key":"Strength Potion"},{"floor":18,"key":"hermit:Eclipse"},{"floor":21,"key":"Elixir"}],"is_trial":false,"path_per_floor":["M","$","?","M","M","R","E","M","T","R","E","R","?","?","R","B",null,"M","?","$","M","M"],"character_chosen":"HERMIT","items_purchased":["hermit:HoleUp","hermit:CursedWeapon","hermit:FullyLoaded"],"campfire_rested":1,"item_purchase_floors":[2,2,20],"current_hp_per_floor":[73,73,73,71,65,65,52,49,49,73,51,51,54,75,75,72,90,78,78,81,63,63,63],"gold":172,"neow_bonus":"RANDOM_COMMON_RELIC","is_daily":false,"chose_seed":false,"campfire_upgraded":3,"win_rate":0.0,"timestamp":1609325008,"path_taken":["M","$","?","M","M","R","E","M","T","R","E","R","?","?","R","BOSS","M","?","$","M","M"],"items_purchased_type":["Card","Card","Card"],"build_version":"2020-12-13","purchased_purges":0,"victory":false,"max_hp_per_floor":[75,75,75,75,75,75,78,81,81,81,84,84,87,87,87,90,90,90,90,93,96,96,96],"card_choices":[{"not_picked":["hermit:SprayPray","hermit:Brawl"],"picked":"hermit:Showdown","floor":1},{"not_picked":["hermit:Cheat","hermit:Midnight"],"picked":"hermit:Enervate","floor":4},{"not_picked":["hermit:ItchyTrigger","hermit:Quickdraw"],"picked":"hermit:LowProfile","floor":5},{"not_picked":["hermit:Purgatory","hermit:BodyArmor"],"picked":"hermit:CalledShot","floor":7},{"not_picked":["hermit:Showdown","hermit:LoneWolf"],"picked":"hermit:Snipe","floor":8},{"not_picked":["hermit:Combo","hermit:SprayPray"],"picked":"hermit:Enervate","floor":11},{"not_picked":["hermit:Gambit","hermit:EternalForm"],"picked":"hermit:FatalDesire","floor":16},{"not_picked":["hermit:SprayPray","hermit:Glare","hermit:NoHoldsBarred"],"picked":"SKIP","floor":18},{"not_picked":["hermit:Showdown","hermit:TrackingShot"],"picked":"hermit:Shortfuse","floor":21}],"player_experience":247147,"relics_obtained":[{"floor":7,"key":"Replay:Ringing Soul"},{"floor":9,"key":"Vajra"},{"floor":11,"key":"StrikeDummy"}],"event_choices":[{"damage_healed":0,"gold_gain":0,"player_choice":"Grow","damage_taken":0,"max_hp_gain":0,"max_hp_loss":0,"event_name":"Living Wall","floor":3,"gold_loss":0,"cards_upgraded":["hermit:Showdown"]},{"damage_healed":21,"gold_gain":0,"player_choice":"Healed","damage_taken":0,"max_hp_gain":0,"max_hp_loss":0,"event_name":"The Cleric","floor":14,"gold_loss":35}],"is_beta":false,"boss_relics":[{"not_picked":["hubris:RunicObelisk","Replay:Drink Me"],"picked":"hubris:CrackedHourglass"}],"items_purged_floors":[],"is_endless":false,"potions_floor_spawned":[5,7,18,21],"killed_by":"3 Cultists","ascension_level":2}}