{"host":"840yoaz69lavfcgt","time":1609316430,"event":{"mods":["BaseMod","Colored Powertips","DeckTracker","Highlight Path","Minty Spire (QoL Compilation)","Synergy Search"],"gold_per_floor":[111,111,111,129,129,148,148,183,210,224,5,20,20,49,49,144,144,154,154,114,128,138,138,138],"floor_reached":23,"playtime":1608,"items_purged":[],"score":201,"play_id":"cc8e1c4d-9206-43a2-b34b-d43a82f96141","local_time":"20201230032030","is_ascension_mode":false,"campfire_choices":[{"data":"Compile Driver","floor":7.0,"key":"SMITH"},{"floor":15,"key":"REST"}],"circlet_count":0,"master_deck":["Strike_B","Strike_B","Strike_B+1","Strike_B","Defend_B","Defend_B","Defend_B","Defend_B","Zap+1","Dualcast","Auto Shields","Compile Driver+1","Double Energy","Cold Snap","Rebound+1","Chaos","Hello World+1","Rebound+1","Redo","Go for the Eyes","Meteor Strike","Rebound","Redo","Creative AI"],"relics":["Cracked Core","Lantern","Anchor","Whetstone","DollysMirror","Question Card","SlaversCollar"],"acts_visited":["Exordium","TheCity"],"potions_floor_usage":[14,16,21],"damage_taken":[{"damage":0.0,"enemies":"Small Slimes","floor":1.0,"turns":3.0},{"damage":3.0,"enemies":"2 Louse","floor":4.0,"turns":3.0},{"damage":1.0,"enemies":"Jaw Worm","floor":6.0,"turns":3.0},{"damage":7.0,"enemies":"3 Sentries","floor":8.0,"turns":7.0},{"damage":0.0,"enemies":"Looter","floor":10.0,"turns":2.0},{"damage":0.0,"enemies":"2 Fungi Beasts","floor":12.0,"turns":3.0},{"damage":11,"enemies":"Gremlin Nob","floor":14,"turns":3},{"damage":8,"enemies":"Slime Boss","floor":16,"turns":8},{"damage":19,"enemies":"Chosen","floor":18,"turns":5},{"damage":19,"enemies":"2 Thieves","floor":21,"turns":4},{"damage":27,"enemies":"Snake Plant","floor":22,"turns":5},{"damage":9,"enemies":"Slavers","floor":23,"turns":1}],"seed_played":"-5560108801154824526","potions_obtained":[{"floor":6.0,"key":"Weak Potion"},{"floor":8.0,"key":"Energy Potion"},{"floor":10.0,"key":"ColorlessPotion"},{"floor":21,"key":"DuplicationPotion"}],"is_trial":false,"path_per_floor":["M","?","?","M","?","M","R","E","T","M","$","M","$","E","R","B",null,"M","?","?","M","M","E"],"character_chosen":"DEFECT","items_purchased":["Hello World","DollysMirror"],"campfire_rested":1,"item_purchase_floors":[11,11],"current_hp_per_floor":[75,75,57,54,54,53,53,46,46,46,46,46,46,35,57,49,75,56,56,56,37,10,1,1],"gold":138,"neow_bonus":"THREE_CARDS","is_daily":false,"chose_seed":false,"campfire_upgraded":1,"win_rate":0.0,"timestamp":1609316430,"path_taken":["M","?","?","M","?","M","R","E","T","M","?","?","$","E","R","BOSS","M","?","?","M","?","E"],"items_purchased_type":["Card","Relic"],"build_version":"2020-12-22","purchased_purges":0,"victory":false,"max_hp_per_floor":[75,75,75,75,75,75,75,75,75,75,75,75,75,75,75,75,75,75,75,75,75,75,75,75],"card_choices":[{"not_picked":["Steam","Stack"],"picked":"Auto Shields","floor":0.0},{"not_picked":["Hologram","Reprogram"],"picked":"Compile Driver","floor":1.0},{"not_picked":["Leap","Stack"],"picked":"Double Energy","floor":4.0},{"not_picked":["Hologram","Recycle"],"picked":"Cold Snap","floor":6.0},{"not_picked":["Compile Driver","Fission"],"picked":"Rebound","floor":8.0},{"not_picked":["Conserve Battery","Ball Lightning"],"picked":"Chaos","floor":10.0},{"not_picked":["Turbo","Double Energy"],"picked":"Redo","floor":12.0},{"not_picked":["Consume","Glacier"],"picked":"Go for the Eyes","floor":14},{"not_picked":["Multi-Cast","Reboot","Seek"],"picked":"Meteor Strike","floor":16},{"not_picked":["Storm+1","Turbo","Leap"],"picked":"Rebound","floor":18},{"not_picked":["Go for the Eyes","Melter","Hologram+1"],"picked":"Redo","floor":21},{"not_picked":["Gash","Melter","Rip and Tear"],"picked":"Creative AI","floor":22}],"player_experience":140596,"relics_obtained":[{"floor":8.0,"key":"Anchor"},{"floor":9.0,"key":"Whetstone"},{"floor":14,"key":"Question Card"}],"event_choices":[{"damage_healed":0.0,"max_hp_gain":0.0,"max_hp_loss":0.0,"gold_gain":0.0,"event_name":"Golden Wing","player_choice":"Ignored","floor":2.0,"gold_loss":0.0,"damage_taken":0.0},{"damage_healed":0.0,"max_hp_gain":0.0,"max_hp_loss":0.0,"gold_gain":0.0,"event_name":"Scrap Ooze","player_choice":"Success","floor":3.0,"gold_loss":0.0,"damage_taken":18.0,"relics_obtained":["Lantern"]},{"damage_healed":0.0,"max_hp_gain":0.0,"max_hp_loss":0.0,"gold_gain":0.0,"event_name":"Living Wall","player_choice":"Grow","floor":5.0,"gold_loss":0.0,"damage_taken":0.0,"cards_upgraded":["Zap"]},{"damage_healed":0,"gold_gain":0,"player_choice":"Ignored","damage_taken":0,"max_hp_gain":0,"max_hp_loss":0,"event_name":"Beggar","floor":19,"gold_loss":0},{"damage_healed":0,"gold_gain":0,"player_choice":"Upgrade","damage_taken":0,"max_hp_gain":0,"max_hp_loss":0,"event_name":"Designer","floor":20,"gold_loss":40,"cards_upgraded":["Hello World"]}],"is_beta":false,"boss_relics":[{"not_picked":["Coffee Dripper","SacredBark"],"picked":"SlaversCollar"}],"items_purged_floors":[],"is_endless":false,"potions_floor_spawned":[6,8,10,21],"killed_by":"Slavers","ascension_level":0}}