{"host":"tvs5yxzo65ue2qcy","time":1609323583,"event":{"mods":["BaseMod","DeckTracker","Highlight Path","Minty Spire (QoL Compilation)","Permanent Neow","Quick Restart","StSLib","SuperFastMode","everything is the same but u backflip on backflip"],"gold_per_floor":[112,127,52,52,52,52,84,101,128,140,152,164,39,57,57,132,132,150,162,193,118,118,118],"floor_reached":22,"playtime":414,"items_purged":["Strike_G"],"score":364,"play_id":"5d54ebe8-9ee4-4f8c-b3ab-9328ef274086","local_time":"20201230191943","is_ascension_mode":true,"campfire_choices":[{"data":"Neutralize","floor":6.0,"key":"SMITH"},{"floor":10.0,"key":"REST"},{"data":"Glass Knife","floor":12.0,"key":"SMITH"},{"data":"Terror","floor":15.0,"key":"SMITH"}],"circlet_count":0,"master_deck":["AscendersBane","Strike_G","Defend_G","Defend_G","Defend_G","Defend_G","Survivor","Neutralize+1","Glass Knife+1","Masterful Stab","Heel Hook","Calculated Gamble+1","Eviscerate","Terror+1","Malaise","Acrobatics","Reflex","Prepared+1"],"relics":["Ring of the Snake","Regal Pillow","MawBank","Empty Cage","Red Mask"],"acts_visited":["Exordium","TheCity"],"potions_floor_usage":[20],"damage_taken":[{"damage":4.0,"enemies":"Small Slimes","floor":1.0,"turns":3.0},{"damage":0.0,"enemies":"Jaw Worm","floor":2.0,"turns":2.0},{"damage":47.0,"enemies":"Lagavulin","floor":7.0,"turns":7.0},{"damage":0.0,"enemies":"Cultist","floor":8.0,"turns":2.0},{"damage":0.0,"enemies":"2 Fungi Beasts","floor":14.0,"turns":2.0},{"damage":11.0,"enemies":"Hexaghost","floor":16.0,"turns":6.0},{"damage":23.0,"enemies":"3 Byrds","floor":18.0,"turns":7.0},{"damage":0,"enemies":"Spheric Guardian","floor":19,"turns":2},{"damage":24,"enemies":"Masked Bandits","floor":20,"turns":4},{"damage":13,"enemies":"Snake Plant","floor":22,"turns":1}],"seed_played":"-83408131266433153","potions_obtained":[{"floor":1.0,"key":"Ancient Potion"},{"floor":19,"key":"SkillPotion"},{"floor":20,"key":"GamblersBrew"}],"is_trial":false,"path_per_floor":["M","M","?","$","?","R","E","M","T","R","?","R","$","M","R","B",null,"M","M","?","$","M"],"character_chosen":"THE_SILENT","items_purchased":["Terror","PowerPotion"],"campfire_rested":1,"item_purchase_floors":[13,13],"current_hp_per_floor":[55,55,55,55,48,48,1,1,1,35,35,35,35,35,35,24,56,33,33,9,9,0,0],"gold":118,"neow_bonus":"ONE_RANDOM_RARE_CARD","is_daily":false,"chose_seed":false,"campfire_upgraded":3,"win_rate":0.0,"timestamp":1609323583,"path_taken":["M","M","?","$","?","R","E","M","T","R","?","R","?","M","R","BOSS","M","?","?","$","M"],"items_purchased_type":["Card","Potion"],"build_version":"2020-12-22","purchased_purges":1,"victory":false,"max_hp_per_floor":[66,66,66,66,66,66,66,66,66,66,66,66,66,66,66,66,66,66,66,66,66,66,66],"card_choices":[{"not_picked":["Blur","Calculated Gamble"],"picked":"Masterful Stab","floor":1.0},{"not_picked":["Flying Knee","Dodge and Roll"],"picked":"Heel Hook","floor":2.0},{"not_picked":["Flechettes","Dodge and Roll"],"picked":"Calculated Gamble","floor":7.0},{"not_picked":["Prepared","Cloak And Dagger"],"picked":"Eviscerate","floor":8.0},{"not_picked":["Crippling Poison","Deflect","Flying Knee"],"picked":"SKIP","floor":14.0},{"not_picked":["Storm of Steel","Night Terror"],"picked":"Malaise","floor":16.0},{"not_picked":["All Out Attack","PiercingWail"],"picked":"Acrobatics","floor":18},{"not_picked":["Backflip","Accuracy"],"picked":"Reflex","floor":19},{"not_picked":["Deadly Poison","Dagger Spray"],"picked":"Prepared+1","floor":20}],"player_experience":427222,"relics_obtained":[{"floor":7.0,"key":"Regal Pillow"},{"floor":9.0,"key":"MawBank"},{"floor":20,"key":"Red Mask"}],"event_choices":[{"cards_removed":["Strike_G"],"damage_healed":0.0,"max_hp_gain":0.0,"max_hp_loss":0.0,"gold_gain":0.0,"event_name":"The Cleric","player_choice":"Card Removal","floor":3.0,"gold_loss":75.0,"damage_taken":0.0},{"cards_removed":["Strike_G"],"damage_healed":0.0,"max_hp_gain":0.0,"max_hp_loss":0.0,"gold_gain":0.0,"event_name":"Golden Wing","player_choice":"Card Removal","floor":5.0,"gold_loss":0.0,"damage_taken":7.0},{"damage_healed":0.0,"max_hp_gain":0.0,"max_hp_loss":0.0,"gold_gain":0.0,"event_name":"Living Wall","player_choice":"Grow","floor":11.0,"gold_loss":0.0,"damage_taken":0.0,"cards_upgraded":["Calculated Gamble"]},{"damage_healed":0,"gold_gain":0,"player_choice":"Fought Bandits","damage_taken":0,"max_hp_gain":0,"max_hp_loss":0,"event_name":"Masked Bandits","floor":20,"gold_loss":0}],"is_beta":false,"boss_relics":[{"not_picked":["SlaversCollar","Cursed Key"],"picked":"Empty Cage"}],"items_purged_floors":[21],"is_endless":false,"potions_floor_spawned":[1,19,20],"killed_by":"Snake Plant","ascension_level":20}}