{"host":"le69utka9ynaq64d","time":1609365679,"event":{"mods":["AchievementEnabler","Aspiration","BaseMod","Block Reminder","Conspire","Energized Spire","Evolution","GifTheSpireLib","Halation","Hubris","Minty Spire (QoL Compilation)","Permanent Neow","Quick Restart","Replay The Spire","RiskOfSpire","StSLib","Stuff the Spire","The Necromancer","Trackpad","vexMod"],"gold_per_floor":[111,125,144,270,200,200,269,296,323,398,408,402,7,40,40,137,137,151,294,99,99,19,45,45,77,77,77,7,21,21,39,39,39,39],"floor_reached":33,"playtime":21064,"items_purged":[],"score":470,"play_id":"ed8084c3-48c4-49e4-8ae3-1ada72c7336a","local_time":"20201230170119","is_ascension_mode":false,"campfire_choices":[{"floor":6,"key":"REST"},{"floor":15,"key":"REST"},{"floor":24,"key":"REST"},{"floor":30,"key":"REST"},{"floor":32,"key":"REST"}],"circlet_count":0,"master_deck":["EmptyFist","Strike_P","Strike_P","Strike_P","Defend_P","Defend_P","Defend_P","Defend_P","Eruption","Vigilance","Consecrate","LikeWater","Evaluate","ReachHeaven","FearNoEvil","FlyingSleeves","Vengeance","ReachHeaven","Consecrate","InnerPeace","DeusExMachina","FollowUp","FollowUp","Adaptation","ClearTheMind","Consecrate","Shame","LikeWater","FollowUp+1"],"relics":["PureWater","EVO:Axolotl","riskOfSpire:ShieldGenerator","Pear","Orrery","Replay:Baseball","conspire:RoyalGoblet","Oddly Smooth Stone","halation:EternalFortune","Regal Pillow","Pondfish Scales","vexMod:FocusSash"],"acts_visited":["Exordium","TheCity"],"potions_floor_usage":[8,16,16,16,16,16,16,23,25,31],"damage_taken":[{"damage":0,"enemies":"Jaw Worm","floor":1,"turns":4},{"damage":0,"enemies":"Cultist","floor":2,"turns":3},{"damage":0,"enemies":"2 Louse","floor":3,"turns":1},{"damage":11,"enemies":"Exordium Wildlife","floor":4,"turns":7},{"damage":1,"enemies":"Gremlin Nob","floor":8,"turns":3},{"damage":9,"enemies":"Exordium Thugs","floor":11,"turns":5},{"damage":3,"enemies":"2 Fungi Beasts","floor":12,"turns":3},{"damage":12,"enemies":"3 Sentries","floor":14,"turns":4},{"damage":0,"enemies":"Hexaghost","floor":16,"turns":8},{"damage":14,"enemies":"Spheric Guardian","floor":18,"turns":4},{"damage":9,"enemies":"Chosen","floor":19,"turns":4},{"damage":33,"enemies":"Gremlin Leader","floor":23,"turns":6},{"damage":0,"enemies":"conspire:Head Lice","floor":25,"turns":7},{"damage":21,"enemies":"Sentry and Sphere","floor":29,"turns":6},{"damage":39,"enemies":"Snake Plant","floor":31,"turns":6},{"damage":27,"enemies":"Automaton","floor":33,"turns":4}],"seed_played":"7162076222657033132","potions_obtained":[{"floor":3,"key":"EntropicBrew"},{"floor":4,"key":"DistilledChaos"},{"floor":8,"key":"Dexterity Potion"},{"floor":12,"key":"Elixir"},{"floor":14,"key":"Strength Potion"},{"floor":18,"key":"StancePotion"},{"floor":23,"key":"AttackPotion"},{"floor":25,"key":"SteroidPotion"},{"floor":29,"key":"Adrenaline Potion"}],"is_trial":true,"path_per_floor":["M","M","M","M","$","R","?","E","T","?","M","M","$","E","R","B",null,"M","M","$","?","$","E","R","E","T","?","$","M","R","M","R","B"],"character_chosen":"WATCHER","items_purchased":["ReachHeaven","Pear","Orrery","FollowUp","Oddly Smooth Stone","Adaptation","LikeWater"],"campfire_rested":5,"item_purchase_floors":[5,13,13,20,20,22,28],"current_hp_per_floor":[72,72,72,42,42,63,63,62,62,51,42,39,49,37,61,61,82,68,37,37,40,40,7,47,47,47,47,47,26,66,27,67,40,40],"gold":39,"neow_bonus":"","is_daily":false,"chose_seed":false,"campfire_upgraded":0,"win_rate":0.0,"timestamp":1609365679,"path_taken":["M","M","M","M","$","R","?","E","T","?","M","M","$","E","R","BOSS","M","M","$","?","$","E","R","E","T","?","?","M","R","M","R","BOSS"],"items_purchased_type":["Card","Relic","Relic","Card","Relic","Card","Card"],"build_version":"2020-12-22","purchased_purges":0,"victory":false,"max_hp_per_floor":[72,72,72,72,72,72,72,72,72,72,72,72,82,82,82,82,82,82,82,82,85,85,85,85,85,85,85,85,85,85,85,85,85,85],"card_choices":[{"not_picked":["ReachHeaven","Protect"],"picked":"Consecrate","floor":1},{"not_picked":["JustLucky","Perseverance"],"picked":"LikeWater","floor":2},{"not_picked":["Protect","Wireheading"],"picked":"Evaluate","floor":3},{"not_picked":["BowlingBash","ForeignInfluence","JustLucky"],"picked":"SKIP","floor":4},{"not_picked":["Fasting2","DeceiveReality","Protect"],"picked":"SKIP","floor":8},{"not_picked":["Crescendo","EmptyBody"],"picked":"FearNoEvil","floor":11},{"not_picked":["Brilliance","Replay:Vibes"],"picked":"FlyingSleeves","floor":13},{"not_picked":["Replay:Cycle","Replay:BluntJabs"],"picked":"Vengeance","floor":13},{"not_picked":["EmptyMind","CrushJoints"],"picked":"ReachHeaven","floor":13},{"not_picked":["JustLucky","InnerPeace"],"picked":"Consecrate","floor":13},{"not_picked":["JustLucky","PathToVictory"],"picked":"InnerPeace","floor":13},{"not_picked":["SashWhip","Replay:Hum","Fasting2"],"picked":"SKIP","floor":14},{"not_picked":["Scrawl","Blasphemy"],"picked":"DeusExMachina","floor":16},{"not_picked":["Protect+1","Prostrate","JustLucky"],"picked":"SKIP","floor":18},{"not_picked":["Wallop","WreathOfFlame+1"],"picked":"FollowUp","floor":19},{"not_picked":["Evaluate","Tantrum+1"],"picked":"ClearTheMind","floor":23},{"not_picked":["SashWhip","ThirdEye+1"],"picked":"Consecrate","floor":25},{"not_picked":["PathToVictory","SashWhip"],"picked":"FollowUp+1","floor":29},{"not_picked":["ThirdEye","BowlingBash","PathToVictory"],"picked":"SKIP","floor":31}],"player_experience":342442,"relics_obtained":[{"floor":1,"key":"riskOfSpire:ForeignFruit"},{"floor":12,"key":"riskOfSpire:ShieldGenerator"},{"floor":14,"key":"Replay:Baseball"},{"floor":14,"key":"riskOfSpire:MilkyChrysalis"},{"floor":23,"key":"Regal Pillow"},{"floor":25,"key":"Pondfish Scales"},{"floor":26,"key":"vexMod:FocusSash"}],"event_choices":[{"damage_healed":0,"gold_gain":69,"player_choice":"Gained Gold","damage_taken":0,"max_hp_gain":0,"max_hp_loss":0,"event_name":"Golden Wing","floor":7,"gold_loss":0},{"damage_healed":0,"gold_gain":75,"player_choice":"Gather Gold","damage_taken":11,"max_hp_gain":0,"max_hp_loss":0,"event_name":"World of Goop","floor":10,"gold_loss":0}],"is_beta":false,"boss_relics":[{"not_picked":["halation:Yufonium","halation:HeavySnake"],"picked":"conspire:RoyalGoblet"}],"items_purged_floors":[],"is_endless":true,"potions_floor_spawned":[3,4,8,12,14,18,23,25,29],"killed_by":"Automaton","ascension_level":0}}