{"host":"wghdsg8ym2wc7ov9","time":1609366697,"event":{"mods":["AchievementEnabler","Astrologer","BaseMod","Beaked The Cultist","Better Altar","Better Note","Colored Map","Hermit","Highlight Path","Jorbs\u0027s Wanderer Trilogy","Minty Spire (QoL Compilation)","Random Character Button","Relic Stats","Shop Mod","StSLib","The Blackbeard","The Bladedancer","The Cursed","The Gatherer","The Hierophant","The Mystic","The Senshi","The Servant 0.9.4"],"gold_per_floor":[110,128,128,144,144,175,31,56,56,74,74,90,110,110,110,208,208,228,240,240,251,251,276,289,289,289,289,289,322,336,9,9,109,109,128,148,160,178,193,193,218,218,218,252,266,278,293,328,340,352,364,376,35,63,63],"floor_reached":56,"playtime":12590,"items_purged":[],"score":1418,"play_id":"d2106f72-db50-4feb-b6a9-cee6bf269f7e","local_time":"20201230141817","is_ascension_mode":false,"campfire_choices":[{"floor":11.0,"key":"REST"},{"floor":15.0,"key":"REST"},{"floor":25.0,"key":"REST"},{"data":"blademaster:Empower","floor":28.0,"key":"SMITH"},{"data":"blademaster:SharpBlades","floor":32.0,"key":"SMITH"},{"floor":40.0,"key":"RECALL"},{"data":"blademaster:EyeOfTheStorm","floor":42.0,"key":"SMITH"},{"data":"blademaster:ThreePointStrike","floor":49,"key":"SMITH"},{"data":"blademaster:AncestralHealing","floor":52,"key":"SMITH"}],"circlet_count":0,"master_deck":["blademaster:Strike+1","blademaster:Strike+1","blademaster:Strike+1","blademaster:Strike+1","blademaster:Defend+1","blademaster:Defend+1","blademaster:Defend+1","blademaster:Defend+1","blademaster:RagingBlow","blademaster:HighVoltage","blademaster:DaggerAndCloak+1","blademaster:Flurry","blademaster:ColdBlood","blademaster:Empower+1","blademaster:ChargingUp","blademaster:WindSlash","blademaster:AwakeningDefend","blademaster:LeechingStrike","blademaster:WindSlash","blademaster:ThreePointStrike+1","blademaster:IcyWind+1","blademaster:EyeOfTheStorm+1","blademaster:Quickstep+1","blademaster:DaggerAndCloak+1","blademaster:Stability+1","blademaster:TraverseCut","blademaster:BrainBloom","blademaster:Momentum","blademaster:SharpBlades+1","blademaster:CullingStrike","blademaster:ParryingStrike","blademaster:BladeDance","blademaster:Discharge","blademaster:AwakeningStrike+1","blademaster:Sharpen+1","blademaster:DragonStrike+1","blademaster:Cut+1","blademaster:Meditate+1","blademaster:AncestralHealing+1","blademaster:DancingEdge","blademaster:DragonStrike","blademaster:Bloodbath+1","blademaster:DeadlyDance+1","blademaster:Safeguard","blademaster:FuryOfTheElements"],"relics":["blademaster:DancersAmulet","Art of War","HandDrill","The Courier","Dream Catcher","Runic Dome","Regal Pillow","StrikeDummy","Bag of Preparation","Mercury Hourglass","Black Star","MealTicket","White Beast Statue","Vajra","Orichalcum","Dead Branch","MawBank","Bottled Flame","Pen Nib","Ornamental Fan","Toy Ornithopter","Sundial"],"acts_visited":["Exordium","TheCity","TheBeyond","TheEnding"],"potions_floor_usage":[54,54,55],"damage_taken":[{"damage":0.0,"enemies":"Cultist","floor":1.0,"turns":3.0},{"damage":0.0,"enemies":"Jaw Worm","floor":2.0,"turns":3.0},{"damage":0.0,"enemies":"2 Louse","floor":4.0,"turns":2.0},{"damage":38.0,"enemies":"3 Sentries","floor":6.0,"turns":14.0},{"damage":0.0,"enemies":"Lagavulin","floor":8.0,"turns":3.0},{"damage":0.0,"enemies":"Large Slime","floor":10.0,"turns":4.0},{"damage":0.0,"enemies":"3 Louse","floor":12.0,"turns":3.0},{"damage":8.0,"enemies":"Lots of Slimes","floor":13.0,"turns":4.0},{"damage":5.0,"enemies":"Hexaghost","floor":16.0,"turns":8.0},{"damage":0.0,"enemies":"2 Thieves","floor":18.0,"turns":3.0},{"damage":3.0,"enemies":"Chosen","floor":19.0,"turns":3.0},{"damage":5.0,"enemies":"3 Cultists","floor":21.0,"turns":5.0},{"damage":28.0,"enemies":"Slavers","floor":23.0,"turns":8.0},{"damage":4.0,"enemies":"Cultist and Chosen","floor":24.0,"turns":6.0},{"damage":19.0,"enemies":"Gremlin Leader","floor":29.0,"turns":4.0},{"damage":0.0,"enemies":"Shelled Parasite and Fungi","floor":30.0,"turns":2.0},{"damage":0.0,"enemies":"Collector","floor":33.0,"turns":5.0},{"damage":0.0,"enemies":"Orb Walker","floor":35.0,"turns":2.0},{"damage":9.0,"enemies":"3 Darklings","floor":36.0,"turns":4.0},{"damage":6.0,"enemies":"Jaw Worm Horde","floor":37.0,"turns":3.0},{"damage":13.0,"enemies":"Spire Growth","floor":38.0,"turns":4.0},{"damage":0.0,"enemies":"3 Darklings","floor":39.0,"turns":2.0},{"damage":0.0,"enemies":"Giant Head","floor":41.0,"turns":5.0},{"damage":0.0,"enemies":"Nemesis","floor":44.0,"turns":4.0},{"damage":0.0,"enemies":"Transient","floor":45.0,"turns":5.0},{"damage":8.0,"enemies":"Maw","floor":46.0,"turns":4.0},{"damage":4.0,"enemies":"3 Darklings","floor":47.0,"turns":3.0},{"damage":0,"enemies":"Giant Head","floor":48,"turns":4},{"damage":48,"enemies":"Donu and Deca","floor":50,"turns":8},{"damage":72,"enemies":"Shield and Spear","floor":54,"turns":5},{"damage":50,"enemies":"The Heart","floor":55,"turns":6}],"seed_played":"2403435458012147866","potions_obtained":[{"floor":4.0,"key":"Fire Potion"},{"floor":6.0,"key":"Fire Potion"},{"floor":12.0,"key":"SpeedPotion"},{"floor":21.0,"key":"SkillPotion"},{"floor":24.0,"key":"LiquidMemories"},{"floor":29.0,"key":"EssenceOfSteel"},{"floor":35.0,"key":"SkillPotion"},{"floor":38.0,"key":"Fire Potion"},{"floor":44.0,"key":"Energy Potion"},{"floor":45.0,"key":"Swift Potion"},{"floor":46.0,"key":"AttackPotion"},{"floor":47.0,"key":"SmokeBomb"},{"floor":48,"key":"SpeedPotion"},{"floor":54,"key":"SneckoOil"}],"is_trial":false,"path_per_floor":["M","M","?","M","?","E","$","E","T","M","R","M","M","T","R","B",null,"M","M","?","M","?","E","M","R","T","?","R","E","M","$","R","B",null,"M","M","M","M","M","R","E","R","T","E","M","M","M","E","R","B",null,"R","$","E","B",null],"character_chosen":"THE_BLADEMASTER","items_purchased":["HandDrill","blademaster:SharpBlades","blademaster:CullingStrike","Mercury Hourglass","blademaster:ParryingStrike","Pen Nib","blademaster:Safeguard","Ornamental Fan"],"campfire_rested":3,"item_purchase_floors":[7,31,31,31,31,53,53,53],"current_hp_per_floor":[82,82,66,66,66,28,28,28,28,28,52,52,44,44,68,69,82,82,82,82,80,80,55,54,82,82,82,82,66,69,69,69,69,82,82,73,70,57,60,60,63,63,63,72,72,64,82,82,82,82,82,82,82,30,49],"gold":63,"neow_bonus":"TEN_PERCENT_HP_BONUS","is_daily":false,"chose_seed":false,"campfire_upgraded":5,"win_rate":0.0,"timestamp":1609366697,"path_taken":["M","M","?","M","?","E","$","E","T","M","R","M","M","?","R","BOSS","M","M","?","M","?","E","M","R","T","?","R","E","M","$","R","BOSS","M","M","M","M","M","R","E","R","T","E","M","M","?","E","R","BOSS","R","$","E","BOSS"],"items_purchased_type":["Relic","Card","Card","Relic","Card","Relic","Card","Relic"],"build_version":"2020-12-22","purchased_purges":0,"victory":true,"max_hp_per_floor":[82,82,82,82,82,82,82,82,82,82,82,82,82,82,82,82,82,82,82,82,82,82,82,82,82,82,82,82,82,82,82,82,82,82,82,82,82,82,82,82,82,82,82,82,82,82,82,82,82,82,82,82,82,82,82],"relic_stats":{"Regal Pillow":4,"counters":[31,138],"Dead Branch":[56],"Pen Nib":[3],"Bag of Preparation":[32],"Orichalcum":[12],"MawBank":60,"Mercury Hourglass":[240],"Dream Catcher":2,"Ornamental Fan":[28],"Sundial":[0],"MealTicket":0,"Art of War":[14],"HandDrill":[36],"Black Star":4,"obtain_stats":[{"Regal Pillow":23,"Vajra":43,"Bag of Preparation":29,"Dream Catcher":14,"Sundial":54,"MealTicket":41,"HandDrill":7,"blademaster:FinisherDrawCardPerk":54,"blademaster:DextrousPerk":8,"blademaster:BonusComboPerk":29,"Dead Branch":44,"The Courier":8,"Pen Nib":53,"blademaster:RandomBladePerk":23,"Orichalcum":44,"MawBank":48,"White Beast Statue":41,"Mercury Hourglass":31,"Runic Dome":17,"Bottled Flame":48,"blademaster:FuryEveryTurnPerk":6,"Ornamental Fan":53,"blademaster:BleedingMoreDamagePerk":44,"Art of War":6,"Black Star":34,"blademaster:StanceHealPerk":48,"blademaster:DancersAmulet":0,"blademaster:WindChargePerk":41,"StrikeDummy":26,"Toy Ornithopter":54},{"Regal Pillow":13,"Vajra":23,"Bag of Preparation":15,"Dream Catcher":8,"Sundial":30,"MealTicket":23,"HandDrill":4,"blademaster:FinisherDrawCardPerk":30,"blademaster:DextrousPerk":5,"blademaster:BonusComboPerk":15,"Dead Branch":24,"The Courier":5,"Pen Nib":29,"blademaster:RandomBladePerk":13,"Orichalcum":24,"MawBank":28,"White Beast Statue":23,"Mercury Hourglass":16,"Runic Dome":9,"Bottled Flame":28,"blademaster:FuryEveryTurnPerk":4,"Ornamental Fan":29,"blademaster:BleedingMoreDamagePerk":24,"Art of War":4,"Black Star":17,"blademaster:StanceHealPerk":28,"blademaster:DancersAmulet":0,"blademaster:WindChargePerk":23,"StrikeDummy":14,"Toy Ornithopter":30},{"Regal Pillow":63,"Vajra":100,"Bag of Preparation":73,"Dream Catcher":36,"Sundial":132,"MealTicket":100,"HandDrill":22,"blademaster:FinisherDrawCardPerk":132,"blademaster:DextrousPerk":25,"blademaster:BonusComboPerk":73,"Dead Branch":104,"The Courier":25,"Pen Nib":127,"blademaster:RandomBladePerk":63,"Orichalcum":104,"MawBank":119,"White Beast Statue":100,"Mercury Hourglass":75,"Runic Dome":44,"Bottled Flame":119,"blademaster:FuryEveryTurnPerk":22,"Ornamental Fan":127,"blademaster:BleedingMoreDamagePerk":104,"Art of War":22,"Black Star":80,"blademaster:StanceHealPerk":119,"blademaster:DancersAmulet":0,"blademaster:WindChargePerk":100,"StrikeDummy":69,"Toy Ornithopter":132}],"Toy Ornithopter":5},"card_choices":[{"not_picked":["blademaster:BrainBloom","blademaster:SlyStabs"],"picked":"blademaster:DaggerAndCloak","floor":1.0},{"not_picked":["blademaster:Stability","blademaster:CombatPrep"],"picked":"blademaster:Flurry","floor":2.0},{"not_picked":["blademaster:LightningCrash","blademaster:OneTrickPony"],"picked":"blademaster:ColdBlood","floor":4.0},{"not_picked":["blademaster:Stability","blademaster:Slice"],"picked":"blademaster:Empower","floor":6.0},{"not_picked":["blademaster:ColdBlood","blademaster:Flurry"],"picked":"blademaster:ChargingUp","floor":8.0},{"not_picked":["blademaster:ParryingStrike","blademaster:Hailwind"],"picked":"blademaster:WindSlash","floor":10.0},{"not_picked":["blademaster:ChargingUp","blademaster:DaggerAndCloak"],"picked":"blademaster:AwakeningDefend","floor":12.0},{"not_picked":["blademaster:ThunderSlash","blademaster:AirSlash"],"picked":"blademaster:LeechingStrike","floor":13.0},{"not_picked":["blademaster:DaggerAndCloak","blademaster:AwakeningStrike"],"picked":"blademaster:WindSlash","floor":15.0},{"not_picked":["blademaster:Empower","blademaster:CloudOfSteel"],"picked":"blademaster:ThreePointStrike","floor":16.0},{"not_picked":["blademaster:Hailwind+1","blademaster:AspectOfLightning"],"picked":"blademaster:IcyWind+1","floor":18.0},{"not_picked":["blademaster:AirSlash","blademaster:ChargingUp"],"picked":"blademaster:EyeOfTheStorm","floor":19.0},{"not_picked":["blademaster:AwakeningDefend","blademaster:LeechingStrike"],"picked":"blademaster:Quickstep+1","floor":21.0},{"not_picked":["blademaster:Sharpen","blademaster:EyeOfTheStorm"],"picked":"blademaster:DaggerAndCloak+1","floor":23.0},{"not_picked":["blademaster:Safeguard+1","blademaster:AspectOfLightning"],"picked":"blademaster:Stability+1","floor":24.0},{"not_picked":["blademaster:ColdBlood","blademaster:DaggerAndCloak"],"picked":"blademaster:TraverseCut","floor":25.0},{"not_picked":["blademaster:LightningCrash","blademaster:Sunder"],"picked":"blademaster:BrainBloom","floor":29.0},{"not_picked":["blademaster:Safeguard+1","blademaster:Sharpen"],"picked":"blademaster:Momentum","floor":30.0},{"not_picked":["blademaster:StanceMastery","blademaster:Blindside"],"picked":"blademaster:BladeDance","floor":33.0},{"not_picked":["blademaster:Vortex","blademaster:Quickness+1"],"picked":"blademaster:Discharge","floor":35.0},{"not_picked":["blademaster:AwakeningDefend","blademaster:Safeguard+1"],"picked":"blademaster:AwakeningStrike+1","floor":36.0},{"not_picked":["blademaster:Gust+1","blademaster:AwakeningDefend+1"],"picked":"blademaster:Sharpen+1","floor":37.0},{"not_picked":["blademaster:ParryingStrike+1","blademaster:LeechingStrike"],"picked":"blademaster:DragonStrike+1","floor":38.0},{"not_picked":["blademaster:AspectOfWind","blademaster:KiBarrier"],"picked":"blademaster:Cut+1","floor":39.0},{"not_picked":["blademaster:WindSlash","blademaster:AirSlash+1"],"picked":"blademaster:Meditate+1","floor":41.0},{"not_picked":["blademaster:Flurry+1","blademaster:LeechingStrike"],"picked":"blademaster:AncestralHealing","floor":44.0},{"not_picked":["blademaster:Frontflip","blademaster:AwakeningStrike"],"picked":"blademaster:DancingEdge","floor":45.0},{"not_picked":["blademaster:IcyWind","blademaster:Cut+1"],"picked":"blademaster:DragonStrike","floor":46.0},{"not_picked":["blademaster:Hailwind","blademaster:DragonStrike+1"],"picked":"blademaster:Bloodbath+1","floor":47.0},{"not_picked":["blademaster:OneTrickPony","blademaster:Vortex+1"],"picked":"blademaster:DeadlyDance+1","floor":48},{"not_picked":["blademaster:DancingEdge+1","blademaster:AwakeningDefend+1"],"picked":"blademaster:FuryOfTheElements","floor":54}],"player_experience":525106,"relics_obtained":[{"floor":6.0,"key":"Art of War"},{"floor":6.0,"key":"blademaster:FuryEveryTurnPerk"},{"floor":8.0,"key":"The Courier"},{"floor":8.0,"key":"blademaster:DextrousPerk"},{"floor":14.0,"key":"Dream Catcher"},{"floor":23.0,"key":"Regal Pillow"},{"floor":23.0,"key":"blademaster:RandomBladePerk"},{"floor":26.0,"key":"StrikeDummy"},{"floor":29.0,"key":"Bag of Preparation"},{"floor":29.0,"key":"blademaster:BonusComboPerk"},{"floor":41.0,"key":"MealTicket"},{"floor":41.0,"key":"White Beast Statue"},{"floor":41.0,"key":"blademaster:WindChargePerk"},{"floor":43.0,"key":"Vajra"},{"floor":44.0,"key":"Orichalcum"},{"floor":44.0,"key":"blademaster:BleedingMoreDamagePerk"},{"floor":44.0,"key":"Dead Branch"},{"floor":48,"key":"MawBank"},{"floor":48,"key":"blademaster:StanceHealPerk"},{"floor":48,"key":"Bottled Flame"},{"floor":54,"key":"Toy Ornithopter"},{"floor":54,"key":"blademaster:FinisherDrawCardPerk"},{"floor":54,"key":"Sundial"}],"event_choices":[{"damage_healed":0.0,"max_hp_gain":0.0,"max_hp_loss":0.0,"gold_gain":0.0,"event_name":"Shining Light","player_choice":"Entered Light","floor":3.0,"gold_loss":0.0,"damage_taken":16.0,"cards_upgraded":["blademaster:Strike","blademaster:DaggerAndCloak"]},{"damage_healed":0.0,"max_hp_gain":0.0,"max_hp_loss":0.0,"gold_gain":0.0,"event_name":"Golden Wing","player_choice":"Ignored","floor":5.0,"gold_loss":0.0,"damage_taken":0.0},{"cards_removed":["blademaster:LeechingStrike"],"damage_healed":0.0,"max_hp_gain":0.0,"max_hp_loss":0.0,"gold_gain":0.0,"event_name":"betterNote:BetterNote","player_choice":"Take \u0026 Give","floor":20.0,"gold_loss":0.0,"damage_taken":0.0,"cards_obtained":["theSenshi:MoonCrisisMakeUp"]},{"damage_healed":0.0,"max_hp_gain":0.0,"max_hp_loss":0.0,"gold_gain":0.0,"event_name":"Back to Basics","player_choice":"Simplicity","floor":22.0,"gold_loss":0.0,"damage_taken":0.0,"cards_upgraded":["blademaster:Strike","blademaster:Strike","blademaster:Strike","blademaster:Defend","blademaster:Defend","blademaster:Defend","blademaster:Defend"]},{"cards_removed":["theSenshi:MoonCrisisMakeUp"],"damage_healed":0.0,"max_hp_gain":0.0,"max_hp_loss":0.0,"gold_gain":0.0,"event_name":"Bonfire Elementals","player_choice":"Offered Uncommon","floor":27.0,"gold_loss":0.0,"damage_taken":0.0}],"is_beta":false,"boss_relics":[{"not_picked":["Pandora\u0027s Box","Fusion Hammer"],"picked":"Runic Dome"},{"not_picked":["Astrolabe","Calling Bell"],"picked":"Black Star"}],"items_purged_floors":[],"is_endless":false,"potions_floor_spawned":[4,6,12,21,24,29,35,38,44,45,46,47,48,54],"ascension_level":0}}