{"host":"ohysexhjt9sgbosk","time":1609304892,"event":{"mods":["BaseMod","Colored Map","Colored Powertips","Curses Come First","Evolution","Minty Spire (QoL Compilation)","Rare Cards Sparkle","StSLib"],"gold_per_floor":[113,124,141,141,156,190,213,231,231,266,283,294,149,175,175,276,276,295,306,341,341,341,374,374,190,190,209,225,255,110,210,210,311,311,325,325,96,113,126,151,51,51,51],"floor_reached":42,"playtime":5105,"items_purged":["Decay","Writhe"],"score":537,"play_id":"1531110c-f3e1-45c3-a5fb-1cac12ef672b","local_time":"20201229220812","is_ascension_mode":true,"campfire_choices":[{"floor":15.0,"key":"REST"},{"data":"Rage","floor":24,"key":"SMITH"},{"data":"Armaments","floor":32,"key":"SMITH"}],"circlet_count":0,"master_deck":["Twin Strike","Twin Strike","Twin Strike","Strike_R","Strike_R","Defend_R","Defend_R+1","Defend_R+1","Defend_R","Bash+1","Intimidate","Rampage","Dark Embrace","Ghostly Armor","Rage+1","Dual Wield","Iron Wave","Shrug It Off","Anger","Anger","Feel No Pain","Feed","Heavy Blade+1","Heavy Blade+1","Armaments+1","RitualDagger","Inflame+1","Metallicize+1","Infernal Blade+1","Limit Break","Dual Wield+1","Pommel Strike","Berserk+1","Shrug It Off","Rage","Anger+1","Rage"],"relics":["Burning Blood","EVO:Axolotl","War Paint","Pantograph","Odd Mushroom","Self Forming Clay","Bottled Lightning","Lantern","Meat on the Bone","Coffee Dripper","Red Mask","Bag of Preparation","Frozen Egg 2","Red Skull","Mummified Hand","Whetstone","OrangePellets","Gambling Chip","Eternal Feather","Black Star","Sling","Vajra","CaptainsWheel"],"acts_visited":["Exordium","TheCity","TheBeyond"],"potions_floor_usage":[20,23,23,33,40,40,40],"damage_taken":[{"damage":0.0,"enemies":"Cultist","floor":1.0,"turns":2.0},{"damage":5.0,"enemies":"Jaw Worm","floor":2.0,"turns":3.0},{"damage":6.0,"enemies":"Small Slimes","floor":3.0,"turns":2.0},{"damage":0.0,"enemies":"3 Louse","floor":5.0,"turns":3.0},{"damage":29.0,"enemies":"Gremlin Nob","floor":6.0,"turns":5.0},{"damage":17.0,"enemies":"The Mushroom Lair","floor":7.0,"turns":5.0},{"damage":1.0,"enemies":"2 Fungi Beasts","floor":8.0,"turns":3.0},{"damage":18.0,"enemies":"3 Sentries","floor":10.0,"turns":9.0},{"damage":7.0,"enemies":"Exordium Wildlife","floor":11.0,"turns":4.0},{"damage":0.0,"enemies":"Large Slime","floor":12.0,"turns":7.0},{"damage":29.0,"enemies":"Gremlin Nob","floor":14.0,"turns":5.0},{"damage":41.0,"enemies":"The Guardian","floor":16.0,"turns":11.0},{"damage":0,"enemies":"Chosen","floor":18,"turns":3},{"damage":7,"enemies":"Shell Parasite","floor":19,"turns":6},{"damage":17,"enemies":"Masked Bandits","floor":20,"turns":7},{"damage":89,"enemies":"Gremlin Leader","floor":23,"turns":13},{"damage":0,"enemies":"Snake Plant","floor":27,"turns":2},{"damage":12,"enemies":"3 Cultists","floor":28,"turns":5},{"damage":9,"enemies":"Slavers","floor":29,"turns":6},{"damage":0,"enemies":"Colosseum Slavers","floor":31,"turns":5},{"damage":0,"enemies":"Colosseum Nobs","floor":31,"turns":4},{"damage":49,"enemies":"Automaton","floor":33,"turns":9},{"damage":34,"enemies":"3 Shapes","floor":35,"turns":5},{"damage":0,"enemies":"Orb Walker","floor":38,"turns":2},{"damage":1,"enemies":"Transient","floor":39,"turns":5},{"damage":22,"enemies":"Reptomancer","floor":40,"turns":5},{"damage":61,"enemies":"Giant Head","floor":42,"turns":7}],"seed_played":"7008009323753872897","potions_obtained":[{"floor":1.0,"key":"SteroidPotion"},{"floor":2.0,"key":"EssenceOfSteel"},{"floor":3.0,"key":"FairyPotion"},{"floor":11.0,"key":"Block Potion"},{"floor":14.0,"key":"BloodPotion"},{"floor":20,"key":"ColorlessPotion"},{"floor":23,"key":"Weak Potion"},{"floor":31,"key":"EssenceOfSteel"},{"floor":38,"key":"SteroidPotion"},{"floor":39,"key":"FearPotion"}],"is_trial":false,"path_per_floor":["M","M","M","$","M","E","?","M","T","E","M","M","$","E","R","B",null,"M","M","?","?","?","E","R","$","T","M","M","E","$","?","R","B",null,"M","?","$","M","M","E","$","E"],"character_chosen":"IRONCLAD","items_purchased":["Lantern","Red Skull","Metallicize+1","OrangePellets","Sling"],"campfire_rested":1,"item_purchase_floors":[13,25,25,30,37],"current_hp_per_floor":[80,80,80,80,80,57,46,51,51,39,38,44,44,21,45,47,80,83,82,74,68,68,43,43,43,43,61,55,52,52,67,85,58,89,61,61,61,67,72,56,56,0,0],"gold":51,"neow_bonus":"RANDOM_COMMON_RELIC","is_daily":false,"chose_seed":false,"campfire_upgraded":2,"win_rate":0.0,"timestamp":1609304892,"path_taken":["M","?","?","?","M","E","?","M","T","E","M","M","$","E","R","BOSS","M","M","?","?","?","E","R","$","T","?","M","E","$","?","R","BOSS","M","?","$","M","M","E","?","E"],"items_purchased_type":["Relic","Relic","Card","Relic","Relic"],"build_version":"2020-12-22","purchased_purges":2,"victory":false,"max_hp_per_floor":[80,80,80,80,80,80,80,80,80,80,80,80,80,80,80,80,80,83,83,86,86,86,86,86,86,86,86,86,86,86,89,89,89,89,89,89,89,89,89,89,89,89,89],"card_choices":[{"not_picked":["Pummel","Twin Strike"],"picked":"Intimidate","floor":1.0},{"not_picked":["Feel No Pain","Pommel Strike"],"picked":"Rampage","floor":2.0},{"not_picked":["Battle Trance","Perfected Strike"],"picked":"Dark Embrace","floor":3.0},{"not_picked":["Perfected Strike","Twin Strike"],"picked":"Ghostly Armor","floor":5.0},{"not_picked":["Burning Pact","Flex"],"picked":"Rage","floor":6.0},{"not_picked":["Heavy Blade","Reckless Charge"],"picked":"Dual Wield","floor":7.0},{"not_picked":["Bloodletting","Headbutt"],"picked":"Iron Wave","floor":8.0},{"not_picked":["Sword Boomerang","Fiend Fire"],"picked":"Shrug It Off","floor":10.0},{"not_picked":["Heavy Blade","Wild Strike"],"picked":"Anger","floor":11.0},{"not_picked":["Second Wind","Twin Strike"],"picked":"Anger","floor":12.0},{"not_picked":["Disarm","Perfected Strike"],"picked":"Feel No Pain","floor":14.0},{"not_picked":["Barricade","Bludgeon"],"picked":"Feed","floor":16.0},{"not_picked":["Power Through","Clothesline"],"picked":"Heavy Blade+1","floor":18},{"not_picked":["Disarm","Perfected Strike+1"],"picked":"Heavy Blade","floor":19},{"not_picked":["Anger","Iron Wave"],"picked":"Armaments","floor":20},{"not_picked":["Hemokinesis","Twin Strike"],"picked":"Inflame+1","floor":23},{"not_picked":["Iron Wave","Blood for Blood"],"picked":"Infernal Blade+1","floor":27},{"not_picked":["Power Through","Wild Strike"],"picked":"Limit Break","floor":28},{"not_picked":["Offering","Rampage"],"picked":"Dual Wield+1","floor":29},{"not_picked":["Headbutt","Rampage"],"picked":"Pommel Strike","floor":31},{"not_picked":["Limit Break","Offering"],"picked":"Berserk+1","floor":33},{"not_picked":["Battle Trance+1","Searing Blow"],"picked":"Shrug It Off","floor":35},{"not_picked":["Flex+1","Dropkick"],"picked":"Rage","floor":38},{"not_picked":["Armaments","Shrug It Off+1"],"picked":"Anger+1","floor":39},{"not_picked":["Anger","Heavy Blade+1"],"picked":"Rage","floor":40}],"player_experience":28513,"relics_obtained":[{"floor":6.0,"key":"Pantograph"},{"floor":7.0,"key":"Odd Mushroom"},{"floor":9.0,"key":"Self Forming Clay"},{"floor":10.0,"key":"Bottled Lightning"},{"floor":14.0,"key":"Meat on the Bone"},{"floor":20,"key":"Red Mask"},{"floor":23,"key":"Frozen Egg 2"},{"floor":26,"key":"Mummified Hand"},{"floor":29,"key":"Whetstone"},{"floor":31,"key":"Gambling Chip"},{"floor":31,"key":"Eternal Feather"},{"floor":40,"key":"Vajra"},{"floor":40,"key":"CaptainsWheel"}],"event_choices":[{"damage_healed":0.0,"max_hp_gain":0.0,"max_hp_loss":0.0,"gold_gain":0.0,"event_name":"Mushrooms","player_choice":"Fought Mushrooms","floor":7.0,"gold_loss":0.0,"damage_taken":0.0},{"damage_healed":0,"gold_gain":0,"player_choice":"Fought Bandits","damage_taken":0,"max_hp_gain":0,"max_hp_loss":0,"event_name":"Masked Bandits","floor":20,"gold_loss":0},{"damage_healed":0,"gold_gain":0,"player_choice":"Joined the Cult","damage_taken":6,"max_hp_gain":0,"max_hp_loss":0,"event_name":"Nest","floor":21,"gold_loss":0,"cards_obtained":["RitualDagger"]},{"damage_healed":0,"gold_gain":0,"player_choice":"Opened","damage_taken":0,"relics_obtained":["Bag of Preparation"],"max_hp_gain":0,"max_hp_loss":0,"event_name":"The Mausoleum","floor":22,"gold_loss":0,"cards_obtained":["Writhe"]},{"damage_healed":0,"gold_gain":0,"player_choice":"Fight","damage_taken":0,"max_hp_gain":0,"max_hp_loss":0,"event_name":"Colosseum","floor":31,"gold_loss":0},{"damage_healed":0,"gold_gain":0,"player_choice":"Fought Nobs","damage_taken":0,"max_hp_gain":0,"max_hp_loss":0,"event_name":"Colosseum","floor":31,"gold_loss":0},{"damage_healed":0,"gold_gain":0,"player_choice":"Cursed","damage_taken":0,"max_hp_gain":0,"max_hp_loss":0,"event_name":"Wheel of Change","floor":36,"gold_loss":0,"cards_obtained":["Decay"]}],"is_beta":false,"boss_relics":[{"not_picked":["Tiny House","Fusion Hammer"],"picked":"Coffee Dripper"},{"not_picked":["Calling Bell","SlaversCollar"],"picked":"Black Star"}],"items_purged_floors":[37,41],"is_endless":false,"potions_floor_spawned":[1,2,3,11,14,19,20,23,31,38,39],"killed_by":"Giant Head","ascension_level":1}}