{"host":"jt62yzdgnrkmwwqv","time":1609342066,"event":{"mods":["AchievementEnabler","Arknights The Spire","BaseMod","CapriCore","Colored Map","Colored Powertips","GungeonMod","Lobotomy","LobotomyExtend","Minty Spire (QoL Compilation)","StSLib","SuperFastMode"],"gold_per_floor":[109,122,122,122,141,141,168,168,468,468,468,479,497,510,510,605,605,619,639,658,379,294,294,294,294,320,340,340,375,387,415,415,415,415],"floor_reached":33,"playtime":959,"items_purged":["ats:Strike G"],"score":287,"play_id":"4e77cd93-3071-45fd-b6e0-d5207a6b7ce4","local_time":"20201231002746","is_ascension_mode":false,"campfire_choices":[{"data":"ats:Burning Ground","floor":6,"key":"SMITH"},{"data":"ats:Ignite","floor":8,"key":"SMITH"},{"data":"ats:Healing Drone","floor":11,"key":"SMITH"},{"floor":15,"key":"REST"},{"data":"ats:Guardian Obelisk","floor":23,"key":"SMITH"},{"data":"ats:Guardian Obelisk","floor":25,"key":"SMITH"},{"data":"ats:Very Hot Blade","floor":32,"key":"SMITH"}],"circlet_count":0,"master_deck":["ats:Armor Crushing Shot","ats:Defend","ats:Defend","ats:Defend","ats:Defend","ats:Emotion Absorption","ats:Sunburst","ats:Ignite+1","ats:Burning Ground+1","ats:Healing Drone+1","ats:Guardian Obelisk+1","ats:Ignite","ats:Volcano","ats:Charging Defense","ats:Guardian Obelisk+1","ats:Apocalypse","ats:Very Hot Blade+1"],"relics":["ats:Sanity","LetterFromLob","ats:Originium","ats:Industrial Water Cannon","Old Coin","ats:Tactical Delivery","Membership Card","Bag of Marbles","Letter Opener","Pocketwatch"],"acts_visited":["Exordium","TheCity"],"potions_floor_usage":[7,16,31,33],"damage_taken":[{"damage":0,"enemies":"2 Louse","floor":1,"turns":3},{"damage":0,"enemies":"Jaw Worm","floor":2,"turns":3},{"damage":4,"enemies":"Small Slimes","floor":5,"turns":3},{"damage":26,"enemies":"3 Sentries","floor":7,"turns":6},{"damage":4,"enemies":"Looter","floor":12,"turns":3},{"damage":13,"enemies":"Large Slime","floor":13,"turns":6},{"damage":8,"enemies":"Blue Slaver","floor":14,"turns":3},{"damage":45,"enemies":"Slime Boss","floor":16,"turns":7},{"damage":29,"enemies":"2 Thieves","floor":18,"turns":3},{"damage":2,"enemies":"3 Byrds","floor":19,"turns":3},{"damage":24,"enemies":"Sentry and Sphere","floor":20,"turns":5},{"damage":14,"enemies":"Centurion and Healer","floor":27,"turns":16},{"damage":27,"enemies":"Book of Stabbing","floor":29,"turns":5},{"damage":0,"enemies":"3 Cultists","floor":30,"turns":3},{"damage":35,"enemies":"Gremlin Leader","floor":31,"turns":5},{"damage":67,"enemies":"Champ","floor":33,"turns":8}],"seed_played":"-8029020200591780121","potions_obtained":[{"floor":1,"key":"ColorlessPotion"},{"floor":12,"key":"ats:Top Emergency Sanity Potion"},{"floor":13,"key":"GamblersBrew"},{"floor":14,"key":"Block Potion"},{"floor":16,"key":"GamblersBrew"}],"is_trial":false,"path_per_floor":["M","M","?","?","M","R","E","R","T","M","R","M","M","M","R","B",null,"M","M","M","$","?","R","?","R","T","M","?","E","M","E","R","B"],"character_chosen":"DOCTOR_CLASS","items_purchased":["ats:Guardian Obelisk","Membership Card","ats:Apocalypse"],"campfire_rested":1,"item_purchase_floors":[21,21,21],"current_hp_per_floor":[72,72,65,70,66,66,40,40,40,40,40,36,39,39,62,25,77,52,50,34,34,34,34,34,34,34,77,77,60,72,54,54,0,0],"gold":415,"neow_bonus":"TRANSFORM_CARD","is_daily":false,"chose_seed":false,"campfire_upgraded":6,"win_rate":0.0,"timestamp":1609342066,"path_taken":["M","M","?","?","M","R","E","R","T","M","R","M","M","M","R","BOSS","M","M","M","$","?","R","?","R","T","M","?","E","M","E","R","BOSS"],"items_purchased_type":["Card","Relic","Card"],"build_version":"2020-12-22","purchased_purges":1,"victory":false,"max_hp_per_floor":[72,72,72,77,77,77,77,77,77,77,77,77,77,77,77,77,77,77,77,77,77,77,77,77,77,77,77,77,77,77,77,77,77,77],"card_choices":[{"not_picked":["ats:Poison Spread","ats:Flame Of Heaven"],"picked":"ats:Ignite","floor":1},{"not_picked":["ats:Part Time Job","ats:Shell Defense","ats:Consecutive Shot Auto"],"picked":"SKIP","floor":2},{"not_picked":["ats:Flame Of Heaven","ats:Ambush"],"picked":"ats:Burning Ground","floor":5},{"not_picked":["ats:Childhood Dance","ats:Curse Doll"],"picked":"ats:Healing Drone","floor":7},{"not_picked":["ats:Assault Order","ats:Healing Strengthening","ats:Explosion Area Strengthen"],"picked":"SKIP","floor":12},{"not_picked":["ats:Part Time Job","ats:Apocalypse"],"picked":"ats:Guardian Obelisk","floor":13},{"not_picked":["ats:Blood Oath","ats:Part Time Job"],"picked":"ats:Ignite","floor":14},{"not_picked":["ats:Nebulous Foxfire","ats:Echo Reverb"],"picked":"ats:Volcano","floor":16},{"not_picked":["ats:Explosion Area Strengthen","ats:Powerful Strike"],"picked":"ats:Charging Defense","floor":18},{"not_picked":["ats:Automatic Cover","ats:Consecutive Shot Auto","ats:Assault Order+1"],"picked":"SKIP","floor":19},{"not_picked":["ats:Childhood Dance","ats:Soul Absorption","ats:Cat Scratch+1"],"picked":"SKIP","floor":20},{"not_picked":["ats:Powerful Strike","ats:Consecutive Shot Auto","ats:Curse Doll"],"picked":"SKIP","floor":27},{"not_picked":["ats:Fractured Body","ats:Flexible Camouflage","ats:Shell Defense+1"],"picked":"SKIP","floor":29},{"not_picked":["ats:Sunburst","ats:Ignite"],"picked":"ats:Very Hot Blade","floor":30},{"not_picked":["ats:Hammer On","ats:Rat Pack","ats:Consecutive Shot Auto"],"picked":"SKIP","floor":31}],"player_experience":169584,"relics_obtained":[{"floor":1,"key":"LetterFromLob"},{"floor":7,"key":"ats:Originium"},{"floor":7,"key":"ats:Industrial Water Cannon"},{"floor":9,"key":"Old Coin"},{"floor":29,"key":"Letter Opener"},{"floor":31,"key":"Pocketwatch"}],"event_choices":[{"cards_removed":["ats:Strike V"],"damage_healed":0,"gold_gain":0,"player_choice":"Card Removal","damage_taken":7,"max_hp_gain":0,"max_hp_loss":0,"event_name":"Golden Wing","floor":3,"gold_loss":0},{"damage_healed":0,"gold_gain":0,"player_choice":"Donut","damage_taken":0,"max_hp_gain":5,"max_hp_loss":0,"event_name":"Big Fish","floor":4,"gold_loss":0},{"damage_healed":0,"gold_gain":0,"player_choice":"Obtained Relic","damage_taken":0,"relics_obtained":["Bag of Marbles"],"max_hp_gain":0,"max_hp_loss":0,"event_name":"Addict","floor":22,"gold_loss":85},{"cards_removed":["ats:Strike S"],"damage_healed":0,"gold_gain":0,"player_choice":"Elegance","damage_taken":0,"max_hp_gain":0,"max_hp_loss":0,"event_name":"Back to Basics","floor":24,"gold_loss":0},{"damage_healed":0,"gold_gain":0,"player_choice":"Ignored","damage_taken":0,"max_hp_gain":0,"max_hp_loss":0,"event_name":"Cursed Tome","floor":28,"gold_loss":0}],"is_beta":false,"boss_relics":[{"not_picked":["Tiny House","Cursed Key"],"picked":"ats:Tactical Delivery"}],"items_purged_floors":[21],"is_endless":false,"potions_floor_spawned":[1,12,13,14,16,20,27],"killed_by":"Champ","ascension_level":0}}