{"host":"51qmnr9isyv85d0p","time":1609325413,"event":{"mods":["AchievementEnabler","BaseMod","Colored Map","Colored Powertips","Curses Come First","Downfall","Minty Spire (QoL Compilation)","Relic Stats","StSLib","TestMod","vexMod"],"gold_per_floor":[99,117,136,19500,18484,18484,18508,18508,18508,18533,18533,18560,17393,17393,17402,17501,17501,17501,17014,17025,16276,15108,15207,15207,15237,15251,15251,15266,15266,15266,15277,15289,15392,15441,15441,15453,14370,13366,13382,13396,13396,12616,12616,12626,12641,12651,12651,12675,12675,12675],"floor_reached":51,"playtime":3014,"items_purged":["Slimebound:Defend_Slimebound","Regret","Slimebound:Defend_Slimebound","Slimebound:Defend_Slimebound","Slimebound:Strike_Slimebound","Decay","Slimebound:Teamwork","testmod-LifeRuler"],"score":1114,"play_id":"47341692-6af0-4410-bb9b-b2ec6163dea7","local_time":"20201230185013","is_ascension_mode":true,"campfire_choices":[{"data":"Slimebound:Split","floor":1,"key":"SMITH"},{"data":"Slimebound:Replication","floor":9,"key":"SMITH"},{"data":"Slimebound:OneTwoCombo","floor":11,"key":"SMITH"},{"data":"Slimebound:Overexert","floor":18,"key":"SMITH"},{"data":"Slimebound:ProtectTheBoss","floor":27,"key":"SMITH"},{"data":"Slimebound:RejuvenatingLick","floor":29,"key":"SMITH"},{"data":"Slimebound:OneTwoCombo","floor":35,"key":"SMITH"},{"data":"Slimebound:Split","floor":47,"key":"SMITH"},{"data":"Slimebound:LeadByExample","floor":49,"key":"SMITH"}],"circlet_count":0,"master_deck":["Slimebound:Strike_Slimebound","Slimebound:Tackle","Slimebound:Defend_Slimebound","Slimebound:Split+1","Slimebound:CorrosiveSpit+1","Slimebound:Prepare","Slimebound:Replication+1","Slimebound:LeechEnergy","Swift Strike","Slimebound:SplitMire","Slimebound:OneTwoCombo+1","Slimebound:SplitSpecialist","Slimebound:LeechLife","Slimebound:OozeBath","Slimebound:SlimeTap+1","Slimebound:Overexert+1","Slimebound:SplitLeeching+1","Slimebound:RejuvenatingLick+1","Slimebound:SlimeBrawl+1","testmod-SubstituteBySubterfuge","Slimebound:SlimeBarrage+1","Thinking Ahead","Slimebound:AcidTongue","Slimebound:SplitBruiser","Slimebound:Split+1","Slimebound:ProtectTheBoss+1","Slimebound:MegaLick+1","Slimebound:OneTwoCombo+1","Slimebound:Nibble","Slimebound:LeadByExample+1","Finesse","Slimebound:Nibble","Slimebound:SplitMire+1"],"relics":["Slimebound:AbsorbEndCombat","testmod-TestBox","testmod-IntensifyImprint","Strawberry","Nunchaku","Chemical X","testmod-Charity","Bag of Preparation","Torii","testmod-TurbochargingSystem","Pen Nib","testmod-Alchemist","Dream Catcher","ClockworkSouvenir","vexMod:EndlessSickness","Oddly Smooth Stone","Toy Ornithopter","vexMod:Spyglass","vexMod:InvisibilityCloak","Ancient Tea Set","testmod-Hope","White Beast Statue","vexMod:PaidLearning","downfall:GremlinSack","Ornamental Fan","vexMod:MemoryStick","Bottled Tornado","Tiny House","Gremlin Horn","Incense Burner","TheAbacus","Darkstone Periapt","vexMod:Dragonfruit","Sling","testmod-InjuryResistance","Letter Opener","testmod-OneHitWonder","HandDrill","Question Card"],"acts_visited":["Exordium","TheCity","TheBeyond"],"potions_floor_usage":[4,4,5,10,12,13,16,16,16,32,34,50,50,50],"damage_taken":[{"damage":13,"enemies":"Jaw Worm","floor":2,"turns":3},{"damage":11,"enemies":"2 Louse","floor":3,"turns":3},{"damage":18,"enemies":"3 Sentries","floor":4,"turns":5},{"damage":24,"enemies":"downfall:FleeingMerchant","floor":5,"turns":4},{"damage":35,"enemies":"Gremlin Nob","floor":10,"turns":3},{"damage":22,"enemies":"3 Sentries","floor":12,"turns":3},{"damage":23,"enemies":"downfall:FleeingMerchant","floor":13,"turns":4},{"damage":4,"enemies":"Small Slimes","floor":15,"turns":1},{"damage":16,"enemies":"downfall:Silent","floor":16,"turns":3},{"damage":12,"enemies":"downfall:FleeingMerchant","floor":19,"turns":2},{"damage":8,"enemies":"Spheric Guardian","floor":20,"turns":2},{"damage":8,"enemies":"Spheric Guardian","floor":23,"turns":2},{"damage":12,"enemies":"Gremlin Leader","floor":25,"turns":2},{"damage":16,"enemies":"Chosen","floor":26,"turns":1},{"damage":4,"enemies":"Shelled Parasite and Fungi","floor":28,"turns":2},{"damage":12,"enemies":"Centurion and Healer","floor":31,"turns":2},{"damage":12,"enemies":"Snake Plant","floor":32,"turns":2},{"damage":28,"enemies":"downfall:Ironclad","floor":33,"turns":3},{"damage":0,"enemies":"Orb Walker","floor":36,"turns":1},{"damage":12,"enemies":"3 Shapes","floor":39,"turns":1},{"damage":12,"enemies":"Spire Growth","floor":40,"turns":2},{"damage":7,"enemies":"Writhing Mass","floor":44,"turns":2},{"damage":0,"enemies":"Jaw Worm Horde","floor":45,"turns":1},{"damage":19,"enemies":"Transient","floor":46,"turns":4},{"damage":5,"enemies":"Giant Head","floor":48,"turns":3},{"damage":6,"enemies":"downfall:Defect","floor":50,"turns":2}],"seed_played":"5791579660966033450","potions_obtained":[{"floor":2,"key":"Fire Potion"},{"floor":3,"key":"Regen Potion"},{"floor":10,"key":"Swift Potion"},{"floor":12,"key":"Fire Potion"},{"floor":32,"key":"testmod-SpacePotion"},{"floor":33,"key":"Regen Potion"},{"floor":34,"key":"testmod-SpacePotion"},{"floor":36,"key":"champ:CounterPotion"},{"floor":48,"key":"FairyPotion"}],"is_trial":false,"path_per_floor":["R","M","M","?","$","?","T","?","R","E","R","E","$","?","M","B",null,"R","$","M","$","$","?","T","E","M","R","M","R","T","M","M","B",null,"R","M","$","$","M","M","T","$","?","M","M","M","R","E","R","B",null],"character_chosen":"SLIMEBOUND","items_purchased":["Nunchaku","testmod-Motorcycle","Chemical X","Swift Strike","Slimebound:SplitMire","Explosive Potion","Fruit Juice","LiquidMemories","testmod-Alchemist","Dream Catcher","ClockworkSouvenir","FearPotion","SkillPotion","Weak Potion","Slimebound:LeechLife","Slimebound:OozeBath","Oddly Smooth Stone","Toy Ornithopter","vexMod:Spyglass","Slimebound:RejuvenatingLick","Fire Potion","LiquidBronze","Block Potion","vexMod:InvisibilityCloak","Ancient Tea Set","testmod-SubstituteBySubterfuge","CultistPotion","testmod-Hope","White Beast Statue","vexMod:PaidLearning","EssenceOfSteel","Slimebound:SlimeBarrage","Thinking Ahead","Gremlin Horn","Incense Burner","TheAbacus","Slimebound:LeadByExample","Finesse","Darkstone Periapt","vexMod:Dragonfruit","Sling","Slimebound:Nibble","Energy Potion","Letter Opener","testmod-OneHitWonder","HandDrill"],"campfire_rested":0,"item_purchase_floors":[5,5,5,5,5,5,5,5,13,13,13,13,13,13,13,13,19,19,19,19,19,19,19,21,21,21,21,22,22,22,22,22,22,37,37,37,37,37,38,38,38,38,38,42,42,42],"current_hp_per_floor":[60,57,56,67,68,68,69,69,69,53,53,58,69,69,72,75,77,77,78,79,79,79,80,80,81,80,80,83,83,83,82,85,76,92,92,93,93,98,99,100,100,100,100,101,102,101,101,104,104,104],"gold":12675,"neow_bonus":"UPGRADE_CARD","is_daily":false,"chose_seed":false,"campfire_upgraded":9,"win_rate":0.0,"timestamp":1609325413,"path_taken":["R","M","M","?","$","?","T","?","R","E","R","E","$","?","M","BOSS","R","$","M","$","?","?","T","E","M","R","M","R","?","M","M","BOSS","R","M","$","?","M","M","T","$","?","?","M","?","R","E","R","BOSS"],"items_purchased_type":["Relic","Relic","Relic","Card","Card","Potion","Potion","Potion","Relic","Relic","Relic","Potion","Potion","Potion","Card","Card","Relic","Relic","Relic","Card","Potion","Potion","Potion","Relic","Relic","Card","Potion","Relic","Relic","Relic","Potion","Card","Card","Relic","Relic","Relic","Card","Card","Relic","Relic","Relic","Card","Potion","Relic","Relic","Relic"],"build_version":"2020-12-22","purchased_purges":8,"victory":true,"max_hp_per_floor":[60,60,60,67,72,72,73,73,73,74,74,75,75,75,76,77,77,77,78,79,79,79,80,80,81,82,82,83,83,83,84,85,86,92,92,93,93,98,99,100,100,100,100,101,102,103,103,104,104,104],"relic_stats":{"Darkstone Periapt":0,"Torii":1,"Gremlin Horn":[4,4],"counters":[26,62],"Pen Nib":[15],"Bag of Preparation":[44],"Letter Opener":[182],"Question Card":0,"Nunchaku":[16],"Dream Catcher":0,"TheAbacus":[18],"Ornamental Fan":[116],"HandDrill":[28],"Chemical X":[2],"obtain_stats":[{"Darkstone Periapt":38,"vexMod:MemoryStick":25,"Tiny House":34,"Torii":8,"Gremlin Horn":37,"Bag of Preparation":7,"Incense Burner":37,"Bottled Tornado":30,"vexMod:Spyglass":19,"Ancient Tea Set":21,"Sling":38,"testmod-Charity":6,"ClockworkSouvenir":13,"vexMod:InvisibilityCloak":21,"Nunchaku":5,"Dream Catcher":13,"testmod-Alchemist":13,"TheAbacus":37,"testmod-InjuryResistance":41,"testmod-Motorcycle":5,"Strawberry":4,"vexMod:EndlessSickness":17,"HandDrill":42,"Chemical X":5,"testmod-IntensifyImprint":0,"testmod-TestBox":0,"Oddly Smooth Stone":19,"Pen Nib":12,"vexMod:PaidLearning":22,"testmod-TurbochargingSystem":10,"Letter Opener":42,"Question Card":48,"White Beast Statue":22,"vexMod:Dragonfruit":38,"downfall:GremlinSack":23,"Ornamental Fan":24,"testmod-Hope":22,"Slimebound:AbsorbEndCombat":0,"Toy Ornithopter":19,"testmod-OneHitWonder":42},{"Darkstone Periapt":19,"vexMod:MemoryStick":13,"Tiny House":18,"Torii":4,"Gremlin Horn":19,"Bag of Preparation":4,"Incense Burner":19,"Bottled Tornado":15,"vexMod:Spyglass":10,"Ancient Tea Set":11,"Sling":19,"testmod-Charity":4,"ClockworkSouvenir":7,"vexMod:InvisibilityCloak":11,"Nunchaku":4,"Dream Catcher":7,"testmod-Alchemist":7,"TheAbacus":19,"testmod-InjuryResistance":21,"testmod-Motorcycle":4,"Strawberry":3,"vexMod:EndlessSickness":9,"HandDrill":21,"Chemical X":4,"testmod-IntensifyImprint":0,"testmod-TestBox":0,"Oddly Smooth Stone":10,"Pen Nib":6,"vexMod:PaidLearning":11,"testmod-TurbochargingSystem":5,"Letter Opener":21,"Question Card":25,"White Beast Statue":11,"vexMod:Dragonfruit":19,"downfall:GremlinSack":12,"Ornamental Fan":12,"testmod-Hope":11,"Slimebound:AbsorbEndCombat":0,"Toy Ornithopter":10,"testmod-OneHitWonder":21},{"Darkstone Periapt":47,"vexMod:MemoryStick":36,"Tiny House":46,"Torii":14,"Gremlin Horn":47,"Bag of Preparation":14,"Incense Burner":47,"Bottled Tornado":39,"vexMod:Spyglass":30,"Ancient Tea Set":32,"Sling":47,"testmod-Charity":14,"ClockworkSouvenir":24,"vexMod:InvisibilityCloak":32,"Nunchaku":14,"Dream Catcher":24,"testmod-Alchemist":24,"TheAbacus":47,"testmod-InjuryResistance":50,"testmod-Motorcycle":14,"Strawberry":10,"vexMod:EndlessSickness":28,"HandDrill":50,"Chemical X":14,"testmod-IntensifyImprint":0,"testmod-TestBox":0,"Oddly Smooth Stone":30,"Pen Nib":20,"vexMod:PaidLearning":32,"testmod-TurbochargingSystem":17,"Letter Opener":50,"Question Card":60,"White Beast Statue":32,"vexMod:Dragonfruit":47,"downfall:GremlinSack":34,"Ornamental Fan":34,"testmod-Hope":32,"Slimebound:AbsorbEndCombat":0,"Toy Ornithopter":30,"testmod-OneHitWonder":50}],"Toy Ornithopter":5},"card_choices":[{"not_picked":["Slimebound:TongueLash","Slimebound:Equalize"],"picked":"Slimebound:Prepare","floor":2},{"not_picked":["Slimebound:LeechingTouch","Slimebound:GrowthPunch","Slimebound:SplitMire"],"picked":"SKIP","floor":3},{"not_picked":["Slimebound:Schlurp","Slimebound:FinishingTackle"],"picked":"Slimebound:Replication","floor":4},{"not_picked":["Slimebound:SplitLeeching","Slimebound:ForwardTackle"],"picked":"Slimebound:LeechEnergy","floor":5},{"not_picked":["Slimebound:SplitAcid","Slimebound:RainOfGoop"],"picked":"Slimebound:OneTwoCombo","floor":10},{"not_picked":["Slimebound:FormOfPuddle","Slimebound:FirmFortitude"],"picked":"Slimebound:SplitSpecialist","floor":12},{"not_picked":["Slimebound:LeechingTouch","Slimebound:ComboTackle","Slimebound:FirmFortitude"],"picked":"SKIP","floor":13},{"not_picked":["Slimebound:SlimeSpikes","Slimebound:LeechingTouch"],"picked":"Slimebound:SlimeTap","floor":15},{"not_picked":["Slimebound:PrepareCrush","Slimebound:DuplicatedForm"],"picked":"Slimebound:Overexert","floor":16},{"not_picked":["Slimebound:Schlurp","Slimebound:FinishingTackle+1"],"picked":"Slimebound:SplitLeeching+1","floor":19},{"not_picked":["Slimebound:ComboTackle","Slimebound:SplitBruiser"],"picked":"Slimebound:SlimeBrawl","floor":20},{"not_picked":["Slimebound:Schlurp+1","Slimebound:Nibble"],"picked":"Slimebound:ProtectTheBoss","floor":23},{"not_picked":["Slimebound:RollThrough","Slimebound:SplitLeeching","Slimebound:PressTheAttack"],"picked":"SKIP","floor":25},{"not_picked":["Slimebound:FinishingTackle","Slimebound:Equalize"],"picked":"Slimebound:MegaLick+1","floor":26},{"not_picked":["Slimebound:ComboTackle","Slimebound:FormOfPuddle+1","Slimebound:Schlurp"],"picked":"SKIP","floor":28},{"not_picked":["Slimebound:SplitBruiser","Slimebound:GoopSpray+1","Slimebound:Schlurp+1"],"picked":"SKIP","floor":31},{"not_picked":["Slimebound:Grow","Slimebound:GoopTackle","Slimebound:LeechEnergy"],"picked":"SKIP","floor":32},{"not_picked":["Slimebound:DuplicatedForm","Slimebound:TagTeam"],"picked":"Slimebound:OneTwoCombo","floor":33},{"not_picked":["Slimebound:SamplingLick","Slimebound:DivideAndConquer"],"picked":"Slimebound:Nibble","floor":34},{"not_picked":["Slimebound:GoopSpray+1","Slimebound:SplitBruiser","Slimebound:LeechingTouch"],"picked":"SKIP","floor":36},{"not_picked":["Slimebound:SlimeSpikes+1","Slimebound:LeechEnergy","Slimebound:BestDefense"],"picked":"SKIP","floor":39},{"not_picked":["Slimebound:ViciousTackle","Slimebound:FirmFortitude+1","Slimebound:MassFeed"],"picked":"SKIP","floor":40},{"not_picked":["Slimebound:FirmFortitude+1","Slimebound:GrowthPunch"],"picked":"Slimebound:SplitMire+1","floor":44},{"not_picked":["Slimebound:SlimeSpikes+1","Slimebound:SamplingLick","Slimebound:RainOfGoop"],"picked":"SKIP","floor":45},{"not_picked":["Slimebound:DivideAndConquer","Slimebound:RollThrough","Slimebound:PressTheAttack+1"],"picked":"SKIP","floor":46},{"not_picked":["Slimebound:RejuvenatingLick","Slimebound:Teamwork","Slimebound:SlimeBrawl+1"],"picked":"SKIP","floor":48}],"player_experience":12168,"relics_obtained":[{"floor":4,"key":"Strawberry"},{"floor":7,"key":"Bag of Preparation"},{"floor":10,"key":"testmod-TurbochargingSystem"},{"floor":12,"key":"Pen Nib"},{"floor":23,"key":"downfall:GremlinSack"},{"floor":24,"key":"Ornamental Fan"},{"floor":25,"key":"vexMod:MemoryStick"},{"floor":30,"key":"Bottled Tornado"},{"floor":41,"key":"testmod-InjuryResistance"},{"floor":48,"key":"Question Card"}],"event_choices":[{"damage_healed":0,"gold_gain":0,"player_choice":"Swap Relic","damage_taken":0,"relics_obtained":["testmod-Charity"],"max_hp_gain":0,"max_hp_loss":0,"event_name":"给自己的盒子","floor":6,"relics_lost":["testmod-Motorcycle"],"gold_loss":0},{"damage_healed":0,"gold_gain":0,"player_choice":"Box","damage_taken":0,"relics_obtained":["Torii"],"max_hp_gain":0,"max_hp_loss":0,"event_name":"Big Fish","floor":8,"gold_loss":0,"cards_obtained":["Regret"]}],"is_beta":false,"boss_relics":[{"not_picked":["Velvet Choker","downfall:Hecktoplasm"],"picked":"vexMod:EndlessSickness"},{"not_picked":["Calling Bell","testmod-DeterminationOfClimber"],"picked":"Tiny House"}],"items_purged_floors":[5,13,19,21,22,37,38,42],"is_endless":false,"potions_floor_spawned":[2,3,10,12,20,23,25,26,28,31,32,33,36,39,40,44,45,46,48],"ascension_level":4}}