{"host":"ix2a18c4ohfsrslv","time":1609315899,"event":{"mods":["BaseMod","Better Third Choice","Downfall","Infinite Spire","Jorbs\u0027s Wanderer Trilogy","Minty Spire (QoL Compilation)","Replay The Spire","StSLib","The Jungle"],"gold_per_floor":[112,82,97,97,20,20,20,52,103,103,127,145,36,52,52,147,147,164,164,74,74,92,92,92,107,107,144,160,160,191,227,227,336,336,356,476,476,492,492,492,518,565,588,610,610,628,645,680,680,794,794,796,824,824,824,826,826,831,832,832,826,826,826,831,845,845,951,951,970,978,985,985,694,694,694,694,694,682,681,684,684,685,685,839,839,839,846,846,1845,2120,2120,2121,2454,2454,2454,2452,1908,1908,1893,1893,1845,1845],"floor_reached":101,"playtime":9264,"items_purged":["stsjorbsmod:Strike_Wanderer","stsjorbsmod:Strike_Wanderer+1","Normality"],"score":1847,"play_id":"e9767cf5-eae9-4eda-8119-b9021dd53b34","local_time":"20201230001139","is_ascension_mode":false,"campfire_choices":[{"data":"stsjorbsmod:Stalwart","floor":6.0,"key":"SMITH"},{"data":"stsjorbsmod:Firebolt","floor":10.0,"key":"SMITH"},{"data":"stsjorbsmod:FranticSearch","floor":15.0,"key":"SMITH"},{"data":"stsjorbsmod:Fireball","floor":23.0,"key":"SMITH"},{"data":"stsjorbsmod:ArcaneWeapon","floor":29.0,"key":"SMITH"},{"data":"stsjorbsmod:ScorchingRay","floor":32.0,"key":"SMITH"},{"floor":40.0,"key":"REST"},{"floor":49.0,"key":"REST"},{"data":"stsjorbsmod:Pyromancy","floor":57.0,"key":"SMITH"},{"data":"stsjorbsmod:FindFamiliar","floor":62.0,"key":"SMITH"},{"data":"stsjorbsmod:SiphonEnergy","floor":66.0,"key":"SMITH"},{"floor":74.0,"key":"DIG"},{"floor":81,"key":"DIG"},{"floor":83,"key":"DIG"},{"floor":91,"key":"DIG"},{"floor":95,"key":"DIG"},{"floor":98,"key":"REST"},{"floor":100,"key":"REST"}],"circlet_count":0,"master_deck":["stsjorbsmod:ForbiddenGrimoire+1","stsjorbsmod:Strike_Wanderer","stsjorbsmod:Defend_Wanderer","stsjorbsmod:Defend_Wanderer","stsjorbsmod:Defend_Wanderer+2","stsjorbsmod:Defend_Wanderer","stsjorbsmod:FreshAdventure+1","stsjorbsmod:EyeOfTheStorm+1","stsjorbsmod:Firebolt+1","stsjorbsmod:LocateObject","infinitespire:Starlight","stsjorbsmod:Stalwart+1","stsjorbsmod:SiphonEnergy+1","stsjorbsmod:ScorchingRay+1","stsjorbsmod:FracturedMind+1","stsjorbsmod:FranticSearch+1","stsjorbsmod:Mending","stsjorbsmod:Fireball+1","stsjorbsmod:WanderingMind","stsjorbsmod:ArcaneWeapon+1","stsjorbsmod:FindFamiliar+1","stsjorbsmod:DisguiseSelf+1","stsjorbsmod:MistyStep+1","stsjorbsmod:HoldMonster+1","infinitespire:NeuralNetwork","stsjorbsmod:BookOfTongues","Delirium","infinitespire:Collect+1","stsjorbsmod:ArcaneWeapon+1","stsjorbsmod:Pyromancy+1","stsjorbsmod:Firebolt+1","Parasite","stsjorbsmod:OldPocket+1","stsjorbsmod:Aid+1","stsjorbsmod:Feast+1","stsjorbsmod:Thorns+1","Regret","Pain","stsjorbsmod:FaerieFire+1","stsjorbsmod:TinyHut","stsjorbsmod:MageArmor+1","infinitespire:Gouge","stsjorbsmod:BookOfTongues+1","Writhe","stsjorbsmod:Hibernate+1","stsjorbsmod:DeathThroes+1","AbeCurse","stsjorbsmod:MagicMissiles","Normality","Regret","stsjorbsmod:Rest+1","stsjorbsmod:BookOfTongues","stsjorbsmod:Index+1","Swift Strike","stsjorbsmod:WanderingMind+1"],"relics":["stsjorbsmod:GrimoireRelic","NeowsBlessing","Sundial","Anchor","Runic Pyramid","Toxic Egg 2","theJungle:ParSnip","Simple Rune","ReplayFunnel","Runic Dome","Ginger","Replay:Kaleidoscope","ReplayTheSpireMod:Ring of Exchange","Quantum Egg","Ancient Tea Set","Incense Burner","ChewingGum","Replay:Bottled Snecko","WarpedTongs","Gremlin Food","Bronze Scales","Black Star","Shovel","Mango","Replay:Wax Seal","theJungle:BirthdayCake","infinitespire:Golems Mask","Ornamental Fan","War Paint","Abe\u0027s Treasure","Vajra","Divine Protection","infinitespire:Satchel","Gambling Chip"],"acts_visited":["Exordium","Exordium","TheBeyond","Exordium","Exordium","TheBeyond"],"potions_floor_usage":[101,101,101],"damage_taken":[{"damage":0.0,"enemies":"Jaw Worm","floor":1.0,"turns":1.0},{"damage":0.0,"enemies":"infinitespire:Voidling","floor":3.0,"turns":1.0},{"damage":0.0,"enemies":"Lagavulin","floor":8.0,"turns":1.0},{"damage":0.0,"enemies":"2 Louse","floor":11.0,"turns":3.0},{"damage":4.0,"enemies":"Exordium Thugs","floor":12.0,"turns":6.0},{"damage":10.0,"enemies":"Large Slime","floor":14.0,"turns":5.0},{"damage":48.0,"enemies":"The Guardian","floor":16.0,"turns":7.0},{"damage":7.0,"enemies":"theJungle:MUSHROOMGANG","floor":18.0,"turns":3.0},{"damage":3.0,"enemies":"theJungle:Flameango_and_Byrd","floor":22.0,"turns":4.0},{"damage":12.0,"enemies":"theJungle:Lyon","floor":25.0,"turns":5.0},{"damage":29.0,"enemies":"theJungle:JungleHuntersEncounter","floor":27.0,"turns":5.0},{"damage":6.0,"enemies":"theJungle:SlimyTreeVines","floor":28.0,"turns":4.0},{"damage":0.0,"enemies":"theJungle:2_Snecko_Cultists","floor":30.0,"turns":3.0},{"damage":13.0,"enemies":"Nightmare","floor":31.0,"turns":5.0},{"damage":21.0,"enemies":"theJungle:FunGuy","floor":33.0,"turns":7.0},{"damage":0.0,"enemies":"Orb Walker","floor":35.0,"turns":4.0},{"damage":20.0,"enemies":"infinitespire:Three Voidlings","floor":36.0,"turns":4.0},{"damage":35.0,"enemies":"Nightmare_Alpha","floor":36.0,"turns":7.0},{"damage":0.0,"enemies":"3 Shapes","floor":38.0,"turns":1.0},{"damage":40.0,"enemies":"Nightmare","floor":41.0,"turns":10.0},{"damage":10.0,"enemies":"Sphere and 2 Shapes","floor":42.0,"turns":3.0},{"damage":40.0,"enemies":"Writhing Mass","floor":46.0,"turns":5.0},{"damage":13.0,"enemies":"Spire Growth","floor":47.0,"turns":4.0},{"damage":0.0,"enemies":"Maw","floor":48.0,"turns":6.0},{"damage":65.0,"enemies":"Awakened One","floor":50.0,"turns":7.0},{"damage":0.0,"enemies":"Cultist","floor":52.0,"turns":2.0},{"damage":0.0,"enemies":"2 Louse","floor":53.0,"turns":2.0},{"damage":0.0,"enemies":"Small Slimes","floor":56.0,"turns":3.0},{"damage":0.0,"enemies":"3 Louse","floor":58.0,"turns":2.0},{"damage":0.0,"enemies":"Exordium Thugs","floor":59.0,"turns":2.0},{"damage":2.0,"enemies":"2 Fungi Beasts","floor":61.0,"turns":3.0},{"damage":58.0,"enemies":"Nightmare","floor":64.0,"turns":5.0},{"damage":6.0,"enemies":"Red Slaver","floor":65.0,"turns":3.0},{"damage":15.0,"enemies":"Slime Boss","floor":67.0,"turns":4.0},{"damage":6.0,"enemies":"Shell Parasite","floor":69.0,"turns":4.0},{"damage":14.0,"enemies":"theJungle:MUSHROOMGANG","floor":70.0,"turns":2.0},{"damage":12.0,"enemies":"theJungle:JungleHuntersEncounter","floor":71.0,"turns":3.0},{"damage":1,"enemies":"theJungle:Lyon","floor":78,"turns":4},{"damage":9,"enemies":"theJungle:Snecko_Cultist_And_Trap","floor":79,"turns":5},{"damage":31,"enemies":"theJungle:2_Snecko_Cultists","floor":80,"turns":4},{"damage":11,"enemies":"theJungle:2_Flameangoes","floor":82,"turns":6},{"damage":51,"enemies":"theJungle:TotemBoss","floor":84,"turns":6},{"damage":27,"enemies":"Orb Walker","floor":86,"turns":4},{"damage":6,"enemies":"3 Shapes","floor":87,"turns":4},{"damage":34,"enemies":"Maw","floor":92,"turns":6},{"damage":31,"enemies":"Jaw Worm Horde","floor":96,"turns":6},{"damage":40,"enemies":"Transient","floor":99,"turns":5},{"damage":128,"enemies":"Time Eater","floor":101,"turns":9}],"seed_played":"-6552992840233420095","potions_obtained":[{"floor":2.0,"key":"Dexterity Potion"},{"floor":2.0,"key":"Flashbang"},{"floor":3.0,"key":"BlessingOfTheForge"},{"floor":14.0,"key":"Energy Potion"},{"floor":16.0,"key":"Fire Potion"},{"floor":28.0,"key":"sneckomod:MuddlingPotion"},{"floor":30.0,"key":"Fire Potion"},{"floor":31.0,"key":"Explosive Potion"},{"floor":35.0,"key":"AttackPotion"},{"floor":38.0,"key":"SneckoOil"},{"floor":47.0,"key":"Languid Potion"},{"floor":48.0,"key":"Block Potion"},{"floor":50.0,"key":"Weak Potion"},{"floor":52.0,"key":"Venom Potion"},{"floor":56.0,"key":"SneckoOil"},{"floor":64.0,"key":"Strength Potion"},{"floor":65.0,"key":"stsjorbsmod:BurningPotion"},{"floor":67.0,"key":"SteroidPotion"},{"floor":69.0,"key":"FearPotion"},{"floor":71.0,"key":"LiquidBronze"},{"floor":87,"key":"Strength Potion"}],"is_trial":false,"path_per_floor":["M","?","M","?","$","R","?","E","T","R","M","M","$","M","R","B",null,"M","AVR","?","$","M","R","?","M","T","M","M","R","M","NM","R","B",null,"M","?","AVR","M","?","R","NM","M","T","?","?","M","M","M","R","B",null,"M","M","?","?","M","R","M","M","T","M","R","?","NM","M","R","B",null,"M","M","M","?","$","R","?","?","T","M","M","M","R","M","R","B",null,"M","M","?","?","?","R","M","?","T","R","M","$","R","M","R","B"],"character_chosen":"WANDERER","items_purchased":["stsjorbsmod:Stalwart","stsjorbsmod:FranticSearch","Mango","stsjorbsmod:Index+1","Swift Strike","Gambling Chip"],"campfire_rested":4,"item_purchase_floors":[5,13,73,97,97,97],"current_hp_per_floor":[68,68,68,51,51,51,51,62,62,62,68,68,68,68,68,33,68,65,65,65,65,70,70,70,70,70,59,69,69,70,67,67,55,70,70,45,45,46,46,67,43,46,46,46,46,20,25,44,65,18,70,70,70,70,70,70,70,70,74,74,78,78,72,52,50,50,62,74,72,61,74,74,88,88,88,108,108,110,114,98,98,98,98,71,114,114,120,120,120,120,120,106,106,106,106,98,98,120,87,120,0,0],"gold":1845,"neow_bonus":"THREE_ENEMY_KILL","is_daily":false,"chose_seed":false,"campfire_upgraded":9,"win_rate":0.0,"timestamp":1609315899,"path_taken":["M","?","?","?","$","R","?","E","T","R","M","M","$","?","R","BOSS","M","AVR","?","$","M","R","?","M","T","M","?","R","M","NM","R","BOSS","M","?","AVR","M","?","R","NM","M","T","?","?","M","M","M","R","BOSS","M","M","?","?","M","R","M","?","T","M","R","?","NM","M","R","BOSS","M","M","M","?","$","R","?","?","T","?","M","M","R","M","R","BOSS","M","M","?","?","?","R","?","?","T","R","M","?","R","M","R","BOSS"],"items_purchased_type":["Card","Card","Relic","Card","Card","Relic"],"build_version":"2020-12-22","purchased_purges":3,"victory":false,"max_hp_per_floor":[68,68,68,68,68,68,68,68,68,68,68,68,68,68,68,68,68,70,70,70,70,70,70,70,70,70,70,70,70,70,70,70,70,70,70,70,70,70,70,70,70,70,70,70,70,70,70,70,70,70,70,70,70,70,70,70,70,70,74,74,78,78,72,74,74,74,74,74,74,74,74,74,88,88,88,108,108,110,114,114,114,114,114,114,114,114,120,120,120,120,120,120,120,120,120,120,120,120,120,120,120,120],"card_choices":[{"not_picked":["stsjorbsmod:Mindworm","stsjorbsmod:Patron"],"picked":"stsjorbsmod:Firebolt","floor":1.0},{"not_picked":["stsjorbsmod:RefuseToForget","stsjorbsmod:AnimateObjects"],"picked":"stsjorbsmod:LocateObject","floor":3.0},{"not_picked":["infinitespire:FinalStrike","infinitespire:TheBestDefense"],"picked":"infinitespire:Starlight","floor":4.0},{"not_picked":["stsjorbsmod:Prepare","stsjorbsmod:UnseenServant"],"picked":"stsjorbsmod:SiphonEnergy","floor":8.0},{"not_picked":["stsjorbsmod:SmithingStrike","stsjorbsmod:UnseenServant"],"picked":"stsjorbsmod:ScorchingRay","floor":11.0},{"not_picked":["stsjorbsmod:Counterspell","stsjorbsmod:Introspection"],"picked":"stsjorbsmod:FracturedMind","floor":12.0},{"not_picked":["stsjorbsmod:Counterspell","stsjorbsmod:SmithingStrike"],"picked":"stsjorbsmod:Mending","floor":14.0},{"not_picked":["stsjorbsmod:IvoryTower","stsjorbsmod:CorrodingBarrier"],"picked":"stsjorbsmod:Fireball","floor":16.0},{"not_picked":["stsjorbsmod:Patron","stsjorbsmod:Mending"],"picked":"stsjorbsmod:WanderingMind","floor":18.0},{"not_picked":["stsjorbsmod:BlackTentacles","stsjorbsmod:Hibernate+1"],"picked":"stsjorbsmod:ArcaneWeapon","floor":22.0},{"not_picked":["stsjorbsmod:Inferno+1","stsjorbsmod:ScorchingRay+1"],"picked":"stsjorbsmod:FindFamiliar","floor":25.0},{"not_picked":["stsjorbsmod:Firebolt","stsjorbsmod:LoseGrip+1"],"picked":"stsjorbsmod:DisguiseSelf+1","floor":27.0},{"not_picked":["stsjorbsmod:Firebolt","stsjorbsmod:ChatteringStrike","stsjorbsmod:GatherPower+1"],"picked":"SKIP","floor":28.0},{"not_picked":["stsjorbsmod:UnseenServant+1","stsjorbsmod:ChainLightning","stsjorbsmod:WeightOfMemory"],"picked":"SKIP","floor":30.0},{"not_picked":["stsjorbsmod:UnseenServant+1","stsjorbsmod:ChainLightning","stsjorbsmod:WeightOfMemory"],"picked":"SKIP","floor":30.0},{"not_picked":["stsjorbsmod:LoseGrip+1","stsjorbsmod:LocateObject+1"],"picked":"stsjorbsmod:MistyStep+1","floor":31.0},{"not_picked":["stsjorbsmod:Fear+1","stsjorbsmod:Trauma"],"picked":"stsjorbsmod:HoldMonster+1","floor":33.0},{"not_picked":["stsjorbsmod:Message+1","stsjorbsmod:Will+1","stsjorbsmod:ParryingBlow"],"picked":"SKIP","floor":35.0},{"not_picked":["infinitespire:SevenWalls","ReplayTheSpireMod:Book of Names"],"picked":"infinitespire:NeuralNetwork","floor":36.0},{"not_picked":["stsjorbsmod:WanderingMind+1","stsjorbsmod:ParryingBlow"],"picked":"stsjorbsmod:BookOfTongues","floor":36.0},{"not_picked":["stsjorbsmod:ArcaneWeapon","stsjorbsmod:RayOfFrost+1","stsjorbsmod:ParryingBlow+1"],"picked":"SKIP","floor":38.0},{"not_picked":["Replay:Fractal Strike","ReplayTheSpireMod:Echoes of Time"],"picked":"infinitespire:Collect","floor":41.0},{"not_picked":["stsjorbsmod:Hurt+1","stsjorbsmod:Mending+1"],"picked":"stsjorbsmod:ArcaneWeapon+1","floor":41.0},{"not_picked":["stsjorbsmod:DisguiseSelf+1","stsjorbsmod:Materialize+1"],"picked":"stsjorbsmod:Pyromancy","floor":42.0},{"not_picked":["stsjorbsmod:Patron+1","stsjorbsmod:RayOfFrost+1"],"picked":"stsjorbsmod:Firebolt+1","floor":44.0},{"not_picked":["stsjorbsmod:AnimateObjects+1","stsjorbsmod:RayOfFrost+1"],"picked":"stsjorbsmod:OldPocket+1","floor":46.0},{"not_picked":["stsjorbsmod:Prepare+1","stsjorbsmod:Will+1","stsjorbsmod:Fear+1"],"picked":"SKIP","floor":47.0},{"not_picked":["stsjorbsmod:Prepare+1","stsjorbsmod:ChainLightning"],"picked":"stsjorbsmod:Aid+1","floor":48.0},{"not_picked":["stsjorbsmod:MirrorImage+1","stsjorbsmod:Banish+1"],"picked":"stsjorbsmod:Feast+1","floor":50.0},{"not_picked":["stsjorbsmod:RefuseToForget+1","stsjorbsmod:Mania","stsjorbsmod:Hibernate+1"],"picked":"SKIP","floor":52.0},{"not_picked":["stsjorbsmod:MageArmor+1","stsjorbsmod:Prestidigitation"],"picked":"stsjorbsmod:Thorns+1","floor":53.0},{"not_picked":["stsjorbsmod:Prestidigitation","stsjorbsmod:ChainLightning","stsjorbsmod:UnseenServant+1"],"picked":"SKIP","floor":56.0},{"not_picked":["stsjorbsmod:Prepare+1","stsjorbsmod:Will+1","stsjorbsmod:DisguiseSelf+1"],"picked":"SKIP","floor":58.0},{"not_picked":["stsjorbsmod:BurningFlask+1","stsjorbsmod:Hibernate+1"],"picked":"stsjorbsmod:FaerieFire+1","floor":59.0},{"not_picked":["stsjorbsmod:Counterspell+1","stsjorbsmod:FranticSearch+1"],"picked":"stsjorbsmod:TinyHut","floor":61.0},{"not_picked":["stsjorbsmod:Mending+1","stsjorbsmod:PurgeMind","stsjorbsmod:Will+1"],"picked":"SKIP","floor":64.0},{"not_picked":["stsjorbsmod:RayOfFrost","stsjorbsmod:SchoolsOfMagic+1"],"picked":"stsjorbsmod:MageArmor+1","floor":65.0},{"not_picked":["infinitespire:Oblivion","ReplayTheSpireMod:Haul"],"picked":"infinitespire:Gouge","floor":67.0},{"not_picked":["stsjorbsmod:Index+1","stsjorbsmod:LoseGrip+1"],"picked":"stsjorbsmod:BookOfTongues+1","floor":69.0},{"not_picked":["stsjorbsmod:WeightOfMemory","stsjorbsmod:ChainLightning","stsjorbsmod:BurningFlask+1"],"picked":"SKIP","floor":70.0},{"not_picked":["stsjorbsmod:FindFamiliar","stsjorbsmod:ChainLightning","stsjorbsmod:BurningFlask+1"],"picked":"SKIP","floor":71.0},{"not_picked":["stsjorbsmod:BlackTentacles","stsjorbsmod:Thorns+1"],"picked":"stsjorbsmod:Hibernate+1","floor":78},{"not_picked":["stsjorbsmod:Mindworm+1","stsjorbsmod:Thorns+1","stsjorbsmod:ChainLightning"],"picked":"SKIP","floor":79},{"not_picked":["stsjorbsmod:Hurt","stsjorbsmod:FracturedMind","stsjorbsmod:UnseenServant+1"],"picked":"SKIP","floor":80},{"not_picked":["stsjorbsmod:Entangle","stsjorbsmod:DoubleCheck+1","stsjorbsmod:LoseGrip+1"],"picked":"SKIP","floor":82},{"not_picked":["stsjorbsmod:PurgeMind","stsjorbsmod:Entangle"],"picked":"stsjorbsmod:DeathThroes","floor":84},{"not_picked":["stsjorbsmod:DisguiseSelf+1","stsjorbsmod:DoubleCheck+1","stsjorbsmod:ParryingBlow+1"],"picked":"SKIP","floor":86},{"not_picked":["stsjorbsmod:Aid+1","stsjorbsmod:ChainLightning+1"],"picked":"stsjorbsmod:MagicMissiles","floor":87},{"not_picked":["stsjorbsmod:Hibernate+1","stsjorbsmod:Prepare+1"],"picked":"stsjorbsmod:Rest+1","floor":92},{"not_picked":["stsjorbsmod:Prestidigitation+1","stsjorbsmod:UnseenServant+1"],"picked":"stsjorbsmod:BookOfTongues","floor":96},{"not_picked":["stsjorbsmod:Stalwart+1","stsjorbsmod:ScorchingRay+1"],"picked":"stsjorbsmod:WanderingMind+1","floor":99}],"player_experience":152193,"relics_obtained":[{"floor":8.0,"key":"Sundial"},{"floor":9.0,"key":"Anchor"},{"floor":26.0,"key":"Simple Rune"},{"floor":31.0,"key":"ReplayFunnel"},{"floor":36.0,"key":"Ginger"},{"floor":39.0,"key":"ReplayTheSpireMod:Ring of Exchange"},{"floor":41.0,"key":"Quantum Egg"},{"floor":43.0,"key":"Ancient Tea Set"},{"floor":44.0,"key":"Incense Burner"},{"floor":60.0,"key":"Gremlin Food"},{"floor":64.0,"key":"Bronze Scales"},{"floor":74.0,"key":"Replay:Wax Seal"},{"floor":77.0,"key":"infinitespire:Golems Mask"},{"floor":81,"key":"Ornamental Fan"},{"floor":83,"key":"War Paint"},{"floor":91,"key":"Vajra"},{"floor":94,"key":"Divine Protection"},{"floor":95,"key":"infinitespire:Satchel"}],"event_choices":[{"damage_healed":0.0,"max_hp_gain":0.0,"max_hp_loss":0.0,"gold_gain":0.0,"event_name":"The Woman in Blue","player_choice":"Bought 2 Potions","floor":2.0,"gold_loss":0.0,"damage_taken":0.0},{"damage_healed":0.0,"max_hp_gain":0.0,"max_hp_loss":0.0,"gold_gain":0.0,"event_name":"WeMeetAgain","player_choice":"Ignored","floor":7.0,"gold_loss":0.0,"damage_taken":0.0},{"damage_healed":0.0,"max_hp_gain":0.0,"max_hp_loss":0.0,"gold_gain":0.0,"event_name":"NoteForYourself","player_choice":"Ignored","floor":24.0,"gold_loss":0.0,"damage_taken":0.0},{"damage_healed":0.0,"max_hp_gain":0.0,"max_hp_loss":0.0,"gold_gain":0.0,"event_name":"NoteForYourself","player_choice":"Ignored","floor":36.0,"gold_loss":0.0,"damage_taken":0.0},{"cards_removed":["stsjorbsmod:Strike_Wanderer"],"damage_healed":0.0,"max_hp_gain":0.0,"max_hp_loss":0.0,"gold_gain":0.0,"event_name":"Falling","player_choice":"Removed Attack","floor":45.0,"gold_loss":0.0,"damage_taken":0.0},{"damage_healed":0.0,"max_hp_gain":0.0,"max_hp_loss":0.0,"gold_gain":0.0,"event_name":"Big Fish","player_choice":"Box","floor":54.0,"gold_loss":0.0,"damage_taken":0.0,"relics_obtained":["Replay:Bottled Snecko"],"cards_obtained":["Regret"]},{"damage_healed":0.0,"max_hp_gain":0.0,"max_hp_loss":0.0,"gold_gain":0.0,"event_name":"Accursed Blacksmith","player_choice":"Rummage","floor":55.0,"gold_loss":0.0,"damage_taken":0.0,"relics_obtained":["WarpedTongs"],"cards_obtained":["Pain"]},{"damage_healed":0.0,"max_hp_gain":0.0,"max_hp_loss":6.0,"gold_gain":0.0,"event_name":"Golden Idol","player_choice":"Lose Max HP","floor":63.0,"gold_loss":0.0,"damage_taken":0.0,"relics_obtained":["Golden Idol"]},{"damage_healed":0,"gold_gain":0,"player_choice":"Ignored","damage_taken":0,"max_hp_gain":0,"max_hp_loss":0,"event_name":"Tomb of Lord Red Mask","floor":88,"gold_loss":0},{"damage_healed":0,"gold_gain":999,"player_choice":"Gold","damage_taken":0,"max_hp_gain":0,"max_hp_loss":0,"event_name":"MindBloom","floor":89,"gold_loss":0,"cards_obtained":["Normality","Normality"]},{"damage_healed":0,"gold_gain":275,"player_choice":"Desecrate","damage_taken":0,"max_hp_gain":0,"max_hp_loss":0,"event_name":"Golden Shrine","floor":90,"gold_loss":0,"cards_obtained":["Regret"]},{"damage_healed":0,"gold_gain":333,"player_choice":"Gave Idol","damage_taken":0,"max_hp_gain":0,"max_hp_loss":0,"event_name":"The Moai Head","floor":93,"relics_lost":["Golden Idol"],"gold_loss":0}],"is_beta":false,"boss_relics":[{"not_picked":["Calling Bell","Replay:Drink Me"],"picked":"Runic Pyramid"},{"not_picked":["SacredBark","Velvet Choker"],"picked":"Runic Dome"},{"not_picked":["ReplayTheSpireMod:SealedPack","Painkiller Herb"],"picked":"ChewingGum"},{"not_picked":["Snecko Heart","Fusion Hammer"],"picked":"Black Star"},{"not_picked":["Replay:Bronze Core","ReplayTheSpireMod:DimensionalGlitch"],"picked":"Abe\u0027s Treasure"}],"items_purged_floors":[13,37,97],"is_endless":true,"potions_floor_spawned":[3,8,14,16,28,30,31,35,38,47,48,50,52,56,64,65,67,69,71,79,87,99],"killed_by":"Time Eater","ascension_level":0}}