{"host":"qwttrqaysb380yri","time":1609331487,"event":{"mods":["BaseMod","Custom Start","Minty Spire (QoL Compilation)","Permanent Neow","Puzzle Mod","Relic Stats","StSLib","The Cursed","The Hierophant"],"gold_per_floor":[119,131,145,162,144,171,171,196,196,208,208,208,226,41,41,113,113,131,131,154,64,89,121,128,128,128,53,62,62,62,102,102,98,98],"floor_reached":33,"playtime":1350,"items_purged":[],"score":527,"play_id":"4983bb1e-0423-4b82-ae8e-46681bf355a5","local_time":"20201230133127","is_ascension_mode":true,"campfire_choices":[{"floor":7,"key":"REST"},{"data":"hierophant:Martyrdom","floor":11,"key":"SMITH"},{"data":"hierophant:SealAway","floor":15,"key":"SMITH"},{"data":"hierophant:Batter","floor":25,"key":"SMITH"},{"floor":30,"key":"REST"},{"floor":32,"key":"REST"}],"circlet_count":0,"master_deck":["AscendersBane","hierophant:Strike_Hierophant","hierophant:Strike_Hierophant","hierophant:Strike_Hierophant","hierophant:Defend_Hierophant","hierophant:Defend_Hierophant","hierophant:Defend_Hierophant","hierophant:Defend_Hierophant","hierophant:ChurchCoffers+1","hierophant:SealAway+1","hierophant:Encroach","hierophant:Martyrdom+1","hierophant:Zeal","hierophant:Shelter","hierophant:Zeal","hierophant:ThreeLashes","hierophant:Doubloon","hierophant:CursedGold","Blind","hierophant:MorningPrayer","hierophant:FieryStrike","hierophant:Batter+1","hierophant:Rebuild","hierophant:SealAway","hierophant:Zeal","hierophant:Smite","hierophant:HammerAndAnvil"],"relics":["hierophant:PropheticMaskRelic","Thread and Needle","CaptainsWheel","Matryoshka","Cursed Key","Gremlin Horn","Sundial"],"acts_visited":["Exordium","TheCity"],"potions_floor_usage":[3,6,8,16,16,23,29,31],"damage_taken":[{"damage":1,"enemies":"Cultist","floor":1,"turns":3},{"damage":3,"enemies":"2 Louse","floor":2,"turns":3},{"damage":0,"enemies":"Small Slimes","floor":3,"turns":4},{"damage":12,"enemies":"Blue Slaver","floor":4,"turns":4},{"damage":6,"enemies":"Looter","floor":5,"turns":3},{"damage":32,"enemies":"Gremlin Nob","floor":6,"turns":4},{"damage":6,"enemies":"3 Sentries","floor":8,"turns":5},{"damage":9,"enemies":"Large Slime","floor":10,"turns":5},{"damage":0,"enemies":"Red Slaver","floor":13,"turns":3},{"damage":4,"enemies":"Hexaghost","floor":16,"turns":10},{"damage":8,"enemies":"Shell Parasite","floor":18,"turns":5},{"damage":0,"enemies":"Spheric Guardian","floor":20,"turns":2},{"damage":16,"enemies":"Snecko","floor":22,"turns":6},{"damage":29,"enemies":"Book of Stabbing","floor":23,"turns":6},{"damage":7,"enemies":"Centurion and Healer","floor":24,"turns":5},{"damage":17,"enemies":"Snake Plant","floor":28,"turns":5},{"damage":0,"enemies":"Cultist and Chosen","floor":29,"turns":1},{"damage":25,"enemies":"Slavers","floor":31,"turns":2},{"damage":23,"enemies":"Automaton","floor":33,"turns":6}],"seed_played":"-8459216844870161967","potions_obtained":[{"floor":2,"key":"PowerPotion"},{"floor":3,"key":"Fruit Juice"},{"floor":4,"key":"Fire Potion"},{"floor":8,"key":"BlessingOfTheForge"},{"floor":10,"key":"LiquidBronze"},{"floor":18,"key":"Regen Potion"},{"floor":24,"key":"SmokeBomb"},{"floor":28,"key":"Fire Potion"}],"is_trial":false,"path_per_floor":["M","M","M","M","M","E","R","E","T","M","R","?","M","$","R","B",null,"M","?","M","$","M","E","M","R","T","?","M","M","R","E","R","B"],"character_chosen":"HIEROPHANT","items_purchased":["Blind","hierophant:MorningPrayer","hierophant:FieryStrike","hierophant:Zeal","hierophant:Smite"],"campfire_rested":3,"item_purchase_floors":[14,14,14,21,21],"current_hp_per_floor":[67,64,69,57,51,19,43,37,37,28,28,28,28,28,28,24,66,58,58,58,58,42,28,21,21,21,21,4,4,28,3,27,4,4],"gold":98,"neow_bonus":"UPGRADE_CARD","is_daily":false,"chose_seed":false,"campfire_upgraded":3,"win_rate":0.0,"timestamp":1609331487,"path_taken":["M","M","M","?","M","E","R","E","T","M","R","?","M","$","R","BOSS","M","?","M","$","?","E","M","R","T","?","M","M","R","E","R","BOSS"],"items_purchased_type":["Card","Card","Card","Card","Card"],"build_version":"2020-12-22","purchased_purges":0,"victory":false,"max_hp_per_floor":[75,75,80,80,80,80,80,80,80,80,80,80,80,80,80,80,80,80,80,80,80,80,80,80,80,80,80,80,80,80,80,80,80,80],"relic_stats":{"Gremlin Horn":[4,4],"counters":[19,82],"Sundial":[0],"Cursed Key":0,"obtain_stats":[{"CaptainsWheel":8,"Matryoshka":9,"Gremlin Horn":23,"Sundial":31,"hierophant:PropheticMaskRelic":0,"Thread and Needle":6,"Cursed Key":17},{"CaptainsWheel":7,"Matryoshka":7,"Gremlin Horn":14,"Sundial":18,"hierophant:PropheticMaskRelic":0,"Thread and Needle":6,"Cursed Key":10},{"CaptainsWheel":26,"Matryoshka":26,"Gremlin Horn":63,"Sundial":76,"hierophant:PropheticMaskRelic":0,"Thread and Needle":21,"Cursed Key":44}]},"card_choices":[{"not_picked":["hierophant:ConvertCurrency","hierophant:Bribe"],"picked":"hierophant:SealAway","floor":1},{"not_picked":["hierophant:SolarFlare","hierophant:Doubloon"],"picked":"hierophant:Encroach","floor":2},{"not_picked":["hierophant:DisplayOfPower","hierophant:HolyVerse"],"picked":"hierophant:Martyrdom","floor":3},{"not_picked":["hierophant:Remorse","hierophant:MorningPrayer"],"picked":"hierophant:Zeal","floor":4},{"not_picked":["hierophant:Racketeering","hierophant:Community"],"picked":"hierophant:Shelter","floor":5},{"not_picked":["hierophant:PristineSoul","hierophant:Martyrdom"],"picked":"hierophant:Zeal","floor":6},{"not_picked":["hierophant:RecallFunds","hierophant:Blessing","hierophant:Remorse"],"picked":"SKIP","floor":8},{"not_picked":["hierophant:PassingBell","hierophant:Remorse"],"picked":"hierophant:ThreeLashes","floor":10},{"not_picked":["hierophant:Patience","hierophant:DivineIntervention","hierophant:DisplayOfPower"],"picked":"SKIP","floor":13},{"not_picked":["hierophant:AuricForm","hierophant:Cornucopia"],"picked":"hierophant:Batter","floor":16},{"not_picked":["hierophant:MorningPrayer+1","hierophant:Sermon"],"picked":"hierophant:Rebuild","floor":18},{"not_picked":["hierophant:MorningPrayer+1","hierophant:Repentance"],"picked":"hierophant:SealAway","floor":20},{"not_picked":["hierophant:Smite","hierophant:Encroach"],"picked":"hierophant:HammerAndAnvil","floor":22},{"not_picked":["hierophant:MirrorShield","hierophant:Cornucopia","hierophant:OrnateBuckler"],"picked":"SKIP","floor":23},{"not_picked":["hierophant:RustyCrate","hierophant:PassingBell","hierophant:Remorse"],"picked":"SKIP","floor":24},{"not_picked":["hierophant:Zeal","hierophant:DisplayOfPower","hierophant:SecretStash"],"picked":"SKIP","floor":28},{"not_picked":["hierophant:SolarFlare","hierophant:Zeal","hierophant:Refuge"],"picked":"SKIP","floor":31}],"player_experience":1955062,"relics_obtained":[{"floor":6,"key":"Thread and Needle"},{"floor":8,"key":"CaptainsWheel"},{"floor":9,"key":"Matryoshka"},{"floor":23,"key":"Gremlin Horn"},{"floor":31,"key":"Sundial"}],"event_choices":[{"damage_healed":0,"gold_gain":0,"cards_transformed":["hierophant:Strike_Hierophant"],"player_choice":"Change","damage_taken":0,"max_hp_gain":0,"max_hp_loss":0,"event_name":"Living Wall","floor":12,"gold_loss":0,"cards_obtained":["hierophant:CursedGold"]},{"damage_healed":0,"gold_gain":0,"player_choice":"Ignored","damage_taken":0,"max_hp_gain":0,"max_hp_loss":0,"event_name":"N\u0027loth","floor":19,"gold_loss":0},{"cards_removed":["hierophant:Punish"],"damage_healed":0,"gold_gain":0,"player_choice":"Gave Gold","damage_taken":0,"max_hp_gain":0,"max_hp_loss":0,"event_name":"Beggar","floor":27,"gold_loss":75}],"is_beta":false,"boss_relics":[{"not_picked":["SlaversCollar","Busted Crown"],"picked":"Cursed Key"}],"items_purged_floors":[],"is_endless":false,"potions_floor_spawned":[2,3,4,8,10,18,24,28,29],"killed_by":"Automaton","ascension_level":15}}