{"host":"z4j51vjvl4ssilsu","time":1609358926,"event":{"mods":["AchievementEnabler","Act Like it!","Aspiration","BaseMod","Better Altar","Better Match","Better Note","Better Sensory Stone","Better Silent Start","Better Skull","Better Synergies","Better Third Choice","Better Vampires","Better-Laid Plans","BetterRewards","Block Reminder","CapriCore","Colored Powertips","Conspire","DeckTracker","Disable Question Mark Monsters","Elementarium","Emptier Cage","Energized Spire","Gensokyo","GifTheSpireLib","Gold Saver","GungeonMod","Halation","Hallownest","Hubris","Infinite Spire","Ironclad Rager","Marisa????????","Marked Mod","Minty Spire (QoL Compilation)","MostiFishMod","Permanent Neow","Quick Restart","RRrroohrrRGHHhhh!!","Replay The Spire","SCP261 Mod","SacredBarkPlus","Spicy Shops","StSLib","Stuff the Spire","The Bug Knight","The Servant 0.9.4","Transform Curses","Unceasing Turn Reminder"],"gold_per_floor":[6926,6945,6945,6446,5201,5201,5211,5351,5351,5251,5375,5375,5487,5499,5499,5596,5596,5613,5650,5650,5665,5677,5817,5836,5944,5971,5982,6098,6098,6226,6245,6245,6343,6343,6356,6256,6271,6271,6284,6392,5921,5921,5921,6025,6025,6039,6155,6171,6171,6171],"floor_reached":51,"playtime":3577,"items_purged":["Regret","Normality","Strike_R"],"score":1363,"play_id":"392f6364-5068-423a-8409-5b85a0d40ed1","local_time":"20201230170846","is_ascension_mode":true,"campfire_choices":[{"data":"True Grit","floor":6,"key":"SMITH"},{"data":"MostiFishMod:FlyOverUtopia","floor":12,"key":"SMITH"},{"data":"MostiFishMod:HellRitual","floor":15,"key":"SMITH"},{"floor":29,"key":"REST"},{"floor":32,"key":"REST"},{"data":"Barricade","floor":42,"key":"SMITH"},{"data":"Dark Embrace","floor":45,"key":"SMITH"},{"data":"Berserk","floor":49,"key":"SMITH"}],"circlet_count":0,"master_deck":["Strike_R","Defend_R+1","Defend_R","Defend_R+1","Bash","Flex+1","True Grit+1","infinitespire:Execution+1","Feel No Pain+1","ReplayTheSpireMod:Stacked+1","ReplayTheSpireMod:Stacked","MostiFishMod:HellRitual+1","MostiFishMod:FlyOverUtopia+1","Ghostly","Heavy Blade+1","Burning Pact+1","Sword Boomerang","Offering","StuffTheSpire:Resist+1","Flex","Barricade+1","Body Slam","Run Through","Corruption+1","ReplayTheSpireMod:Limb From Limb","Headbutt+1","ReplayTheSpireMod:Strike From Hell+1","Life Link+1","MostiFishMod:RacingGame","Iron Wave","Reaper","Dark Embrace+1","Fire Breathing","MostiFishMod:ButterFly+1","Berserk+1"],"relics":["Black Blood","DaveBox","Oddly Smooth Stone","DemoMod:GnawedKey","hubris:OldNail","Pantograph","StuffTheSpire:BottledHeartBeat","Bag of Marbles","SynthV:TestCard","DemoMod:ClearGuonStone","StuffTheSpire:TintedRock","StuffTheSpire:Saxophone","Orichalcum","DemoMod:PartiallyEatenCheese","hubris:EmptyBottle","Replay:Baseball","Whetstone","Pondfish Scales","Bottled Flame","halation:PromiseList","hubris:Towel","Simple Rune","DemoMod:GundromedaStrain","StuffTheSpire:Mouthbags","Blood Vial","infinitespire:BottledMercury","Elementarium:ElementariumTrophy","halation:HeavySnake","ChiXiaoBlade","StuffTheSpire:CocoNut","aspiration:Lifesprig","StuffTheSpire:Rhapsscallions","StuffTheSpire:Wildfire","ReplayTheSpireMod:TigerMarble","hubris:IronBody"],"acts_visited":["Exordium","Elementarium:Elementarium","TheBeyond"],"potions_floor_usage":[19,19],"damage_taken":[{"damage":10,"enemies":"Small Slimes","floor":1,"turns":4},{"damage":2,"enemies":"2 Louse","floor":2,"turns":2},{"damage":0,"enemies":"conspire:RoseBush","floor":7,"turns":4},{"damage":21,"enemies":"Gremlin Nob","floor":8,"turns":5},{"damage":8,"enemies":"3 Sentries","floor":11,"turns":6},{"damage":4,"enemies":"Lagavulin","floor":13,"turns":6},{"damage":4,"enemies":"2 Fungi Beasts","floor":14,"turns":3},{"damage":6,"enemies":"The Guardian","floor":16,"turns":6},{"damage":9,"enemies":"Elementarium:2_ELEMENTALS","floor":18,"turns":3},{"damage":8,"enemies":"conspire:MimicChest","floor":19,"turns":6},{"damage":10,"enemies":"Elementarium:VoidCorruption","floor":21,"turns":3},{"damage":15,"enemies":"Elementarium:3_ELEMENTALS","floor":22,"turns":4},{"damage":78,"enemies":"Elementarium:ElementalPortal","floor":23,"turns":12},{"damage":4,"enemies":"Elementarium:VOID_CORRUPTION_AND_ORB_OF_FIRE","floor":24,"turns":4},{"damage":16,"enemies":"Elementarium:WarGolem","floor":25,"turns":2},{"damage":13,"enemies":"Elementarium:VOID_CORRUPTION_AND_TAR_GOLEM","floor":27,"turns":5},{"damage":15,"enemies":"Elementarium:FIRE_NOBILITY","floor":28,"turns":5},{"damage":35,"enemies":"Elementarium:ElementalPortal","floor":30,"turns":6},{"damage":0,"enemies":"Elementarium:3_ELEMENTALS","floor":31,"turns":2},{"damage":27,"enemies":"Elementarium:PHOENIXES","floor":33,"turns":6},{"damage":11,"enemies":"3 Darklings","floor":35,"turns":3},{"damage":4,"enemies":"Orb Walker","floor":37,"turns":2},{"damage":50,"enemies":"Transient","floor":39,"turns":5},{"damage":4,"enemies":"Reptomancer","floor":40,"turns":2},{"damage":4,"enemies":"Nemesis","floor":44,"turns":1},{"damage":4,"enemies":"4 Shapes","floor":46,"turns":1},{"damage":4,"enemies":"Nightmare","floor":47,"turns":2},{"damage":4,"enemies":"Spire Growth","floor":48,"turns":1},{"damage":21,"enemies":"Awakened One","floor":50,"turns":5}],"seed_played":"-8564021370859079647","potions_obtained":[{"floor":1,"key":"Block Potion"},{"floor":7,"key":"FearPotion"},{"floor":8,"key":"ElixirPotion"},{"floor":22,"key":"BloodPotion"}],"is_trial":false,"path_per_floor":["M","M","?","?","$","R","M","E","T","?","E","R","E","M","R","B",null,"M","?","?","M","M","E","M","E","T","M","E","R","E","M","R","B",null,"M","NS","M","?","M","E","$","R","T","E","R","M","NM","M","R","B",null],"character_chosen":"IRONCLAD","items_purchased":["Oddly Smooth Stone","DemoMod:GnawedKey","hubris:OldNail","Pantograph","Bag of Marbles","Flex","DemoMod:ClearGuonStone","StuffTheSpire:TintedRock","StuffTheSpire:Saxophone","Feel No Pain","Orichalcum","ReplayTheSpireMod:Stacked","DemoMod:PartiallyEatenCheese","hubris:EmptyBottle","aspiration:Lifesprig","StuffTheSpire:Rhapsscallions","MostiFishMod:ButterFly"],"campfire_rested":2,"item_purchase_floors":[0,0,0,0,0,0,5,5,5,5,5,5,5,5,41,41,41],"current_hp_per_floor":[60,64,64,64,64,64,70,55,55,55,53,53,57,61,61,86,86,88,88,88,88,87,23,31,27,27,26,23,50,29,43,70,77,92,92,92,92,92,63,80,81,81,81,95,95,100,100,100,100,98],"gold":6171,"neow_bonus":"","is_daily":false,"chose_seed":false,"campfire_upgraded":6,"win_rate":0.0,"timestamp":1609358926,"path_taken":["M","M","?","?","$","R","M","E","T","?","E","R","E","M","R","BOSS","M","?","?","M","M","E","M","E","T","M","E","R","E","M","R","BOSS","M","NS","M","?","M","E","$","R","T","E","R","M","NM","M","R","BOSS"],"items_purchased_type":["Relic","Relic","Relic","Relic","Relic","Card","Relic","Relic","Relic","Card","Relic","Card","Relic","Relic","Relic","Relic","Card"],"build_version":"2020-12-22","purchased_purges":3,"victory":true,"max_hp_per_floor":[80,80,80,80,80,80,80,80,80,80,80,80,82,84,84,86,86,88,88,88,88,90,92,92,92,92,92,92,92,92,92,92,92,92,92,92,92,92,92,99,100,100,100,100,100,100,100,100,100,100],"card_choices":[{"not_picked":["MostiFishMod:BrandingRite","Iron Wave"],"picked":"True Grit","floor":1},{"not_picked":["Shrug It Off","Carnage","Sword Boomerang","Perfected Strike"],"picked":"Headbutt","floor":2},{"not_picked":["infinitespire:Starlight","infinitespire:DeathsTouch"],"picked":"infinitespire:Execution","floor":4},{"not_picked":["Abandon","StuffTheSpire:BloodClot","Havoc","Anger"],"picked":"MostiFishMod:HellRitual","floor":7},{"not_picked":["ReplayReversal","Headbutt","StuffTheSpire:RockThrow","Perfected Strike"],"picked":"MostiFishMod:FlyOverUtopia","floor":8},{"not_picked":["Entrench","Pummel","Flex","hubris:SharpeningStone"],"picked":"Heavy Blade","floor":11},{"not_picked":["rorgmod:Immolate","ReplayTheSpireMod:Stacked","StuffTheSpire:Resist","Intimidate"],"picked":"Burning Pact","floor":13},{"not_picked":["Intimidate","ReplayTheSpireMod:Stacked","Uppercut","Burning Pact"],"picked":"Sword Boomerang","floor":14},{"not_picked":["Demon Form","rorgmod:Immolate","Brutality","Exhume"],"picked":"Offering","floor":16},{"not_picked":["Flex","Blood for Blood","Pummel","Run Through+1"],"picked":"StuffTheSpire:Resist+1","floor":18},{"not_picked":["Massacre+1","Heavy Blade","Intimidate","ReplayTheSpireMod:Strike From Hell"],"picked":"Flex","floor":19},{"not_picked":["Infernal Blade+1","Havoc+1","Blood for Blood","Metallicize"],"picked":"Barricade","floor":21},{"not_picked":["Twin Strike","Intimidate","Clothesline","Flex+1"],"picked":"Body Slam","floor":22},{"not_picked":["Demon Form","Whirlwind+1","StuffTheSpire:Slingshot+1","DemoMod:BlackBlade"],"picked":"Run Through","floor":23},{"not_picked":["Perfected Strike","Iron Wave","Headbutt","Pommel Strike"],"picked":"Corruption","floor":24},{"not_picked":["Twin Strike","Headbutt","True Grit+1","StuffTheSpire:Pyroclast"],"picked":"ReplayTheSpireMod:Limb From Limb","floor":25},{"not_picked":["Headbutt","Battle Trance","Shrug It Off","Demonic Infusion"],"picked":"ReplayTheSpireMod:Strike From Hell","floor":27},{"not_picked":["Armaments","Body Slam+1","Bloodletting","Entrench"],"picked":"Life Link+1","floor":28},{"not_picked":["hubris:ReadiedAction+1","Shockwave","rorgmod:Searing Blow","Infernal Blade"],"picked":"MostiFishMod:RacingGame","floor":30},{"not_picked":["Shockwave+1","hubris:ReadiedAction","Headbutt","Armaments"],"picked":"Iron Wave","floor":31},{"not_picked":["MostiFishMod:FireWorks","Eclipse","hubris:StunningStrike","MostiFishMod:DarkDeal"],"picked":"Reaper","floor":33},{"not_picked":["Inflame","Replay:Undeath\u0027s Touch","Second Wind+1","Massacre"],"picked":"Dark Embrace","floor":35},{"not_picked":["Sword Boomerang+1","Headbutt+1","Body Slam","Metallicize"],"picked":"Fire Breathing","floor":37},{"not_picked":["hubris:StunningStrike","Heavy Blade","Wild Strike+1","Twin Strike","Inflame"],"picked":"SKIP","floor":39},{"not_picked":["Flame Barrier","Flex","Combust","hubris:CleavingFinish","True Grit+1"],"picked":"SKIP","floor":40},{"not_picked":["Shockwave","Heavy Blade+1","Bloodletting","Thunderclap+1"],"picked":"Berserk","floor":44},{"not_picked":["StuffTheSpire:Pyroclast","True Grit","Shrug It Off","Entrench+1","Shockwave+1"],"picked":"SKIP","floor":46},{"not_picked":["Double Tap","Replay:Undeath\u0027s Touch","Corruption","Dark Embrace","Iron Wave"],"picked":"SKIP","floor":47},{"not_picked":["ReplayTheSpireMod:Strike From Hell","Metallicize","Thunderclap+1","Twin Strike+1","Flex"],"picked":"SKIP","floor":48}],"player_experience":292086,"relics_obtained":[{"floor":1,"key":"SynthV:TestCard"},{"floor":8,"key":"Replay:Baseball"},{"floor":9,"key":"Whetstone"},{"floor":11,"key":"Pondfish Scales"},{"floor":13,"key":"Bottled Flame"},{"floor":19,"key":"halation:PromiseList"},{"floor":23,"key":"Simple Rune"},{"floor":25,"key":"DemoMod:GundromedaStrain"},{"floor":26,"key":"StuffTheSpire:Mouthbags"},{"floor":28,"key":"Blood Vial"},{"floor":30,"key":"infinitespire:BottledMercury"},{"floor":40,"key":"StuffTheSpire:CocoNut"},{"floor":43,"key":"StuffTheSpire:Wildfire"},{"floor":44,"key":"ReplayTheSpireMod:TigerMarble"},{"floor":47,"key":"hubris:IronBody"}],"event_choices":[{"damage_healed":0,"gold_gain":0,"player_choice":"Argue","damage_taken":0,"max_hp_gain":0,"max_hp_loss":0,"event_name":"conspire:LoneGhost","floor":10,"gold_loss":0},{"cards_removed":["Strike_R"],"damage_healed":0,"gold_gain":0,"player_choice":"Removed Attack","damage_taken":0,"max_hp_gain":0,"max_hp_loss":0,"event_name":"Falling","floor":38,"gold_loss":0}],"is_beta":false,"boss_relics":[{"not_picked":["Mark of Pain","Astrolabe"],"picked":"Black Blood"},{"not_picked":["TimeKeys","NightmareShop"],"picked":"halation:HeavySnake"}],"items_purged_floors":[0,5,5],"is_endless":true,"potions_floor_spawned":[1,7,8,16,22,24,30,31,37,39,44,48],"ascension_level":2}}