{"host":"rnys9sj607vajavv","time":1609366371,"event":{"mods":["BaseMod","Colored Map","Downfall","Minty Spire (QoL Compilation)","StSLib"],"gold_per_floor":[99,99,99,155,155,172,172,172,206,221,231,248,21,53,64,64,64,64],"floor_reached":16,"playtime":1397,"items_purged":[],"score":138,"play_id":"7873af59-087c-4ebc-a318-971b45ea876b","local_time":"20201230141251","is_ascension_mode":true,"campfire_choices":[{"data":"Guardian:CurlUp","floor":1.0,"key":"SMITH"},{"data":"Guardian:DecasProtection","floor":8,"key":"SMITH"}],"circlet_count":0,"master_deck":["Guardian:Strike_Guardian","Guardian:Strike_Guardian","Guardian:Strike_Guardian","Guardian:Strike_Guardian","Guardian:Defend_Guardian","Guardian:Defend_Guardian","Guardian:Defend_Guardian","Guardian:Defend_Guardian","Guardian:CurlUp+1","Guardian:TwinSlam","Guardian:DecasProtection+1","Guardian:Gem_Cyan","Guardian:CrystalBeam","Guardian:Harden","Guardian:PrismaticBeam","Guardian:Gem_Blue"],"relics":["Guardian:ModeShifter","downfall:HeartsMalice","Bag of Marbles","Ornamental Fan","MealTicket","Guardian:PickAxe","Dream Catcher"],"acts_visited":["Exordium"],"potions_floor_usage":[14,14],"damage_taken":[{"damage":0.0,"enemies":"Cultist","floor":2.0,"turns":1.0},{"damage":0,"enemies":"2 Louse","floor":3,"turns":1},{"damage":0,"enemies":"3 Sentries","floor":4,"turns":1},{"damage":11,"enemies":"Small Slimes","floor":6,"turns":4},{"damage":17,"enemies":"3 Sentries","floor":9,"turns":10},{"damage":0,"enemies":"2 Fungi Beasts","floor":10,"turns":4},{"damage":4,"enemies":"Exordium Wildlife","floor":11,"turns":4},{"damage":8,"enemies":"Exordium Thugs","floor":12,"turns":5},{"damage":0,"enemies":"downfall:FleeingMerchant","floor":13,"turns":4},{"damage":43,"enemies":"Lagavulin","floor":14,"turns":10},{"damage":0,"enemies":"Red Slaver","floor":15,"turns":4},{"damage":12,"enemies":"downfall:Watcher","floor":16,"turns":5}],"seed_played":"6952883001244207567","potions_obtained":[{"floor":5,"key":"FearPotion"},{"floor":5,"key":"SpeedPotion"},{"floor":5,"key":"DistilledChaos"},{"floor":10,"key":"SkillPotion"}],"is_trial":false,"path_per_floor":["R","M","M","?","?","M","T","R","E","M","M","M","$","E","M","B"],"character_chosen":"GUARDIAN","items_purchased":["Guardian:PrismaticBeam","Guardian:PickAxe"],"campfire_rested":0,"item_purchase_floors":[13,13],"current_hp_per_floor":[80,80,80,80,80,69,69,69,52,52,48,40,55,12,12,0,0,0],"gold":64,"neow_bonus":"THREE_ENEMY_KILL","is_daily":false,"chose_seed":false,"campfire_upgraded":2,"win_rate":0.0,"timestamp":1609366371,"path_taken":["R","M","M","?","?","M","T","R","E","M","M","?","$","E","M","BOSS"],"items_purchased_type":["Card","Relic"],"build_version":"2020-12-22","purchased_purges":0,"victory":false,"max_hp_per_floor":[80,80,80,80,80,80,80,80,80,80,80,80,80,80,80,80,80,80],"card_choices":[{"not_picked":["Guardian:PrimingBeam","Guardian:ShieldCharger","Guardian:TimeCapacitor"],"picked":"SKIP","floor":2},{"not_picked":["Guardian:VentSteam","Guardian:Reroute","Guardian:Gem_Crimson"],"picked":"SKIP","floor":3},{"not_picked":["Guardian:Preprogram","Guardian:Gem_Green"],"picked":"Guardian:DecasProtection","floor":4},{"not_picked":["Guardian:ShieldCharger","Guardian:TemporalShield"],"picked":"Guardian:Gem_Lightblue","floor":6},{"not_picked":["Guardian:ShieldCharger","Guardian:PrimingBeam"],"picked":"Guardian:Gem_Cyan","floor":9},{"not_picked":["Guardian:MultiBeam","Guardian:Planning"],"picked":"Guardian:CrystalBeam","floor":10},{"not_picked":["Guardian:ConstructionForm","Guardian:Emergency","Guardian:RollAttack"],"picked":"SKIP","floor":11},{"not_picked":["Guardian:Gem_Lightblue","Guardian:Gem_Cyan"],"picked":"Guardian:Harden","floor":12},{"not_picked":["Guardian:TemporalStrike","Guardian:HyperBeam_Guardian","Guardian:DonusPower"],"picked":"SKIP","floor":13},{"not_picked":["Guardian:CrystalBeam","Guardian:ChargeCore"],"picked":"Guardian:Gem_Blue","floor":14},{"not_picked":["Guardian:CrystalBeam","Guardian:Suspension","Guardian:PrimingBeam"],"picked":"SKIP","floor":15}],"player_experience":641652,"relics_obtained":[{"floor":4,"key":"Bag of Marbles"},{"floor":7,"key":"Ornamental Fan"},{"floor":9,"key":"MealTicket"},{"floor":14,"key":"Dream Catcher"}],"event_choices":[{"damage_healed":0,"gold_gain":0,"player_choice":"Got Potions","damage_taken":0,"max_hp_gain":0,"max_hp_loss":0,"event_name":"Lab","floor":5,"gold_loss":0}],"is_beta":false,"boss_relics":[],"items_purged_floors":[],"is_endless":false,"potions_floor_spawned":[6,9,10,11,12],"killed_by":"downfall:Watcher","ascension_level":5}}