{"host":"uikxj58mzlixykyi","time":1609345186,"event":{"mods":["AchievementEnabler","BaseMod","BetterRewards","Colored Map","Colored Powertips","Downfall","Highlight Path","Minty Spire (QoL Compilation)","Rare Cards Sparkle","Replay The Spire","Shop Mod","StSLib"],"gold_per_floor":[0,11,28,133,133,133,133,149,178,196,24,55,55,68,79,176,176,176,189,204,189,202,215,240,240,240,258,286,296,296,20,40,135,135,135,150,150,2,52,52,52,87,87,87,102,134,134,145,156,156],"floor_reached":51,"playtime":3423,"items_purged":["Regret","Slimebound:Defend_Slimebound"],"score":885,"play_id":"1d161738-da37-4fc3-b545-ca0b6f89c4d4","local_time":"20201230181946","is_ascension_mode":true,"campfire_choices":[{"data":"Slimebound:MassRepurpose","floor":1.0,"key":"SMITH"},{"data":"Slimebound:Replication","floor":6.0,"key":"SMITH"},{"floor":13.0,"key":"REST"},{"data":"Slimebound:CorrosiveSpit","floor":18.0,"key":"SMITH"},{"data":"Slimebound:SlimeBarrage","floor":26,"key":"SMITH"},{"data":"Slimebound:Darklings","floor":30,"key":"SMITH"},{"floor":35,"key":"RECALL"},{"floor":40,"key":"DIG"},{"floor":44,"key":"DIG"},{"floor":47,"key":"DIG"}],"circlet_count":0,"master_deck":["Slimebound:Strike_Slimebound","Slimebound:Strike_Slimebound","Slimebound:Strike_Slimebound","Slimebound:Tackle+1","Slimebound:Defend_Slimebound","Slimebound:Defend_Slimebound","Slimebound:Defend_Slimebound","Slimebound:Split+1","Slimebound:CorrosiveSpit+1","Slimebound:MassRepurpose+1","Slimebound:SplitLeeching+1","Slimebound:SplitMire","ReplayTheSpireMod:Splinters","Slimebound:Replication+1","Slimebound:SplitLeeching","Slimebound:LevelUp","Slimebound:SplitMire","Slimebound:ServeAndProtect","Slimebound:Recycling+1","Slimebound:Repurpose","Slimebound:LevelUp+1","Slimebound:ProtectTheBoss+1","Slimebound:Darklings+1","Slimebound:SplitLeeching+1","Slimebound:SlimeBarrage+1","Slimebound:SplitBruiser+1","ReplayTheSpireMod:Splinters","Slimebound:HauntingLick+1","Slimebound:OneTwoCombo","Slimebound:FormOfPuddle+1","Slimebound:DivideAndConquer","Parasite","Slimebound:LeadByExample+1","Slimebound:SplitLeeching+1","Slimebound:Recollect+1"],"relics":["Slimebound:AbsorbEndCombat","Replay:WaspNest","Frozen Egg 2","Question Card","Cursed Key","Pet Ghost","Incense Burner","CaptainsWheel","OrangePellets","Slimebound:TarBlob","Shovel","Juzu Bracelet","Golden Egg","ReplayTheSpireMod:Ring of Addiction","SacredBark","White Beast Statue","Art of War","The Courier","ReplayTheSpireMod:TigerMarble"],"acts_visited":["Exordium","TheCity","TheBeyond"],"potions_floor_usage":[22,28,32,50,50],"damage_taken":[{"damage":10.0,"enemies":"2 Louse","floor":2.0,"turns":2.0},{"damage":9.0,"enemies":"Jaw Worm","floor":3.0,"turns":4.0},{"damage":18.0,"enemies":"Small Slimes","floor":8.0,"turns":3.0},{"damage":46.0,"enemies":"Lagavulin","floor":9.0,"turns":6.0},{"damage":35.0,"enemies":"Exordium Wildlife","floor":10.0,"turns":4.0},{"damage":36.0,"enemies":"downfall:FleeingMerchant","floor":11.0,"turns":4.0},{"damage":31.0,"enemies":"3 Sentries","floor":12.0,"turns":5.0},{"damage":29.0,"enemies":"Blue Slaver","floor":14.0,"turns":4.0},{"damage":10.0,"enemies":"2 Fungi Beasts","floor":15.0,"turns":3.0},{"damage":25.0,"enemies":"downfall:Watcher","floor":16.0,"turns":7.0},{"damage":23.0,"enemies":"Spheric Guardian","floor":19.0,"turns":4.0},{"damage":47.0,"enemies":"Chosen","floor":20.0,"turns":3.0},{"damage":35.0,"enemies":"downfall:FleeingMerchant","floor":21.0,"turns":4.0},{"damage":19,"enemies":"Snake Plant","floor":22,"turns":3},{"damage":59,"enemies":"Shelled Parasite and Fungi","floor":23,"turns":3},{"damage":28,"enemies":"Cultist and Chosen","floor":27,"turns":4},{"damage":50,"enemies":"Gremlin Leader","floor":28,"turns":4},{"damage":35,"enemies":"Centurion and Healer","floor":29,"turns":4},{"damage":15,"enemies":"downfall:FleeingMerchant","floor":31,"turns":3},{"damage":32,"enemies":"Chosen and Byrds","floor":32,"turns":3},{"damage":32,"enemies":"downfall:Defect","floor":33,"turns":4},{"damage":28,"enemies":"3 Shapes","floor":36,"turns":4},{"damage":92,"enemies":"Mind Bloom Boss Battle","floor":39,"turns":4},{"damage":19,"enemies":"Reptomancer","floor":42,"turns":2},{"damage":20,"enemies":"Orb Walker","floor":45,"turns":2},{"damage":58,"enemies":"Giant Head","floor":46,"turns":5},{"damage":69,"enemies":"3 Darklings","floor":48,"turns":4},{"damage":43,"enemies":"Transient","floor":49,"turns":5},{"damage":72,"enemies":"downfall:Silent","floor":50,"turns":4}],"seed_played":"-1147770323153009003","potions_obtained":[{"floor":8.0,"key":"Guardian:BlockOnCardUsePotion"},{"floor":9.0,"key":"DuplicationPotion"},{"floor":10.0,"key":"Adrenaline Potion"},{"floor":12.0,"key":"hexamod:EctoCoolerPotion"},{"floor":14.0,"key":"Dexterity Potion"},{"floor":20.0,"key":"Elixir"},{"floor":22,"key":"DistilledChaos"},{"floor":28,"key":"Elixir"},{"floor":29,"key":"Fire Potion"},{"floor":43,"key":"Block Potion"},{"floor":46,"key":"Slimebound:ThreeZeroPotion"}],"is_trial":false,"path_per_floor":["R","M","M","?","?","R","T","M","E","M","$","E","R","M","M","B",null,"R","M","M","$","M","M","T","?","R","M","E","M","R","$","M","B",null,"R","M","?","$","?","R","T","E","?","R","M","E","R","M","M","B",null],"character_chosen":"SLIMEBOUND","items_purchased":["Slimebound:Repurpose","Slimebound:LevelUp+1","CaptainsWheel","Slimebound:HauntingLick+1","OrangePellets","Weak Potion"],"campfire_rested":1,"item_purchase_floors":[11,11,31,31,31,38],"current_hp_per_floor":[60,57,60,60,60,60,60,60,34,39,39,30,48,35,45,44,60,60,56,59,60,55,43,43,60,60,60,54,56,56,60,56,56,60,60,60,60,60,60,60,60,60,60,60,60,60,58,39,54,50],"gold":156,"neow_bonus":"THREE_RARE_CARDS","is_daily":false,"chose_seed":false,"campfire_upgraded":5,"win_rate":0.0,"timestamp":1609345186,"path_taken":["R","M","M","?","?","R","T","M","E","M","?","E","R","M","M","BOSS","R","M","M","$","M","M","T","?","R","M","E","M","R","$","M","BOSS","R","M","?","$","?","R","T","E","?","R","M","E","R","M","M","BOSS"],"items_purchased_type":["Card","Card","Relic","Card","Relic","Potion"],"build_version":"2020-12-22","purchased_purges":2,"victory":true,"max_hp_per_floor":[60,60,60,60,60,60,60,60,60,60,60,60,60,60,60,60,60,60,60,60,60,60,60,60,60,60,60,60,60,60,60,60,60,60,60,60,60,60,60,60,60,60,60,60,60,60,58,58,58,56],"card_choices":[{"not_picked":["Slimebound:OneTwoCombo","Slimebound:WasteNot"],"picked":"Slimebound:MassRepurpose","floor":0.0},{"not_picked":["Slimebound:Chomp","Slimebound:TongueLash"],"picked":"Slimebound:SplitLeeching","floor":2.0},{"not_picked":["Slimebound:DivideAndConquer","Slimebound:FormOfPuddle"],"picked":"Slimebound:SplitMire","floor":3.0},{"not_picked":["Slimebound:ViciousTackle","Slimebound:LeechingTouch"],"picked":"Slimebound:Replication","floor":4.0},{"not_picked":["Slimebound:RainOfGoop","Slimebound:ComboTackle"],"picked":"Slimebound:SplitLeeching","floor":4.0},{"not_picked":["Slimebound:SlimeBrawl","Slimebound:Prepare"],"picked":"Slimebound:LevelUp","floor":4.0},{"not_picked":["Slimebound:GoopTackle","Slimebound:SplitBruiser"],"picked":"Slimebound:SplitMire","floor":8.0},{"not_picked":["Slimebound:ViciousTackle","Slimebound:GrowthPunch"],"picked":"Slimebound:ServeAndProtect","floor":9.0},{"not_picked":["Slimebound:GrowthPunch","Slimebound:RollThrough"],"picked":"Slimebound:Recycling+1","floor":10.0},{"not_picked":["Slimebound:BestDefense+1","Slimebound:PrepareCrush","Slimebound:SplitSpecialist"],"picked":"SKIP","floor":11.0},{"not_picked":["Slimebound:LivingWall","Slimebound:SplitBruiser","Slimebound:SpikyOuterGoop+1"],"picked":"SKIP","floor":12.0},{"not_picked":["Slimebound:AcidTongue+1","Slimebound:LeechEnergy","Slimebound:ComboTackle"],"picked":"Slimebound:ProtectTheBoss+1","floor":14.0},{"not_picked":["Slimebound:LeechingTouch","Slimebound:ComboTackle","Slimebound:FinishingTackle","Slimebound:LivingWall"],"picked":"SKIP","floor":15.0},{"not_picked":["Slimebound:SlimeSlap","Slimebound:MassFeed","Slimebound:OozeBath"],"picked":"Slimebound:Darklings","floor":16.0},{"not_picked":["Slimebound:FinishingTackle","Slimebound:GoopSpray","Slimebound:RainOfGoop+1"],"picked":"Slimebound:SplitLeeching+1","floor":19.0},{"not_picked":["Slimebound:DivideAndConquer","Slimebound:ForwardTackle","Slimebound:Repurpose"],"picked":"Slimebound:SlimeBarrage","floor":20.0},{"not_picked":["Slimebound:Repurpose","Slimebound:SamplingLick","Slimebound:ComboTackle","Slimebound:GrowthPunch"],"picked":"SKIP","floor":21.0},{"not_picked":["Slimebound:Gluttony+1","Slimebound:GoopSpray","Slimebound:Replication","Slimebound:SlimeBarrage"],"picked":"SKIP","floor":22},{"not_picked":["Slimebound:SamplingLick","Slimebound:GoopSpray","Slimebound:CheckThePlaybook"],"picked":"Slimebound:SplitBruiser+1","floor":23},{"not_picked":["Slimebound:PressTheAttack+1","Slimebound:LeechingTouch","Slimebound:SpikyOuterGoop+1","Slimebound:SplitBruiser"],"picked":"SKIP","floor":27},{"not_picked":["Slimebound:Dissolve","Slimebound:Schlurp","Slimebound:SamplingLick","Slimebound:Replication"],"picked":"SKIP","floor":28},{"not_picked":["Slimebound:SlimeBrawl","Slimebound:SlimeSpikes","Slimebound:PressTheAttack","Slimebound:Schlurp"],"picked":"SKIP","floor":29},{"not_picked":["Slimebound:MassRepurpose","Slimebound:Repurpose","Slimebound:PressTheAttack","Slimebound:ServeAndProtect+1"],"picked":"SKIP","floor":31},{"not_picked":["Slimebound:Nibble","Slimebound:LeechEnergy","Slimebound:PressTheAttack+1","Slimebound:DisruptingSlam"],"picked":"SKIP","floor":32},{"not_picked":["Slimebound:RallyTheTroops","Slimebound:Overexert+1","Slimebound:DouseInSlime"],"picked":"Slimebound:OneTwoCombo","floor":33},{"not_picked":["Slimebound:DivideAndConquer+1","Slimebound:SlimeSpikes+1","Slimebound:Repurpose+1"],"picked":"Slimebound:FormOfPuddle+1","floor":36},{"not_picked":["Slimebound:GoopTackle+1","Slimebound:SplitLeeching","Slimebound:SplitMire"],"picked":"Slimebound:DivideAndConquer","floor":39},{"not_picked":["Slimebound:ItLooksTasty+1","Slimebound:SplitMire+1","Slimebound:GrowthPunch+1"],"picked":"Slimebound:LeadByExample+1","floor":42},{"not_picked":["Slimebound:SamplingLick","Slimebound:GoopSpray","Slimebound:Grow+1"],"picked":"Slimebound:SplitLeeching+1","floor":45},{"not_picked":["Slimebound:PressTheAttack+1","Slimebound:SlimeBarrage","Slimebound:SplitAcid+1"],"picked":"Slimebound:Recollect+1","floor":46},{"not_picked":["Slimebound:GoopSpray+1","Slimebound:Recycling+1","Slimebound:FlameTackle","Slimebound:Dissolve+1"],"picked":"SKIP","floor":48},{"not_picked":["Slimebound:Schlurp+1","Slimebound:ComboTackle+1","Slimebound:Equalize+1","Slimebound:ServeAndProtect+1"],"picked":"SKIP","floor":49}],"player_experience":70381,"relics_obtained":[{"floor":7.0,"key":"Replay:WaspNest"},{"floor":9.0,"key":"Frozen Egg 2"},{"floor":12.0,"key":"Question Card"},{"floor":24,"key":"Pet Ghost"},{"floor":28,"key":"Incense Burner"},{"floor":39,"key":"Shovel"},{"floor":40,"key":"Juzu Bracelet"},{"floor":42,"key":"Golden Egg"},{"floor":43,"key":"ReplayTheSpireMod:Ring of Addiction"},{"floor":43,"key":"SacredBark"},{"floor":43,"key":"White Beast Statue"},{"floor":44,"key":"Art of War"},{"floor":46,"key":"The Courier"},{"floor":47,"key":"ReplayTheSpireMod:TigerMarble"}],"event_choices":[{"damage_healed":20,"gold_gain":0,"player_choice":"Heal","damage_taken":0,"max_hp_gain":0,"max_hp_loss":0,"event_name":"The Library","floor":25,"gold_loss":0}],"is_beta":false,"boss_relics":[{"not_picked":["downfall:Hecktoplasm","SacredBark"],"picked":"Cursed Key"},{"not_picked":["Philosopher\u0027s Stone","Velvet Choker"],"picked":"Slimebound:TarBlob"}],"items_purged_floors":[31,38],"is_endless":false,"potions_floor_spawned":[8,9,10,12,14,15,20,22,28,29,42,45,46,48,49],"ascension_level":2}}