{"host":"68ryiucqar8jyfi2","time":1609351601,"event":{"mods":["2.2 Compatiblity","Act Like it!","Aspiration","BaseMod","Better Match","Better Note","Better Skull","Better Third Choice","CCEM","CapriCore","Curses Come First","Defuse TimeMaze Blight","Displayed Cursed Tome","Emptier Cage","Energized Spire","Friendly Minions","GifTheSpireLib","HexUI Lib","Hubris","Hyrulean Relics","Infinite Spire","Minty Spire (QoL Compilation)","Permanent Neow","RNG Fix","Replay The Spire","Robot Space Explorer","StSLib","Stuff the Spire","The Blue Laboratory","Trackpad","Transform Curses","Uncapped","Wandering Minibosses"],"gold_per_floor":[116,679,283,283,283,283,283,303,303,303,303,203,203,168,168,168,168],"floor_reached":16,"playtime":226,"items_purged":["Strike_P","Regret"],"score":84,"play_id":"45d2e8ad-9cb8-4534-a9bf-46f23a7b5a60","local_time":"20201230180641","daily_mods":["Vintage","Heirloom","Flight"],"is_ascension_mode":false,"campfire_choices":[{"data":"LikeWater","floor":6,"key":"SMITH"},{"data":"Eruption","floor":10,"key":"SMITH"},{"data":"Vigilance","floor":11,"key":"SMITH"},{"data":"Sickly","floor":15,"key":"PURGE"}],"circlet_count":0,"master_deck":["Strike_P","Strike_P","Strike_P","Defend_P+1","Defend_P","Defend_P","Defend_P","Eruption+1","Vigilance+1","LikeWater+1"],"relics":["PureWater","Turnip","Juzu Bracelet","hubris:PeanutButter","StuffTheSpire:RedRose","hubris:Towel","ReplayTheSpireMod:Ring of Exchange","Replay:Ringing Soul","zeldaRelics:CouragePiece"],"acts_visited":["Exordium"],"potions_floor_usage":[],"damage_taken":[{"damage":2,"enemies":"Small Slimes","floor":1,"turns":2},{"damage":0,"enemies":"2 Louse","floor":8,"turns":2},{"damage":42,"enemies":"Hexaghost","floor":16,"turns":9}],"seed_played":"5046187631956677151","potions_obtained":[{"floor":8,"key":"SmokeBomb"}],"is_trial":true,"path_per_floor":["M","?","$","?","?","R","?","M","T","R","R","$","?","?","R","B"],"character_chosen":"WATCHER","items_purchased":["LikeWater","hubris:PeanutButter"],"campfire_rested":0,"item_purchase_floors":[3,3],"current_hp_per_floor":[70,24,24,24,24,24,24,24,24,24,24,24,24,42,42,0,0],"gold":168,"neow_bonus":"","is_daily":false,"chose_seed":false,"campfire_upgraded":3,"win_rate":0.0,"timestamp":1609351601,"path_taken":["M","?","$","?","?","R","?","M","T","R","R","$","?","?","R","BOSS"],"items_purchased_type":["Card","Relic"],"build_version":"2020-12-22","purchased_purges":2,"victory":false,"max_hp_per_floor":[72,72,72,72,72,72,72,72,72,72,72,72,72,72,72,72,72],"card_choices":[],"player_experience":188152,"relics_obtained":[{"floor":1,"key":"Juzu Bracelet"},{"floor":7,"key":"ReplayTheSpireMod:Ring of Exchange"},{"floor":8,"key":"Replay:Ringing Soul"},{"floor":9,"key":"zeldaRelics:CouragePiece"}],"event_choices":[{"damage_healed":0,"gold_gain":563,"player_choice":"GO GO GO GO GO ","damage_taken":51,"relics_obtained":[],"max_hp_gain":0,"max_hp_loss":0,"event_name":"betterSkull:BetterSkull","floor":2,"gold_loss":0,"cards_upgraded":[]},{"damage_healed":18,"gold_gain":0,"player_choice":"Healed","damage_taken":0,"max_hp_gain":0,"max_hp_loss":0,"event_name":"The Cleric","floor":14,"gold_loss":35}],"is_beta":false,"boss_relics":[],"items_purged_floors":[3,12],"is_endless":false,"potions_floor_spawned":[8],"killed_by":"Hexaghost","ascension_level":0}}