{"host":"x5anfo2w8aotfuta","time":1609292086,"event":{"mods":["AchievementEnabler","BaseMod","Bestiary","Block Reminder","Colored Map","Colored Powertips","DeckTracker","Highlight Path","Minty Spire (QoL Compilation)","Quick Restart","Rare Cards Sparkle","Relic Stats","StSLib"],"gold_per_floor":[117,127,144,144,155,155,175,206,256,256,283,283,84,104,104,207,207,227,247,267,267,279,279,1,1,1,1,18,44,44,57,57,159,159,170,170,170,190,34,59,59,90,116,116,151,164,175,185,185,185,185],"floor_reached":50,"playtime":9081,"items_purged":["Strike_B","Shame"],"score":798,"play_id":"a98c4dd1-3f43-4880-a8c4-7e48e3736103","local_time":"20201229173446","is_ascension_mode":true,"campfire_choices":[{"data":"Zap","floor":6,"key":"SMITH"},{"floor":10,"key":"REST"},{"data":"Machine Learning","floor":12,"key":"SMITH"},{"floor":15,"key":"REST"},{"data":"Defragment","floor":23,"key":"SMITH"},{"floor":25,"key":"REST"},{"data":"Coolheaded","floor":30,"key":"SMITH"},{"data":"Coolheaded","floor":32,"key":"SMITH"},{"data":"Hologram","floor":41,"key":"SMITH"},{"floor":49,"key":"RECALL"}],"circlet_count":0,"master_deck":["Strike_B","Strike_B","Strike_B","Defend_B","Defend_B","Defend_B","Defend_B","Zap+1","Dualcast","Ball Lightning","Conserve Battery","Sunder","Sweeping Beam","Go for the Eyes","Conserve Battery","Machine Learning+1","Coolheaded+1","Static Discharge","Static Discharge","Echo Form","Glacier","Melter","Reinforced Body+1","Defragment+1","Amplify","Tempest","Reinforced Body","Lockon","Coolheaded+1","Creative AI","Hologram+1","Finesse","Glacier+1","Force Field"],"relics":["Cracked Core","Smiling Mask","Dream Catcher","Cables","Bronze Scales","Happy Flower","Sozu","Meat on the Bone","Anchor","FossilizedHelix","Torii","Philosopher\u0027s Stone","Lee\u0027s Waffle","Regal Pillow","Dead Branch","Ornamental Fan"],"acts_visited":["Exordium","TheCity","TheBeyond"],"potions_floor_usage":[3,8,18,25],"damage_taken":[{"damage":4,"enemies":"2 Louse","floor":1,"turns":3},{"damage":6,"enemies":"Cultist","floor":2,"turns":3},{"damage":1,"enemies":"Small Slimes","floor":3,"turns":2},{"damage":6,"enemies":"Blue Slaver","floor":5,"turns":4},{"damage":0,"enemies":"3 Louse","floor":7,"turns":2},{"damage":20,"enemies":"Lagavulin","floor":8,"turns":7},{"damage":23,"enemies":"3 Sentries","floor":11,"turns":5},{"damage":19,"enemies":"Exordium Wildlife","floor":14,"turns":5},{"damage":8,"enemies":"The Guardian","floor":16,"turns":9},{"damage":8,"enemies":"2 Thieves","floor":18,"turns":4},{"damage":0,"enemies":"3 Byrds","floor":19,"turns":2},{"damage":2,"enemies":"Cultist and Chosen","floor":20,"turns":6},{"damage":16,"enemies":"Centurion and Healer","floor":22,"turns":6},{"damage":12,"enemies":"Shelled Parasite and Fungi","floor":28,"turns":5},{"damage":7,"enemies":"Book of Stabbing","floor":29,"turns":6},{"damage":0,"enemies":"Chosen and Byrds","floor":31,"turns":4},{"damage":8,"enemies":"Automaton","floor":33,"turns":12},{"damage":15,"enemies":"3 Shapes","floor":35,"turns":4},{"damage":23,"enemies":"3 Darklings","floor":38,"turns":4},{"damage":0,"enemies":"Nemesis","floor":40,"turns":9},{"damage":59,"enemies":"Giant Head","floor":42,"turns":9},{"damage":0,"enemies":"Reptomancer","floor":45,"turns":9},{"damage":18,"enemies":"Jaw Worm Horde","floor":46,"turns":6},{"damage":1,"enemies":"Transient","floor":47,"turns":5},{"damage":0,"enemies":"4 Shapes","floor":48,"turns":5},{"damage":62,"enemies":"Awakened One","floor":50,"turns":4}],"seed_played":"-6149318558624319320","potions_obtained":[{"floor":1,"key":"Fire Potion"},{"floor":3,"key":"Swift Potion"},{"floor":7,"key":"LiquidBronze"},{"floor":16,"key":"Block Potion"}],"is_trial":false,"path_per_floor":["M","M","M","?","M","R","M","E","T","R","E","R","$","M","R","B",null,"M","M","M","?","M","R","$","R","T","?","M","E","R","M","R","B",null,"M","?","?","M","$","E","R","E","T","?","E","M","M","M","R","B"],"character_chosen":"DEFECT","items_purchased":["Coolheaded","Fruit Juice","Anchor","Amplify","Lee\u0027s Waffle"],"campfire_rested":3,"item_purchase_floors":[13,13,24,24,39],"current_hp_per_floor":[64,58,57,57,51,51,51,31,31,53,30,30,30,11,33,25,63,55,55,53,53,49,49,49,78,78,78,66,59,59,59,59,51,73,58,58,58,47,83,83,83,36,36,36,48,42,53,53,53,0,0],"gold":185,"neow_bonus":"RANDOM_COMMON_RELIC","is_daily":false,"chose_seed":false,"campfire_upgraded":6,"win_rate":0.0,"timestamp":1609292086,"path_taken":["M","M","M","?","M","R","?","E","T","R","E","R","?","?","R","BOSS","M","M","M","?","M","R","$","R","T","?","M","E","R","M","R","BOSS","M","?","?","M","$","E","R","E","T","?","E","?","M","M","R","BOSS"],"items_purchased_type":["Card","Potion","Relic","Card","Relic"],"build_version":"2020-12-22","purchased_purges":2,"victory":false,"max_hp_per_floor":[75,75,75,75,75,75,75,75,75,75,75,75,75,75,75,75,75,75,75,75,75,75,75,75,80,80,80,80,80,80,80,80,80,80,80,80,76,76,83,83,83,83,83,83,83,83,83,83,83,83,83],"relic_stats":{"Lee\u0027s Waffle":36,"Regal Pillow":0,"Happy Flower":[38],"Torii":6,"counters":[26,140],"Dead Branch":[7],"Smiling Mask":75,"Cables":[103,66,37,0,0],"Sozu":7,"Dream Catcher":3,"Ornamental Fan":[8],"Bronze Scales":[471],"obtain_stats":[{"Lee\u0027s Waffle":39,"Regal Pillow":40,"Happy Flower":11,"Torii":29,"Dead Branch":42,"Smiling Mask":0,"Cables":8,"Sozu":17,"Dream Catcher":4,"Anchor":24,"Ornamental Fan":45,"Bronze Scales":9,"Philosopher\u0027s Stone":34,"Cracked Core":0,"FossilizedHelix":26,"Meat on the Bone":21},{"Lee\u0027s Waffle":19,"Regal Pillow":20,"Happy Flower":7,"Torii":15,"Dead Branch":21,"Smiling Mask":0,"Cables":6,"Sozu":9,"Dream Catcher":3,"Anchor":13,"Ornamental Fan":22,"Bronze Scales":6,"Philosopher\u0027s Stone":17,"Cracked Core":0,"FossilizedHelix":13,"Meat on the Bone":12},{"Lee\u0027s Waffle":93,"Regal Pillow":102,"Happy Flower":26,"Torii":69,"Dead Branch":111,"Smiling Mask":0,"Cables":21,"Sozu":40,"Dream Catcher":8,"Anchor":58,"Ornamental Fan":120,"Bronze Scales":21,"Philosopher\u0027s Stone":85,"Cracked Core":0,"FossilizedHelix":58,"Meat on the Bone":52}],"Meat on the Bone":72},"card_choices":[{"not_picked":["Lockon","Hello World"],"picked":"Ball Lightning","floor":1},{"not_picked":["Redo","Ball Lightning"],"picked":"Conserve Battery","floor":2},{"not_picked":["Gash","Compile Driver","White Noise"],"picked":"SKIP","floor":3},{"not_picked":["Thunder Strike","Coolheaded"],"picked":"Sunder","floor":5},{"not_picked":["Ball Lightning","Meteor Strike"],"picked":"Sweeping Beam","floor":7},{"not_picked":["Lockon","Compile Driver"],"picked":"Go for the Eyes","floor":8},{"not_picked":["Hello World","Force Field"],"picked":"Conserve Battery","floor":10},{"not_picked":["Hologram","Stack"],"picked":"Machine Learning","floor":11},{"not_picked":["Cold Snap","Redo"],"picked":"Static Discharge","floor":14},{"not_picked":["Turbo","Steam"],"picked":"Static Discharge","floor":15},{"not_picked":["Amplify","Creative AI"],"picked":"Echo Form","floor":16},{"not_picked":["Lockon","Compile Driver"],"picked":"Glacier","floor":18},{"not_picked":["Beam Cell","Blizzard"],"picked":"Melter","floor":19},{"not_picked":["Ball Lightning+1","Barrage"],"picked":"Reinforced Body+1","floor":20},{"not_picked":["Cold Snap","Chill"],"picked":"Defragment","floor":22},{"not_picked":["Force Field","Steam Power"],"picked":"Tempest","floor":25},{"not_picked":["BootSequence","Redo"],"picked":"Reinforced Body","floor":28},{"not_picked":["Steam+1","White Noise"],"picked":"Lockon","floor":29},{"not_picked":["Conserve Battery","Compile Driver"],"picked":"Coolheaded","floor":31},{"not_picked":["Electrodynamics","Fission"],"picked":"Creative AI","floor":33},{"not_picked":["Sweeping Beam+1","Gash+1"],"picked":"Hologram","floor":35},{"not_picked":["Discovery","Blind"],"picked":"Finesse","floor":36},{"not_picked":["Darkness+1","Leap+1","Glacier"],"picked":"SKIP","floor":38},{"not_picked":["Beam Cell","Sweeping Beam","Rebound+1"],"picked":"SKIP","floor":40},{"not_picked":["Skim","Coolheaded"],"picked":"Glacier+1","floor":42},{"not_picked":["FTL+1","Rebound+1","Melter+1"],"picked":"SKIP","floor":45},{"not_picked":["Stack+1","White Noise+1","Steam+1"],"picked":"SKIP","floor":46},{"not_picked":["Blizzard","Steam+1","Skim"],"picked":"SKIP","floor":47},{"not_picked":["Creative AI","Compile Driver"],"picked":"Force Field","floor":48}],"player_experience":398436,"relics_obtained":[{"floor":8,"key":"Cables"},{"floor":9,"key":"Bronze Scales"},{"floor":11,"key":"Happy Flower"},{"floor":26,"key":"FossilizedHelix"},{"floor":29,"key":"Torii"},{"floor":40,"key":"Regal Pillow"},{"floor":42,"key":"Dead Branch"},{"floor":45,"key":"Ornamental Fan"}],"event_choices":[{"damage_healed":0,"gold_gain":0,"player_choice":"Gave Potion","damage_taken":0,"relics_obtained":["Dream Catcher"],"max_hp_gain":0,"max_hp_loss":0,"event_name":"WeMeetAgain","floor":4,"gold_loss":0},{"damage_healed":0,"gold_gain":0,"player_choice":"Stole Relic","damage_taken":0,"relics_obtained":["Meat on the Bone"],"max_hp_gain":0,"max_hp_loss":0,"event_name":"Addict","floor":21,"gold_loss":0,"cards_obtained":["Shame"]},{"damage_healed":0,"gold_gain":0,"player_choice":"Ignored","damage_taken":0,"max_hp_gain":0,"max_hp_loss":0,"event_name":"The Mausoleum","floor":27,"gold_loss":0},{"damage_healed":0,"gold_gain":0,"player_choice":"Memory 1","damage_taken":0,"max_hp_gain":0,"max_hp_loss":0,"event_name":"SensoryStone","floor":36,"gold_loss":0},{"damage_healed":0,"gold_gain":0,"player_choice":"Max HP","damage_taken":0,"max_hp_gain":0,"max_hp_loss":4,"event_name":"Winding Halls","floor":37,"gold_loss":0},{"damage_healed":0,"gold_gain":0,"player_choice":"Ignored","damage_taken":0,"max_hp_gain":0,"max_hp_loss":0,"event_name":"Mysterious Sphere","floor":44,"gold_loss":0}],"is_beta":false,"boss_relics":[{"not_picked":["SlaversCollar","Busted Crown"],"picked":"Sozu"},{"not_picked":["Fusion Hammer","Calling Bell"],"picked":"Philosopher\u0027s Stone"}],"items_purged_floors":[13,24],"is_endless":false,"potions_floor_spawned":[1,3,7,16,18,19,28,29,35,42,47],"killed_by":"Awakened One","ascension_level":6}}