{"host":"nox","time":1609335157,"event":{"mods":["Act Like it!","Aspiration","BaseMod","Better Altar","Better Match","Better Note","Better Sensory Stone","Better Skull","Better Third Choice","BetterRewards","Colored Powertips","Conspire","Energized Spire","GifTheSpireLib","Hubris","Infinite Spire","Minty Spire (QoL Compilation)","Pale of the Ancients","Quick Restart","Rare Cards Sparkle","Replay The Spire","Shop Mod","Spikes Relics","StSLib","Stuff the Spire","SuperFastMode","The Alterego","vexMod"],"gold_per_floor":[109,109,119,131,150,150,175,195,244,258,223,248,91,91,91,190,190,210,150,166,178,100,127,127,127,127,152,163,176,176,176],"floor_reached":30,"playtime":1144,"items_purged":[],"score":381,"play_id":"b985cd21-5131-4271-9174-eaccaf6f821d","local_time":"20201230203237","is_ascension_mode":true,"campfire_choices":[{"floor":6.0,"key":"REST"},{"data":"Bane","floor":15.0,"key":"SMITH"},{"floor":24.0,"key":"REST"}],"circlet_count":0,"master_deck":["Strike_G","Strike_G+1","Strike_G","Strike_G+1","Strike_G","Defend_G","Defend_G","Defend_G","Defend_G","Defend_G","Survivor+1","Neutralize+1","Poisoned Stab","Deadly Poison","Poisoned Stab","Bane+1","A Thousand Cuts","Bane","hubris:Counter+1","Flying Knee+1","Footwork","Finisher+1","Skewer"],"relics":["Ring of the Snake","StuffTheSpire:WitherSkull","Replay:Baseball","Pantograph","ClockworkSouvenir","energizedSpire:DeadBattery","hubris:ToyBattleship","infinitespire:BottledMercury","MiniBlackHole"],"acts_visited":["Exordium","TheCity"],"potions_floor_usage":[30,30,30],"damage_taken":[{"damage":1.0,"enemies":"Jaw Worm","floor":1.0,"turns":6.0},{"damage":0.0,"enemies":"Cultist","floor":3.0,"turns":4.0},{"damage":0.0,"enemies":"Small Slimes","floor":4.0,"turns":3.0},{"damage":3.0,"enemies":"Looter","floor":5.0,"turns":3.0},{"damage":21.0,"enemies":"Lagavulin","floor":7.0,"turns":6.0},{"damage":0.0,"enemies":"Exordium Thugs","floor":8.0,"turns":4.0},{"damage":2.0,"enemies":"Blue Slaver","floor":10.0,"turns":3.0},{"damage":10.0,"enemies":"3 Sentries","floor":12.0,"turns":6.0},{"damage":40.0,"enemies":"Fading Forest","floor":16.0,"turns":11.0},{"damage":9.0,"enemies":"Shell Parasite","floor":18.0,"turns":4.0},{"damage":15.0,"enemies":"2 Thieves","floor":20.0,"turns":4.0},{"damage":5.0,"enemies":"Snecko","floor":21.0,"turns":4.0},{"damage":13.0,"enemies":"Gremlin Leader","floor":23.0,"turns":6.0},{"damage":31.0,"enemies":"Slavers","floor":27.0,"turns":3.0},{"damage":6.0,"enemies":"Centurion and Healer","floor":28.0,"turns":4.0},{"damage":2.0,"enemies":"Chosen and Byrds","floor":29.0,"turns":3.0},{"damage":6,"enemies":"Snake Plant","floor":30,"turns":1}],"seed_played":"1101436737185365115","potions_obtained":[{"floor":3.0,"key":"Venom Potion"},{"floor":7.0,"key":"PowerPotion"},{"floor":8.0,"key":"ColorlessPotion"},{"floor":10.0,"key":"SteroidPotion"},{"floor":14.0,"key":"EntropicBrew"},{"floor":14.0,"key":"DistilledChaos"},{"floor":23.0,"key":"Weak Potion"},{"floor":28.0,"key":"Swift Potion"},{"floor":29.0,"key":"Energy Potion"}],"is_trial":false,"path_per_floor":["M","?","M","M","M","R","E","M","T","M","?","E","$","?","R","B",null,"M","?","M","M","$","E","R","?","T","E","M","M","M"],"character_chosen":"THE_SILENT","items_purchased":["ClockworkSouvenir","Footwork"],"campfire_rested":2,"item_purchase_floors":[13,22],"current_hp_per_floor":[69,16,16,16,13,36,15,15,15,13,32,22,22,22,22,7,60,51,51,36,31,31,18,41,41,41,10,4,2,0,0],"gold":176,"neow_bonus":"TEN_PERCENT_HP_BONUS","is_daily":false,"chose_seed":false,"campfire_upgraded":1,"win_rate":0.0,"timestamp":1609335157,"path_taken":["M","?","M","M","?","R","E","M","T","M","?","E","$","?","R","BOSS","M","?","M","M","$","E","R","?","T","E","M","M","?"],"items_purchased_type":["Relic","Card"],"build_version":"2020-11-17","purchased_purges":0,"victory":false,"max_hp_per_floor":[77,77,77,77,77,77,77,77,77,77,77,77,77,77,77,77,77,77,77,77,77,77,77,77,77,77,77,77,77,77,77],"card_choices":[{"not_picked":["Prepared","ReplayTheSpireMod:Scrap Shanks"],"picked":"Poisoned Stab","floor":1.0},{"not_picked":["StuffTheSpire:Repulse","Predator","Flying Knee"],"picked":"SKIP","floor":3.0},{"not_picked":["StuffTheSpire:Python","Flying Knee"],"picked":"Deadly Poison","floor":4.0},{"not_picked":["PiercingWail","hubris:SlightOfHand","Slice"],"picked":"SKIP","floor":5.0},{"not_picked":["Choke","Flying Knee","StuffTheSpire:Repulse"],"picked":"SKIP","floor":7.0},{"not_picked":["Sucker Punch","Blade Dance"],"picked":"Poisoned Stab","floor":8.0},{"not_picked":["Acrobatics","hubris:SlightOfHand","Replay:Bag of Tricks"],"picked":"SKIP","floor":10.0},{"not_picked":["PiercingWail","Backflip"],"picked":"Bane","floor":12.0},{"not_picked":["aspiration:Lunge","Corpse Explosion"],"picked":"A Thousand Cuts","floor":16.0},{"not_picked":["Acrobatics","Finisher"],"picked":"Bane","floor":18.0},{"not_picked":["Underhanded Strike","Blur"],"picked":"hubris:Counter+1","floor":20.0},{"not_picked":["Prepared+1","Dagger Throw+1"],"picked":"Flying Knee+1","floor":21.0},{"not_picked":["Masterful Stab","hubris:Sniper"],"picked":"Finisher+1","floor":23.0},{"not_picked":["Poison Darts","Underhanded Strike+1","Dodge and Roll"],"picked":"SKIP","floor":27.0},{"not_picked":["PiercingWail","Dodge and Roll"],"picked":"Skewer","floor":28.0},{"not_picked":["Prepared","Cloak And Dagger","Slice"],"picked":"SKIP","floor":29.0}],"player_experience":281942,"relics_obtained":[{"floor":7.0,"key":"StuffTheSpire:WitherSkull"},{"floor":9.0,"key":"Replay:Baseball"},{"floor":12.0,"key":"Pantograph"},{"floor":23.0,"key":"hubris:ToyBattleship"},{"floor":25.0,"key":"infinitespire:BottledMercury"},{"floor":27.0,"key":"MiniBlackHole"}],"event_choices":[{"damage_healed":0.0,"max_hp_gain":0.0,"max_hp_loss":0.0,"gold_gain":0.0,"event_name":"betterSkull:BetterSkull","player_choice":"UP UP UP UP ","floor":2.0,"gold_loss":0.0,"damage_taken":61.0,"cards_upgraded":["Survivor","Neutralize","Strike_G","Strike_G"],"relics_obtained":[]},{"damage_healed":0.0,"max_hp_gain":0.0,"max_hp_loss":0.0,"gold_gain":0.0,"event_name":"betterSkull:BetterSkull","player_choice":"UP UP UP UP ","floor":2.0,"gold_loss":0.0,"damage_taken":61.0,"cards_upgraded":["Survivor","Neutralize","Strike_G","Strike_G"],"relics_obtained":[]},{"damage_healed":19.0,"max_hp_gain":0.0,"max_hp_loss":0.0,"gold_gain":0.0,"event_name":"The Cleric","player_choice":"Healed","floor":11.0,"gold_loss":35.0,"damage_taken":0.0},{"damage_healed":0.0,"max_hp_gain":0.0,"max_hp_loss":0.0,"gold_gain":0.0,"event_name":"Lab","player_choice":"Got Potions","floor":14.0,"gold_loss":0.0,"damage_taken":0.0},{"damage_healed":0.0,"max_hp_gain":0.0,"max_hp_loss":0.0,"gold_gain":0.0,"event_name":"Wheel of Change","player_choice":"Relic","floor":25.0,"gold_loss":0.0,"damage_taken":0.0}],"is_beta":true,"boss_relics":[{"not_picked":["aspiration:PoetsPen_weak","hubris:BlackHole"],"picked":"energizedSpire:DeadBattery"}],"items_purged_floors":[],"is_endless":false,"potions_floor_spawned":[3,7,8,10,20,23,28,29],"killed_by":"Snake Plant","ascension_level":7}}