{"host":"agflykcedf93aoo8","time":1609349878,"event":{"mods":["BaseMod","Hermit","Minty Spire (QoL Compilation)","StSLib","Td1madao Mod","The Bug Knight","The Cursed","The Gatherer","The Hierophant","The Runesmith"],"gold_per_floor":[117,117,117,117,292,317,267,267,267,277,23,50,50,50,50,154,154,173,184,184,109,109,135,135,147,217,232,232,232,252,40,40,136,136,162,17,17,17,86,122,122,158,203,237,269,307,5,62,62,69,69,69,19,94,101,101],"floor_reached":55,"playtime":6477,"items_purged":[],"score":872,"play_id":"7a5e989d-dc80-4243-83b5-97d2754d591b","local_time":"20201231023758","is_ascension_mode":false,"campfire_choices":[{"data":"hermit:GoldenBullet","floor":8.0,"key":"SMITH"},{"data":"hermit:EyeOfTheStorm","floor":13.0,"key":"SMITH"},{"data":"hermit:Covet","floor":15.0,"key":"SMITH"},{"floor":24.0,"key":"REST"},{"data":"hermit:Midnight","floor":29.0,"key":"SMITH"},{"floor":32.0,"key":"RECALL"},{"data":"hermit:DeadOrAlive","floor":41.0,"key":"SMITH"},{"data":"hermit:Defend_Hermit","floor":49.0,"key":"SMITH"},{"data":"hermit:Defend_Hermit","floor":52.0,"key":"SMITH"}],"circlet_count":0,"master_deck":["hermit:Strike_Hermit","hermit:Strike_Hermit+1","hermit:Strike_Hermit","hermit:Strike_Hermit+1","hermit:Defend_Hermit","hermit:Defend_Hermit+1","hermit:Defend_Hermit+1","hermit:Covet+1","hermit:GoldenBullet+1","hermit:Midnight+1","hermit:EyeOfTheStorm+1","hermit:LuckOfTheDraw+1","hermit:FromBeyond+1","hermit:LoneWolf+1","hermit:Virtue+1","hermit:Maintenance+1","hermit:Snipe+1","hermit:FlashPowder+1","hermit:Shortfuse","hermit:GhostlyPresence+1","Secret Technique+1","hermit:DeadOrAlive+1","hermit:Scavenge+1","Finesse+1","Thinking Ahead+1","Panacea+1","Madness+1","Madness+1","hermit:DeadMansHand+1","hermit:Maintenance+1"],"relics":["hermit:Momento","NeowsBlessing","MealTicket","HollowMod:LifeEnderRelic","Toxic Egg 2","Orichalcum","Ginger","Runic Dome","Bag of Preparation","Bottled Lightning","hermit:BartenderGlass","Gambling Chip","Thread and Needle","Pen Nib","HollowMod:PaleOreRelic","Pear","Mango","Whetstone"],"acts_visited":["Exordium","TheCity","TheBeyond","TheEnding"],"potions_floor_usage":[54,54,54,55,55,55],"damage_taken":[{"damage":0.0,"enemies":"2 Louse","floor":1.0,"turns":1.0},{"damage":0.0,"enemies":"HollowMod:MossKnight","floor":6.0,"turns":1.0},{"damage":0.0,"enemies":"Jaw Worm","floor":10.0,"turns":2.0},{"damage":20.0,"enemies":"3 Sentries","floor":12.0,"turns":7.0},{"damage":64.0,"enemies":"Hexaghost","floor":16.0,"turns":11.0},{"damage":13.0,"enemies":"Chosen","floor":18.0,"turns":5.0},{"damage":4.0,"enemies":"2 Thieves","floor":19.0,"turns":3.0},{"damage":45.0,"enemies":"Book of Stabbing","floor":23.0,"turns":6.0},{"damage":0.0,"enemies":"Cultist and Chosen","floor":25.0,"turns":5.0},{"damage":0.0,"enemies":"3 Cultists","floor":27.0,"turns":4.0},{"damage":3.0,"enemies":"Snake Plant","floor":30.0,"turns":3.0},{"damage":32.0,"enemies":"Champ","floor":33.0,"turns":12.0},{"damage":4.0,"enemies":"Orb Walker","floor":35.0,"turns":3.0},{"damage":26.0,"enemies":"2 Orb Walkers","floor":39.0,"turns":6.0},{"damage":0.0,"enemies":"Nemesis","floor":40.0,"turns":7.0},{"damage":0.0,"enemies":"3 Darklings","floor":42.0,"turns":3.0},{"damage":12.0,"enemies":"Sphere and 2 Shapes","floor":44.0,"turns":5.0},{"damage":0.0,"enemies":"Giant Head","floor":45.0,"turns":4.0},{"damage":0.0,"enemies":"Spire Growth","floor":46.0,"turns":3.0},{"damage":0.0,"enemies":"Mind Bloom Boss Battle","floor":48.0,"turns":5.0},{"damage":62.0,"enemies":"Time Eater","floor":50.0,"turns":12.0},{"damage":45,"enemies":"Shield and Spear","floor":54,"turns":6},{"damage":57,"enemies":"The Heart","floor":55,"turns":5}],"seed_played":"5484024168792706352","potions_obtained":[{"floor":1.0,"key":"Regen Potion"},{"floor":10.0,"key":"ColorlessPotion"},{"floor":12.0,"key":"FearPotion"},{"floor":19.0,"key":"SpeedPotion"},{"floor":23.0,"key":"Block Potion"},{"floor":40.0,"key":"Energy Potion"},{"floor":45.0,"key":"ColorlessPotion"},{"floor":46.0,"key":"SteroidPotion"},{"floor":54,"key":"Explosive Potion"}],"is_trial":false,"path_per_floor":["M","?","$","?","?","E","?","R","T","M","$","E","R","?","R","B",null,"M","M","?","?","?","E","R","M","T","M","?","R","M","$","R","B",null,"M","$","?","?","?","E","R","M","T","M","E","M","$","?","R","B",null,"R","$","E","B"],"character_chosen":"HERMIT","items_purchased":["Toxic Egg 2","hermit:GhostlyPresence+1","Secret Technique+1","Finesse+1","FearPotion","Pear","Strength Potion","Strength Potion"],"campfire_rested":1,"item_purchase_floors":[11,31,31,36,36,47,47,53],"current_hp_per_floor":[75,68,75,68,68,68,68,68,68,68,75,55,55,55,55,6,75,62,58,58,58,58,13,35,35,35,35,35,35,32,47,47,15,75,71,75,70,61,35,35,35,35,35,23,23,23,48,76,76,14,99,99,99,54,0,0],"gold":101,"neow_bonus":"THREE_ENEMY_KILL","is_daily":false,"chose_seed":false,"campfire_upgraded":7,"win_rate":0.0,"timestamp":1609349878,"path_taken":["M","?","$","?","?","E","?","R","T","M","?","E","R","?","R","BOSS","M","M","?","?","?","E","R","?","T","M","?","R","?","$","R","BOSS","M","$","?","?","?","E","R","M","T","M","E","M","$","?","R","BOSS","R","$","E","BOSS"],"items_purchased_type":["Relic","Card","Card","Card","Potion","Relic","Potion","Potion"],"build_version":"2020-12-22","purchased_purges":0,"victory":false,"max_hp_per_floor":[75,75,75,75,75,75,75,75,75,75,75,75,75,75,75,75,75,75,75,75,75,75,75,75,75,75,75,75,75,75,75,75,75,75,75,75,75,75,75,75,75,75,75,75,75,75,85,99,99,99,99,99,99,99,99,99],"card_choices":[{"not_picked":["hermit:Determination","hermit:BodyArmor"],"picked":"hermit:GoldenBullet","floor":1.0},{"not_picked":["hermit:CalledShot","hermit:Vantage"],"picked":"hermit:Midnight","floor":6.0},{"not_picked":["hermit:Showdown","hermit:Headshot"],"picked":"hermit:EyeOfTheStorm","floor":10.0},{"not_picked":["hermit:PistolWhip","hermit:Showdown"],"picked":"hermit:LuckOfTheDraw+1","floor":12.0},{"not_picked":["hermit:HeroicBravado+1","hermit:RoundhouseKick"],"picked":"hermit:FromBeyond+1","floor":16.0},{"not_picked":["hermit:Determination","hermit:Coalescence+1"],"picked":"hermit:LoneWolf+1","floor":18.0},{"not_picked":["hermit:Deadeye","hermit:FullyLoaded+1"],"picked":"hermit:Virtue+1","floor":19.0},{"not_picked":["hermit:WideOpen","hermit:Determination+1"],"picked":"hermit:Snipe+1","floor":23.0},{"not_picked":["hermit:Snipe+1","hermit:WideOpen"],"picked":"hermit:FlashPowder+1","floor":25.0},{"not_picked":["hermit:BodyArmor+1","hermit:Desperado"],"picked":"hermit:Shortfuse","floor":27.0},{"not_picked":["hermit:Manifest+1","hermit:Enervate","hermit:CalledShot+1"],"picked":"SKIP","floor":30.0},{"not_picked":["hermit:OverwhelmingPower","hermit:EternalForm"],"picked":"hermit:DeadOrAlive","floor":33.0},{"not_picked":["hermit:Dive+1","hermit:SprayPray"],"picked":"hermit:Scavenge+1","floor":35.0},{"not_picked":["Swift Strike","Impatience+1"],"picked":"Thinking Ahead+1","floor":37.0},{"not_picked":["Dramatic Entrance","Forethought+1"],"picked":"Panacea+1","floor":37.0},{"not_picked":["hermit:TrackingShot+1","hermit:Reprieve+1"],"picked":"hermit:DeadMansHand+1","floor":40.0},{"not_picked":["hermit:Desperado","hermit:GoldenBullet+1"],"picked":"hermit:Maintenance+1","floor":42.0},{"not_picked":["hermit:Maintenance+1","hermit:Manifest+1","hermit:TakeCover+1"],"picked":"SKIP","floor":44.0},{"not_picked":["hermit:Roulette","hermit:Dive+1","hermit:Ricochet"],"picked":"SKIP","floor":45.0},{"not_picked":["hermit:Desperado","hermit:HighCaliber","hermit:TakeAim+1"],"picked":"SKIP","floor":46.0},{"not_picked":["hermit:Horror+1","hermit:Magnum","hermit:HeroicBravado+1"],"picked":"SKIP","floor":54}],"player_experience":328724,"relics_obtained":[{"floor":6.0,"key":"HollowMod:LifeEnderRelic"},{"floor":12.0,"key":"Orichalcum"},{"floor":23.0,"key":"Bag of Preparation"},{"floor":26.0,"key":"Bottled Lightning"},{"floor":39.0,"key":"Gambling Chip"},{"floor":40.0,"key":"Thread and Needle"},{"floor":43.0,"key":"Pen Nib"},{"floor":45.0,"key":"HollowMod:PaleOreRelic"},{"floor":48.0,"key":"Mango"},{"floor":54,"key":"Whetstone"}],"event_choices":[{"damage_healed":0.0,"max_hp_gain":0.0,"max_hp_loss":0.0,"gold_gain":0.0,"event_name":"Scrap Ooze","player_choice":"Success","floor":2.0,"gold_loss":0.0,"damage_taken":7.0,"relics_obtained":["MealTicket"]},{"cards_removed":["hermit:Defend_Hermit"],"damage_healed":0.0,"max_hp_gain":0.0,"max_hp_loss":0.0,"gold_gain":0.0,"event_name":"Golden Wing","player_choice":"Card Removal","floor":4.0,"gold_loss":0.0,"damage_taken":7.0},{"damage_healed":0.0,"max_hp_gain":0.0,"max_hp_loss":0.0,"gold_gain":175.0,"event_name":"Liars Game","player_choice":"AGREE","floor":5.0,"gold_loss":0.0,"damage_taken":0.0,"cards_obtained":["Doubt"]},{"cards_removed":["Doubt"],"damage_healed":0.0,"max_hp_gain":0.0,"max_hp_loss":0.0,"gold_gain":0.0,"event_name":"The Cleric","player_choice":"Card Removal","floor":7.0,"gold_loss":50.0,"damage_taken":0.0},{"damage_healed":0.0,"max_hp_gain":0.0,"max_hp_loss":0.0,"gold_gain":0.0,"event_name":"Big Fish","player_choice":"Box","floor":14.0,"gold_loss":0.0,"damage_taken":0.0,"relics_obtained":["Ginger"],"cards_obtained":["Regret"]},{"damage_healed":0.0,"max_hp_gain":0.0,"max_hp_loss":0.0,"gold_gain":0.0,"event_name":"The Library","player_choice":"Read","floor":20.0,"gold_loss":0.0,"damage_taken":0.0,"cards_obtained":["hermit:Maintenance"]},{"cards_removed":["Regret"],"damage_healed":0.0,"max_hp_gain":0.0,"max_hp_loss":0.0,"gold_gain":0.0,"event_name":"Beggar","player_choice":"Gave Gold","floor":21.0,"gold_loss":75.0,"damage_taken":0.0},{"cards_removed":["hermit:Snapshot"],"damage_healed":0.0,"max_hp_gain":0.0,"max_hp_loss":0.0,"gold_gain":0.0,"event_name":"Bonfire Elementals","player_choice":"Offered Basic","floor":22.0,"gold_loss":0.0,"damage_taken":0.0},{"damage_healed":0.0,"max_hp_gain":0.0,"max_hp_loss":0.0,"gold_gain":0.0,"event_name":"Match and Keep!","player_choice":"0 cards matched","floor":28.0,"gold_loss":0.0,"damage_taken":0.0,"cards_obtained":[]},{"damage_healed":0.0,"max_hp_gain":0.0,"max_hp_loss":0.0,"gold_gain":0.0,"event_name":"SensoryStone","player_choice":"Memory 2","floor":37.0,"gold_loss":0.0,"damage_taken":5.0},{"damage_healed":0.0,"max_hp_gain":0.0,"max_hp_loss":0.0,"gold_gain":0.0,"event_name":"Winding Halls","player_choice":"Embrace Madness","floor":38.0,"gold_loss":0.0,"damage_taken":9.0,"cards_obtained":["Madness","Madness"]},{"damage_healed":0.0,"max_hp_gain":0.0,"max_hp_loss":0.0,"gold_gain":0.0,"event_name":"Mysterious Sphere","player_choice":"Fight","floor":39.0,"gold_loss":0.0,"damage_taken":0.0},{"damage_healed":0.0,"max_hp_gain":0.0,"max_hp_loss":0.0,"gold_gain":0.0,"event_name":"MindBloom","player_choice":"Fight","floor":48.0,"gold_loss":0.0,"damage_taken":0.0}],"is_beta":false,"boss_relics":[{"not_picked":["Runesmith:UraniumAnvil","Tiny House"],"picked":"Runic Dome"},{"not_picked":["Coffee Dripper","Calling Bell"],"picked":"hermit:BartenderGlass"}],"items_purged_floors":[],"is_endless":false,"potions_floor_spawned":[1,10,12,19,23,40,45,46,48,54],"killed_by":"The Heart","ascension_level":0}}