{"host":"vfg9szunmpjwj08o","time":1609338662,"event":{"mods":["Act Like it!","BaseMod","Challenge The Spire","Colored Map","Colored Powertips","Minty Spire (QoL Compilation)","StSLib","Waifu the Spire"],"gold_per_floor":[119,137,137,17,37,37,54,204,204,235,235,251,10,25,25,25,25],"floor_reached":16,"playtime":518,"items_purged":["Strike_B","Doubt"],"score":199,"play_id":"e7c079b9-f230-4138-8f91-b3229267d356","local_time":"20201230153102","is_ascension_mode":true,"campfire_choices":[{"data":"Zap","floor":6,"key":"SMITH"},{"data":"Dualcast","floor":11,"key":"SMITH"},{"data":"Chaos","floor":15,"key":"SMITH"}],"circlet_count":0,"master_deck":["AscendersBane","Strike_B","Strike_B","Defend_B","Defend_B","Defend_B","Defend_B","Zap+1","Dualcast+1","Gash","Melter","Sunder","White Noise","Chaos+1","Defragment","Deep Breath","Compile Driver"],"relics":["Cracked Core","NeowsBlessing","The Courier","Smiling Mask"],"acts_visited":["Exordium"],"potions_floor_usage":[12,14,16],"damage_taken":[{"damage":0,"enemies":"Small Slimes","floor":1,"turns":1},{"damage":0,"enemies":"2 Louse","floor":2,"turns":1},{"damage":0,"enemies":"Jaw Worm","floor":5,"turns":1},{"damage":8,"enemies":"Exordium Thugs","floor":7,"turns":4},{"damage":40,"enemies":"Gremlin Nob","floor":10,"turns":4},{"damage":8,"enemies":"Blue Slaver","floor":12,"turns":5},{"damage":1,"enemies":"2 Fungi Beasts","floor":14,"turns":3},{"damage":17,"enemies":"Slime Boss","floor":16,"turns":7}],"seed_played":"6292544163452793132","potions_obtained":[{"floor":5,"key":"EssenceOfSteel"},{"floor":12,"key":"BlessingOfTheForge"},{"floor":14,"key":"Energy Potion"}],"is_trial":false,"path_per_floor":["M","M","?","$","M","R","M","?","T","E","R","M","$","M","R","B"],"character_chosen":"DEFECT","items_purchased":["Sunder","Regen Potion","Deep Breath","Compile Driver"],"campfire_rested":0,"item_purchase_floors":[4,13,13,13],"current_hp_per_floor":[64,64,57,57,57,57,49,49,49,9,9,1,1,9,9,0,0],"gold":25,"neow_bonus":"THREE_ENEMY_KILL","is_daily":false,"chose_seed":false,"campfire_upgraded":3,"win_rate":0.0,"timestamp":1609338662,"path_taken":["M","M","?","$","M","R","M","?","T","E","R","M","$","M","R","BOSS"],"items_purchased_type":["Card","Potion","Card","Card"],"build_version":"2020-12-22","purchased_purges":2,"victory":false,"max_hp_per_floor":[71,71,71,71,71,71,71,71,71,71,71,71,71,71,71,71,71],"card_choices":[{"not_picked":["Capacitor","Barrage"],"picked":"Gash","floor":1},{"not_picked":["Rebound","Go for the Eyes"],"picked":"Melter","floor":2},{"not_picked":["Beam Cell","Darkness"],"picked":"White Noise","floor":5},{"not_picked":["Rebound","Steam"],"picked":"Chaos","floor":7},{"not_picked":["Stack","Go for the Eyes"],"picked":"Defragment","floor":10},{"not_picked":["Rip and Tear","Ball Lightning","Cold Snap"],"picked":"SKIP","floor":12},{"not_picked":["Sunder","Leap","Lockon"],"picked":"SKIP","floor":14}],"player_experience":1018047,"relics_obtained":[{"floor":9,"key":"The Courier"},{"floor":10,"key":"Smiling Mask"}],"event_choices":[{"cards_removed":["Strike_B"],"damage_healed":0,"gold_gain":0,"player_choice":"Card Removal","damage_taken":7,"max_hp_gain":0,"max_hp_loss":0,"event_name":"Golden Wing","floor":3,"gold_loss":0},{"damage_healed":0,"gold_gain":150,"player_choice":"AGREE","damage_taken":0,"max_hp_gain":0,"max_hp_loss":0,"event_name":"Liars Game","floor":8,"gold_loss":0,"cards_obtained":["Doubt"]}],"is_beta":false,"boss_relics":[],"items_purged_floors":[4,13],"is_endless":false,"potions_floor_spawned":[5,12,14],"killed_by":"Slime Boss","ascension_level":19}}