{"host":"4q8tqz186r0pap1a","time":1609317972,"event":{"mods":["ATMod(阿瑾Mod)","Act Like it!","Arknights The Spire","Ascension Reborn","BaseMod","Colored Powertips","Dota2Spire","Downfall","Hallownest","Highlight Path","Hunter 猎人","Minty Spire (QoL Compilation)","Nova Terra(诺娃・泰拉)","Pale of the Ancients","Quick Restart","Relic Stats","Replay The Spire","Say the Spire","Shop Mod","Spicy Shops","StSLib","The Construct","TheWitcher","[IsaacMod]以撒尖塔","【功能Mod】混沌之环修复补丁","【功能Mod】聪明的最终Boss","【遗物卡牌】REMEMod","残留之物"],"gold_per_floor":[115,130,99999,98064,98080,98112,98142,97042,97042,97073,97092,97102,97130,97153,97153,97255,97255,97267,97267,96860,96908,96172,96190,96190],"floor_reached":23,"playtime":3490,"items_purged":["PlaceholderMod:BaseDefend","PlaceholderMod:BaseStrike","Regret","PlaceholderMod:BaseStrike","PlaceholderMod:BaseStrike"],"score":388,"play_id":"76a62c8e-56c3-4f19-b0cd-56fcf41e51b8","local_time":"20201230164612","is_ascension_mode":true,"campfire_choices":[{"data":"PlaceholderMod:Inner","floor":15,"key":"SMITH"}],"circlet_count":0,"master_deck":["PlaceholderMod:BaseStrike","PlaceholderMod:BaseStrike","PlaceholderMod:BaseDefend","PlaceholderMod:BaseDefend","PlaceholderMod:BaseDefend","PlaceholderMod:Crystal","PlaceholderMod:PoisonWhip","EpicFetus+1","AT_Desolate","PlaceholderMod:PericyclicReaction+1","PlaceholderMod:Hard","PlaceholderMod:Inner+1","REME_Flogging","PlaceholderMod:ComplexForm","PlaceholderMod:CrystallizationStrike","PlaceholderMod:OHStrongAttack","PlaceholderMod:TriggerStrike","PlaceholderMod:HardStinger","PlaceholderMod:Stable","PlaceholderMod:PericyclicReaction+1","PlaceholderMod:Crystallization+1","PlaceholderMod:Eat+1","PlaceholderMod:DiffusionChemical","PlaceholderMod:Stable","PlaceholderMod:Assimilation+1","PlaceholderMod:ChainPoly","PlaceholderMod:ThreeBenzyolStart+1","PlaceholderMod:ThreeBenzyolStart+1"],"relics":["PlaceholderMod:Tancle","AT_ATBox","HushsDoor","REME_ComplimentaryCards","BookofShadows","NeowsBlessing","REME_CardOfGreed","Anchor","Replay:Multitool","Garlic","Pear","TheBattery","MerchantsRug","ats:Originium","TuHaoJin","Odd Mushroom","AT_GoldPhoenixTree","Golden Egg","SteamSale","AT_TimeSand","ReplayTheSpireMod:Shallot","DollysMirror","DoctorsRemote","Dream Catcher","Replay:Bandana","Dota2Spire:RefresherOrb","GuppysHairball","Damocles","AT_ForceNature","Dota2Spire:EchoSabre","BargainBundle","Dota2Spire:Desolator","Replay:Kaleidoscope","Counterbalance","Guide Book","AT_SunfireAegis","Meat on the Bone","Strange Spoon"],"acts_visited":["Exordium","Hallownest:CityofTears"],"potions_floor_usage":[],"damage_taken":[{"damage":0,"enemies":"Small Slimes","floor":1,"turns":1},{"damage":0,"enemies":"Jaw Worm","floor":2,"turns":1},{"damage":0,"enemies":"Cultist","floor":3,"turns":1},{"damage":2,"enemies":"2 Fungi Beasts","floor":5,"turns":4},{"damage":0,"enemies":"Lagavulin","floor":6,"turns":4},{"damage":0,"enemies":"The Mushroom Lair","floor":7,"turns":1},{"damage":0,"enemies":"3 Sentries","floor":10,"turns":3},{"damage":0,"enemies":"Red Slaver","floor":11,"turns":3},{"damage":0,"enemies":"Gremlin Gang","floor":12,"turns":2},{"damage":0,"enemies":"Lagavulin","floor":13,"turns":4},{"damage":0,"enemies":"Large Slime","floor":14,"turns":3},{"damage":0,"enemies":"Slime Boss","floor":16,"turns":5},{"damage":0,"enemies":"Hallownest:Guard_and_Sentry","floor":18,"turns":5},{"damage":0,"enemies":"Hallownest:Flukemon_and_Top","floor":21,"turns":3},{"damage":3,"enemies":"Hallownest:3_Mistakes","floor":23,"turns":2}],"seed_played":"1888763579646619797","potions_obtained":[{"floor":1,"key":"Energy Potion"},{"floor":6,"key":"EntropicBrew"}],"is_trial":false,"path_per_floor":["M","M","M","$","M","E","?","$","T","E","M","M","E","M","R","B",null,"M","?","$","M","$","M"],"character_chosen":"THE_PLACEHOLDER","items_purchased":["REME_CardOfGreed","Anchor","Replay:Multitool","Garlic","Pear","TheBattery","MerchantsRug","REME_Flogging","PlaceholderMod:ComplexForm","PlaceholderMod:CrystallizationStrike","PlaceholderMod:OHStrongAttack","AT_GoldPhoenixTree","Golden Egg","SteamSale","AT_TimeSand","ReplayTheSpireMod:Shallot","DollysMirror","PlaceholderMod:Crystallization","GuppysHairball","Damocles","AT_ForceNature","Dota2Spire:EchoSabre","BargainBundle","PlaceholderMod:ThreeBenzyolStart","Replay:Kaleidoscope","Counterbalance","Guide Book","AT_SunfireAegis","Meat on the Bone","Strange Spoon"],"campfire_rested":0,"item_purchase_floors":[4,4,4,4,4,4,4,4,4,4,4,8,8,8,8,8,8,8,17,20,20,20,20,20,22,22,22,22,22,22],"current_hp_per_floor":[78,78,78,88,86,86,86,86,86,86,88,88,88,88,88,88,78,83,83,83,88,88,0,0],"gold":96190,"neow_bonus":"THREE_ENEMY_KILL","is_daily":false,"chose_seed":false,"campfire_upgraded":1,"win_rate":0.0,"timestamp":1609317972,"path_taken":["M","M","M","$","M","E","?","$","T","E","M","M","E","?","R","BOSS","M","?","$","M","$","?"],"items_purchased_type":["Relic","Relic","Relic","Relic","Relic","Relic","Relic","Card","Card","Card","Card","Relic","Relic","Relic","Relic","Relic","Relic","Card","Relic","Relic","Relic","Relic","Relic","Card","Relic","Relic","Relic","Relic","Relic","Relic"],"build_version":"2020-12-22","purchased_purges":5,"victory":false,"max_hp_per_floor":[78,78,78,88,88,88,88,88,88,88,88,88,88,88,88,88,78,83,83,83,88,88,88,88],"relic_stats":{"Strange Spoon":[4],"Dream Catcher":0,"counters":[15,42],"obtain_stats":[{"PlaceholderMod:Tancle":0,"Golden Egg":8,"Damocles":20,"Dota2Spire:EchoSabre":20,"AT_ATBox":0,"Dota2Spire:RefresherOrb":17,"Replay:Multitool":4,"AT_TimeSand":8,"TheBattery":4,"Dream Catcher":10,"Replay:Bandana":13,"DollysMirror":8,"TuHaoJin":6,"KeepersGift":0,"AT_ForceNature":20,"MerchantsRug":4,"DoctorsRemote":9,"BookofShadows":0,"BargainBundle":20,"Pear":4,"NeowsBlessing":0,"Counterbalance":22,"Guide Book":22,"AT_GoldPhoenixTree":8,"Replay:Kaleidoscope":22,"Odd Mushroom":7,"SteamSale":8,"Strange Spoon":22,"Anchor":4,"ats:Originium":6,"ReplayTheSpireMod:Shallot":8,"Garlic":4,"REME_CardOfGreed":4,"GuppysHairball":17,"AT_SunfireAegis":22,"HushsDoor":0,"REME_ComplimentaryCards":0,"Dota2Spire:Desolator":21,"Meat on the Bone":22},{"PlaceholderMod:Tancle":0,"Golden Egg":6,"Damocles":13,"Dota2Spire:EchoSabre":13,"AT_ATBox":0,"Dota2Spire:RefresherOrb":12,"Replay:Multitool":3,"AT_TimeSand":6,"TheBattery":3,"Dream Catcher":7,"Replay:Bandana":10,"DollysMirror":6,"TuHaoJin":5,"KeepersGift":0,"AT_ForceNature":13,"MerchantsRug":3,"DoctorsRemote":6,"BookofShadows":0,"BargainBundle":13,"Pear":3,"NeowsBlessing":0,"Counterbalance":14,"Guide Book":14,"AT_GoldPhoenixTree":6,"Replay:Kaleidoscope":14,"Odd Mushroom":6,"SteamSale":6,"Strange Spoon":14,"Anchor":3,"ats:Originium":5,"ReplayTheSpireMod:Shallot":6,"Garlic":3,"REME_CardOfGreed":3,"GuppysHairball":12,"AT_SunfireAegis":14,"HushsDoor":0,"REME_ComplimentaryCards":0,"Dota2Spire:Desolator":14,"Meat on the Bone":14},{"PlaceholderMod:Tancle":0,"Golden Egg":12,"Damocles":37,"Dota2Spire:EchoSabre":37,"AT_ATBox":0,"Dota2Spire:RefresherOrb":32,"Replay:Multitool":3,"AT_TimeSand":12,"TheBattery":3,"Dream Catcher":15,"Replay:Bandana":24,"DollysMirror":12,"TuHaoJin":11,"KeepersGift":0,"AT_ForceNature":37,"MerchantsRug":3,"DoctorsRemote":12,"BookofShadows":0,"BargainBundle":37,"Pear":3,"NeowsBlessing":0,"Counterbalance":40,"Guide Book":40,"AT_GoldPhoenixTree":12,"Replay:Kaleidoscope":40,"Odd Mushroom":12,"SteamSale":12,"Strange Spoon":40,"Anchor":3,"ats:Originium":11,"ReplayTheSpireMod:Shallot":12,"Garlic":3,"REME_CardOfGreed":3,"GuppysHairball":32,"AT_SunfireAegis":40,"HushsDoor":0,"REME_ComplimentaryCards":0,"Dota2Spire:Desolator":40,"Meat on the Bone":40}],"Meat on the Bone":0},"card_choices":[{"not_picked":[],"picked":"EpicFetus","floor":0},{"not_picked":["PlaceholderMod:HardStinger","PlaceholderMod:StrongAcid"],"picked":"Bomb","floor":1},{"not_picked":["PlaceholderMod:ProliferateStrike","PlaceholderMod:Polyp"],"picked":"PlaceholderMod:Hard","floor":2},{"not_picked":["Bomb","PlaceholderMod:EnergyAbsorb"],"picked":"PlaceholderMod:Inner","floor":3},{"not_picked":["PlaceholderMod:AngryAttack","PlaceholderMod:Break"],"picked":"PlaceholderMod:TriggerStrike","floor":5},{"not_picked":["PlaceholderMod:OHStrongAttack","PlaceholderMod:AngryAttack"],"picked":"PlaceholderMod:HardStinger","floor":6},{"not_picked":["PlaceholderMod:Stratification","PlaceholderMod:ProliferateStrike"],"picked":"PlaceholderMod:Stable","floor":7},{"not_picked":["PlaceholderMod:DissolvingSpikes","PlaceholderMod:SevereHeat"],"picked":"PlaceholderMod:Eat","floor":10},{"not_picked":["PlaceholderMod:HornyBlast","PlaceholderMod:OHStrongAttack"],"picked":"PlaceholderMod:DiffusionChemical","floor":11},{"not_picked":["PlaceholderMod:RadicalHit","PlaceholderMod:HornyBlast"],"picked":"PlaceholderMod:Stable","floor":12},{"not_picked":["PlaceholderMod:DissolvingSpikes","PlaceholderMod:Break","PlaceholderMod:FastReaction"],"picked":"SKIP","floor":13},{"not_picked":["PlaceholderMod:AttackAsDefend","PlaceholderMod:DirectingGroup","PlaceholderMod:Turn"],"picked":"SKIP","floor":14},{"not_picked":["PlaceholderMod:PericyclicReaction","PlaceholderMod:AbsorbTouch"],"picked":"PlaceholderMod:Assimilation","floor":16},{"not_picked":["PlaceholderMod:RadicalHit","PlaceholderMod:DissolvingSpikes+1"],"picked":"PlaceholderMod:ChainPoly","floor":18},{"not_picked":["PlaceholderMod:Turn","PlaceholderMod:PoisonExcitation+1","PlaceholderMod:SubstitutionNucleophilic1+1"],"picked":"SKIP","floor":21}],"player_experience":40864,"relics_obtained":[{"floor":6,"key":"ats:Originium"},{"floor":6,"key":"TuHaoJin"},{"floor":7,"key":"Odd Mushroom"},{"floor":9,"key":"DoctorsRemote"},{"floor":10,"key":"ats:Originium"},{"floor":10,"key":"Dream Catcher"},{"floor":13,"key":"ats:Originium"},{"floor":13,"key":"Replay:Bandana"},{"floor":21,"key":"Dota2Spire:Desolator"}],"event_choices":[{"damage_healed":0,"gold_gain":0,"player_choice":"Fought Mushrooms","damage_taken":0,"max_hp_gain":0,"max_hp_loss":0,"event_name":"Mushrooms","floor":7,"gold_loss":0}],"is_beta":false,"boss_relics":[{"not_picked":["REME_DemonsWealth","Calling Bell"],"picked":"Dota2Spire:RefresherOrb"},{"not_picked":[]}],"items_purged_floors":[4,4,8,20,22],"is_endless":false,"potions_floor_spawned":[1,6,11,13,14,21],"killed_by":"Hallownest:3_Mistakes","ascension_level":0}}