{"host":"38maufg2dcy7va3m","time":1609291223,"event":{"mods":["Act Like it!","BaseMod","Downfall","Hubris","Infinite Spire","Minty Spire (QoL Compilation)","Replay The Spire","StSLib"],"gold_per_floor":[214,227,240,15,27,27,27,44,44,117,117,131,131,81,81,180,180,197,137,155,155,155],"floor_reached":21,"playtime":1052,"items_purged":[],"score":171,"play_id":"547e7614-afc2-4a9b-8a47-0ce313509731","local_time":"20201229172023","is_ascension_mode":false,"campfire_choices":[{"data":"ReplayTheSpireMod:The Works","floor":6,"key":"SMITH"},{"data":"Neutralize","floor":13,"key":"SMITH"}],"circlet_count":0,"master_deck":["Strike_G","Strike_G","Strike_G","Strike_G","Defend_G","Defend_G","Defend_G","Defend_G","Defend_G","Survivor","Neutralize+1","Slice","Crippling Poison","Dagger Spray","hubris:Counter","Blade Dance","Noxious Fumes","Noxious Fumes","Sucker Punch","ReplayTheSpireMod:The Works+1","Toxin Wave","Dodge and Roll","Slice","Bullet Time","Injury","Survivor","ReplayTheSpireMod:Necrosis","expansioncontent:TimeRipple","infinitespire:Gouge","Deflect","ReplayTheSpireMod:Scrap Shanks+1","Clothesline"],"relics":["Ring of the Snake","infinitespire:WardingShard","hubris:DisguiseKit","Mummified Hand","ReplayTheSpireMod:SealedPack"],"acts_visited":["Exordium","TheCity"],"potions_floor_usage":[5,16,16,18],"damage_taken":[{"damage":7,"enemies":"infinitespire:Voidling","floor":1,"turns":6},{"damage":0,"enemies":"Cultist","floor":2,"turns":3},{"damage":0,"enemies":"2 Louse","floor":3,"turns":3},{"damage":6,"enemies":"Large Slime","floor":5,"turns":6},{"damage":3,"enemies":"Lots of Slimes","floor":8,"turns":2},{"damage":0,"enemies":"3 Louse","floor":12,"turns":2},{"damage":11,"enemies":"Fading Forest","floor":16,"turns":11},{"damage":32,"enemies":"2 Thieves","floor":18,"turns":4},{"damage":29,"enemies":"Chosen","floor":20,"turns":8},{"damage":11,"enemies":"Snake Plant","floor":21,"turns":2}],"seed_played":"-4851359078347035426","potions_obtained":[{"floor":2,"key":"CultistPotion"},{"floor":3,"key":"Block Potion"},{"floor":12,"key":"Fire Potion"},{"floor":16,"key":"LiquidBronze"}],"is_trial":false,"path_per_floor":["M","M","M","$","M","R","$","M","T","T","?","M","R","?","R","B",null,"M","$","M","M"],"character_chosen":"THE_SILENT","items_purchased":["hubris:Counter","Blade Dance","Noxious Fumes","Sucker Punch","ReplayTheSpireMod:Scrap Shanks+1"],"campfire_rested":0,"item_purchase_floors":[4,4,4,4,19],"current_hp_per_floor":[70,70,70,70,64,64,64,61,61,61,70,70,70,70,70,69,70,38,38,9,0,0],"gold":155,"neow_bonus":"HUNDRED_GOLD","is_daily":false,"chose_seed":false,"campfire_upgraded":2,"win_rate":0.0,"timestamp":1609291223,"path_taken":["M","?","M","$","M","R","$","M","T","?","?","M","R","?","R","BOSS","M","$","M","M"],"items_purchased_type":["Card","Card","Card","Card","Card"],"build_version":"2020-12-22","purchased_purges":0,"victory":false,"max_hp_per_floor":[70,70,70,70,70,70,70,70,70,70,70,70,70,70,70,70,70,70,70,70,70,70],"card_choices":[{"not_picked":["Underhanded Strike","Skewer"],"picked":"Slice","floor":1},{"not_picked":["Calculated Gamble","Quick Slash"],"picked":"Crippling Poison","floor":2},{"not_picked":["Dodge and Roll","Draining Mist"],"picked":"Dagger Spray","floor":3},{"not_picked":["Sneak Up","Leg Sweep"],"picked":"ReplayTheSpireMod:The Works","floor":5},{"not_picked":["Sucker Punch","Dagger Spray"],"picked":"Toxin Wave","floor":8},{"not_picked":["Reflex","Catalyst","Thunderclap"],"picked":"Dodge and Roll","floor":12},{"not_picked":["Phantasmal Killer","Glass Knife","Bludgeon"],"picked":"Bullet Time","floor":16},{"not_picked":["hexamod:Float","Guardian:TwinSlam","champ:Taunt"],"picked":"Survivor","floor":17},{"not_picked":["Venomology","Unload","Phantasmal Killer"],"picked":"ReplayTheSpireMod:Necrosis","floor":17},{"not_picked":["ReplayTheSpireMod:Trickstab","Replay:SS_forest_5","Replay:SS_fish_1"],"picked":"expansioncontent:TimeRipple","floor":17},{"not_picked":["infinitespire:Execution","infinitespire:FinalStrike","infinitespire:FutureSight"],"picked":"infinitespire:Gouge","floor":17},{"not_picked":["ReplayTheSpireMod:The Works","Tactician","True Grit"],"picked":"Deflect","floor":18},{"not_picked":["Wraith Form v2","Well Laid Plans","Crippling Poison"],"picked":"Clothesline","floor":20}],"player_experience":209988,"relics_obtained":[{"floor":9,"key":"infinitespire:WardingShard"},{"floor":10,"key":"hubris:DisguiseKit"}],"event_choices":[{"damage_healed":23,"gold_gain":0,"player_choice":"Banana","damage_taken":0,"max_hp_gain":0,"max_hp_loss":0,"event_name":"Big Fish","floor":11,"gold_loss":0},{"damage_healed":0,"gold_gain":0,"player_choice":"Paid Gold","damage_taken":0,"relics_obtained":["Mummified Hand"],"max_hp_gain":0,"max_hp_loss":0,"event_name":"WeMeetAgain","floor":14,"gold_loss":50}],"is_beta":false,"boss_relics":[{"not_picked":["Black Star","Ectoplasm"],"picked":"ReplayTheSpireMod:SealedPack"}],"items_purged_floors":[],"is_endless":false,"potions_floor_spawned":[2,3,12,16,18],"killed_by":"Snake Plant","ascension_level":0}}