{"host":"e1pm3b7xpcm97e5w","time":1609361087,"event":{"mods":["BaseMod","Better Skull","Googly Eyes","Minty Spire (QoL Compilation)","Relic Stats","Shop Mod","Spicy Shops","StSLib"],"gold_per_floor":[99,99,99,99,99,99,99,99,99,99,84,84,84,84,84,84,84,84,84,84,84,84,84,50,50,50,2,2,2,2,2,2,2,2,2,2,2,2,2,2,2,2,2,2,2,2,2,2,2,2],"floor_reached":51,"playtime":1872,"items_purged":[],"score":1537,"play_id":"fc6006db-c10b-415a-a4a7-0a95d70363be","local_time":"20201230154447","is_ascension_mode":true,"campfire_choices":[{"data":"Armaments","floor":8.0,"key":"SMITH"},{"floor":13.0,"key":"REST"},{"data":"Perfected Strike","floor":15.0,"key":"SMITH"},{"data":"Limit Break","floor":23,"key":"SMITH"},{"data":"Berserk","floor":25,"key":"SMITH"},{"data":"RitualDagger","floor":30,"key":"SMITH"},{"data":"Feed","floor":32,"key":"SMITH"},{"floor":41,"key":"REST"},{"floor":49,"key":"REST"}],"circlet_count":0,"master_deck":["AscendersBane","Strike_R","Strike_R","Strike_R","Strike_R","Strike_R","Defend_R+1","Defend_R+1","Defend_R","Defend_R","Bash","Headbutt","Dropkick","Armaments+1","Sword Boomerang","Perfected Strike","Perfected Strike+1","Berserk+1","Spot Weakness","Limit Break+1","Feed+1","Pummel","Shrug It Off+1","RitualDagger+1","Exhume+1","Heavy Blade","Chrysalis+1"],"relics":["Ectoplasm","Vajra","Omamori","Question Card","FossilizedHelix","Regal Pillow","Runic Pyramid","MutagenicStrength","Toxic Egg 2","Pear","Cursed Key","Lizard Tail","Bottled Tornado","Potion Belt","War Paint","MealTicket"],"acts_visited":["Exordium","TheCity","TheBeyond"],"potions_floor_usage":[18,29,33,40,48,50],"damage_taken":[{"damage":1.0,"enemies":"Cultist","floor":1.0,"turns":3.0},{"damage":2.0,"enemies":"Jaw Worm","floor":3.0,"turns":2.0},{"damage":1.0,"enemies":"2 Louse","floor":4.0,"turns":3.0},{"damage":0.0,"enemies":"2 Fungi Beasts","floor":5.0,"turns":3.0},{"damage":16.0,"enemies":"Gremlin Nob","floor":6.0,"turns":3.0},{"damage":20.0,"enemies":"3 Sentries","floor":10.0,"turns":6.0},{"damage":0.0,"enemies":"Looter","floor":11.0,"turns":2.0},{"damage":0.0,"enemies":"Gremlin Nob","floor":12.0,"turns":2.0},{"damage":0.0,"enemies":"Gremlin Gang","floor":14.0,"turns":3.0},{"damage":1.0,"enemies":"Slime Boss","floor":16.0,"turns":6.0},{"damage":13,"enemies":"3 Byrds","floor":18,"turns":5},{"damage":0,"enemies":"Chosen","floor":22,"turns":3},{"damage":0,"enemies":"Slavers","floor":29,"turns":3},{"damage":0,"enemies":"Snecko","floor":31,"turns":4},{"damage":0,"enemies":"Collector","floor":33,"turns":5},{"damage":28,"enemies":"3 Shapes","floor":35,"turns":6},{"damage":14,"enemies":"2 Orb Walkers","floor":36,"turns":4},{"damage":0,"enemies":"Orb Walker","floor":37,"turns":2},{"damage":9,"enemies":"3 Darklings","floor":39,"turns":4},{"damage":21,"enemies":"Nemesis","floor":40,"turns":5},{"damage":17,"enemies":"Giant Head","floor":42,"turns":6},{"damage":45,"enemies":"Reptomancer","floor":46,"turns":6},{"damage":23,"enemies":"Jaw Worm Horde","floor":48,"turns":4},{"damage":76,"enemies":"Awakened One","floor":50,"turns":7}],"seed_played":"-6352006245673983515","potions_obtained":[{"floor":4.0,"key":"ElixirPotion"},{"floor":5.0,"key":"Energy Potion"},{"floor":10.0,"key":"Block Potion"},{"floor":11.0,"key":"SkillPotion"},{"floor":12.0,"key":"PowerPotion"},{"floor":22,"key":"AttackPotion"},{"floor":31,"key":"Strength Potion"},{"floor":36,"key":"FairyPotion"},{"floor":37,"key":"LiquidMemories"},{"floor":46,"key":"PowerPotion"},{"floor":48,"key":"Block Potion"}],"is_trial":false,"path_per_floor":["M","T","M","M","M","E","?","R","T","E","M","E","R","M","R","B",null,"M","?","?","?","M","R","$","R","T","$","?","E","R","M","R","B",null,"M","?","M","?","M","E","R","E","T","$","?","E","?","M","R","B",null],"character_chosen":"IRONCLAD","items_purchased":["Pummel","Shrug It Off+1"],"campfire_rested":3,"item_purchase_floors":[24,27],"current_hp_per_floor":[67,67,65,64,64,48,50,50,50,30,30,30,67,67,67,66,73,60,60,60,75,79,79,79,79,79,79,73,83,83,86,86,86,91,67,57,57,57,52,35,80,63,63,63,63,22,22,7,56,35],"gold":2,"neow_bonus":"BOSS_RELIC","is_daily":false,"chose_seed":false,"campfire_upgraded":6,"win_rate":0.0,"timestamp":1609361087,"path_taken":["M","?","M","M","M","E","?","R","T","E","M","E","R","?","R","BOSS","M","?","?","?","?","R","$","R","T","?","?","E","R","M","R","BOSS","M","?","M","?","M","E","R","E","T","$","?","E","?","M","R","BOSS"],"items_purchased_type":["Card","Card"],"build_version":"2020-12-22","purchased_purges":0,"victory":true,"max_hp_per_floor":[75,75,75,75,75,75,75,75,75,75,75,75,75,75,75,75,75,75,75,75,75,79,79,79,79,79,79,79,89,89,92,92,92,92,96,100,100,95,99,103,103,103,103,103,103,107,107,115,115,119],"relic_stats":{"Regal Pillow":45,"Lizard Tail":0,"counters":[24,97],"MealTicket":0,"Ectoplasm":676,"War Paint":["Defend_R","Defend_R"],"Question Card":19,"Cursed Key":1,"obtain_stats":[{"Potion Belt":42,"Regal Pillow":12,"Pear":29,"Vajra":2,"Omamori":6,"Bottled Tornado":40,"War Paint":43,"Question Card":9,"Cursed Key":34,"Burning Blood":0,"Lizard Tail":36,"MutagenicStrength":20,"MealTicket":46,"Ectoplasm":0,"Toxic Egg 2":26,"FossilizedHelix":10,"Runic Pyramid":17},{"Potion Belt":21,"Regal Pillow":8,"Pear":13,"Vajra":1,"Omamori":5,"Bottled Tornado":20,"War Paint":21,"Question Card":5,"Cursed Key":15,"Burning Blood":0,"Lizard Tail":17,"MutagenicStrength":11,"MealTicket":22,"Ectoplasm":0,"Toxic Egg 2":12,"FossilizedHelix":6,"Runic Pyramid":10},{"Potion Belt":80,"Regal Pillow":24,"Pear":44,"Vajra":3,"Omamori":14,"Bottled Tornado":74,"War Paint":80,"Question Card":14,"Cursed Key":53,"Burning Blood":0,"Lizard Tail":63,"MutagenicStrength":38,"MealTicket":86,"Ectoplasm":0,"Toxic Egg 2":41,"FossilizedHelix":20,"Runic Pyramid":33}]},"card_choices":[{"not_picked":["Burning Pact","Sentinel"],"picked":"Headbutt","floor":1.0},{"not_picked":["Wild Strike","Power Through"],"picked":"Dropkick","floor":3.0},{"not_picked":["Dual Wield","Rupture"],"picked":"Armaments","floor":4.0},{"not_picked":["Thunderclap","Body Slam"],"picked":"Sword Boomerang","floor":5.0},{"not_picked":["Rupture","Reckless Charge"],"picked":"Perfected Strike","floor":6.0},{"not_picked":["Thunderclap","Sword Boomerang","Evolve"],"picked":"Uppercut","floor":10.0},{"not_picked":["Body Slam","Warcry","Clothesline"],"picked":"Perfected Strike","floor":11.0},{"not_picked":["Armaments","Shrug It Off","Wild Strike"],"picked":"Berserk","floor":12.0},{"not_picked":["Clothesline","Twin Strike","Ghostly Armor"],"picked":"Spot Weakness","floor":14.0},{"not_picked":["Barricade","Corruption","Exhume"],"picked":"Limit Break","floor":16.0},{"not_picked":["Twin Strike+1","True Grit+1","Cleave"],"picked":"Feed","floor":18},{"not_picked":["Anger","Cleave","Pommel Strike","Rampage"],"picked":"SKIP","floor":22},{"not_picked":["Fire Breathing","Sword Boomerang","Dark Embrace","Dropkick"],"picked":"SKIP","floor":29},{"not_picked":["Clothesline+1","Second Wind+1","Wild Strike+1","Havoc+1"],"picked":"SKIP","floor":31},{"not_picked":["Impervious+1","Demon Form","Juggernaut"],"picked":"Exhume+1","floor":33},{"not_picked":["Perfected Strike","Shrug It Off+1","Evolve+1"],"picked":"Heavy Blade","floor":35},{"not_picked":["Cleave","Carnage","Armaments+1","Entrench+1"],"picked":"SKIP","floor":37},{"not_picked":["Clothesline+1","Warcry+1","Twin Strike+1","Armaments+1"],"picked":"SKIP","floor":39},{"not_picked":["Searing Blow","Combust","Warcry+1","Wild Strike"],"picked":"SKIP","floor":40},{"not_picked":["Seeing Red+1","Flex+1","Immolate","Sword Boomerang"],"picked":"SKIP","floor":42},{"not_picked":["Thunderclap","Wild Strike","Searing Blow+1","Burning Pact+1"],"picked":"SKIP","floor":46},{"not_picked":["Impatience+1","Madness+1","Mind Blast"],"picked":"Chrysalis+1","floor":47},{"not_picked":["Clash+1","Sword Boomerang","Perfected Strike","Feel No Pain"],"picked":"SKIP","floor":48}],"player_experience":442230,"relics_obtained":[{"floor":2.0,"key":"Vajra"},{"floor":6.0,"key":"Omamori"},{"floor":9.0,"key":"Question Card"},{"floor":10.0,"key":"FossilizedHelix"},{"floor":12.0,"key":"Regal Pillow"},{"floor":26,"key":"Toxic Egg 2"},{"floor":29,"key":"Pear"},{"floor":36,"key":"Lizard Tail"},{"floor":40,"key":"Bottled Tornado"},{"floor":42,"key":"Potion Belt"},{"floor":43,"key":"War Paint"},{"floor":46,"key":"MealTicket"}],"event_choices":[{"damage_healed":2.0,"max_hp_gain":0.0,"max_hp_loss":0.0,"gold_gain":0.0,"event_name":"betterSkull:BetterSkull","player_choice":"LEAVE ","floor":7.0,"gold_loss":0.0,"damage_taken":0.0,"cards_upgraded":[],"relics_obtained":[]},{"damage_healed":0,"gold_gain":0,"player_choice":"Inject Mutagens","damage_taken":0,"relics_obtained":["MutagenicStrength"],"max_hp_gain":0,"max_hp_loss":0,"event_name":"Drug Dealer","floor":20,"gold_loss":0},{"damage_healed":15,"gold_gain":0,"player_choice":"Full Heal","damage_taken":0,"max_hp_gain":0,"max_hp_loss":0,"event_name":"Wheel of Change","floor":21,"gold_loss":0},{"damage_healed":0,"gold_gain":0,"player_choice":"Joined the Cult","damage_taken":6,"max_hp_gain":0,"max_hp_loss":0,"event_name":"Nest","floor":28,"gold_loss":0,"cards_obtained":["RitualDagger"]},{"damage_healed":0,"gold_gain":0,"player_choice":"Fight","damage_taken":0,"max_hp_gain":0,"max_hp_loss":0,"event_name":"Mysterious Sphere","floor":36,"gold_loss":0},{"damage_healed":0,"gold_gain":0,"player_choice":"Max HP","damage_taken":0,"max_hp_gain":0,"max_hp_loss":5,"event_name":"Winding Halls","floor":38,"gold_loss":0},{"cards_removed":["Uppercut"],"damage_healed":0,"gold_gain":0,"player_choice":"Removed Attack","damage_taken":0,"max_hp_gain":0,"max_hp_loss":0,"event_name":"Falling","floor":45,"gold_loss":0},{"damage_healed":0,"gold_gain":0,"player_choice":"Memory 1","damage_taken":0,"max_hp_gain":0,"max_hp_loss":0,"event_name":"SensoryStone","floor":47,"gold_loss":0}],"is_beta":false,"boss_relics":[{"not_picked":["SacredBark","Mark of Pain"],"picked":"Runic Pyramid"},{"not_picked":["Astrolabe","SlaversCollar"],"picked":"Cursed Key"}],"items_purged_floors":[],"is_endless":false,"potions_floor_spawned":[4,5,10,11,12,14,22,31,36,37,46,48],"ascension_level":15}}