{"host":"mlczotyo8j5fj6lt","time":1609324910,"event":{"mods":["BaseMod","Bestiary","Better Altar","Better Match","Better Note","Better Sensory Stone","Better Skull","Better Third Choice","BetterRewards","Curses Come First","DeckTracker","Hermit","Hubris","Minty Spire (QoL Compilation)","Quick Restart","Replay The Spire","SIMod","StSLib","The Blue Laboratory","The Bug Knight","The Hierophant","TheVacant"],"gold_per_floor":[112,112,337,352,97,97,122,135,135,135,162,162,188,205,205,305,305,321,337,347,167,183,214,231,231,231,231,181,212,15,33,33,132,132,147,162,172,223,71,98,98,131,156,185,185,203,203,203,203,203],"floor_reached":51,"playtime":3911,"items_purged":[],"score":1248,"play_id":"d02108f1-3cab-449c-9878-0af1512decc1","local_time":"20201230114150","is_ascension_mode":true,"campfire_choices":[{"floor":6,"key":"REST"},{"floor":12,"key":"REST"},{"floor":15,"key":"REST"},{"data":"Infinite Blades","floor":25,"key":"SMITH"},{"data":"After Image","floor":32,"key":"SMITH"},{"data":"After Image","floor":41,"key":"SMITH"},{"data":"ReplayTheSpireMod:Scrap Shanks","floor":47,"key":"SMITH"},{"data":"Specialist","floor":49,"key":"SMITH"}],"circlet_count":0,"master_deck":["Strike_G+1","Strike_G+1","Strike_G+1","Strike_G+1","Strike_G+1","Defend_G+1","Defend_G+1","Defend_G+1","Defend_G+1","Defend_G+1","PiercingWail","ReplayTheSpireMod:Speed Training","Leap","Beam Cell","Infinite Blades+1","After Image+1","Bandage Up","Good Instincts","Riddle With Holes","Flying Knee","Pot Of Greed","Pot Of Greed","After Image+1","Backstab","Infinite Blades","Pot Of Greed","Tools of the Trade","Hidden Blade","Apotheosis+1","Dash","Footwork+1","Cloak And Dagger","ReplayTheSpireMod:Doomed","Parasite","Languid","Parasite","Flechettes+1","ReplayTheSpireMod:Shiv Toss+1","Pot Of Greed+1","Blade Dance+1","Envenom+1","Poisoned Stab+1","ReplayTheSpireMod:Scrap Shanks+1","hubris:Sniper+1","Specialist+1"],"relics":["Ring of the Snake","ReplayFunnel","ReplayTheSpireMod:ShopPack","Blue Doll","Grinning Jar","Lizard Tail","HollowMod:StagPassRelic","Replay:Grab Bag","Coffee Dripper","hubris:VirtuousBlindfold","hubris:HollowSoul","WristBlade","Vajra","Happy Flower","Blue Candle","Strawberry","Replay:Ancient Bell","HollowMod:PaleOreRelic","Golden Egg","Byrd Skull","FossilizedHelix","Orrery","Anchor","Molten Egg 2","Nunchaku","Lantern"],"acts_visited":["Exordium","TheCity","TheBeyond"],"potions_floor_usage":[18,50,50,50],"damage_taken":[{"damage":0,"enemies":"Cultist","floor":1,"turns":5},{"damage":0,"enemies":"2 Louse","floor":4,"turns":3},{"damage":15,"enemies":"Replay:BlueRogue","floor":7,"turns":7},{"damage":0,"enemies":"Small Slimes","floor":8,"turns":5},{"damage":35,"enemies":"Gremlin Nob","floor":11,"turns":5},{"damage":11,"enemies":"Lagavulin","floor":13,"turns":7},{"damage":0,"enemies":"Gremlin Gang","floor":14,"turns":5},{"damage":15,"enemies":"The Guardian","floor":16,"turns":12},{"damage":4,"enemies":"2 Thieves","floor":18,"turns":4},{"damage":10,"enemies":"3 Byrds","floor":19,"turns":5},{"damage":2,"enemies":"Centurion and Healer","floor":20,"turns":7},{"damage":0,"enemies":"hubris:Merchant","floor":21,"turns":1},{"damage":5,"enemies":"Snake Plant","floor":22,"turns":3},{"damage":3,"enemies":"Replay:Snechameleon","floor":23,"turns":5},{"damage":22,"enemies":"Snecko","floor":24,"turns":5},{"damage":0,"enemies":"Gremlin Leader","floor":29,"turns":5},{"damage":0,"enemies":"Cultist and Chosen","floor":31,"turns":4},{"damage":1,"enemies":"Pondfish","floor":33,"turns":9},{"damage":1,"enemies":"3 Darklings","floor":35,"turns":5},{"damage":0,"enemies":"Orb Walker","floor":36,"turns":3},{"damage":3,"enemies":"Writhing Mass","floor":37,"turns":5},{"damage":33,"enemies":"2 Orb Walkers","floor":38,"turns":7},{"damage":0,"enemies":"Giant Head","floor":40,"turns":8},{"damage":0,"enemies":"HollowMod:StalkingDevout","floor":42,"turns":5},{"damage":0,"enemies":"R_Hoarder","floor":44,"turns":6},{"damage":0,"enemies":"Transient","floor":46,"turns":5},{"damage":0,"enemies":"hubris:GrandSnecko","floor":50,"turns":8}],"seed_played":"3647734737419674439","potions_obtained":[{"floor":1,"key":"blueLaboratory:Virophage"},{"floor":13,"key":"FearPotion"},{"floor":16,"key":"Fruit Juice"},{"floor":18,"key":"Toxic Potion"},{"floor":23,"key":"blueLaboratory:SuffocatingSmog"},{"floor":46,"key":"Fire Potion"}],"is_trial":false,"path_per_floor":["M","?","?","M","$","R","E","M","T","?","E","R","E","M","R","B",null,"M","M","M","$","M","E","M","R","T","?","?","E","$","M","R","B",null,"M","M","M","?","$","E","R","E","T","E","?","M","R","?","R","B",null],"character_chosen":"THE_SILENT","items_purchased":["ReplayTheSpireMod:ShopPack","After Image","Apotheosis","Strawberry","Footwork+1","Orrery"],"campfire_rested":3,"item_purchase_floors":[5,5,21,30,30,39],"current_hp_per_floor":[70,70,41,41,41,62,51,55,55,55,24,45,38,42,63,52,70,72,66,68,68,69,66,44,44,44,44,44,48,55,55,55,58,82,82,82,82,49,49,53,53,53,53,57,57,61,61,61,61,61],"gold":203,"neow_bonus":"THREE_CARDS","is_daily":false,"chose_seed":false,"campfire_upgraded":5,"win_rate":0.0,"timestamp":1609324910,"path_taken":["M","?","?","?","$","R","E","M","T","?","E","R","E","?","R","BOSS","M","M","M","$","M","E","M","R","T","?","?","E","$","?","R","BOSS","M","M","M","?","$","E","R","E","T","E","?","M","R","?","R","BOSS"],"items_purchased_type":["Relic","Card","Card","Relic","Card","Relic"],"build_version":"2020-12-22","purchased_purges":0,"victory":true,"max_hp_per_floor":[70,70,70,70,70,70,70,70,70,70,70,70,70,70,70,70,70,75,75,75,75,75,75,75,75,75,75,75,75,82,82,82,82,82,82,82,82,82,82,82,82,82,82,82,82,82,82,82,82,82],"card_choices":[{"not_picked":["Well Laid Plans","Acrobatics"],"picked":"PiercingWail","floor":0},{"not_picked":["Fluid Movement","Sucker Punch"],"picked":"ReplayTheSpireMod:Speed Training","floor":1},{"not_picked":["Hidden Blade","Poisoned Stab"],"picked":"Infinite Blades","floor":4},{"not_picked":["ReplayUltimateDefense","Midas Touch"],"picked":"CMC","floor":5},{"not_picked":["Discovery","Replay:Sssssssssstrike"],"picked":"Bandage Up","floor":5},{"not_picked":["ReplayTheSpireMod:Brewmster","Replay:Sssssssssstrike"],"picked":"Good Instincts","floor":5},{"not_picked":["ReplayTheSpireMod:The Works","Slice"],"picked":"Riddle With Holes","floor":7},{"not_picked":["Blur","Bane"],"picked":"Flying Knee","floor":8},{"not_picked":["ReplayTheSpireMod:Necrosis","ReplayTheSpireMod:Shiv Toss","Escape Plan"],"picked":"SKIP","floor":11},{"not_picked":["Bouncing Flask","Slice"],"picked":"Backstab","floor":13},{"not_picked":["Sucker Punch","Crippling Poison"],"picked":"Infinite Blades","floor":14},{"not_picked":["Night Terror","Burst"],"picked":"Tools of the Trade","floor":16},{"not_picked":["Flying Knee","ReplayTheSpireMod:Speed Training","Fluid Movement"],"picked":"SKIP","floor":18},{"not_picked":["Dodge and Roll","Sucker Punch+1"],"picked":"Hidden Blade","floor":19},{"not_picked":["Underhanded Strike+1","ReplayTheSpireMod:Exploit Weakness","Eviscerate"],"picked":"SKIP","floor":20},{"not_picked":["Dagger Spray+1","Endless Agony"],"picked":"Dash","floor":22},{"not_picked":["Heel Hook","Dagger Spray","Leg Sweep"],"picked":"SKIP","floor":23},{"not_picked":["ReplayTheSpireMod:Speed Training","Deflect+1","ReplayTheSpireMod:The Works"],"picked":"SKIP","floor":24},{"not_picked":["Crippling Poison","ReplayTheSpireMod:Necrosis","Deadly Poison"],"picked":"SKIP","floor":29},{"not_picked":["Bane+1","Sucker Punch"],"picked":"Cloak And Dagger","floor":31},{"not_picked":["Doubt","hubris:Compulsion"],"picked":"ReplayTheSpireMod:Doomed","floor":34},{"not_picked":["Pain","Spreading Infection"],"picked":"Parasite","floor":34},{"not_picked":["CurseOfTheBell","hubris:Sloth"],"picked":"Languid","floor":34},{"not_picked":["hubris:Sniper","ReplayTheSpireMod:From All Sides","Blur+1"],"picked":"SKIP","floor":35},{"not_picked":["Sucker Punch","Flying Knee","Crippling Poison+1"],"picked":"SKIP","floor":36},{"not_picked":["Bane","Skewer"],"picked":"Flechettes+1","floor":37},{"not_picked":["Setup+1","Slice"],"picked":"ReplayTheSpireMod:Shiv Toss+1","floor":39},{"not_picked":["Poisoned Stab+1","hubris:Counter"],"picked":"Blade Dance","floor":39},{"not_picked":["ReplayTheSpireMod:Scrap Shanks+1","Caltrops"],"picked":"Envenom","floor":40},{"not_picked":["Concentrate","Dagger Spray+1"],"picked":"Poisoned Stab+1","floor":42},{"not_picked":["Tools of the Trade","Dodge and Roll"],"picked":"ReplayTheSpireMod:Scrap Shanks","floor":44},{"not_picked":["Deadly Poison+1","Underhanded Strike+1"],"picked":"hubris:Sniper+1","floor":46},{"not_picked":["ReplayTheSpireMod:Uncanny Aura","Madness"],"picked":"Specialist","floor":48}],"player_experience":160117,"relics_obtained":[{"floor":7,"key":"Blue Doll"},{"floor":9,"key":"Grinning Jar"},{"floor":11,"key":"Lizard Tail"},{"floor":13,"key":"HollowMod:StagPassRelic"},{"floor":23,"key":"Vajra"},{"floor":26,"key":"Happy Flower"},{"floor":29,"key":"Blue Candle"},{"floor":38,"key":"FossilizedHelix"},{"floor":40,"key":"Anchor"},{"floor":42,"key":"Molten Egg 2"},{"floor":43,"key":"Nunchaku"},{"floor":44,"key":"Lantern"}],"event_choices":[{"damage_healed":0,"gold_gain":225,"player_choice":"GO GO RE ","damage_taken":33,"relics_obtained":["ReplayFunnel"],"max_hp_gain":0,"max_hp_loss":0,"event_name":"betterSkull:BetterSkull","floor":3,"gold_loss":0,"cards_upgraded":[]},{"cards_removed":["CMC"],"damage_healed":0,"gold_gain":0,"player_choice":"Take \u0026 Give","damage_taken":0,"max_hp_gain":0,"max_hp_loss":0,"event_name":"betterNote:BetterNote","floor":10,"gold_loss":0,"cards_obtained":["After Image"]},{"damage_healed":0,"gold_gain":0,"player_choice":"Simplicity","damage_taken":0,"max_hp_gain":0,"max_hp_loss":10,"event_name":"betterThird:BetterWriting","floor":27,"gold_loss":0},{"damage_healed":0,"gold_gain":0,"player_choice":"Bet on Murderer","damage_taken":0,"max_hp_gain":0,"max_hp_loss":0,"event_name":"The Joust","floor":28,"gold_loss":50},{"damage_healed":0,"gold_gain":0,"player_choice":"Fight","damage_taken":0,"max_hp_gain":0,"max_hp_loss":0,"event_name":"Mysterious Sphere","floor":38,"gold_loss":0},{"cards_removed":["CMC"],"damage_healed":0,"gold_gain":0,"player_choice":"Removed Skill","damage_taken":0,"max_hp_gain":0,"max_hp_loss":0,"event_name":"Falling","floor":45,"gold_loss":0},{"damage_healed":0,"gold_gain":3,"player_choice":"1","damage_taken":0,"max_hp_gain":0,"max_hp_loss":0,"event_name":"betterStone:BetterStone","floor":48,"gold_loss":0}],"is_beta":false,"boss_relics":[{"not_picked":["Replay:Drink Me","hubris:TerracottaHorce"],"picked":"Replay:Grab Bag"},{"not_picked":["Runic Dome","ReplayTheSpireMod:Onyx Gauntlets"],"picked":"Coffee Dripper"},{"not_picked":["Busted Crown","Sozu"],"picked":"hubris:VirtuousBlindfold"},{"not_picked":["hubris:Stopwatch","Snecko Scales"],"picked":"hubris:HollowSoul"},{"not_picked":["hubris:Backtick","Ring of Chaos"],"picked":"WristBlade"},{"not_picked":["Tiny House","Philosopher\u0027s Stone"],"picked":"Replay:Ancient Bell"},{"not_picked":["Replay:Rubber Ducky","Ancient Tea Set"],"picked":"HollowMod:PaleOreRelic"},{"not_picked":["Replay:Bottled Eggs","Singing Bowl"],"picked":"Golden Egg"},{"not_picked":["Calipers","TungstenRod"],"picked":"Byrd Skull"}],"items_purged_floors":[],"is_endless":false,"potions_floor_spawned":[1,13,16,18,22,23,24,29,38,42,46],"ascension_level":1}}