{"host":"9n6i2vl93jt4o42q","time":1609287665,"event":{"mods":["BaseMod","Minty Spire (QoL Compilation)","Relic Stats"],"gold_per_floor":[113,133,133,151,167,12,41,53,90,102,144,156,58,91,91,168,168,178,178,196,196,213,213,213,213,213,213,225,236,21,33,33,110,110,120,131,131,143,143,143],"floor_reached":39,"playtime":2926,"items_purged":["Pain","Strike_R"],"score":762,"play_id":"b90bfa81-6ce5-4f97-8518-9697188a13cc","local_time":"20201230012105","is_ascension_mode":true,"campfire_choices":[{"data":"Armaments","floor":8,"key":"SMITH"},{"data":"Inflame","floor":12,"key":"SMITH"},{"floor":15,"key":"REST"},{"data":"Limit Break","floor":23,"key":"SMITH"},{"data":"Offering","floor":25,"key":"SMITH"},{"floor":27,"key":"REST"},{"floor":32,"key":"REST"}],"circlet_count":0,"master_deck":["AscendersBane","Strike_R","Defend_R","Defend_R","Defend_R","Defend_R","Bash","Intimidate","Twin Strike","Seeing Red","Armaments+1","Inflame+1","Wild Strike","Shrug It Off","Thunderclap","Headbutt","Offering+1","Cleave","Sentinel","Limit Break+1","Sword Boomerang","Battle Trance","Offering","Burning Pact","Dark Embrace","Rupture","Corruption","Writhe"],"relics":["Black Blood","NeowsBlessing","WarpedTongs","MawBank","Potion Belt","Anchor","InkBottle","Tiny Chest","Darkstone Periapt","Busted Crown"],"acts_visited":["Exordium","TheCity","TheBeyond"],"potions_floor_usage":[16,28,31,33,33,39],"damage_taken":[{"damage":0,"enemies":"Small Slimes","floor":1,"turns":1},{"damage":0,"enemies":"Cultist","floor":2,"turns":1},{"damage":0,"enemies":"2 Louse","floor":4,"turns":1},{"damage":19,"enemies":"Blue Slaver","floor":5,"turns":3},{"damage":30,"enemies":"Lagavulin","floor":7,"turns":7},{"damage":22,"enemies":"3 Sentries","floor":14,"turns":7},{"damage":20,"enemies":"Slime Boss","floor":16,"turns":7},{"damage":13,"enemies":"Shell Parasite","floor":18,"turns":3},{"damage":10,"enemies":"3 Byrds","floor":20,"turns":5},{"damage":42,"enemies":"Cultist and Chosen","floor":22,"turns":7},{"damage":26,"enemies":"Sentry and Sphere","floor":28,"turns":5},{"damage":6,"enemies":"Centurion and Healer","floor":29,"turns":2},{"damage":40,"enemies":"Shelled Parasite and Fungi","floor":31,"turns":5},{"damage":40,"enemies":"Collector","floor":33,"turns":9},{"damage":19,"enemies":"Orb Walker","floor":35,"turns":4},{"damage":20,"enemies":"3 Darklings","floor":36,"turns":3},{"damage":58,"enemies":"Sphere and 2 Shapes","floor":38,"turns":5},{"damage":45,"enemies":"Jaw Worm Horde","floor":39,"turns":2}],"seed_played":"6269925580299290687","potions_obtained":[{"floor":1,"key":"SpeedPotion"},{"floor":4,"key":"SteroidPotion"},{"floor":14,"key":"LiquidMemories"},{"floor":16,"key":"Strength Potion"},{"floor":20,"key":"LiquidMemories"},{"floor":22,"key":"GamblersBrew"},{"floor":29,"key":"DuplicationPotion"},{"floor":31,"key":"Block Potion"},{"floor":35,"key":"BloodPotion"},{"floor":36,"key":"FearPotion"}],"is_trial":false,"path_per_floor":["M","M","?","M","M","$","E","R","T","?","?","R","$","E","R","B",null,"M","?","M","?","M","R","T","R","T","R","M","M","$","M","R","B",null,"M","M","?","M","M"],"character_chosen":"IRONCLAD","items_purchased":["Inflame","Shrug It Off","Thunderclap","Burning Pact","Dark Embrace"],"campfire_rested":3,"item_purchase_floors":[6,13,13,30,30],"current_hp_per_floor":[74,75,75,75,62,62,38,38,38,31,31,31,31,15,37,23,62,61,61,63,63,33,33,33,33,33,55,41,47,47,19,41,13,60,53,45,66,20,0,0],"gold":143,"neow_bonus":"THREE_ENEMY_KILL","is_daily":false,"chose_seed":false,"campfire_upgraded":4,"win_rate":0.0,"timestamp":1609287665,"path_taken":["M","M","?","?","M","$","E","R","T","?","?","R","?","E","R","BOSS","M","?","M","?","M","R","?","R","T","R","M","M","$","M","R","BOSS","M","M","?","M","M"],"items_purchased_type":["Card","Card","Card","Card","Card"],"build_version":"2020-12-22","purchased_purges":2,"victory":false,"max_hp_per_floor":[75,75,75,75,75,75,75,75,75,75,75,75,75,75,75,75,75,75,75,75,75,75,75,75,75,75,75,75,75,75,75,75,75,75,75,75,81,81,81,81],"relic_stats":{"Darkstone Periapt":6,"Busted Crown":6,"counters":[18,77],"Black Blood":151,"Tiny Chest":0,"MawBank":72,"obtain_stats":[{"Potion Belt":9,"Darkstone Periapt":26,"Anchor":11,"Busted Crown":34,"NeowsBlessing":0,"Black Blood":17,"Tiny Chest":24,"MawBank":7,"Burning Blood":0,"InkBottle":14,"WarpedTongs":3},{"Potion Belt":5,"Darkstone Periapt":10,"Anchor":5,"Busted Crown":14,"NeowsBlessing":0,"Black Blood":7,"Tiny Chest":10,"MawBank":5,"Burning Blood":0,"InkBottle":6,"WarpedTongs":2},{"Potion Belt":13,"Darkstone Periapt":42,"Anchor":13,"Busted Crown":63,"NeowsBlessing":0,"Black Blood":27,"Tiny Chest":42,"MawBank":13,"Burning Blood":0,"InkBottle":20,"WarpedTongs":2}],"InkBottle":[18],"WarpedTongs":[71]},"card_choices":[{"not_picked":["Headbutt","Clothesline"],"picked":"Intimidate","floor":1},{"not_picked":["Searing Blow","Perfected Strike"],"picked":"Twin Strike","floor":2},{"not_picked":["Wild Strike","Hemokinesis"],"picked":"Seeing Red","floor":4},{"not_picked":["Anger","Rupture"],"picked":"Armaments","floor":5},{"not_picked":["Clothesline","Armaments"],"picked":"Wild Strike","floor":7},{"not_picked":["Clash","Infernal Blade"],"picked":"Headbutt","floor":14},{"not_picked":["Impervious","Bludgeon"],"picked":"Offering","floor":16},{"not_picked":["Pommel Strike","Wild Strike"],"picked":"Cleave","floor":18},{"not_picked":["Evolve","Pummel"],"picked":"Sword Boomerang","floor":20},{"not_picked":["Anger","Perfected Strike","Cleave"],"picked":"SKIP","floor":22},{"not_picked":["Sword Boomerang","Hemokinesis"],"picked":"Offering","floor":28},{"not_picked":["Anger","Feel No Pain","Blood for Blood"],"picked":"SKIP","floor":29},{"not_picked":["Iron Wave","Thunderclap"],"picked":"Rupture","floor":31},{"not_picked":["Fiend Fire","Immolate"],"picked":"Corruption","floor":33},{"not_picked":["Armaments"],"picked":"SKIP","floor":35},{"not_picked":["Clothesline"],"picked":"SKIP","floor":36},{"not_picked":["Inflame"],"picked":"SKIP","floor":38}],"player_experience":1962861,"relics_obtained":[{"floor":7,"key":"MawBank"},{"floor":9,"key":"Potion Belt"},{"floor":14,"key":"InkBottle"},{"floor":24,"key":"Tiny Chest"},{"floor":26,"key":"Darkstone Periapt"}],"event_choices":[{"damage_healed":0,"gold_gain":0,"player_choice":"Rummage","damage_taken":0,"relics_obtained":["WarpedTongs"],"max_hp_gain":0,"max_hp_loss":0,"event_name":"Accursed Blacksmith","floor":3,"gold_loss":0,"cards_obtained":["Pain"]},{"cards_removed":["Strike_R"],"damage_healed":0,"gold_gain":0,"player_choice":"Card Removal","damage_taken":7,"max_hp_gain":0,"max_hp_loss":0,"event_name":"Golden Wing","floor":10,"gold_loss":0},{"damage_healed":0,"gold_gain":30,"player_choice":"Searched \u00273\u0027 times","damage_taken":0,"relics_obtained":["Anchor"],"max_hp_gain":0,"max_hp_loss":0,"event_name":"Dead Adventurer","floor":11,"gold_loss":0},{"damage_healed":0,"gold_gain":0,"cards_transformed":["Strike_R","Strike_R"],"player_choice":"Became Test Subject","damage_taken":0,"max_hp_gain":0,"max_hp_loss":0,"event_name":"Drug Dealer","floor":19,"gold_loss":0,"cards_obtained":["Sentinel","Limit Break"]},{"damage_healed":0,"gold_gain":0,"player_choice":"Read","damage_taken":0,"max_hp_gain":0,"max_hp_loss":0,"event_name":"The Library","floor":21,"gold_loss":0,"cards_obtained":["Battle Trance"]},{"damage_healed":15,"gold_gain":0,"player_choice":"Writhe","damage_taken":0,"max_hp_gain":0,"max_hp_loss":0,"event_name":"Winding Halls","floor":37,"gold_loss":0,"cards_obtained":["Writhe"]}],"is_beta":false,"boss_relics":[{"not_picked":["Philosopher\u0027s Stone","Coffee Dripper"],"picked":"Black Blood"},{"not_picked":["Pandora\u0027s Box","Black Star"],"picked":"Busted Crown"}],"items_purged_floors":[6,30],"is_endless":false,"potions_floor_spawned":[1,4,14,16,20,22,29,31,35,36],"killed_by":"Jaw Worm Horde","ascension_level":19}}