{"host":"bg8va46pgqgvtzim","time":1609329449,"event":{"mods":["BaseMod","Downfall","Minty Spire (QoL Compilation)","Quick Restart","StSLib","SuperFastMode"],"gold_per_floor":[99,112,129,145,145,160,238,388,398,415,430,450,450,460,474,575,575,575,587,497,509,509,159,159,177,177,195,195,215,225,235,245,245,245,245],"floor_reached":33,"playtime":1467,"items_purged":["hexamod:Strike","hexamod:Strike"],"score":251,"play_id":"fc05a4cb-4cd6-4d16-ab0c-b6cb5564cff8","local_time":"20201230195729","is_ascension_mode":false,"campfire_choices":[{"data":"hexamod:Sear","floor":1.0,"key":"SMITH"},{"data":"hexamod:Incineration","floor":13.0,"key":"SMITH"},{"data":"hexamod:BurningTouch","floor":18.0,"key":"SMITH"},{"data":"hexamod:GhostOfSpireFuture","floor":28.0,"key":"SMITH"}],"circlet_count":0,"master_deck":["hexamod:Strike","hexamod:Strike","hexamod:Defend","hexamod:Defend","hexamod:Defend","hexamod:Defend","hexamod:Sear+1","hexamod:Float","hexamod:FastForward","hexamod:Incineration+1","hexamod:InspiringFlames","Slimebound:Icky","hexamod:GhostOfSpireFuture+1","hexamod:TimeWarp","hexamod:ExtraCrispy","hexamod:BurningTouch+1","hexamod:GhostLash+1","hexamod:GhostflameBarrier+1","hexamod:EtherealExpedition+1","hexamod:FourthSeal","hexamod:FastForward+1","hexamod:CatchUp+1","hexamod:Hexaguard+1","hexamod:ChargedBarrage"],"relics":["hexamod:SpiritBrand","Ornamental Fan","SlaversCollar","Membership Card","hexamod:InflammatoryLetter","Matryoshka"],"acts_visited":["Exordium","TheCity"],"potions_floor_usage":[],"damage_taken":[{"damage":0.0,"enemies":"Small Slimes","floor":2.0,"turns":4.0},{"damage":0.0,"enemies":"Jaw Worm","floor":3.0,"turns":4.0},{"damage":0.0,"enemies":"2 Louse","floor":4.0,"turns":3.0},{"damage":5.0,"enemies":"2 Fungi Beasts","floor":6.0,"turns":4.0},{"damage":5.0,"enemies":"Lots of Slimes","floor":9.0,"turns":6.0},{"damage":3.0,"enemies":"Large Slime","floor":10.0,"turns":8.0},{"damage":11.0,"enemies":"3 Louse","floor":11.0,"turns":3.0},{"damage":2.0,"enemies":"Red Slaver","floor":12.0,"turns":4.0},{"damage":0.0,"enemies":"Blue Slaver","floor":14.0,"turns":3.0},{"damage":0.0,"enemies":"Exordium Wildlife","floor":15.0,"turns":3.0},{"damage":45.0,"enemies":"downfall:Defect","floor":16.0,"turns":8.0},{"damage":11.0,"enemies":"Spheric Guardian","floor":19.0,"turns":6.0},{"damage":2.0,"enemies":"downfall:FleeingMerchant","floor":20.0,"turns":4.0},{"damage":3.0,"enemies":"Shell Parasite","floor":21.0,"turns":4.0},{"damage":0.0,"enemies":"downfall:FleeingMerchant","floor":23.0,"turns":4.0},{"damage":14.0,"enemies":"Sentry and Sphere","floor":25.0,"turns":7.0},{"damage":11.0,"enemies":"Chosen and Byrds","floor":27.0,"turns":6.0},{"damage":9.0,"enemies":"Shelled Parasite and Fungi","floor":29.0,"turns":5.0},{"damage":12.0,"enemies":"Cultist and Chosen","floor":30.0,"turns":6.0},{"damage":10.0,"enemies":"3 Cultists","floor":31.0,"turns":6.0},{"damage":10.0,"enemies":"Sentry and Sphere","floor":32.0,"turns":6.0},{"damage":13,"enemies":"downfall:Ironclad","floor":33,"turns":2}],"seed_played":"-3462906434052908386","potions_obtained":[{"floor":0.0,"key":"LiquidBronze"},{"floor":0.0,"key":"Dexterity Potion"},{"floor":0.0,"key":"Guardian:BlockOnCardUsePotion"},{"floor":4.0,"key":"Energy Potion"},{"floor":15.0,"key":"Fruit Juice"},{"floor":16.0,"key":"Fire Potion"},{"floor":19.0,"key":"FearPotion"},{"floor":23.0,"key":"SkillPotion"},{"floor":25.0,"key":"Ancient Potion"},{"floor":27.0,"key":"Slimebound:ThreeZeroPotion"},{"floor":29.0,"key":"Fire Potion"},{"floor":30.0,"key":"Regen Potion"},{"floor":31.0,"key":"SkillPotion"},{"floor":31.0,"key":"Dexterity Potion"}],"is_trial":false,"path_per_floor":["R","M","M","M","?","M","T","?","M","M","M","M","R","M","M","B",null,"R","M","$","M","?","$","T","M","?","M","R","M","M","M","M","B"],"character_chosen":"THE_SPIRIT","items_purchased":["Membership Card","hexamod:InflammatoryLetter"],"campfire_rested":0,"item_purchase_floors":[23,23],"current_hp_per_floor":[70,70,70,70,70,65,65,65,60,57,46,44,44,44,44,4,75,75,64,62,59,59,59,59,45,45,34,34,25,13,18,8,0,0,0],"gold":245,"neow_bonus":"THREE_SMALL_POTIONS","is_daily":false,"chose_seed":false,"campfire_upgraded":4,"win_rate":0.0,"timestamp":1609329449,"path_taken":["R","M","M","M","?","M","T","?","M","M","M","M","R","M","M","BOSS","R","M","$","M","?","$","T","M","?","?","R","M","M","M","M","BOSS"],"items_purchased_type":["Relic","Relic"],"build_version":"2020-12-22","purchased_purges":2,"victory":false,"max_hp_per_floor":[70,70,70,70,70,70,70,70,70,70,70,70,70,70,70,75,75,75,75,75,75,75,75,75,75,75,75,75,75,75,75,75,75,75,75],"card_choices":[{"not_picked":["hexamod:RecurringNightmare","hexamod:ShieldOfDarkness"],"picked":"hexamod:FastForward","floor":2.0},{"not_picked":["hexamod:ThirdSeal","hexamod:GhostLash","hexamod:AdvancingGuard"],"picked":"SKIP","floor":3.0},{"not_picked":["hexamod:ExtraCrispy","hexamod:NightmareGuise"],"picked":"hexamod:Incineration","floor":4.0},{"not_picked":["hexamod:NightmareGuise","hexamod:SecondSeal"],"picked":"hexamod:InspiringFlames","floor":6.0},{"not_picked":["hexamod:SwordOfDarkness","hexamod:GhostOfSpirePresent","hexamod:SpectersWail"],"picked":"SKIP","floor":9.0},{"not_picked":["hexamod:Firestarter","hexamod:AdvancingGuard"],"picked":"hexamod:GhostOfSpireFuture","floor":10.0},{"not_picked":["hexamod:GhostShield","hexamod:PhantomFireball"],"picked":"hexamod:TimeWarp","floor":11.0},{"not_picked":["hexamod:NightmareStrike","hexamod:RainOfEmbers"],"picked":"hexamod:ExtraCrispy","floor":12.0},{"not_picked":["hexamod:SwordOfDarkness","hexamod:ShieldOfDarkness","hexamod:SpectersWail"],"picked":"SKIP","floor":14.0},{"not_picked":["hexamod:GhostShield","hexamod:AdvancingGuard"],"picked":"hexamod:BurningTouch","floor":15.0},{"not_picked":["hexamod:NightmareStrike+1","hexamod:Rewind"],"picked":"hexamod:GhostLash+1","floor":19.0},{"not_picked":["hexamod:PhantomFireball+1","hexamod:GhostLash"],"picked":"hexamod:GhostflameBarrier+1","floor":20.0},{"not_picked":["hexamod:NightmareStrike+1","hexamod:GhostShield+1"],"picked":"hexamod:EtherealExpedition","floor":21.0},{"not_picked":["hexamod:SkipABeat","hexamod:NightmareGuise","hexamod:CrushingStance"],"picked":"SKIP","floor":23.0},{"not_picked":["hexamod:EmpoweredFlame","hexamod:AdvancingGuard"],"picked":"hexamod:FastForward+1","floor":25.0},{"not_picked":["hexamod:BacktrackSmack","hexamod:Firestarter"],"picked":"hexamod:CatchUp+1","floor":27.0},{"not_picked":["hexamod:Incineration","hexamod:NightmareStrike"],"picked":"hexamod:Hexaguard+1","floor":29.0},{"not_picked":["hexamod:RecurringNightmare+1","hexamod:RainOfEmbers","hexamod:HauntingEcho+1"],"picked":"SKIP","floor":30.0},{"not_picked":["hexamod:SecondSeal","hexamod:NightmareGuise+1","hexamod:HauntingEcho"],"picked":"SKIP","floor":31.0},{"not_picked":["hexamod:SecondSeal","hexamod:NightmareGuise+1","hexamod:HauntingEcho"],"picked":"SKIP","floor":31.0},{"not_picked":["hexamod:BurningTouch","hexamod:SpectersWail"],"picked":"hexamod:ChargedBarrage","floor":32.0}],"player_experience":2221136,"relics_obtained":[{"floor":7.0,"key":"Ornamental Fan"},{"floor":24.0,"key":"Matryoshka"}],"event_choices":[{"damage_healed":0.0,"max_hp_gain":0.0,"max_hp_loss":0.0,"gold_gain":0.0,"event_name":"Accursed Blacksmith","player_choice":"Forge","floor":26.0,"gold_loss":0.0,"damage_taken":0.0,"cards_upgraded":["hexamod:EtherealExpedition"]}],"is_beta":false,"boss_relics":[{"not_picked":["Pandora\u0027s Box","Velvet Choker"],"picked":"SlaversCollar"}],"items_purged_floors":[20,23],"is_endless":false,"potions_floor_spawned":[4,6,15,16,19,25,31],"killed_by":"downfall:Ironclad","ascension_level":0}}