{"host":"hhk99zdwe8tkcyq7","time":1609362124,"event":{"mods":["AchievementEnabler","BaseMod","Minty Spire (QoL Compilation)"],"gold_per_floor":[110,128,143,154,166,166,116,116,116,131,131,144,157,167,167,167,167],"floor_reached":16,"playtime":974,"items_purged":[],"score":98,"play_id":"21efcdfe-96eb-4d26-919d-eefb00fae1ed","local_time":"20201230150204","is_ascension_mode":false,"campfire_choices":[{"floor":6,"key":"REST"},{"data":"Neutralize","floor":11,"key":"SMITH"},{"floor":15,"key":"REST"}],"circlet_count":0,"master_deck":["Strike_G","Strike_G","Strike_G","Defend_G","Defend_G","Defend_G","Defend_G","Defend_G","Survivor","Neutralize+1","Slice","Endless Agony","Acrobatics","Adrenaline"],"relics":["Ring of the Snake","Kunai"],"acts_visited":["Exordium"],"potions_floor_usage":[10,16,16],"damage_taken":[{"damage":4,"enemies":"Cultist","floor":1,"turns":6},{"damage":3,"enemies":"Jaw Worm","floor":2,"turns":7},{"damage":0,"enemies":"Small Slimes","floor":3,"turns":6},{"damage":1,"enemies":"Red Slaver","floor":4,"turns":8},{"damage":17,"enemies":"Large Slime","floor":5,"turns":11},{"damage":15,"enemies":"Lots of Slimes","floor":10,"turns":8},{"damage":5,"enemies":"2 Fungi Beasts","floor":12,"turns":6},{"damage":0,"enemies":"Exordium Thugs","floor":13,"turns":6},{"damage":9,"enemies":"3 Louse","floor":14,"turns":3},{"damage":101,"enemies":"Hexaghost","floor":16,"turns":22}],"seed_played":"-8992098940346844942","potions_obtained":[{"floor":0,"key":"CunningPotion"},{"floor":0,"key":"Regen Potion"},{"floor":0,"key":"Energy Potion"},{"floor":5,"key":"FairyPotion"},{"floor":13,"key":"Strength Potion"}],"is_trial":false,"path_per_floor":["M","M","M","M","M","R","?","?","T","M","R","M","M","M","R","B"],"character_chosen":"THE_SILENT","items_purchased":[],"campfire_rested":2,"item_purchase_floors":[],"current_hp_per_floor":[66,63,63,62,45,66,66,66,66,51,51,46,46,37,58,0,0],"gold":167,"neow_bonus":"THREE_SMALL_POTIONS","is_daily":false,"chose_seed":false,"campfire_upgraded":1,"win_rate":0.0,"timestamp":1609362124,"path_taken":["M","?","M","M","M","R","?","?","T","?","R","M","M","M","R","BOSS"],"items_purchased_type":[],"build_version":"2020-12-22","purchased_purges":0,"victory":false,"max_hp_per_floor":[70,70,70,70,70,70,70,70,70,70,70,70,70,70,70,70,70],"card_choices":[{"not_picked":["Noxious Fumes","Sucker Punch","Finisher"],"picked":"SKIP","floor":1},{"not_picked":["Catalyst","Bane","Dagger Spray"],"picked":"SKIP","floor":2},{"not_picked":["Poisoned Stab","Deflect","Dodge and Roll"],"picked":"SKIP","floor":3},{"not_picked":["Leg Sweep","Poisoned Stab","Outmaneuver"],"picked":"SKIP","floor":4},{"not_picked":["PiercingWail","All Out Attack","Eviscerate"],"picked":"SKIP","floor":5},{"not_picked":["Escape Plan","Noxious Fumes"],"picked":"Slice","floor":10},{"not_picked":["Deadly Poison","Caltrops"],"picked":"Endless Agony","floor":12},{"not_picked":["Crippling Poison","Deadly Poison"],"picked":"Acrobatics","floor":13},{"not_picked":["Outmaneuver","Crippling Poison"],"picked":"Adrenaline","floor":14}],"player_experience":20576,"relics_obtained":[{"floor":9,"key":"Kunai"}],"event_choices":[{"cards_removed":["Strike_G"],"damage_healed":0,"gold_gain":0,"player_choice":"Card Removal","damage_taken":0,"max_hp_gain":0,"max_hp_loss":0,"event_name":"The Cleric","floor":7,"gold_loss":50},{"cards_removed":["Strike_G"],"damage_healed":0,"gold_gain":0,"player_choice":"Offered Basic","damage_taken":0,"max_hp_gain":0,"max_hp_loss":0,"event_name":"Bonfire Elementals","floor":8,"gold_loss":0}],"is_beta":false,"boss_relics":[],"items_purged_floors":[],"is_endless":false,"potions_floor_spawned":[3,4,5,13],"killed_by":"Hexaghost","ascension_level":0}}