{"host":"sc0o2qwpf9j16a4i","time":1609324351,"event":{"mods":["AchievementEnabler","BaseMod","BetterRewards","Block Reminder","Colored Map","Colored Powertips","Custom Start","Highlight Path","Minty Spire (QoL Compilation)","Relic Stats"],"gold_per_floor":[115,130,53,65,65,100,13,13,13,41,51,61,61,8,8,82,82,95,95,145,29,49,49,49,49],"floor_reached":24,"playtime":615,"items_purged":["Strike_G"],"score":408,"play_id":"9449b6e5-0369-4a4b-a489-7a80676ac6d9","local_time":"20201230123231","is_ascension_mode":true,"campfire_choices":[{"floor":8.0,"key":"REST"},{"floor":13.0,"key":"REST"},{"floor":15.0,"key":"REST"},{"floor":23.0,"key":"REST"}],"circlet_count":0,"master_deck":["AscendersBane","Strike_G","Strike_G","Strike_G","Strike_G","Defend_G","Defend_G","Defend_G","Defend_G","Defend_G","Survivor","Neutralize","Deadly Poison","Predator","Noxious Fumes","Bane","Bullet Time","Infinite Blades","Dagger Throw","Bouncing Flask","Footwork","Dash"],"relics":["Ring of the Snake","Blood Vial","Letter Opener","Sundial","Mummified Hand","Bag of Marbles","Snecko Eye","Enchiridion"],"acts_visited":["Exordium","TheCity"],"potions_floor_usage":[],"damage_taken":[{"damage":14.0,"enemies":"Jaw Worm","floor":1.0,"turns":7.0},{"damage":0.0,"enemies":"Cultist","floor":2.0,"turns":4.0},{"damage":4.0,"enemies":"Small Slimes","floor":4.0,"turns":4.0},{"damage":34.0,"enemies":"Lagavulin","floor":6.0,"turns":8.0},{"damage":22.0,"enemies":"3 Sentries","floor":10.0,"turns":8.0},{"damage":8.0,"enemies":"Exordium Wildlife","floor":11.0,"turns":4.0},{"damage":0.0,"enemies":"Red Slaver","floor":12.0,"turns":2.0},{"damage":58.0,"enemies":"The Guardian","floor":16.0,"turns":10.0},{"damage":8.0,"enemies":"3 Byrds","floor":18.0,"turns":5.0},{"damage":0.0,"enemies":"Shell Parasite","floor":22.0,"turns":3.0},{"damage":0,"enemies":"Shelled Parasite and Fungi","floor":24,"turns":1}],"seed_played":"-7138537405448808249","potions_obtained":[{"floor":2.0,"key":"LiquidBronze"},{"floor":4.0,"key":"Energy Potion"},{"floor":11.0,"key":"Block Potion"},{"floor":16.0,"key":"Strength Potion"},{"floor":18.0,"key":"SneckoOil"}],"is_trial":false,"path_per_floor":["M","M","$","M","?","E","$","R","T","E","M","M","R","$","R","B",null,"M","?","?","$","M","R","M"],"character_chosen":"THE_SILENT","items_purchased":["Noxious Fumes","Regen Potion","ColorlessPotion","Footwork"],"campfire_rested":4,"item_purchase_floors":[3,7,14,21],"current_hp_per_floor":[47,49,49,47,47,15,15,34,34,29,23,25,44,44,63,7,51,45,24,24,24,26,45,47,47],"gold":49,"neow_bonus":"RANDOM_COMMON_RELIC","is_daily":false,"chose_seed":false,"campfire_upgraded":0,"win_rate":0.0,"timestamp":1609324351,"path_taken":["M","M","$","M","?","E","$","R","T","E","?","M","R","$","R","BOSS","M","?","?","$","M","R","?"],"items_purchased_type":["Card","Potion","Potion","Card"],"build_version":"2020-12-22","purchased_purges":1,"victory":false,"max_hp_per_floor":[66,66,66,66,66,66,66,66,66,66,66,66,66,66,66,66,66,66,66,66,66,66,66,66,66],"relic_stats":{"Blood Vial":22,"counters":[11,56],"Sundial":[4],"Mummified Hand":[15],"Snecko Eye":[15,19,15,21],"Letter Opener":[98],"obtain_stats":[{"Blood Vial":0,"Sundial":6,"Mummified Hand":9,"Snecko Eye":17,"Enchiridion":19,"Bag of Marbles":10,"Letter Opener":5,"Ring of the Snake":0},{"Blood Vial":0,"Sundial":4,"Mummified Hand":4,"Snecko Eye":8,"Enchiridion":9,"Bag of Marbles":5,"Letter Opener":3,"Ring of the Snake":0},{"Blood Vial":0,"Sundial":23,"Mummified Hand":23,"Snecko Eye":47,"Enchiridion":52,"Bag of Marbles":31,"Letter Opener":15,"Ring of the Snake":0}],"Ring of the Snake":[22]},"card_choices":[{"not_picked":["Backflip","Prepared"],"picked":"Deadly Poison","floor":1.0},{"not_picked":["Riddle With Holes","Prepared"],"picked":"Predator","floor":2.0},{"not_picked":["Poisoned Stab","Leg Sweep"],"picked":"Bane","floor":4.0},{"not_picked":["Well Laid Plans","Dagger Spray"],"picked":"Bullet Time","floor":6.0},{"not_picked":["Backflip","Flying Knee"],"picked":"Infinite Blades","floor":10.0},{"not_picked":["Backflip","Deadly Poison"],"picked":"Dagger Throw","floor":11.0},{"not_picked":["Poisoned Stab","Flechettes","Underhanded Strike"],"picked":"SKIP","floor":12.0},{"not_picked":["Accuracy","Blade Dance"],"picked":"Bouncing Flask","floor":18.0},{"not_picked":["Sucker Punch","Backflip+1"],"picked":"Dash","floor":22.0}],"player_experience":434352,"relics_obtained":[{"floor":6.0,"key":"Sundial"},{"floor":9.0,"key":"Mummified Hand"},{"floor":10.0,"key":"Bag of Marbles"},{"floor":19.0,"key":"Enchiridion"}],"event_choices":[{"damage_healed":0.0,"max_hp_gain":0.0,"max_hp_loss":0.0,"gold_gain":0.0,"event_name":"WeMeetAgain","player_choice":"Gave Potion","floor":5.0,"gold_loss":0.0,"damage_taken":0.0,"relics_obtained":["Letter Opener"]},{"damage_healed":0.0,"max_hp_gain":0.0,"max_hp_loss":0.0,"gold_gain":0.0,"event_name":"Cursed Tome","player_choice":"Obtained Book","floor":19.0,"gold_loss":0.0,"damage_taken":21.0},{"damage_healed":0.0,"max_hp_gain":0.0,"max_hp_loss":0.0,"gold_gain":50.0,"event_name":"Golden Shrine","player_choice":"Pray","floor":20.0,"gold_loss":0.0,"damage_taken":0.0}],"is_beta":false,"boss_relics":[{"not_picked":["SlaversCollar","Ectoplasm"],"picked":"Snecko Eye"}],"items_purged_floors":[21],"is_endless":false,"potions_floor_spawned":[2,4,11,16,18],"killed_by":"Shelled Parasite and Fungi","ascension_level":20}}