{"host":"08z5bj28eube4vug","time":1609304247,"event":{"mods":["2.2 Compatiblity","Abigail Mod","Act Like it!","BaseMod","Beaked The Cultist","Bestiary","Friendly Minions","Gensokyo","GungeonMod","Hallownest","Kiyohime????","Koishi","Lobotomy","Marisa????????","Minty Spire (QoL Compilation)","Prisma Mod","Remilia??????","Replay The Spire","StSLib","Td1madao Mod","The Alterego","The Bug Knight","The Jungle","The Sage","The Senshi","The Servant 0.9.4","Waifu the Spire","WarShipGirlsR/????R mod","Yuri Mod"],"gold_per_floor":[110,35,47,47,47,47,64,74,149,149,175,188,199,8,8,104,104,120,120,140,156,175,175,175,175],"floor_reached":24,"playtime":1271,"items_purged":[],"score":313,"play_id":"0b123b8f-157b-4b1e-bbc1-07eb30712910","local_time":"20201230075727","is_ascension_mode":true,"campfire_choices":[{"data":"alterego_mod:RocketPunch","floor":6,"key":"SMITH"},{"data":"alterego_mod:BigMeatyClaws","floor":10,"key":"SMITH"},{"data":"alterego_mod:RingBreak","floor":15,"key":"SMITH"},{"data":"alterego_mod:Cushion","floor":23,"key":"SMITH"}],"circlet_count":0,"master_deck":["alterego_mod:Strike","alterego_mod:Strike","alterego_mod:Strike","alterego_mod:Strike","alterego_mod:Defend","alterego_mod:Defend","alterego_mod:Defend","alterego_mod:Impale","alterego_mod:BigMeatyClaws+1","alterego_mod:BrynhildrsRune","alterego_mod:Birthday","alterego_mod:RocketPunch+1","alterego_mod:Complex","alterego_mod:PurpleHair","alterego_mod:Birthday","alterego_mod:RingBreak+1","alterego_mod:Exercise","alterego_mod:AlterEgo","alterego_mod:Birthday","alterego_mod:Cushion+1","alterego_mod:Birthday"],"relics":["alterego_mod:MasochisticConstitution","Regal Pillow","Shuriken","Replay:Mystery Machine","Membership Card","Cursed Key"],"acts_visited":["Exordium","TheCity"],"potions_floor_usage":[8,13,18,21,22],"damage_taken":[{"damage":14,"enemies":"Cultist","floor":1,"turns":4},{"damage":5,"enemies":"2 Louse","floor":3,"turns":3},{"damage":0,"enemies":"Small Slimes","floor":7,"turns":3},{"damage":7,"enemies":"3 Louse","floor":8,"turns":4},{"damage":14,"enemies":"Lagavulin","floor":11,"turns":7},{"damage":7,"enemies":"2 Fungi Beasts","floor":12,"turns":3},{"damage":15,"enemies":"Exordium Thugs","floor":13,"turns":3},{"damage":0,"enemies":"Slime Boss","floor":16,"turns":8},{"damage":5,"enemies":"Chosen","floor":18,"turns":4},{"damage":13,"enemies":"3 Byrds","floor":20,"turns":4},{"damage":23,"enemies":"Centurion and Healer","floor":21,"turns":4},{"damage":18,"enemies":"Snecko","floor":22,"turns":5},{"damage":56,"enemies":"Slavers","floor":24,"turns":3}],"seed_played":"-4630855981456176792","potions_obtained":[{"floor":1,"key":"GamblersBrew"},{"floor":3,"key":"AttackPotion"},{"floor":12,"key":"Energy Potion"},{"floor":16,"key":"Venom Potion"},{"floor":20,"key":"BlessingOfTheForge"},{"floor":21,"key":"Energy Potion"}],"is_trial":false,"path_per_floor":["M","$","M","?","?","R","M","M","T","R","E","M","M","$","R","B",null,"M","?","M","M","M","R","E"],"character_chosen":"The_Alterego","items_purchased":["alterego_mod:RocketPunch","Membership Card","alterego_mod:Exercise"],"campfire_rested":0,"item_purchase_floors":[2,14,14],"current_hp_per_floor":[57,57,55,55,55,55,64,66,66,66,57,55,45,45,45,49,76,72,72,78,62,49,49,0,0],"gold":175,"neow_bonus":"RANDOM_COMMON_RELIC","is_daily":false,"chose_seed":false,"campfire_upgraded":4,"win_rate":0.0,"timestamp":1609304247,"path_taken":["M","$","M","?","?","R","M","?","T","R","E","M","M","$","R","BOSS","M","?","M","M","M","R","E"],"items_purchased_type":["Card","Relic","Card"],"build_version":"2020-12-22","purchased_purges":0,"victory":false,"max_hp_per_floor":[71,71,72,72,72,72,72,73,73,73,74,75,76,76,76,76,76,77,77,78,79,80,80,80,80],"card_choices":[{"not_picked":["alterego_mod:DeftHands","alterego_mod:Santa"],"picked":"alterego_mod:Birthday","floor":1},{"not_picked":["alterego_mod:Skirt","alterego_mod:BoobPocket"],"picked":"alterego_mod:Complex","floor":3},{"not_picked":["alterego_mod:Belts","alterego_mod:Maid","alterego_mod:RidiculouslyBig"],"picked":"SKIP","floor":7},{"not_picked":["alterego_mod:DeftHands","alterego_mod:TrashNCrash"],"picked":"alterego_mod:Birthday","floor":8},{"not_picked":["alterego_mod:Bunnysuit","alterego_mod:DestructionOfProperty","alterego_mod:BeGentle"],"picked":"SKIP","floor":11},{"not_picked":["alterego_mod:GoddessCore","alterego_mod:Cooking","alterego_mod:IndependentAction"],"picked":"SKIP","floor":12},{"not_picked":["alterego_mod:Complex","alterego_mod:Punishment"],"picked":"alterego_mod:RingBreak","floor":13},{"not_picked":["alterego_mod:TrickOrTreatment","alterego_mod:Weigh"],"picked":"alterego_mod:AlterEgo","floor":16},{"not_picked":["alterego_mod:PresenceConcealment","alterego_mod:Cycle+1","alterego_mod:Santa"],"picked":"SKIP","floor":18},{"not_picked":["alterego_mod:Maid+1","alterego_mod:Clones"],"picked":"alterego_mod:Birthday","floor":20},{"not_picked":["alterego_mod:Bloomers","alterego_mod:GoddessCore"],"picked":"alterego_mod:Cushion","floor":21},{"not_picked":["alterego_mod:Bunnysuit+1","alterego_mod:PerceptionDisorder+1"],"picked":"alterego_mod:Birthday","floor":22}],"player_experience":730269,"relics_obtained":[{"floor":9,"key":"Shuriken"},{"floor":11,"key":"Replay:Mystery Machine"}],"event_choices":[{"damage_healed":0,"gold_gain":0,"cards_transformed":["alterego_mod:Defend"],"player_choice":"Transformed","damage_taken":0,"max_hp_gain":0,"max_hp_loss":0,"event_name":"Transmorgrifier","floor":5,"gold_loss":0,"cards_obtained":["alterego_mod:PurpleHair"]}],"is_beta":false,"boss_relics":[{"not_picked":["ChewingGum","Fusion Hammer"],"picked":"Cursed Key"}],"items_purged_floors":[],"is_endless":false,"potions_floor_spawned":[1,3,12,16,20,21],"killed_by":"Slavers","ascension_level":3}}