{"host":"e8f3cas2hint0p6r","time":1609290167,"event":{"mods":["Act Like it!","BaseMod","Minty Spire (QoL Compilation)","StSLib"],"gold_per_floor":[110,130,130,110,135,135,155,155,155,155,186,211,225,260,260,260,260],"floor_reached":16,"playtime":573,"items_purged":[],"score":207,"play_id":"f1d1f939-3014-4244-b784-e7c6fdd5bc7b","local_time":"20201230020247","is_ascension_mode":true,"campfire_choices":[{"data":"Feed","floor":6.0,"key":"SMITH"},{"floor":10.0,"key":"REST"},{"floor":15.0,"key":"REST"}],"circlet_count":0,"master_deck":["AscendersBane","Strike_R","Strike_R","Strike_R","Strike_R","Defend_R","Defend_R","Defend_R","Defend_R","Bash","CurseOfTheBell","Feed+1","Shrug It Off","Inflame+1","Cleave","Warcry","Sword Boomerang","Exhume"],"relics":["Calling Bell","Lizard Tail","Frozen Egg 2","MealTicket","Golden Idol","Ornamental Fan","Mummified Hand","Letter Opener"],"acts_visited":["Exordium"],"potions_floor_usage":[],"damage_taken":[{"damage":6.0,"enemies":"Cultist","floor":1.0,"turns":4.0},{"damage":9.0,"enemies":"2 Louse","floor":2.0,"turns":3.0},{"damage":10.0,"enemies":"Small Slimes","floor":5.0,"turns":4.0},{"damage":11.0,"enemies":"Blue Slaver","floor":7.0,"turns":4.0},{"damage":30.0,"enemies":"Lagavulin","floor":11.0,"turns":6.0},{"damage":19.0,"enemies":"Large Slime","floor":12.0,"turns":6.0},{"damage":11.0,"enemies":"Exordium Thugs","floor":13.0,"turns":5.0},{"damage":7.0,"enemies":"3 Sentries","floor":14.0,"turns":4.0},{"damage":81,"enemies":"Hexaghost","floor":16,"turns":11}],"seed_played":"3611468391050491389","potions_obtained":[{"floor":1.0,"key":"SpeedPotion"},{"floor":4.0,"key":"Fire Potion"},{"floor":11.0,"key":"SkillPotion"}],"is_trial":false,"path_per_floor":["M","M","?","?","M","R","M","?","T","R","E","M","M","E","R","B"],"character_chosen":"IRONCLAD","items_purchased":[],"campfire_rested":2,"item_purchase_floors":[],"current_hp_per_floor":[62,56,56,56,49,49,42,42,42,65,35,20,13,6,31,0,0],"gold":260,"neow_bonus":"BOSS_RELIC","is_daily":false,"chose_seed":false,"campfire_upgraded":1,"win_rate":0.0,"timestamp":1609290167,"path_taken":["M","M","?","?","M","R","?","?","T","R","E","?","M","E","R","BOSS"],"items_purchased_type":[],"build_version":"2020-12-22","purchased_purges":0,"victory":false,"max_hp_per_floor":[75,78,71,71,74,74,78,78,78,78,78,82,86,86,86,86,86],"card_choices":[{"not_picked":["Cleave","Clothesline"],"picked":"Feed","floor":1.0},{"not_picked":["Pummel","Intimidate"],"picked":"Shrug It Off","floor":2.0},{"not_picked":["Sword Boomerang","Warcry"],"picked":"Inflame+1","floor":5.0},{"not_picked":["Perfected Strike","Second Wind"],"picked":"Cleave","floor":7.0},{"not_picked":["Ghostly Armor","Clothesline"],"picked":"Warcry","floor":11.0},{"not_picked":["Cleave","Wild Strike","Havoc"],"picked":"SKIP","floor":12.0},{"not_picked":["Havoc","Bloodletting"],"picked":"Sword Boomerang","floor":13.0},{"not_picked":["Cleave","Seeing Red"],"picked":"Exhume","floor":14.0}],"player_experience":409419,"relics_obtained":[{"floor":0.0,"key":"Lizard Tail"},{"floor":0.0,"key":"Frozen Egg 2"},{"floor":0.0,"key":"MealTicket"},{"floor":9.0,"key":"Ornamental Fan"},{"floor":11.0,"key":"Mummified Hand"},{"floor":14.0,"key":"Letter Opener"}],"event_choices":[{"damage_healed":0.0,"max_hp_gain":0.0,"max_hp_loss":7.0,"gold_gain":0.0,"event_name":"Golden Idol","player_choice":"Lose Max HP","floor":3.0,"gold_loss":0.0,"damage_taken":0.0,"relics_obtained":["Golden Idol"]},{"damage_healed":0.0,"max_hp_gain":0.0,"max_hp_loss":0.0,"gold_gain":0.0,"event_name":"The Woman in Blue","player_choice":"Bought 1 Potion","floor":4.0,"gold_loss":0.0,"damage_taken":0.0},{"cards_removed":["Strike_R"],"damage_healed":0.0,"max_hp_gain":0.0,"max_hp_loss":0.0,"gold_gain":0.0,"event_name":"Bonfire Elementals","player_choice":"Offered Basic","floor":8.0,"gold_loss":0.0,"damage_taken":0.0}],"is_beta":false,"boss_relics":[],"items_purged_floors":[],"is_endless":false,"potions_floor_spawned":[1,11,12],"killed_by":"Hexaghost","ascension_level":17}}