{"host":"6i7jlcm7o9r8pzco","time":1609353577,"event":{"mods":["AchievementEnabler","BaseMod","Card Forge","Colored Powertips","Minty Spire (QoL Compilation)","StSLib"],"gold_per_floor":[115,152,172,172,172,172,523,543,611,671,690,545,564,564,564,662,662,678,678,722,419,437,468,468,499,499,499,599,698,542,583,583,678,678,721,325,600,254,274,274,309,323,348,348,348,360,370,389,389,389],"floor_reached":51,"playtime":2964,"items_purged":[],"score":967,"play_id":"56699346-5f4a-4655-9518-5e8ef12dcaec","local_time":"20201230133937","is_ascension_mode":true,"campfire_choices":[{"floor":6,"key":"REST"},{"floor":15,"key":"RECALL"},{"floor":24,"key":"REST"},{"floor":32,"key":"REST"},{"floor":40,"key":"REST"},{"floor":49,"key":"REST"}],"circlet_count":0,"master_deck":["Consecrate+1","Brilliance+1","BattleHymn+1","Consecrate+1","Conclude+1","Crescendo+1","DeceiveReality+1","Devotion+1","FearNoEvil+1","Halt+1","InnerPeace+1","Judgement+1","LikeWater+1","Perseverance+1","Prostrate+1","Vengeance+1","Tantrum+1","ClearTheMind+1","Vigilance+1","Wallop+1","WindmillStrike+1","Bandage Up+1","Dramatic Entrance+1","Good Instincts+1","FlurryOfBlows+1","Consecrate+1","Tantrum+1","HandOfGreed+1","Consecrate+1","DeceiveReality+1","TalkToTheHand+1","Consecrate+1","Crescendo+1","Sanctity+1","ClearTheMind+1","Good Instincts+1","DevaForm+1","DeceiveReality+1","Panache+1","Tantrum+1","Protect+1","Worship+1"],"relics":["HolyWater","Hammer of Thor","Seething Fire","Anvil of the Gods","Old Coin","Potion Belt","OrangePellets","Enchiridion","Strange Spoon","Bag of Preparation","Shuriken","Regal Pillow","Bottled Tornado","Bird Faced Urn","Toxic Egg 2","Bronze Scales","Fusion Hammer","Mercury Hourglass","ClockworkSouvenir","Pen Nib","Calipers","Orichalcum"],"acts_visited":["Exordium","TheCity","TheBeyond"],"potions_floor_usage":[],"damage_taken":[{"damage":0,"enemies":"Cultist","floor":1,"turns":4},{"damage":2,"enemies":"Jaw Worm","floor":2,"turns":2},{"damage":0,"enemies":"Small Slimes","floor":3,"turns":2},{"damage":0,"enemies":"3 Sentries","floor":7,"turns":3},{"damage":10,"enemies":"Looter","floor":8,"turns":2},{"damage":0,"enemies":"Lagavulin","floor":10,"turns":3},{"damage":0,"enemies":"Gremlin Gang","floor":11,"turns":1},{"damage":0,"enemies":"Exordium Wildlife","floor":13,"turns":3},{"damage":35,"enemies":"The Guardian","floor":16,"turns":8},{"damage":10,"enemies":"Shell Parasite","floor":18,"turns":2},{"damage":0,"enemies":"3 Byrds","floor":20,"turns":3},{"damage":0,"enemies":"3 Cultists","floor":22,"turns":3},{"damage":31,"enemies":"Gremlin Leader","floor":23,"turns":6},{"damage":14,"enemies":"Slavers","floor":25,"turns":2},{"damage":20,"enemies":"Colosseum Slavers","floor":28,"turns":2},{"damage":7,"enemies":"Colosseum Nobs","floor":28,"turns":3},{"damage":0,"enemies":"Centurion and Healer","floor":31,"turns":2},{"damage":0,"enemies":"Champ","floor":33,"turns":7},{"damage":11,"enemies":"3 Shapes","floor":35,"turns":2},{"damage":0,"enemies":"Orb Walker","floor":39,"turns":2},{"damage":13,"enemies":"Reptomancer","floor":41,"turns":3},{"damage":10,"enemies":"Maw","floor":42,"turns":4},{"damage":23,"enemies":"Sphere and 2 Shapes","floor":46,"turns":2},{"damage":0,"enemies":"3 Darklings","floor":47,"turns":1},{"damage":2,"enemies":"Maw","floor":48,"turns":5},{"damage":11,"enemies":"Donu and Deca","floor":50,"turns":5}],"seed_played":"1174483828899186853","potions_obtained":[{"floor":8,"key":"Swift Potion"},{"floor":10,"key":"LiquidMemories"},{"floor":11,"key":"Explosive Potion"},{"floor":20,"key":"SneckoOil"},{"floor":23,"key":"Fire Potion"},{"floor":28,"key":"Dexterity Potion"}],"is_trial":false,"path_per_floor":["M","M","M","?","$","R","E","M","T","E","M","$","M","?","R","B",null,"M","?","M","$","M","E","R","E","T","?","?","?","$","M","R","B",null,"M","$","?","$","M","R","E","M","T","$","?","M","M","M","R","B",null],"character_chosen":"WATCHER","items_purchased":["OrangePellets","Strange Spoon","Bag of Preparation","Bronze Scales","Mercury Hourglass","ClockworkSouvenir","Pen Nib","Panache"],"campfire_rested":5,"item_purchase_floors":[12,21,21,30,36,36,38,38],"current_hp_per_floor":[65,63,63,63,63,86,86,76,76,76,76,76,82,96,96,67,96,86,70,70,70,70,39,67,53,53,53,26,26,26,32,75,89,96,85,85,85,85,91,96,83,81,81,81,96,76,82,94,96,85],"gold":389,"neow_bonus":"TWENTY_PERCENT_HP_BONUS","is_daily":false,"chose_seed":false,"campfire_upgraded":0,"win_rate":0.0,"timestamp":1609353577,"path_taken":["M","M","M","?","$","R","E","M","T","E","M","$","M","?","R","BOSS","M","?","M","$","M","E","R","E","T","?","?","?","$","M","R","BOSS","M","$","?","$","M","R","E","?","T","$","?","M","M","M","R","BOSS"],"items_purchased_type":["Relic","Relic","Relic","Relic","Relic","Relic","Relic","Card"],"build_version":"2020-12-22","purchased_purges":0,"victory":true,"max_hp_per_floor":[86,86,86,86,86,86,86,86,86,86,86,86,86,96,96,96,96,96,96,96,96,96,96,96,96,96,96,96,96,96,96,96,96,96,96,96,96,96,96,96,96,96,96,96,96,96,96,96,96,96],"card_choices":[{"not_picked":["WreathOfFlame","Prostrate"],"picked":"Consecrate","floor":1},{"not_picked":["FlyingSleeves","Prostrate"],"picked":"FlurryOfBlows","floor":2},{"not_picked":["FlyingSleeves","Collect"],"picked":"SignatureMove","floor":3},{"not_picked":["CutThroughFate","Conclude"],"picked":"FearNoEvil","floor":7},{"not_picked":["Crescendo","Wallop","EmptyFist"],"picked":"SKIP","floor":8},{"not_picked":["Vengeance","Sanctity"],"picked":"Indignation","floor":10},{"not_picked":["SashWhip","Crescendo","FollowUp"],"picked":"SKIP","floor":11},{"not_picked":["Study","JustLucky","LikeWater"],"picked":"SKIP","floor":13},{"not_picked":["EmptyBody","Evaluate","JustLucky+1"],"picked":"SKIP","floor":18},{"not_picked":["EmptyBody","FlyingSleeves"],"picked":"TalkToTheHand+1","floor":20},{"not_picked":["Prostrate+1","Adaptation","EmptyMind"],"picked":"SKIP","floor":22},{"not_picked":["InnerPeace","Collect","Scrawl"],"picked":"SKIP","floor":23},{"not_picked":["Collect+1","Tantrum","FlurryOfBlows"],"picked":"SKIP","floor":25},{"not_picked":["Collect+1","Crescendo+1","FlyingSleeves"],"picked":"SKIP","floor":31},{"not_picked":["MasterReality","Establishment"],"picked":"DevaForm","floor":33},{"not_picked":["EmptyFist+1","SashWhip+1"],"picked":"DeceiveReality+1","floor":35},{"not_picked":["CarveReality","EmptyFist+1","Nirvana"],"picked":"SKIP","floor":39},{"not_picked":["CrushJoints+1","Halt+1","SashWhip"],"picked":"SKIP","floor":41},{"not_picked":["FlyingSleeves+1","SashWhip+1","ClearTheMind+1"],"picked":"SKIP","floor":42},{"not_picked":["BowlingBash","FlurryOfBlows+1","Weave+1"],"picked":"SKIP","floor":46},{"not_picked":["ThirdEye+1","CutThroughFate+1"],"picked":"Worship+1","floor":47},{"not_picked":["JustLucky","Collect+1","EmptyBody+1"],"picked":"SKIP","floor":48}],"player_experience":13021,"relics_obtained":[{"floor":7,"key":"Old Coin"},{"floor":10,"key":"Potion Belt"},{"floor":19,"key":"Enchiridion"},{"floor":23,"key":"Shuriken"},{"floor":25,"key":"Regal Pillow"},{"floor":26,"key":"Bottled Tornado"},{"floor":28,"key":"Bird Faced Urn"},{"floor":28,"key":"Toxic Egg 2"},{"floor":41,"key":"Calipers"},{"floor":43,"key":"Orichalcum"}],"event_choices":[{"damage_healed":0,"gold_gain":0,"player_choice":"Ignored","damage_taken":0,"max_hp_gain":0,"max_hp_loss":0,"event_name":"Shining Light","floor":4,"gold_loss":0},{"cards_removed":["HandOfGreed"],"damage_healed":4,"gold_gain":0,"player_choice":"Offered Rare","damage_taken":0,"max_hp_gain":10,"max_hp_loss":0,"event_name":"Bonfire Elementals","floor":14,"gold_loss":0},{"damage_healed":0,"gold_gain":0,"player_choice":"Obtained Book","damage_taken":16,"max_hp_gain":0,"max_hp_loss":0,"event_name":"Cursed Tome","floor":19,"gold_loss":0},{"damage_healed":0,"gold_gain":0,"player_choice":"Ignored","damage_taken":0,"max_hp_gain":0,"max_hp_loss":0,"event_name":"Vampires","floor":27,"gold_loss":0},{"damage_healed":0,"gold_gain":0,"player_choice":"Fight","damage_taken":0,"max_hp_gain":0,"max_hp_loss":0,"event_name":"Colosseum","floor":28,"gold_loss":0},{"damage_healed":0,"gold_gain":0,"player_choice":"Fought Nobs","damage_taken":0,"max_hp_gain":0,"max_hp_loss":0,"event_name":"Colosseum","floor":28,"gold_loss":0},{"damage_healed":0,"gold_gain":99,"player_choice":"Stole From Cult","damage_taken":0,"max_hp_gain":0,"max_hp_loss":0,"event_name":"Nest","floor":29,"gold_loss":0},{"damage_healed":0,"gold_gain":275,"player_choice":"Desecrate","damage_taken":0,"max_hp_gain":0,"max_hp_loss":0,"event_name":"Golden Shrine","floor":37,"gold_loss":0,"cards_obtained":["Regret"]},{"damage_healed":24,"gold_gain":0,"player_choice":"Writhe","damage_taken":0,"max_hp_gain":0,"max_hp_loss":0,"event_name":"Winding Halls","floor":45,"gold_loss":0,"cards_obtained":["Writhe"]}],"is_beta":false,"boss_relics":[{"not_picked":["Runic Pyramid","Empty Cage"],"picked":"HolyWater"},{"not_picked":["Velvet Choker","SacredBark"],"picked":"Fusion Hammer"}],"items_purged_floors":[],"is_endless":false,"potions_floor_spawned":[3,8,10,11,20,23,25,28,35,41],"ascension_level":1}}