{"host":"474oh00kq6ni8dn3","time":1609361225,"event":{"mods":["AchievementEnabler","Aspiration","Bartender","BaseMod","Bestiary","Clockwork Mod","Colored Map","Colored Powertips","Conspire","Custom Start","Defuse TimeMaze Blight","Downfall","GifTheSpireLib","Googly Eyes","GungeonMod","Halation","Hubris","Infinite Spire","Jedi Mod","Lobotomy","LobotomyExtend","Minty Spire (QoL Compilation)","Permanent Neow","Quick Restart","Random Character Button","Replay The Spire","Shop Mod","StSLib","Stuff the Spire","The Construct","The Factory","The Jungle","Trackpad","Unceasing Turn Reminder","thorton","vexMod"],"gold_per_floor":[111,128,128,140,159,159,194,144,212,22,22,33,67,86,86,86,86],"floor_reached":16,"playtime":1199,"items_purged":["DemoMod:RustySidearm"],"score":112,"play_id":"79969722-3ab5-4d4b-a842-2bb7dc3dbd4b","local_time":"20201230204705","is_ascension_mode":false,"campfire_choices":[{"data":"DemoMod:PotionOfGunFriendShip","floor":6,"key":"SMITH"},{"floor":15,"key":"REST"}],"circlet_count":0,"master_deck":["DemoMod:Strike_Huntress","DemoMod:Strike_Huntress","DemoMod:Strike_Huntress","DemoMod:Defend_Huntress","DemoMod:Defend_Huntress","DemoMod:Defend_Huntress","DemoMod:Defend_Huntress","DemoMod:Roll","DemoMod:ManualReload","DemoMod:CrossBow","DemoMod:PotionOfGunFriendShip+1","DemoMod:SAA","DemoMod:Polaris","DemoMod:ZorGun","DemoMod:JK47","DemoMod:MachoBrace","DemoMod:EasyReloadBullets"],"relics":["DemoMod:Dog","Simple Rune","LetterFromLob","WarpedTongs","DemoMod:DecoyRelic","halation:WeightlessCrab","DemoMod:GnawedKey","StuffTheSpire:Expresso"],"acts_visited":["Exordium"],"potions_floor_usage":[7,13,16],"damage_taken":[{"damage":0,"enemies":"Small Slimes","floor":1,"turns":3},{"damage":1,"enemies":"Cultist","floor":2,"turns":3},{"damage":3,"enemies":"2 Louse","floor":4,"turns":2},{"damage":4,"enemies":"Large Slime","floor":5,"turns":5},{"damage":26,"enemies":"Gremlin Nob","floor":7,"turns":4},{"damage":8,"enemies":"Exordium Wildlife","floor":12,"turns":3},{"damage":18,"enemies":"Lagavulin","floor":13,"turns":6},{"damage":7,"enemies":"Blue Slaver","floor":14,"turns":4},{"damage":24,"enemies":"Fading Forest","floor":16,"turns":3}],"seed_played":"-468789191802336229","potions_obtained":[{"floor":2,"key":"SkillPotion"},{"floor":4,"key":"Strength Potion"},{"floor":7,"key":"LifebloodPotion"},{"floor":13,"key":"Strength Potion"},{"floor":14,"key":"Weak Potion"}],"is_trial":false,"path_per_floor":["M","M","?","M","M","R","E","?","T","$","E","M","E","M","R","B"],"character_chosen":"HUNTRESS","items_purchased":["DemoMod:GnawedKey"],"campfire_rested":1,"item_purchase_floors":[10],"current_hp_per_floor":[70,69,69,66,62,62,36,36,36,36,36,28,10,3,24,0,0],"gold":86,"neow_bonus":"RANDOM_COMMON_RELIC","is_daily":false,"chose_seed":false,"campfire_upgraded":1,"win_rate":0.0,"timestamp":1609361225,"path_taken":["M","M","?","?","M","R","E","?","T","$","E","M","E","M","R","BOSS"],"items_purchased_type":["Relic"],"build_version":"2020-12-22","purchased_purges":1,"victory":false,"max_hp_per_floor":[70,70,70,70,70,70,70,70,70,70,70,70,70,70,70,70,70],"card_choices":[{"not_picked":["DemoMod:ConditionalReflex","DemoMod:Ejector"],"picked":"DemoMod:PotionOfGunFriendShip","floor":1},{"not_picked":["DemoMod:GunstockTap","DemoMod:PracticeMakesPerfect"],"picked":"DemoMod:SAA","floor":1},{"not_picked":["DemoMod:BoxingGlove","DemoMod:EasyReloadBullets"],"picked":"DemoMod:Polaris","floor":2},{"not_picked":["DemoMod:Polaris","DemoMod:Camera","DemoMod:TeaPot"],"picked":"SKIP","floor":4},{"not_picked":["DemoMod:HardPowerCard","DemoMod:BattleInHaste"],"picked":"DemoMod:ZorGun","floor":5},{"not_picked":["DemoMod:ConditionalReflex","DemoMod:FortunesFavor"],"picked":"DemoMod:JK47","floor":7},{"not_picked":["DemoMod:DoubleSwitch","DemoMod:Unmoved"],"picked":"DemoMod:MachoBrace","floor":12},{"not_picked":["DemoMod:PotionOfGunFriendShip","DemoMod:Ejector","DemoMod:FastSwitch"],"picked":"SKIP","floor":13},{"not_picked":["DemoMod:RadGun","DemoMod:AC15"],"picked":"DemoMod:EasyReloadBullets","floor":14}],"player_experience":48272,"relics_obtained":[{"floor":1,"key":"LetterFromLob"},{"floor":7,"key":"DemoMod:DecoyRelic"},{"floor":9,"key":"halation:WeightlessCrab"},{"floor":13,"key":"StuffTheSpire:Expresso"}],"event_choices":[{"damage_healed":0,"gold_gain":0,"player_choice":"Rummage","damage_taken":0,"relics_obtained":["WarpedTongs"],"max_hp_gain":0,"max_hp_loss":0,"event_name":"Accursed Blacksmith","floor":3,"gold_loss":0,"cards_obtained":["Pain"]},{"cards_removed":["Pain"],"damage_healed":0,"gold_gain":0,"player_choice":"Card Removal","damage_taken":0,"max_hp_gain":0,"max_hp_loss":0,"event_name":"The Cleric","floor":8,"gold_loss":50}],"is_beta":false,"boss_relics":[],"items_purged_floors":[10],"is_endless":false,"potions_floor_spawned":[2,4,7,13,14],"killed_by":"Fading Forest","ascension_level":0}}