{"host":"963ykkbusvcbqwtq","time":1609317011,"event":{"mods":["2.2 Compatiblity","AchievementEnabler","Arknights The Spire","BaseMod","Colored Map","GifTheSpireLib","GungeonMod","Lobotomy","Luminous","Minty Spire (QoL Compilation)","StSLib","SuperFastMode","The Bug Knight"],"gold_per_floor":[113,131,147,147,165,165,165,180,180,210,221,146,146,160,160,259,259,275,275,291,38,38,38,50,64,109,109,154,154,174,174,174,254,254],"floor_reached":33,"playtime":1346,"items_purged":["HollowMod:NailStrikeStart","HollowMod:NailStrikeStart"],"score":276,"play_id":"27379d31-f11e-4552-ac0d-bb776c1ad8dd","local_time":"20201230173011","is_ascension_mode":false,"campfire_choices":[{"data":"HollowMod:FocusHealStart","floor":6.0,"key":"SMITH"},{"data":"HollowMod:GreatSlash","floor":13.0,"key":"SMITH"},{"data":"HollowMod:PogoStrike","floor":15.0,"key":"SMITH"},{"data":"HollowMod:PureNailStrike","floor":23.0,"key":"SMITH"},{"data":"HollowMod:DashSlash","floor":29.0,"key":"SMITH"},{"floor":32.0,"key":"REST"}],"circlet_count":0,"master_deck":["HollowMod:NailStrikeStart","HollowMod:NailStrikeStart+1","HollowMod:QuickDashStart","HollowMod:QuickDashStart","HollowMod:FocusHealStart+1","HollowMod:PogoStrike+1","VoidDream","HollowMod:GreatSlash+1","Variant","HollowMod:HuntersJournal+1","HollowMod:FallenFury","HollowMod:DoubleDash","HollowMod:HornetsHelp+1","HollowMod:PureNailStrike+1","HollowMod:DashSlash+1","Writhe"],"relics":["HollowMod:VesselMask","CogitoBucket","Art of War","Letter Opener","Bag of Marbles","Cursed Key","DemoMod:MeatBun","ChangeAnything","Bag of Preparation"],"acts_visited":["Exordium","TheCity"],"potions_floor_usage":[33],"damage_taken":[{"damage":1.0,"enemies":"Cultist","floor":1.0,"turns":3.0},{"damage":0.0,"enemies":"2 Louse","floor":2.0,"turns":3.0},{"damage":1.0,"enemies":"Jaw Worm","floor":3.0,"turns":4.0},{"damage":6.0,"enemies":"Exordium Thugs","floor":5.0,"turns":5.0},{"damage":5.0,"enemies":"Blue Slaver","floor":8.0,"turns":4.0},{"damage":26.0,"enemies":"3 Sentries","floor":10.0,"turns":10.0},{"damage":14.0,"enemies":"Large Slime","floor":11.0,"turns":4.0},{"damage":2.0,"enemies":"Red Slaver","floor":14.0,"turns":3.0},{"damage":27.0,"enemies":"Hexaghost","floor":16.0,"turns":15.0},{"damage":0.0,"enemies":"Shell Parasite","floor":18.0,"turns":5.0},{"damage":0.0,"enemies":"Spheric Guardian","floor":20.0,"turns":3.0},{"damage":32.0,"enemies":"Shelled Parasite and Fungi","floor":24.0,"turns":2.0},{"damage":1.0,"enemies":"Centurion and Healer","floor":25.0,"turns":8.0},{"damage":3.0,"enemies":"Snecko","floor":28.0,"turns":4.0},{"damage":12.0,"enemies":"3 Cultists","floor":30.0,"turns":5.0},{"damage":68,"enemies":"Collector","floor":33,"turns":8}],"seed_played":"4652233867222590374","potions_obtained":[{"floor":2.0,"key":"ColorlessPotion"},{"floor":5.0,"key":"Ancient Potion"},{"floor":24.0,"key":"Ancient Potion"},{"floor":30.0,"key":"Regen Potion"}],"is_trial":false,"path_per_floor":["M","M","M","?","M","R","T","M","T","E","M","$","R","M","R","B",null,"M","?","M","$","?","R","M","M","T","?","M","R","M","?","R","B"],"character_chosen":"THE_BUGKNIGHT","items_purchased":["DemoMod:MeatBun"],"campfire_rested":1,"item_purchase_floors":[21],"current_hp_per_floor":[74,75,74,59,63,63,63,68,68,52,44,44,44,48,48,33,75,75,72,72,72,72,72,40,45,45,32,35,35,29,29,52,0,0],"gold":254,"neow_bonus":"","is_daily":false,"chose_seed":false,"campfire_upgraded":5,"win_rate":0.0,"timestamp":1609317011,"path_taken":["M","?","M","?","M","R","?","M","T","E","M","$","R","M","R","BOSS","M","?","M","$","?","R","M","M","T","?","M","R","M","?","R","BOSS"],"items_purchased_type":["Relic"],"build_version":"2020-12-22","purchased_purges":2,"victory":false,"max_hp_per_floor":[75,75,75,75,75,75,75,75,75,75,75,75,75,75,75,75,75,75,72,72,72,72,72,72,72,72,77,77,77,77,77,77,77,77],"card_choices":[{"not_picked":["Bloodbath","OSAHOGD","CherryBlossoms"],"picked":"Singing Bowl","floor":1.0},{"not_picked":["Scorched","Bloodbath"],"picked":"VoidDream","floor":1.0},{"not_picked":["HollowMod:InfectedCysts","HollowMod:InfectionAssault","HollowMod:ChannelNail"],"picked":"SKIP","floor":1.0},{"not_picked":["HollowMod:InfectedCysts","HollowMod:InfectionAssault","HollowMod:ChannelNail"],"picked":"SKIP","floor":1.0},{"not_picked":["UniverseFragment","Freischutz","Scorched"],"picked":"Singing Bowl","floor":2.0},{"not_picked":["HollowMod:ShadowDash","HollowMod:NewJinnsSoul"],"picked":"HollowMod:GreatSlash","floor":2.0},{"not_picked":["Mercenary","OSAHOGD"],"picked":"Variant","floor":3.0},{"not_picked":["HollowMod:DreamGate","HollowMod:ChannelNail"],"picked":"HollowMod:HuntersJournal","floor":3.0},{"not_picked":["MHz","LittleHelper","CherryBlossoms"],"picked":"Singing Bowl","floor":5.0},{"not_picked":["HollowMod:GoodIntentions","HollowMod:CrystalDash"],"picked":"HollowMod:FallenFury","floor":5.0},{"not_picked":["BeautyBeast","UniverseFragment","BlackSwan"],"picked":"Singing Bowl","floor":8.0},{"not_picked":["HollowMod:InfectionAssault","HollowMod:SiblingsSouls","HollowMod:SharpenedNail"],"picked":"SKIP","floor":8.0},{"not_picked":["QueenBee","Murderer","MeatLantern"],"picked":"Singing Bowl","floor":10.0},{"not_picked":["HollowMod:FallenFury","HollowMod:BaldurShell","HollowMod:GreatSlash"],"picked":"SKIP","floor":10.0},{"not_picked":["OSAHOGD","BigBird","BigBadWolf"],"picked":"Singing Bowl","floor":11.0},{"not_picked":["HollowMod:LifebloodCocoon","HollowMod:FallenFury","HollowMod:VengefulSpirit"],"picked":"SKIP","floor":11.0},{"not_picked":["UniverseFragment","ShyLook","SpiderBud"],"picked":"Singing Bowl","floor":14.0},{"not_picked":["HollowMod:MawleksShell","HollowMod:SharpenedNail"],"picked":"HollowMod:DoubleDash","floor":14.0},{"not_picked":["Porccubus","HappyTeddy","Murderer"],"picked":"Singing Bowl","floor":16.0},{"not_picked":["HollowMod:SoulMaster","HollowMod:AwokenDreamNail"],"picked":"HollowMod:HornetsHelp","floor":16.0},{"not_picked":["PunishingBird","Wellcheers","ShyLook"],"picked":"Singing Bowl","floor":18.0},{"not_picked":["HollowMod:GoodIntentions","HollowMod:InfectedAttack"],"picked":"HollowMod:PureNailStrike","floor":18.0},{"not_picked":["CherryBlossoms","PunishingBird","MeatLantern"],"picked":"Singing Bowl","floor":20.0},{"not_picked":["HollowMod:NewGlowingWomb","HollowMod:ShapeofUnn","HollowMod:NewJinnsSoul"],"picked":"SKIP","floor":20.0},{"not_picked":["LittleHelper","CherryBlossoms","Alriune"],"picked":"Singing Bowl","floor":24.0},{"not_picked":["HollowMod:ShapeofUnn","HollowMod:TaintedHusks"],"picked":"HollowMod:DashSlash","floor":24.0},{"not_picked":["NakedNest","OSAHOGD","Porccubus"],"picked":"Singing Bowl","floor":25.0},{"not_picked":["HollowMod:NewJinnsSoul","HollowMod:HeavyBlow","HollowMod:SiblingsSouls"],"picked":"SKIP","floor":25.0},{"not_picked":["Rudolta","Yin","Murderer"],"picked":"Singing Bowl","floor":28.0},{"not_picked":["HollowMod:VengefulVoid","HollowMod:CloakDash","HollowMod:DescendingDark"],"picked":"SKIP","floor":28.0},{"not_picked":["BlackSwan","QueenBee","WallGazer"],"picked":"Singing Bowl","floor":30.0},{"not_picked":["HollowMod:DescendingDark","HollowMod:DungDefenderAura","HollowMod:InfectionAssault"],"picked":"SKIP","floor":30.0}],"player_experience":201950,"relics_obtained":[{"floor":7.0,"key":"Art of War"},{"floor":9.0,"key":"Letter Opener"},{"floor":10.0,"key":"Bag of Marbles"},{"floor":26.0,"key":"Bag of Preparation"}],"event_choices":[{"damage_healed":0.0,"max_hp_gain":0.0,"max_hp_loss":0.0,"gold_gain":0.0,"event_name":"Shining Light","player_choice":"Entered Light","floor":4.0,"gold_loss":0.0,"damage_taken":15.0,"cards_upgraded":["HollowMod:NailStrikeStart","HollowMod:HuntersJournal"]},{"damage_healed":0.0,"max_hp_gain":0.0,"max_hp_loss":0.0,"gold_gain":0.0,"event_name":"Upgrade Shrine","player_choice":"Upgraded","floor":22.0,"gold_loss":0.0,"damage_taken":0.0,"cards_upgraded":["HollowMod:HornetsHelp"]},{"damage_healed":0.0,"max_hp_gain":5.0,"max_hp_loss":0.0,"gold_gain":0.0,"event_name":"Forgotten Altar","player_choice":"Shed Blood","floor":27.0,"gold_loss":0.0,"damage_taken":18.0}],"is_beta":false,"boss_relics":[{"not_picked":["SacredBark","Tiny House"],"picked":"Cursed Key"}],"items_purged_floors":[12,21],"is_endless":false,"potions_floor_spawned":[2,5,14,24,30],"killed_by":"Collector","ascension_level":0}}