{"host":"2461dio7vetlq1z3","time":1609343707,"event":{"mods":["2.2 Compatiblity","AchievementEnabler","Aspiration","BaseMod","Better Third Choice","Friendly Minions","Hermit","Minty Spire (QoL Compilation)","Relic Stats","Spicy Shops","StSLib","The Hierophant","Waifu the Spire"],"gold_per_floor":[117,129,139,139,156,156,171,204,253,253,253,253,272,285,285,360,360,378,397,116,116,116,116,134,159,231,231,248,282,282,282,282],"floor_reached":31,"playtime":1381,"items_purged":["Strike_P"],"score":604,"play_id":"15511094-7397-454b-8e52-171f175b3a7c","local_time":"20201230165507","is_ascension_mode":true,"campfire_choices":[{"data":"Eruption","floor":6,"key":"SMITH"},{"data":"Static Discharge","floor":10,"key":"SMITH"},{"data":"Panache","floor":23,"key":"SMITH"},{"floor":27,"key":"REST"}],"circlet_count":0,"master_deck":["AscendersBane","Strike_P+1","Defend_P","Defend_P+1","Defend_P+1","Defend_P+1","Eruption+1","Vigilance","Sweeping Beam","ClearTheMind+1","FlurryOfBlows+1","LessonLearned","Static Discharge+1","EmptyMind+1","DeceiveReality+1","BootSequence","ConjureBlade","SignatureMove+1","Beam Cell","Panache+1","Machine Learning","Protect","Alpha","Beam Cell","Weave+1","Melter"],"relics":["aspiration:DefectSkillbook","Centennial Puzzle","aspiration:ArtOfWarUpgrade","aspiration:SecretTechniqueScroll","White Beast Statue","Question Card","Pear"],"acts_visited":["Exordium","TheCity"],"potions_floor_usage":[8,24,25,28],"damage_taken":[{"damage":0,"enemies":"2 Louse","floor":1,"turns":2},{"damage":2,"enemies":"Small Slimes","floor":2,"turns":3},{"damage":0,"enemies":"Cultist","floor":3,"turns":2},{"damage":0,"enemies":"Exordium Thugs","floor":5,"turns":3},{"damage":0,"enemies":"Large Slime","floor":7,"turns":4},{"damage":27,"enemies":"Lagavulin","floor":8,"turns":6},{"damage":12,"enemies":"Blue Slaver","floor":13,"turns":5},{"damage":1,"enemies":"Exordium Thugs","floor":14,"turns":4},{"damage":17,"enemies":"The Guardian","floor":16,"turns":15},{"damage":3,"enemies":"Shell Parasite","floor":18,"turns":2},{"damage":8,"enemies":"3 Byrds","floor":19,"turns":5},{"damage":0,"enemies":"Centurion and Healer","floor":24,"turns":4},{"damage":14,"enemies":"Slavers","floor":25,"turns":3},{"damage":5,"enemies":"Sentry and Sphere","floor":28,"turns":5},{"damage":13,"enemies":"Book of Stabbing","floor":29,"turns":3},{"damage":34,"enemies":"Slavers","floor":31,"turns":4}],"seed_played":"-1008738150926961259","potions_obtained":[{"floor":1,"key":"BlessingOfTheForge"},{"floor":7,"key":"Block Potion"},{"floor":8,"key":"DuplicationPotion"},{"floor":11,"key":"Ambrosia"},{"floor":25,"key":"AttackPotion"},{"floor":28,"key":"SteroidPotion"},{"floor":29,"key":"SpeedPotion"}],"is_trial":false,"path_per_floor":["M","M","M","?","M","R","M","E","T","R","?","R","M","M","R","B",null,"M","M","$","?","T","R","M","E","T","R","M","E","?","E"],"character_chosen":"WATCHER","items_purchased":["Panache"],"campfire_rested":1,"item_purchase_floors":[20],"current_hp_per_floor":[61,59,59,64,64,64,64,37,37,37,37,37,25,24,24,7,57,54,46,46,34,34,34,34,20,20,41,36,33,33,0,0],"gold":282,"neow_bonus":"BOSS_RELIC","is_daily":false,"chose_seed":false,"campfire_upgraded":3,"win_rate":0.0,"timestamp":1609343707,"path_taken":["M","M","M","?","M","R","M","E","T","R","?","R","?","M","R","BOSS","M","M","$","?","?","R","?","E","T","R","M","E","?","E"],"items_purchased_type":["Card"],"build_version":"2020-12-22","purchased_purges":1,"victory":false,"max_hp_per_floor":[68,68,68,73,73,73,73,73,73,73,73,73,73,73,73,73,73,73,73,73,73,73,73,73,73,73,73,73,83,83,83,83],"relic_stats":{"Centennial Puzzle":[27],"counters":[16,70],"Question Card":2,"obtain_stats":[{"Centennial Puzzle":8,"Pear":29,"aspiration:DefectSkillbook":0,"aspiration:ArtOfWarUpgrade":15,"Art of War":9,"aspiration:SecretTechniqueScroll":17,"PureWater":0,"Question Card":26,"White Beast Statue":25},{"Centennial Puzzle":6,"Pear":15,"aspiration:DefectSkillbook":0,"aspiration:ArtOfWarUpgrade":8,"Art of War":6,"aspiration:SecretTechniqueScroll":9,"PureWater":0,"Question Card":13,"White Beast Statue":13},{"Centennial Puzzle":20,"Pear":66,"aspiration:DefectSkillbook":0,"aspiration:ArtOfWarUpgrade":29,"Art of War":20,"aspiration:SecretTechniqueScroll":44,"PureWater":0,"Question Card":58,"White Beast Statue":58}]},"card_choices":[{"not_picked":["Worship","ClearTheMind","PathToVictory"],"picked":"Sweeping Beam","floor":1},{"not_picked":["SashWhip","Leap","ForeignInfluence"],"picked":"ClearTheMind","floor":2},{"not_picked":["Crescendo","Consecrate","Pray"],"picked":"FlurryOfBlows","floor":3},{"not_picked":["Go for the Eyes","SashWhip","Steam"],"picked":"LessonLearned","floor":5},{"not_picked":["ThirdEye","Redo","FlurryOfBlows"],"picked":"Static Discharge","floor":7},{"not_picked":["Streamline","Prostrate","PathToVictory"],"picked":"EmptyMind","floor":8},{"not_picked":["Sweeping Beam","CrushJoints","CarveReality"],"picked":"DeceiveReality","floor":13},{"not_picked":["Lockon","Chill","Go for the Eyes"],"picked":"BootSequence","floor":14},{"not_picked":["Machine Learning","DeusExMachina","Devotion"],"picked":"ConjureBlade","floor":16},{"not_picked":["ThirdEye","Storm","Coolheaded"],"picked":"SignatureMove","floor":18},{"not_picked":["Doom and Gloom","FlyingSleeves","CrushJoints"],"picked":"Beam Cell","floor":19},{"not_picked":["Storm","Tempest","Turbo+1"],"picked":"Machine Learning","floor":21},{"not_picked":["Barrage","Pray","Consecrate"],"picked":"Protect","floor":24},{"not_picked":["PathToVictory","Consecrate","BowlingBash"],"picked":"Alpha","floor":25},{"not_picked":["Rebound","Conclude","BowlingBash","Gash+1"],"picked":"Beam Cell","floor":28},{"not_picked":["Vengeance","Chaos","Compile Driver","SashWhip","Go for the Eyes"],"picked":"SKIP","floor":29}],"player_experience":1007347,"relics_obtained":[{"floor":8,"key":"Centennial Puzzle"},{"floor":9,"key":"Art of War"},{"floor":25,"key":"White Beast Statue"},{"floor":26,"key":"Question Card"},{"floor":29,"key":"Pear"}],"event_choices":[{"damage_healed":0,"gold_gain":0,"player_choice":"Donut","damage_taken":0,"max_hp_gain":5,"max_hp_loss":0,"event_name":"Big Fish","floor":4,"gold_loss":0},{"damage_healed":0,"gold_gain":0,"player_choice":"Got Potions","damage_taken":0,"max_hp_gain":0,"max_hp_loss":0,"event_name":"Lab","floor":11,"gold_loss":0},{"damage_healed":0,"gold_gain":0,"cards_transformed":["Strike_P","Strike_P"],"player_choice":"Became Test Subject","damage_taken":0,"max_hp_gain":0,"max_hp_loss":0,"event_name":"Drug Dealer","floor":30,"gold_loss":0,"cards_obtained":["Weave","Melter"]}],"is_beta":false,"boss_relics":[{"not_picked":["aspiration:RitualDagger","Runic Dome"],"picked":"aspiration:SecretTechniqueScroll"}],"items_purged_floors":[20],"is_endless":false,"potions_floor_spawned":[1,7,8,16,19,25,28,29],"killed_by":"Slavers","ascension_level":20}}