{"host":"nx6ib2o6hmd449ys","time":1609340547,"event":{"mods":["2.2 Compatiblity","Abigail Mod","Act Like it!","Arknights The Spire","Aspiration","BaseMod","Better Silent Start","Better Third Choice","BetterRewards","CCEM","CapriCore","Chen","Conjunction","Conspire","Downfall","Ekko, The boy who shattered time","Eldritch Tears","Elementarium","Energized Spire","Fireblade Mod","Friendly Minions","Gensokyo","GifTheSpireLib","GungeonMod","Halation","Hallownest","HornydragonMod","Infinite Spire","Jedi Mod","Koishi","KomeijiMod","LagranYue(???·?)","Marisa????????","Menagerie","Minty Spire (QoL Compilation)","MostiFishMod","Quick Restart","Rare Cards Sparkle","RatMod","Reimu??????","Remilia??????","Replay The Spire","RumiaBox-????????","Shop Mod","Small Relic Pack","Spicy Shops","Spikes Relics","StSLib","Stuff the Spire","TestMod","The Administrix","The Bladedancer","The Blue Laboratory","The Caster","The Clintock","The Dragon Tamer","The Exalted","The Factory","The Jungle","The Marked","The Runesmith","TheWitcher","Thrall Mod","Wandering Minibosses","Yakumo Yukari mod","Yuri Mod","Yuyuko","[IsaacMod]????","noobMod","sanctuary","vexMod","??????REMEMod"],"gold_per_floor":[2,116,137,155,15,15,15,15,15,15,48,79,98,197,230,375,375,300,314,314,340,374,374,374,374,374],"floor_reached":24,"playtime":1327,"items_purged":[],"score":1128,"play_id":"bd1e018d-ce6b-4872-851d-0776025fe1b2","local_time":"20201230160227","is_ascension_mode":true,"campfire_choices":[{"floor":8,"key":"RECALL"},{"data":"DTMod:SealedStrike","floor":10,"key":"SMITH"}],"circlet_count":0,"master_deck":["Guardian:Strike_Guardian","Guardian:Strike_Guardian","Guardian:Strike_Guardian","Guardian:Strike_Guardian","Guardian:Defend_Guardian","Guardian:Defend_Guardian","Guardian:Defend_Guardian","Guardian:CurlUp","Guardian:TwinSlam","DTMod:SealedStrike+1","Guardian:ChargeUp","Guardian:ChargeCore","Guardian:VentSteam","StuffTheSpire:BrainWave","Guardian:TemporalShield","Guardian:FloatingOrbs","Guardian:ChargeUp","Guardian:WalkerClaw","Specialist+1","Replay:SS_forest_5+1","Specialist+1","Guardian:Harden","Guardian:Gem_Red","Guardian:DonusPower"],"relics":["Guardian:ModeShifter","HushsDoor","DaveBox","testmod-TestBox","ice","REME_ComplimentaryCards","SteamSale","HollowDreamFlower","testmod-GiftOfSatan","LagranYue:RandomDrawCardRelic","Lee\u0027s Waffle","Damocles","testmod-TheFather","CCEMRelics:OrganicArmor","Dodecahedron","relicPack:DSword","testmod-IndustrialRevolution","MoreBug","Shuriken","vexMod:RetaliationKit","WingedGreaves","DemoMod:GlassGuonStoneRelic","ats:Originium","PillsDrop","StuffTheSpire:ForceGauntlet","Bromod:ArcaneNullifier","REME_ArchaeologicalTools","CCEMRelics:FestiveHat","Bottled Tornado","Strawberry","SacredBark","GuppysHairball","downfall:HeartBlessingRed","infinitespire:BottledMercury","halation:EternalFortune","testmod-Acrobat","halation:SwordOfLegend","MagicDraw1","testmod-Fanaticism"],"acts_visited":["Gensokyo:Gensokyo","TheCity","TheCity"],"potions_floor_usage":[16],"damage_taken":[{"damage":0,"enemies":"Gensokyo:2_Kodama","floor":2,"turns":1},{"damage":0,"enemies":"Gensokyo:3_Fairies","floor":3,"turns":2},{"damage":0,"enemies":"Gensokyo:Python","floor":4,"turns":2},{"damage":0,"enemies":"Gensokyo:Aya","floor":11,"turns":2},{"damage":1,"enemies":"Gensokyo:Mamizou","floor":12,"turns":3},{"damage":0,"enemies":"Gensokyo:VengefulSpirit","floor":13,"turns":1},{"damage":0,"enemies":"Gensokyo:Cirno","floor":14,"turns":4},{"damage":0,"enemies":"Gensokyo:5_Fairies","floor":15,"turns":2},{"damage":0,"enemies":"downfall:Ironclad","floor":16,"turns":3},{"damage":0,"enemies":"conspire:FuzzyDice","floor":19,"turns":1},{"damage":0,"enemies":"Spheric Guardian","floor":21,"turns":3},{"damage":0,"enemies":"3 Cultists","floor":22,"turns":4}],"seed_played":"-467988639900678917","potions_obtained":[{"floor":2,"key":"Languid Potion"},{"floor":13,"key":"blueLaboratory:RecallPotion"}],"is_trial":false,"path_per_floor":["R","M","M","M","?","?","T","R","?","R","E","E","M","E","M","B",null,"R","M","?","M","M","AVR","T"],"character_chosen":"GUARDIAN","items_purchased":["Lee\u0027s Waffle","Damocles","DemoMod:GnawedKey","CCEMRelics:OrganicArmor","ReplayFunnel","Dodecahedron","GuppysHairball"],"campfire_rested":0,"item_purchase_floors":[0,0,0,0,0,0,17],"current_hp_per_floor":[47,51,55,60,60,60,60,60,60,60,70,75,79,82,89,89,79,79,79,82,82,82,82,82,82,82],"gold":374,"neow_bonus":"","is_daily":false,"chose_seed":false,"campfire_upgraded":1,"win_rate":0.0,"timestamp":1609340547,"path_taken":["R","M","M","M","?","?","T","R","?","R","E","E","M","E","M","BOSS","R","M","?","?","M","AVR","T"],"items_purchased_type":["Relic","Relic","Relic","Relic","Relic","Relic","Relic"],"build_version":"2020-12-13","purchased_purges":0,"victory":false,"max_hp_per_floor":[82,82,82,82,82,82,82,82,82,82,82,82,82,82,89,89,79,79,79,82,82,82,82,82,82,82],"card_choices":[{"not_picked":["Guardian:WalkerClaw","Guardian:DonusPower"],"picked":"Guardian:ChargeCore","floor":2},{"not_picked":["Guardian:FloatingOrbs","Guardian:ShieldSpikes"],"picked":"Guardian:VentSteam","floor":3},{"not_picked":["Guardian:RollAttack","Guardian:Suspension"],"picked":"Guardian:Gem_Red","floor":4},{"not_picked":["StuffTheSpire:Brawn","StuffTheSpire:Innocence"],"picked":"StuffTheSpire:BrainWave","floor":6},{"not_picked":["Guardian:Recover","Guardian:Gem_Synthetic"],"picked":"Guardian:TemporalShield","floor":11},{"not_picked":["Guardian:VentSteam","Guardian:TimeSifter"],"picked":"Guardian:FloatingOrbs","floor":12},{"not_picked":["Guardian:TimeCapacitor","Guardian:PrismaticBeam"],"picked":"Guardian:ChargeUp","floor":13},{"not_picked":["Guardian:Harden","Guardian:CrystalBeam"],"picked":"Guardian:WalkerClaw","floor":14},{"not_picked":["REME_AllRoundStrike+1","testmod-PocketStoneCalender+1"],"picked":"Specialist+1","floor":15},{"not_picked":["Guardian:Incinerate","Guardian:CrystalBeam","Guardian:ShieldSpikes"],"picked":"SKIP","floor":15},{"not_picked":["testmod-Arrangement+1","REME_BuildACard+1"],"picked":"Replay:SS_forest_5+1","floor":16},{"not_picked":["Blind+1","StuffTheSpire:Recharge+1"],"picked":"Specialist+1","floor":19},{"not_picked":["Guardian:Planning+1","Guardian:Incinerate"],"picked":"Guardian:Harden","floor":19},{"not_picked":["Guardian:RollAttack","Guardian:Gem_Purple"],"picked":"Guardian:Gem_Red","floor":21},{"not_picked":["Guardian:Gem_Green","Guardian:TemporalStrike"],"picked":"Guardian:DonusPower","floor":22}],"player_experience":462788,"relics_obtained":[{"floor":2,"key":"testmod-IndustrialRevolution"},{"floor":3,"key":"MoreBug"},{"floor":4,"key":"Shuriken"},{"floor":7,"key":"WingedGreaves"},{"floor":11,"key":"ats:Originium"},{"floor":11,"key":"PillsDrop"},{"floor":12,"key":"StuffTheSpire:ForceGauntlet"},{"floor":12,"key":"ats:Originium"},{"floor":12,"key":"Bromod:ArcaneNullifier"},{"floor":13,"key":"REME_ArchaeologicalTools"},{"floor":14,"key":"ats:Originium"},{"floor":14,"key":"CCEMRelics:FestiveHat"},{"floor":14,"key":"Bottled Tornado"},{"floor":15,"key":"Strawberry"},{"floor":19,"key":"infinitespire:BottledMercury"},{"floor":21,"key":"testmod-Acrobat"},{"floor":22,"key":"halation:SwordOfLegend"}],"event_choices":[],"is_beta":false,"boss_relics":[{"not_picked":["SlaversCollar","aspiration:WatcherSkillbook"],"picked":"SacredBark"},{"not_picked":[]}],"items_purged_floors":[],"is_endless":false,"potions_floor_spawned":[2,13],"ascension_level":3}}