{"host":"61ejhfsushs0xmcl","time":1609325556,"event":{"mods":["ATMod(°¢èªMod)","Act Like it!","BaseMod","Colored Map","Gensokyo","Gold Saver","Marisa£¨ìFÓê¡¡Ä§ÀíÉ³£©","Minty Spire (QoL Compilation)","MostiFishMod","Pale of the Ancients","Spicy Shops","StSLib","TestMod","Waifu the Spire","¡¾ÒÅÎï¿¨ÅÆ¡¿REMEMod","óô»ðÖ¸ÄÏ"],"gold_per_floor":[2172,2184,2198,1367,1386,1386,1411,1411,1490,1659,1686,1700,1728,1745,1745,1823,1823,1835,1847,1847,1273,1284,751,794,794,818,838,863,880,290,395,395,469,469,640,657,672,211,232,268,218,250,550,569,594,627,441,441,244,274,330,376,467,867,550,500,647,414,28,28,161],"floor_reached":62,"playtime":2322,"items_purged":["Bash","Defend_R","Defend_R","Regret","Sword Boomerang","AT_FamilyPortrait","REME_TheLastStrike","Strike_R","AT_BodySlamDance+1","Corruption+1","Gensokyo:SlitMouthedWoman+1","Disarm+1"],"score":3684,"play_id":"e93e5a08-f892-4058-8421-253c26bf4931","local_time":"20201230185236","is_ascension_mode":true,"campfire_choices":[{"data":"Gensokyo:SlitMouthedWoman","floor":6,"key":"SMITH"},{"floor":8,"key":"RECALL"},{"data":"MostiFishMod:RainCloud","floor":15,"key":"SMITH"},{"data":"MostiFishMod:RacingGame","floor":25,"key":"SMITH"},{"data":"Gensokyo:ManorOfTheDishes","floor":32,"key":"SMITH"}],"circlet_count":0,"master_deck":["Strike_R","Strike_R","Strike_R","Strike_R","AT_IchimonjiDouble+1","MostiFishMod:RainCloud+1","MostiFishMod:RacingGame+1","Offering","AT_Dispersion+1","Gensokyo:ManorOfTheDishes+1","Sword Boomerang+1","MostiFishMod:HellRitual+1"],"relics":["Burning Blood","testmod-TestBox","AT_ATBox","REME_ComplimentaryCards","testmod-TurbochargingSystem","ShadowXiaoBlade","SynthV:TestCard","ClockworkSouvenir","REME_CardOfGreed","OrangePellets","DaCapo","AT_ForceNature","testmod-RealStoneCalender","AT_BellDemon","testmod-OneHitWonder","Self Forming Clay","AT_Kusabimaru","Art of War","Coffee Dripper","testmod-Acrobat","Toy Ornithopter","AT_ArchangelStaff","Orrery","Bag of Marbles","Smiling Mask","Lantern","Bag of Preparation","Centennial Puzzle","BrkXgEgg","Nunchaku","Molten Egg 2","AT_EbonyIvory","Pen Nib","testmod-LifeArmor","AT_ImmortalShieldbow","Medical Kit","testmod-Nyarlathotep","DianPoetry","StrikeDummy","Regal Pillow","Oddly Smooth Stone","SlaversCollar","ImprovedEquipment","Question Card","Calipers","ArrowTower","InkBottle","Dodecahedron","Technique","Bronze Scales","testmod-AssaultLearning","White Beast Statue","ThornShield","Old Coin","testmod-IndustrialRevolution","BionicSphere","MealTicket","AT_ChloranthyRing","Omamori","AT_MibuBalloonWealth","HandDrill","testmod-Maize","paleoftheancients:Timepiece","paleoftheancients:KeyRelic","Anchor","Gremlin Horn","Happy Flower","AT_BellowingDragoncrestRing","AT_SpeedBoots","paleoftheancients:SoulOfTheHexaghost","Letter Opener","Shuriken"],"acts_visited":["Exordium","Gensokyo:Gensokyo","Gensokyo:Gensokyoer","Gensokyo:Gensokyoest"],"potions_floor_usage":[55],"damage_taken":[{"damage":0,"enemies":"Gensokyo:2_Kodama","floor":1,"turns":2},{"damage":0,"enemies":"Gensokyo:3_Fairies","floor":2,"turns":3},{"damage":0,"enemies":"Gensokyo:Gryphon","floor":3,"turns":2},{"damage":23,"enemies":"Gensokyo:2_Rabbits","floor":5,"turns":4},{"damage":17,"enemies":"Gensokyo:Aya","floor":7,"turns":4},{"damage":0,"enemies":"Gensokyo:Gryphon_and_Rabbit","floor":10,"turns":4},{"damage":11,"enemies":"Gensokyo:Cirno","floor":11,"turns":6},{"damage":0,"enemies":"Gensokyo:VengefulSpirit","floor":12,"turns":2},{"damage":0,"enemies":"Gensokyo:Mamizou","floor":13,"turns":3},{"damage":12,"enemies":"Gensokyo:2_Rabbits","floor":14,"turns":2},{"damage":0,"enemies":"Gensokyo:Reimu","floor":16,"turns":3},{"damage":0,"enemies":"Gensokyo:2_Gloops","floor":18,"turns":2},{"damage":3,"enemies":"Gensokyo:AngelMirror","floor":19,"turns":1},{"damage":0,"enemies":"Gensokyo:Slime_Group","floor":22,"turns":1},{"damage":3,"enemies":"Gensokyo:Tenshi","floor":24,"turns":1},{"damage":7,"enemies":"Gensokyo:Wraith","floor":27,"turns":3},{"damage":0,"enemies":"Gensokyo:Koishi","floor":28,"turns":1},{"damage":3,"enemies":"Gensokyo:Mirror_and_Dog","floor":29,"turns":1},{"damage":3,"enemies":"Gensokyo:Mirror_and_Dog","floor":31,"turns":3},{"damage":26,"enemies":"Gensokyo:Eiki","floor":33,"turns":3},{"damage":3,"enemies":"Gensokyo:AncientGuardian","floor":35,"turns":2},{"damage":0,"enemies":"Gensokyo:3_Bats","floor":36,"turns":2},{"damage":0,"enemies":"Gensokyo:Dusk_and_Dawn","floor":37,"turns":1},{"damage":0,"enemies":"Gensokyo:AtlasGolem","floor":39,"turns":2},{"damage":0,"enemies":"Gensokyo:Marisa","floor":40,"turns":1},{"damage":0,"enemies":"Gensokyo:Doremy","floor":42,"turns":2},{"damage":0,"enemies":"Gensokyo:Sharpion","floor":44,"turns":1},{"damage":0,"enemies":"Gensokyo:Rafflesia","floor":45,"turns":1},{"damage":0,"enemies":"Gensokyo:Kasen","floor":46,"turns":2},{"damage":0,"enemies":"Gensokyo:Scarlet_Devils","floor":50,"turns":1},{"damage":0,"enemies":"Gensokyo:Shinki","floor":51,"turns":3},{"damage":0,"enemies":"Gensokyo:Shinki","floor":52,"turns":1},{"damage":0,"enemies":"Gensokyo:Shinki","floor":53,"turns":2},{"damage":0,"enemies":"Gensokyo:Shinki","floor":57,"turns":1},{"damage":0,"enemies":"paleoftheancients:N","floor":61,"turns":2}],"seed_played":"-9089956248566483164","potions_obtained":[{"floor":5,"key":"BlessingOfTheForge"},{"floor":7,"key":"AttackPotion"},{"floor":28,"key":"ElixirPotion"},{"floor":57,"key":"Regen Potion"}],"is_trial":false,"path_per_floor":["M","M","M","COS","M","R","E","R","T","M","E","M","E","M","R","B",null,"M","M","?","$","M","R","E","R","T","M","E","M","COS","?","R","B",null,"M","M","M","COS","M","E","R","E","T","M","M","E","$","?","R","B","B","M","M","?","$","R","M","R","$","?","B",null],"character_chosen":"IRONCLAD","items_purchased":["AT_ArchangelStaff","Orrery","Bag of Marbles","Lantern","Bag of Preparation","Centennial Puzzle","BrkXgEgg","HandDrill","testmod-Maize","Fruit Juice","AT_SpeedBoots","Letter Opener","Shuriken"],"campfire_rested":0,"item_purchase_floors":[21,21,21,23,23,23,23,47,49,55,55,58,59],"current_hp_per_floor":[81,82,82,82,65,65,54,54,54,60,55,61,67,61,61,67,78,82,82,82,82,82,82,82,82,82,81,82,82,82,82,82,62,77,80,82,82,82,82,82,82,82,82,82,82,82,82,66,66,72,81,82,82,82,87,87,87,87,87,87,87],"gold":161,"neow_bonus":"TEN_PERCENT_HP_BONUS","is_daily":false,"chose_seed":false,"campfire_upgraded":4,"win_rate":0.0,"timestamp":1609325556,"path_taken":["M","M","M","COS","M","R","E","R","T","M","E","M","E","M","R","BOSS","M","M","?","$","M","R","E","R","T","M","E","?","COS","?","R","BOSS","M","M","M","COS","M","E","R","E","T","M","?","E","?","?","R","BOSS","BOSS","M","M","?","$","R","M","R","$","?","BOSS"],"items_purchased_type":["Relic","Relic","Relic","Relic","Relic","Relic","Relic","Relic","Relic","Potion","Relic","Relic","Relic"],"build_version":"2020-12-22","purchased_purges":12,"victory":true,"max_hp_per_floor":[82,82,82,82,82,82,82,82,82,82,82,82,82,82,82,82,82,82,82,82,82,82,82,82,82,82,82,82,82,82,82,82,82,82,82,82,82,82,82,82,82,82,82,82,82,82,82,82,82,82,82,82,82,82,87,87,87,87,87,87,87],"card_choices":[{"not_picked":["Iron Wave","Pommel Strike"],"picked":"Sword Boomerang","floor":1},{"not_picked":["Clash","True Grit","Flame Barrier","Warcry","Rage"],"picked":"SKIP","floor":2},{"not_picked":["Shockwave","Sword Boomerang","AT_BodySlamDance","Rampage"],"picked":"AT_IchimonjiDouble","floor":3},{"not_picked":["Cleave+1","Thunderclap+1","Anger+1","Flex+1"],"picked":"Disarm+1","floor":5},{"not_picked":["Fire Breathing","Havoc","Warcry","Seeing Red","Infernal Blade"],"picked":"SKIP","floor":5},{"not_picked":["Warcry","Sentinel","REME_ACTH","Whirlwind","AT_CaressingTears"],"picked":"SKIP","floor":7},{"not_picked":["MostiFishMod:Chiaki","MostiFishMod:DarkDeal","Double Tap","Impervious"],"picked":"MostiFishMod:RainCloud","floor":10},{"not_picked":["REME_FearOfPain","Flex","Hemokinesis","Thunderclap","Sentinel"],"picked":"SKIP","floor":10},{"not_picked":["Headbutt","MostiFishMod:NewArrival","Perfected Strike","True Grit","AT_IchimonjiDouble"],"picked":"SKIP","floor":11},{"not_picked":["Searing Blow","Clash","Headbutt","Heavy Blade","Cleave"],"picked":"SKIP","floor":12},{"not_picked":["MostiFishMod:#F4004","Dropkick","MostiFishMod:UltimateDefense","Iron Wave"],"picked":"REME_TheLastStrike","floor":13},{"not_picked":["Armaments","Evolve","Hemokinesis","Reckless Charge","Anger"],"picked":"SKIP","floor":14},{"not_picked":["REME_Fury","Double Tap","Juggernaut","Impervious"],"picked":"MostiFishMod:RacingGame","floor":16},{"not_picked":["Cleave","AT_DiedThrough+1","Thunderclap","Sever Soul","Armaments"],"picked":"SKIP","floor":18},{"not_picked":["Flex","Shrug It Off","Clash","Sever Soul","Thunderclap"],"picked":"SKIP","floor":19},{"not_picked":["MostiFishMod:NewArrival","Body Slam+1","MostiFishMod:RainCloud","Warcry"],"picked":"Offering","floor":21},{"not_picked":["Feel No Pain","Body Slam","Wild Strike+1","Uppercut"],"picked":"AT_BodySlamDance+1","floor":21},{"not_picked":["Ghostly Armor","Armaments+1","Headbutt","Seeing Red"],"picked":"AT_Dispersion","floor":21},{"not_picked":["AT_BodySlamDance","AT_DiedThrough","Wild Strike","REME_Cut+1","Anger"],"picked":"SKIP","floor":22},{"not_picked":["Blood for Blood+1","AT_BodySlamDance","Warcry","Metallicize","MostiFishMod:UltimateDefense+1"],"picked":"SKIP","floor":24},{"not_picked":["Sword Boomerang+1","Havoc","Rupture+1","AT_IchimonjiDouble+1","Clothesline+1"],"picked":"SKIP","floor":27},{"not_picked":["AT_DiedThrough","REME_Cut","Fire Breathing","Cleave+1","Headbutt+1"],"picked":"SKIP","floor":28},{"not_picked":["Twin Strike+1","Headbutt+1","Dark Embrace","Thunderclap+1","Havoc+1"],"picked":"SKIP","floor":29},{"not_picked":["MostiFishMod:BrandingRite+1","Sword Boomerang+1","Clothesline+1","Havoc+1"],"picked":"Brutality+1","floor":31},{"not_picked":["Bludgeon+1","Exhume+1","REME_TheLastStrike+1","Immolate+1"],"picked":"Corruption+1","floor":33},{"not_picked":["AT_BodySlamDance","Dark Embrace","REME_SingleHolding","Uppercut+1","Ghostly Armor"],"picked":"SKIP","floor":35},{"not_picked":["Iron Wave+1","REME_Cut","Twin Strike+1","Armaments","Headbutt+1","Infernal Blade+1"],"picked":"SKIP","floor":36},{"not_picked":["Searing Blow+1","MostiFishMod:FireWorks+1","Twin Strike+1","Wild Strike+1","Clothesline+1"],"picked":"Sword Boomerang+1","floor":37},{"not_picked":["Perfected Strike+1","Seeing Red+1","Armaments","Iron Wave+1","Cleave+1","Pommel Strike+1"],"picked":"SKIP","floor":39},{"not_picked":["AT_DiedThrough","Wild Strike+1","Pommel Strike+1","Seeing Red","Inflame","Fiend Fire+1"],"picked":"SKIP","floor":40},{"not_picked":["Brutality","Double Tap","MostiFishMod:PerfectStrikeMKII","REME_ACTH","Reaper"],"picked":"MostiFishMod:HellRitual","floor":42},{"not_picked":["REME_Scribble+1","MostiFishMod:#F4004+1","Hemokinesis+1","Warcry+1","Blood for Blood+1","Fire Breathing+1"],"picked":"SKIP","floor":42},{"not_picked":["Searing Blow+1","Sword Boomerang+1","AT_ManFootWork","Second Wind","Iron Wave+1","Pommel Strike+1"],"picked":"SKIP","floor":42},{"not_picked":["Twin Strike+1","Clothesline+1","Sword Boomerang+1","AT_BodySlamDance","Cleave+1","Pommel Strike+1"],"picked":"SKIP","floor":44},{"not_picked":["Feel No Pain","Thunderclap+1","Spot Weakness","Battle Trance","MostiFishMod:DarkDeal+1","AT_DrawKnifeCut+1"],"picked":"SKIP","floor":45},{"not_picked":["Spot Weakness","AT_CaressingTears","Evolve","AT_DiedThrough+1","Twin Strike+1","Uppercut+1"],"picked":"SKIP","floor":46},{"not_picked":["Spot Weakness","AT_CaressingTears","Evolve","AT_DiedThrough+1","Twin Strike+1","Uppercut+1"],"picked":"SKIP","floor":46},{"not_picked":["Sword Boomerang+1","Heavy Blade+1","Thunderclap+1","Shockwave","Warcry","Pommel Strike+1"],"picked":"SKIP","floor":52},{"not_picked":["Heavy Blade+1","Bludgeon+1","Twin Strike+1","Bloodletting+1","Pommel Strike+1","REME_Scribble"],"picked":"SKIP","floor":53},{"not_picked":["AT_IchimonjiDouble+1","Shrug It Off","Clash+1","Burning Pact","REME_SingleHolding","AT_DiedThrough"],"picked":"SKIP","floor":57}],"player_experience":823626,"relics_obtained":[{"floor":1,"key":"SynthV:TestCard"},{"floor":7,"key":"DaCapo"},{"floor":9,"key":"AT_ForceNature"},{"floor":11,"key":"AT_BellDemon"},{"floor":12,"key":"testmod-OneHitWonder"},{"floor":13,"key":"Self Forming Clay"},{"floor":13,"key":"AT_Kusabimaru"},{"floor":14,"key":"AT_SunfireAegis"},{"floor":16,"key":"Art of War"},{"floor":18,"key":"testmod-Acrobat"},{"floor":19,"key":"Toy Ornithopter"},{"floor":22,"key":"Smiling Mask"},{"floor":24,"key":"Nunchaku"},{"floor":24,"key":"Molten Egg 2"},{"floor":27,"key":"AT_EbonyIvory"},{"floor":28,"key":"Pen Nib"},{"floor":28,"key":"testmod-LifeArmor"},{"floor":29,"key":"AT_ImmortalShieldbow"},{"floor":31,"key":"testmod-Nyarlathotep"},{"floor":31,"key":"DianPoetry"},{"floor":31,"key":"StrikeDummy"},{"floor":33,"key":"Oddly Smooth Stone"},{"floor":35,"key":"Question Card"},{"floor":36,"key":"ArrowTower"},{"floor":37,"key":"InkBottle"},{"floor":39,"key":"Bronze Scales"},{"floor":40,"key":"testmod-AssaultLearning"},{"floor":40,"key":"White Beast Statue"},{"floor":42,"key":"ThornShield"},{"floor":43,"key":"Old Coin"},{"floor":44,"key":"BionicSphere"},{"floor":45,"key":"MealTicket"},{"floor":46,"key":"Omamori"},{"floor":46,"key":"AT_MibuBalloonWealth"},{"floor":52,"key":"Happy Flower"},{"floor":53,"key":"AT_BellowingDragoncrestRing"},{"floor":57,"key":"paleoftheancients:SoulOfTheHexaghost"}],"event_choices":[{"damage_healed":0,"gold_gain":400,"player_choice":"Sell","damage_taken":0,"max_hp_gain":0,"max_hp_loss":0,"event_name":"¶÷ÂåË¹µÄÅÌ×Ó","floor":54,"relics_lost":["DaveBox"],"gold_loss":0}],"is_beta":false,"boss_relics":[{"not_picked":["testmod-StringDisintegrator","testmod-KeyOfTheVoid"],"picked":"Coffee Dripper"},{"not_picked":["Runic Dome","xbg"],"picked":"SlaversCollar"}],"items_purged_floors":[21,23,41,47,47,49,55,56,58,58,59,59],"is_endless":false,"potions_floor_spawned":[5,7,11,12,14,22,28,29,35,37,39,44,45,46,52,57],"ascension_level":20}}