{"host":"w5ovz9boloi14a0g","time":1609363943,"event":{"mods":["BaseMod","Googly Eyes","Minty Spire (QoL Compilation)","StSLib","SuperFastMode"],"gold_per_floor":[118,131,141,141,141,141,175,175,175,203,215,229,33,0,0,98,98,98,98,98,98,0,0,0,0,0,0,0,0,0,0,0,0,0],"floor_reached":33,"playtime":906,"items_purged":[],"score":328,"play_id":"7a31e676-d451-4dc2-8a6c-724ad9a9e51d","local_time":"20201230153223","is_ascension_mode":true,"campfire_choices":[{"data":"Armaments","floor":6,"key":"SMITH"},{"data":"Bash","floor":8,"key":"SMITH"},{"data":"Fire Breathing","floor":15,"key":"SMITH"},{"data":"Finesse","floor":25,"key":"SMITH"},{"data":"Immolate","floor":30,"key":"SMITH"},{"floor":32,"key":"REST"}],"circlet_count":0,"master_deck":["Strike_R+1","Strike_R+1","Strike_R+1","Strike_R+1","Strike_R+1","Defend_R+1","Defend_R+1","Defend_R+1","Defend_R+1","Bash+1","Shrug It Off+1","Armaments+1","Fire Breathing+1","Dropkick","Power Through","Iron Wave","Cleave","Immolate+1","True Grit+1","Finesse+1"],"relics":["Burning Blood","Prayer Wheel","Orichalcum","Sundial","Bag of Preparation","Lee\u0027s Waffle","Ectoplasm","Toxic Egg 2","Question Card","MawBank"],"acts_visited":["Exordium","TheCity"],"potions_floor_usage":[33],"damage_taken":[{"damage":0,"enemies":"Small Slimes","floor":1,"turns":4},{"damage":1,"enemies":"Cultist","floor":2,"turns":3},{"damage":1,"enemies":"Jaw Worm","floor":3,"turns":6},{"damage":34,"enemies":"Lagavulin","floor":7,"turns":8},{"damage":1,"enemies":"3 Sentries","floor":10,"turns":5},{"damage":0,"enemies":"Blue Slaver","floor":11,"turns":6},{"damage":1,"enemies":"Large Slime","floor":12,"turns":6},{"damage":14,"enemies":"Slime Boss","floor":16,"turns":8},{"damage":0,"enemies":"Chosen","floor":18,"turns":3},{"damage":22,"enemies":"Slavers","floor":27,"turns":5},{"damage":21,"enemies":"Gremlin Leader","floor":29,"turns":8},{"damage":4,"enemies":"3 Byrds","floor":31,"turns":4},{"damage":102,"enemies":"Champ","floor":33,"turns":16}],"seed_played":"-5373215179064678975","potions_obtained":[{"floor":1,"key":"GamblersBrew"},{"floor":3,"key":"CultistPotion"},{"floor":7,"key":"ColorlessPotion"}],"is_trial":false,"path_per_floor":["M","M","M","?","?","R","E","R","T","E","M","M","$","?","R","B",null,"M","?","$","?","$","$","?","R","T","E","$","E","R","M","R","B"],"character_chosen":"IRONCLAD","items_purchased":["Cleave","Lee\u0027s Waffle","Finesse"],"campfire_rested":1,"item_purchase_floors":[13,13,22],"current_hp_per_floor":[88,88,88,76,58,58,30,30,30,35,41,46,95,95,95,87,95,95,95,95,95,95,95,95,95,95,79,79,64,64,66,94,0,0],"gold":0,"neow_bonus":"TEN_PERCENT_HP_BONUS","is_daily":false,"chose_seed":false,"campfire_upgraded":5,"win_rate":0.0,"timestamp":1609363943,"path_taken":["M","M","M","?","?","R","E","R","T","E","M","M","$","?","R","BOSS","M","?","?","?","?","$","?","R","T","E","$","E","R","M","R","BOSS"],"items_purchased_type":["Card","Relic","Card"],"build_version":"2020-12-22","purchased_purges":0,"victory":false,"max_hp_per_floor":[88,88,88,88,88,88,88,88,88,88,88,88,95,95,95,95,95,95,95,95,95,95,95,95,95,95,95,95,95,95,95,95,95,95],"card_choices":[{"not_picked":["Combust","Rupture"],"picked":"Shrug It Off","floor":1},{"not_picked":["Dark Embrace","Havoc"],"picked":"Armaments","floor":2},{"not_picked":["Thunderclap","Pommel Strike"],"picked":"Fire Breathing","floor":3},{"not_picked":["Thunderclap","Warcry"],"picked":"Dropkick","floor":7},{"not_picked":["Combust","Headbutt"],"picked":"Power Through","floor":10},{"not_picked":["Wild Strike","Heavy Blade","Twin Strike"],"picked":"SKIP","floor":11},{"not_picked":["Armaments","Demon Form","Heavy Blade"],"picked":"SKIP","floor":11},{"not_picked":["Sword Boomerang","Wild Strike"],"picked":"Iron Wave","floor":12},{"not_picked":["Shrug It Off","Ghostly Armor","Clothesline"],"picked":"SKIP","floor":12},{"not_picked":["Double Tap","Corruption"],"picked":"Immolate","floor":16},{"not_picked":["Perfected Strike","Intimidate"],"picked":"True Grit+1","floor":18},{"not_picked":["Perfected Strike","Rampage","Power Through"],"picked":"SKIP","floor":18},{"not_picked":["Sever Soul","Dark Embrace","Clash+1"],"picked":"SKIP","floor":27},{"not_picked":["Anger","Perfected Strike","Warcry+1","Shockwave+1"],"picked":"SKIP","floor":29},{"not_picked":["Twin Strike+1","Armaments+1","Wild Strike+1","Offering+1"],"picked":"SKIP","floor":31},{"not_picked":["Dropkick","Warcry+1","Bloodletting+1","Heavy Blade"],"picked":"SKIP","floor":31}],"player_experience":51714,"relics_obtained":[{"floor":7,"key":"Orichalcum"},{"floor":9,"key":"Sundial"},{"floor":10,"key":"Bag of Preparation"},{"floor":26,"key":"Toxic Egg 2"},{"floor":27,"key":"Question Card"},{"floor":29,"key":"MawBank"}],"event_choices":[{"damage_healed":0,"gold_gain":0,"player_choice":"Success","damage_taken":12,"relics_obtained":["Prayer Wheel"],"max_hp_gain":0,"max_hp_loss":0,"event_name":"Scrap Ooze","floor":4,"gold_loss":0},{"damage_healed":0,"gold_gain":0,"player_choice":"Entered Light","damage_taken":18,"max_hp_gain":0,"max_hp_loss":0,"event_name":"Shining Light","floor":5,"gold_loss":0,"cards_upgraded":["Strike_R","Defend_R"]},{"damage_healed":0,"gold_gain":0,"player_choice":"Left Gold","damage_taken":0,"max_hp_gain":0,"max_hp_loss":0,"event_name":"World of Goop","floor":14,"gold_loss":33},{"damage_healed":0,"gold_gain":0,"player_choice":"Upgraded","damage_taken":0,"max_hp_gain":0,"max_hp_loss":0,"event_name":"Upgrade Shrine","floor":19,"gold_loss":0,"cards_upgraded":["Shrug It Off"]},{"damage_healed":0,"gold_gain":0,"player_choice":"Simplicity","damage_taken":0,"max_hp_gain":0,"max_hp_loss":0,"event_name":"Back to Basics","floor":21,"gold_loss":0,"cards_upgraded":["Strike_R","Strike_R","Strike_R","Strike_R","Defend_R","Defend_R","Defend_R"]}],"is_beta":false,"boss_relics":[{"not_picked":["Coffee Dripper","Pandora\u0027s Box"],"picked":"Ectoplasm"}],"items_purged_floors":[],"is_endless":false,"potions_floor_spawned":[1,3,7,16,18],"killed_by":"Champ","ascension_level":1}}