{"host":"8nqgve6y8ahjd8xo","time":1609319774,"event":{"mods":["ATMod(阿瑾Mod)","AchievementEnabler","BaseMod","Better Vampires","Better-Laid Plans","Colored Map","Colored Powertips","Minty Spire (QoL Compilation)","MostiFishMod","Quick Restart","Red Circlet Mod","Replay The Spire","RumiaBox-露米娅的神秘盒子","Ryuuou龙王","Shop Mod","StSLib","TestMod","Uncapped","Waifu the Spire","[IsaacMod]以撒尖塔","[功能]功能增强和修复MOD","vexMod","【功能Mod】Neow奖励","【功能Mod】混沌之环修复补丁","【遗物Mod】死灵法师NEW","【遗物Mod】简单游戏","【遗物卡牌】REMEMod","没有小屋子和绿帽子啦","篝火指南"],"gold_per_floor":[119,44,44,54,74,100,100,100,100,134,81,95,95,112,112,203,203,218,235,252,270,286,286,321,321,321,354,269,269,283,283,283,355,355,369,387,387,487,506,506,536,604,604,620,358,377,407,407,132,132,132,132,132,27,54,54],"floor_reached":57,"playtime":4060,"items_purged":["Replay:Bag of Tricks","Quick Slash","REME_ShadowStrike","Poisoned Stab"],"score":2674,"play_id":"282fe486-8a37-4060-ba37-a7177a8a3f29","local_time":"20201230171614","is_ascension_mode":true,"campfire_choices":[{"data":"Acrobatics","floor":8.0,"key":"SMITH"},{"data":"Berserk","floor":13.0,"key":"SMITH"},{"data":"REME_CopyPotion","floor":15.0,"key":"SMITH"},{"data":"Burst","floor":23.0,"key":"SMITH"},{"data":"Footwork","floor":29.0,"key":"SMITH"},{"data":"MostiFishMod:Neurotoxin","floor":32.0,"key":"SMITH"},{"floor":40,"key":"RECALL"},{"data":"MostiFishMod:ShivMaster","floor":53,"key":"SMITH"}],"circlet_count":0,"master_deck":["AscendersBane","Survivor","Neutralize","AT_ShrugMaster","Berserk+1","REME_CopyPotion+1","Die Die Die","MostiFishMod:WinterMarkForm","Burst+1","Eviscerate","Footwork+1","Acrobatics+1","Tactician+1","MostiFishMod:Neurotoxin+1","Reflex+1","Concentrate+1","Blade Dance+1","Backflip+1","Acrobatics+1","Calculated Gamble+1","MostiFishMod:ShivMaster+1","Prepared+1"],"relics":["EasyRelic","HushsDoor","testmod-TestBox","DaveBox","AT_ATBox","REME_ComplimentaryCards","DeathBook","ExusiaiGun","testmod-SaigiyounoYou","SynthV:TestCard","The Specimen","ImprovedEquipment","Toxic Egg 2","SynthV:C4","testmod-Nine","AnarchistCookbook","PillsDrop","Blue Doll","Ccalipers","Empty Cage","Dream Catcher","DoctorsRemote","GodSword6","testmod-AssaultLearning","BookofShadows","HornCleat"],"acts_visited":["Exordium","TheCity","TheBeyond","TheEnding"],"potions_floor_usage":[56,56],"damage_taken":[{"damage":0.0,"enemies":"Jaw Worm","floor":1.0,"turns":1.0},{"damage":0.0,"enemies":"Small Slimes","floor":4.0,"turns":1.0},{"damage":0.0,"enemies":"2 Louse","floor":5.0,"turns":1.0},{"damage":0.0,"enemies":"3 Sentries","floor":6.0,"turns":2.0},{"damage":0.0,"enemies":"Gremlin Nob","floor":10.0,"turns":1.0},{"damage":0.0,"enemies":"2 Fungi Beasts","floor":12.0,"turns":1.0},{"damage":0.0,"enemies":"Exordium Thugs","floor":14.0,"turns":1.0},{"damage":2.0,"enemies":"The Guardian","floor":16.0,"turns":5.0},{"damage":0.0,"enemies":"3 Byrds","floor":18.0,"turns":1.0},{"damage":0.0,"enemies":"Chosen","floor":19.0,"turns":2.0},{"damage":21.0,"enemies":"Centurion and Healer","floor":20.0,"turns":2.0},{"damage":0.0,"enemies":"3 Cultists","floor":21.0,"turns":2.0},{"damage":0.0,"enemies":"Snake Plant","floor":22.0,"turns":2.0},{"damage":21.0,"enemies":"Slavers","floor":24.0,"turns":2.0},{"damage":0.0,"enemies":"Gremlin Leader","floor":27.0,"turns":1.0},{"damage":0.0,"enemies":"Chosen and Byrds","floor":30.0,"turns":3.0},{"damage":6.0,"enemies":"Champ","floor":33.0,"turns":3.0},{"damage":0.0,"enemies":"Orb Walker","floor":35.0,"turns":1.0},{"damage":29.0,"enemies":"3 Darklings","floor":36.0,"turns":2.0},{"damage":0,"enemies":"Transient","floor":39,"turns":5},{"damage":0,"enemies":"R_Hoarder","floor":41,"turns":6},{"damage":17,"enemies":"4 Shapes","floor":44,"turns":2},{"damage":27,"enemies":"Writhing Mass","floor":46,"turns":3},{"damage":0,"enemies":"Giant Head","floor":47,"turns":3},{"damage":30,"enemies":"Time Eater","floor":50,"turns":5},{"damage":0,"enemies":"Donu and Deca","floor":51,"turns":1},{"damage":0,"enemies":"Shield and Spear","floor":55,"turns":2},{"damage":80,"enemies":"Delirium","floor":56,"turns":5}],"seed_played":"7082184882962762498","potions_obtained":[{"floor":4.0,"key":"Poison Potion"},{"floor":4.0,"key":"SteroidPotion"},{"floor":14.0,"key":"DistilledChaos"},{"floor":27.0,"key":"Fruit Juice"},{"floor":30.0,"key":"Toxic Potion"},{"floor":44,"key":"Venom Potion"}],"is_trial":false,"path_per_floor":["M","?","?","M","M","E","?","R","T","E","$","M","R","M","R","B",null,"M","M","M","M","M","R","E","?","T","E","?","R","M","?","R","B",null,"M","M","?","?","M","R","E","?","T","M","R","M","E","?","R","B","B",null,"R","$","E","B",null],"character_chosen":"THE_SILENT","items_purchased":["GodSword6","BookofShadows"],"campfire_rested":0,"item_purchase_floors":[45,49],"current_hp_per_floor":[65,65,65,66,66,66,61,61,61,66,66,66,66,66,66,66,66,66,66,52,66,66,66,61,61,61,71,71,71,74,59,59,74,74,74,55,55,55,74,74,74,59,59,62,62,54,80,80,80,65,80,80,80,80,80,8],"gold":54,"neow_bonus":"BOSS_RELIC","is_daily":false,"chose_seed":false,"campfire_upgraded":7,"win_rate":0.0,"timestamp":1609319774,"path_taken":["M","?","?","M","M","E","?","R","T","E","?","M","R","M","R","BOSS","M","M","M","M","M","R","E","?","T","E","?","R","M","?","R","BOSS","M","M","?","?","M","R","E","?","T","M","R","M","E","?","R","BOSS","BOSS","R","$","E","BOSS"],"items_purchased_type":["Relic","Relic"],"build_version":"2020-12-22","purchased_purges":4,"victory":true,"max_hp_per_floor":[66,66,66,66,66,66,66,66,66,66,66,66,66,66,66,66,66,66,66,66,66,66,66,66,66,66,71,71,71,74,74,74,74,74,74,74,74,74,74,74,74,74,74,77,77,77,80,80,80,80,80,80,80,80,80,71],"card_choices":[{"not_picked":[],"picked":"BettingIsNotGood","floor":0.0},{"not_picked":["MostiFishMod:Neurotoxin","Deflect","Deadly Poison"],"picked":"SKIP","floor":1.0},{"not_picked":["Bane","ReplayTheSpireMod:Shiv Toss","Sucker Punch","Deflect"],"picked":"Footwork","floor":4.0},{"not_picked":["Cloak And Dagger","AT_ShadowStep","AT_EssenceShift","Dagger Throw"],"picked":"Acrobatics","floor":5.0},{"not_picked":["Dash","ReplayTheSpireMod:Shiv Toss","AT_TwilightShroud","AT_Desolate","Prepared"],"picked":"SKIP","floor":6.0},{"not_picked":["REME_GreenPollution","Flying Knee","Dagger Spray","Deadly Poison+1"],"picked":"Tactician+1","floor":10.0},{"not_picked":["Bane","Outmaneuver+1","Cloak And Dagger+1","Dagger Spray","Poisoned Stab"],"picked":"SKIP","floor":12.0},{"not_picked":["Masterful Stab","Corpse Explosion+1","Slice","Underhanded Strike"],"picked":"Bomb","floor":14.0},{"not_picked":["Unload","Replay:Bag of Tricks+1","Venomology+1","Atom Bomb"],"picked":"MostiFishMod:Neurotoxin","floor":16.0},{"not_picked":["Riddle With Holes+1","Quick Slash","Poisoned Stab","AT_WomanClash+1"],"picked":"Reflex+1","floor":18.0},{"not_picked":["Backflip+1","Acrobatics+1","Sucker Punch+1","Riddle With Holes"],"picked":"Concentrate+1","floor":19.0},{"not_picked":["Eviscerate","Deadly Poison+1","MostiFishMod:PoisonShield+1","Acrobatics+1"],"picked":"Blade Dance+1","floor":20.0},{"not_picked":["Phantasmal Killer+1","Hidden Blade+1","Poisoned Stab","Tactician+1"],"picked":"Backflip+1","floor":21.0},{"not_picked":["REME_ShadowStrike","AT_Desolate","Heel Hook","Cloak And Dagger+1"],"picked":"Acrobatics+1","floor":22.0},{"not_picked":["Sucker Punch","MostiFishMod:PreservedThorns+1","Flying Knee+1","Cloak And Dagger+1","Hidden Blade+1"],"picked":"SKIP","floor":24.0},{"not_picked":["Poisoned Stab","Outmaneuver+1","Deflect+1","AT_WindFlip+1","MostiFishMod:VineMother"],"picked":"SKIP","floor":27.0},{"not_picked":["Deflect+1","AT_TwilightShroud+1","AT_WindFlip","Deadly Poison+1","Footwork"],"picked":"SKIP","floor":30.0},{"not_picked":["AT_KingSlayer","MostiFishMod:Dislodge+1","Glass Knife","REME_GrazeFinale"],"picked":"MostiFishMod:ShivMaster","floor":33.0},{"not_picked":["REME_GreenPollution","Acrobatics+1","AT_WindFlip","Caltrops+1"],"picked":"REME_ShadowStrike","floor":35.0},{"not_picked":["Hidden Blade+1","Draining Mist+1","PiercingWail+1","Prepared+1","MostiFishMod:PreservedThorns+1"],"picked":"SKIP","floor":36},{"not_picked":["Underhanded Strike","Deadly Poison+1","ReplayTheSpireMod:Speed Training+1","Masterful Stab","Backflip+1"],"picked":"SKIP","floor":39},{"not_picked":["Dodge and Roll+1","Dagger Spray+1","Concentrate+1","REME_GreenPollution","Underhanded Strike"],"picked":"SKIP","floor":41},{"not_picked":["Hidden Blade+1","Poisoned Stab+1","AT_WindFlip","Prepared+1","Acrobatics+1"],"picked":"SKIP","floor":44},{"not_picked":["Hidden Blade+1","Poisoned Stab+1","AT_WindFlip","Acrobatics+1"],"picked":"Prepared+1","floor":44},{"not_picked":["Dodge and Roll+1","PiercingWail+1","Riddle With Holes","Glass Knife","Reflex+1"],"picked":"SKIP","floor":46},{"not_picked":["Finisher+1","Slice+1","Skewer+1","REME_CopyPotion+1","Blade Dance+1"],"picked":"SKIP","floor":47},{"not_picked":["Slice","Bullet Time+1","Skewer","Endless Agony","AT_ArcaneSupremacy"],"picked":"SKIP","floor":55}],"player_experience":1318924,"relics_obtained":[{"floor":1.0,"key":"SynthV:TestCard"},{"floor":6.0,"key":"The Specimen"},{"floor":9.0,"key":"Toxic Egg 2"},{"floor":10.0,"key":"SynthV:C4"},{"floor":24.0,"key":"AnarchistCookbook"},{"floor":27.0,"key":"PillsDrop"},{"floor":41,"key":"Dream Catcher"},{"floor":43,"key":"DoctorsRemote"},{"floor":47,"key":"testmod-AssaultLearning"},{"floor":55,"key":"HornCleat"}],"event_choices":[{"cards_removed":["Strike_G"],"damage_healed":0.0,"max_hp_gain":0.0,"max_hp_loss":0.0,"gold_gain":0.0,"event_name":"The Cleric","player_choice":"Card Removal","floor":2.0,"gold_loss":75.0,"damage_taken":0.0},{"damage_healed":0.0,"max_hp_gain":0.0,"max_hp_loss":0.0,"gold_gain":0.0,"event_name":"给自己的盒子","player_choice":"Swap Relic","floor":3.0,"relics_lost":["Pandora\u0027s Box"],"gold_loss":0.0,"damage_taken":0.0,"relics_obtained":["Pandora\u0027s Box"]},{"damage_healed":0.0,"max_hp_gain":0.0,"max_hp_loss":0.0,"gold_gain":0.0,"event_name":"Scrap Ooze","player_choice":"Success","floor":7.0,"gold_loss":0.0,"damage_taken":5.0,"relics_obtained":["ImprovedEquipment"]},{"damage_healed":0.0,"max_hp_gain":0.0,"max_hp_loss":0.0,"gold_gain":0.0,"event_name":"The Library","player_choice":"Read","floor":25.0,"gold_loss":0.0,"damage_taken":0.0,"cards_obtained":["Calculated Gamble"]},{"damage_healed":0.0,"max_hp_gain":0.0,"max_hp_loss":0.0,"gold_gain":0.0,"event_name":"Addict","player_choice":"Obtained Relic","floor":28.0,"gold_loss":85.0,"damage_taken":0.0,"relics_obtained":["Blue Doll"]},{"damage_healed":0,"gold_gain":0,"player_choice":"Ignored","damage_taken":0,"max_hp_gain":0,"max_hp_loss":0,"event_name":"Tomb of Lord Red Mask","floor":37,"gold_loss":0},{"damage_healed":0,"gold_gain":0,"player_choice":"Ignored","damage_taken":0,"max_hp_gain":0,"max_hp_loss":0,"event_name":"Ryuuou:Expiration_G","floor":38,"gold_loss":0},{"damage_healed":0,"gold_gain":0,"player_choice":"Ignored","damage_taken":0,"max_hp_gain":0,"max_hp_loss":0,"event_name":"SecretPortal","floor":48,"gold_loss":0}],"is_beta":false,"boss_relics":[{"not_picked":["FixedStarFall","TakeMeEscape"],"picked":"testmod-Nine"},{"not_picked":[]},{"not_picked":["Honey Jar","TimeKeys"],"picked":"Empty Cage"},{"not_picked":[]}],"items_purged_floors":[11,45,49,54],"is_endless":false,"potions_floor_spawned":[4,4,6,6,10,10,12,12,14,16,18,19,20,20,21,22,24,27,30,30,35,36,36,39,39,44,44,47,55],"ascension_level":20}}