{"host":"kw4o7b3ro2ktmmbe","time":1609367860,"event":{"mods":["BaseMod","Evolution","Minty Spire (QoL Compilation)","Shade Mod","StSLib"],"gold_per_floor":[118,131,148,148,148,181,181,217,243,90,124,124,124,158,158,296,296,319,347,347,347,347,347,363,383,383,129,179,139,166,216,216,216,216],"floor_reached":33,"playtime":2749,"items_purged":[],"score":405,"play_id":"63d000a5-26a3-46f3-802f-098331e9cfbe","local_time":"20201231113740","is_ascension_mode":true,"campfire_choices":[{"data":"Shade:Putrefaction","floor":7.0,"key":"SMITH"},{"data":"Shade:Consume","floor":13.0,"key":"SMITH"},{"floor":15.0,"key":"REST"},{"data":"Shade:SoulPierce","floor":23.0,"key":"SMITH"},{"floor":32,"key":"REST"}],"circlet_count":0,"master_deck":["Shade:CoffinDance","Shade:CoffinDance","Shade:CoffinDance","Shade:CoffinDance","Shade:GraveStillness","Shade:Defend_Shade","Shade:Defend_Shade","Shade:AnimateDead","Shade:CarefulCut","Shade:FuneraryJewels","Shade:FleshOffering","Shade:CallOfTheGrave","Shade:Putrefaction+1","Shade:Consume+1","Shade:AblativeArmor","Shade:Excise","Shade:SoulPierce+1","Shade:Awaken+1","Shade:Brains+1","Shade:SelfBurial","Shade:Doomsay+1","Shade:FleshLikeOak"],"relics":["Shade:YorickPolishedSkull","EVO:Axolotl","Omamori","Golden Idol","Bag of Preparation","Bag of Marbles","CeramicFish","Akabeko","Ice Cream","WarpedTongs","Molten Egg 2","Mercury Hourglass","Happy Flower","Letter Opener"],"acts_visited":["Exordium","TheCity"],"potions_floor_usage":[30,30,31],"damage_taken":[{"damage":0.0,"enemies":"Cultist","floor":1.0,"turns":3.0},{"damage":0.0,"enemies":"Small Slimes","floor":2.0,"turns":3.0},{"damage":0.0,"enemies":"Jaw Worm","floor":3.0,"turns":2.0},{"damage":1.0,"enemies":"Lagavulin","floor":6.0,"turns":7.0},{"damage":18.0,"enemies":"Gremlin Nob","floor":8.0,"turns":4.0},{"damage":0.0,"enemies":"Exordium Wildlife","floor":11.0,"turns":1.0},{"damage":0.0,"enemies":"Gremlin Gang","floor":14.0,"turns":2.0},{"damage":0.0,"enemies":"Slime Boss","floor":16.0,"turns":5.0},{"damage":2.0,"enemies":"Spheric Guardian","floor":18.0,"turns":5.0},{"damage":8.0,"enemies":"3 Byrds","floor":19.0,"turns":2.0},{"damage":1.0,"enemies":"Centurion and Healer","floor":24.0,"turns":4.0},{"damage":2.0,"enemies":"Snake Plant","floor":25.0,"turns":3.0},{"damage":2.0,"enemies":"Gremlin Leader","floor":28.0,"turns":4.0},{"damage":23,"enemies":"Shelled Parasite and Fungi","floor":30,"turns":4},{"damage":16,"enemies":"Slavers","floor":31,"turns":3},{"damage":34,"enemies":"Champ","floor":33,"turns":5}],"seed_played":"8766844496447980454","potions_obtained":[{"floor":1.0,"key":"LiquidBronze"},{"floor":2.0,"key":"BlessingOfTheForge"},{"floor":8.0,"key":"Strength Potion"},{"floor":18.0,"key":"Energy Potion"},{"floor":29.0,"key":"LiquidBronze"},{"floor":29.0,"key":"AttackPotion"},{"floor":29.0,"key":"AttackPotion"},{"floor":30,"key":"Fire Potion"}],"is_trial":false,"path_per_floor":["M","M","M","?","?","E","R","E","T","$","M","$","R","M","R","B",null,"M","M","?","?","?","R","M","M","T","$","E","?","M","E","R","B"],"character_chosen":"SHADE","items_purchased":["Akabeko","Mercury Hourglass"],"campfire_rested":2,"item_purchase_floors":[10,27],"current_hp_per_floor":[65,65,65,49,42,41,41,23,23,23,23,23,23,23,42,42,65,63,55,55,55,55,55,54,52,52,52,50,50,27,11,30,0,0],"gold":216,"neow_bonus":"RANDOM_COMMON_RELIC","is_daily":false,"chose_seed":false,"campfire_upgraded":3,"win_rate":0.0,"timestamp":1609367860,"path_taken":["M","?","M","?","?","E","R","E","T","?","?","$","R","M","R","BOSS","M","M","?","?","?","R","M","?","T","$","E","?","?","E","R","BOSS"],"items_purchased_type":["Relic","Relic"],"build_version":"2020-12-22","purchased_purges":0,"victory":false,"max_hp_per_floor":[65,65,65,65,65,65,65,65,65,65,65,65,65,65,65,65,65,65,65,65,65,65,65,65,65,65,65,65,65,65,65,65,65,65],"card_choices":[{"not_picked":["Shade:CoffinDance","Shade:ScuttlingHand"],"picked":"Shade:FuneraryJewels","floor":1.0},{"not_picked":["Shade:Frenzy","Shade:FreshBones"],"picked":"Shade:FleshOffering","floor":2.0},{"not_picked":["Shade:WallOfFlesh","Shade:FleshToFlesh"],"picked":"Shade:CallOfTheGrave","floor":3.0},{"not_picked":["Shade:FreshBones","Shade:AblativeArmor"],"picked":"Shade:Putrefaction","floor":6.0},{"not_picked":["Shade:Trample","Shade:FleshToFlesh"],"picked":"Shade:Consume","floor":8.0},{"not_picked":["Shade:SpectralStrikes","Shade:GreyBargain"],"picked":"Shade:AblativeArmor","floor":11.0},{"not_picked":["Shade:SoulToxin","Shade:GraveStillness"],"picked":"Shade:Excise","floor":14.0},{"not_picked":["Shade:LastGasp","Shade:LoseControl"],"picked":"Shade:SoulPierce","floor":16.0},{"not_picked":["Shade:FleshLikeOak","Shade:CommandSoldier"],"picked":"Shade:Awaken+1","floor":18.0},{"not_picked":["Shade:SoulToxin+1","Shade:CommandSoldier"],"picked":"Shade:Brains+1","floor":19.0},{"not_picked":["Shade:FeralStrike+1","Shade:SpontaneousRitual","Shade:WallOfFlesh"],"picked":"SKIP","floor":24.0},{"not_picked":["Shade:FingerOfDeath","Shade:Brains","Shade:AncientSpear"],"picked":"SKIP","floor":25.0},{"not_picked":["Shade:Patience","Shade:CommandSoldier"],"picked":"Shade:SelfBurial","floor":28.0},{"not_picked":["Shade:ClawBack+1","Shade:SpectralStrikes"],"picked":"Shade:Doomsay+1","floor":30},{"not_picked":["Shade:FleshToFlesh","Shade:ClawBack+1"],"picked":"Shade:FleshLikeOak","floor":31}],"player_experience":1813113,"relics_obtained":[{"floor":6.0,"key":"Bag of Preparation"},{"floor":8.0,"key":"Bag of Marbles"},{"floor":9.0,"key":"CeramicFish"},{"floor":26.0,"key":"Molten Egg 2"},{"floor":28.0,"key":"Happy Flower"},{"floor":31,"key":"Letter Opener"}],"event_choices":[{"damage_healed":0.0,"max_hp_gain":0.0,"max_hp_loss":0.0,"gold_gain":0.0,"event_name":"Golden Idol","player_choice":"Take Damage","floor":4.0,"gold_loss":0.0,"damage_taken":16.0,"relics_obtained":["Golden Idol"]},{"cards_removed":["Shade:Defend_Shade"],"damage_healed":0.0,"max_hp_gain":0.0,"max_hp_loss":0.0,"gold_gain":0.0,"event_name":"Golden Wing","player_choice":"Card Removal","floor":5.0,"gold_loss":0.0,"damage_taken":7.0},{"damage_healed":0.0,"max_hp_gain":0.0,"max_hp_loss":0.0,"gold_gain":0.0,"event_name":"The Mausoleum","player_choice":"Opened","floor":20.0,"gold_loss":0.0,"damage_taken":0.0,"relics_obtained":["Ice Cream"]},{"damage_healed":0.0,"max_hp_gain":0.0,"max_hp_loss":0.0,"gold_gain":0.0,"event_name":"Vampires","player_choice":"Ignored","floor":21.0,"gold_loss":0.0,"damage_taken":0.0},{"damage_healed":0.0,"max_hp_gain":0.0,"max_hp_loss":0.0,"gold_gain":0.0,"event_name":"Accursed Blacksmith","player_choice":"Rummage","floor":22.0,"gold_loss":0.0,"damage_taken":0.0,"relics_obtained":["WarpedTongs"],"cards_obtained":["Pain"]},{"damage_healed":0.0,"max_hp_gain":0.0,"max_hp_loss":0.0,"gold_gain":0.0,"event_name":"The Woman in Blue","player_choice":"Bought 3 Potions","floor":29.0,"gold_loss":0.0,"damage_taken":0.0}],"is_beta":false,"boss_relics":[{"not_picked":["Calling Bell","Sozu"],"picked":"Shade:YorickPolishedSkull"}],"items_purged_floors":[],"is_endless":false,"potions_floor_spawned":[1,2,8,18,30],"killed_by":"Champ","ascension_level":2}}