{"host":"9tzam4717zt8ei1o","time":1609335761,"event":{"mods":["BaseMod","Colored Map","Keyboard Shortcuts","Minty Spire (QoL Compilation)","Quick Restart","StSLib","SuperFastMode"],"gold_per_floor":[109,132,132,132,150,150,178,178,201,201,76,87,98,123,123,200,200,217,229,259,159,178,178,195,195,195,24,39,57,87,5,5,5,5],"floor_reached":33,"playtime":569,"items_purged":["Strike_R","Strike_R"],"score":600,"play_id":"7d46e67e-a791-4b85-8864-65d1cf7d8799","local_time":"20201230224241","is_ascension_mode":true,"campfire_choices":[{"data":"Uppercut","floor":6.0,"key":"SMITH"},{"data":"Body Slam","floor":8.0,"key":"SMITH"},{"data":"Bash","floor":10.0,"key":"SMITH"},{"data":"Shrug It Off","floor":15.0,"key":"SMITH"},{"data":"Bludgeon","floor":23.0,"key":"SMITH"},{"data":"Flame Barrier","floor":25.0,"key":"SMITH"},{"floor":32.0,"key":"REST"}],"circlet_count":0,"master_deck":["AscendersBane","Strike_R","Strike_R","Strike_R","Defend_R","Defend_R","Defend_R","Defend_R","Bash+1","Uppercut+1","Body Slam+1","Shrug It Off+1","Reckless Charge","Bludgeon+1","Flame Barrier+1","Shrug It Off","Feel No Pain"],"relics":["Burning Blood","NeowsBlessing","Red Skull","Bag of Preparation","NlothsMask","Bag of Marbles","Art of War","Sozu","Red Mask","Ice Cream","Membership Card","Smiling Mask","TheAbacus"],"acts_visited":["Exordium","TheCity"],"potions_floor_usage":[],"damage_taken":[{"damage":0.0,"enemies":"Cultist","floor":1.0,"turns":1.0},{"damage":0.0,"enemies":"2 Louse","floor":5.0,"turns":1.0},{"damage":0.0,"enemies":"Lagavulin","floor":7.0,"turns":1.0},{"damage":1.0,"enemies":"Jaw Worm","floor":12.0,"turns":2.0},{"damage":17.0,"enemies":"Exordium Thugs","floor":13.0,"turns":5.0},{"damage":37.0,"enemies":"3 Sentries","floor":14.0,"turns":10.0},{"damage":36.0,"enemies":"The Guardian","floor":16.0,"turns":9.0},{"damage":12.0,"enemies":"Spheric Guardian","floor":18.0,"turns":4.0},{"damage":6.0,"enemies":"Shell Parasite","floor":19.0,"turns":5.0},{"damage":20.0,"enemies":"Masked Bandits","floor":20.0,"turns":5.0},{"damage":0.0,"enemies":"Snake Plant","floor":22.0,"turns":3.0},{"damage":6.0,"enemies":"Cultist and Chosen","floor":24.0,"turns":5.0},{"damage":6.0,"enemies":"Centurion and Healer","floor":28.0,"turns":4.0},{"damage":11.0,"enemies":"Snecko","floor":29.0,"turns":5.0},{"damage":22.0,"enemies":"Gremlin Leader","floor":30.0,"turns":11.0},{"damage":53,"enemies":"Collector","floor":33,"turns":6}],"seed_played":"7768624155843233839","potions_obtained":[{"floor":1.0,"key":"AttackPotion"},{"floor":5.0,"key":"PowerPotion"},{"floor":14.0,"key":"BloodPotion"}],"is_trial":false,"path_per_floor":["M","T","?","?","M","R","E","R","T","R","$","M","M","E","R","B",null,"M","M","?","$","M","R","M","R","T","$","M","M","E","$","R","B"],"character_chosen":"IRONCLAD","items_purchased":["Shrug It Off","Membership Card","TheAbacus"],"campfire_rested":1,"item_purchase_floors":[11,27,31],"current_hp_per_floor":[74,74,63,63,69,69,75,75,75,75,75,75,64,33,33,18,61,55,55,41,41,47,47,47,47,47,47,47,42,26,26,48,0,0],"gold":5,"neow_bonus":"THREE_ENEMY_KILL","is_daily":false,"chose_seed":false,"campfire_upgraded":6,"win_rate":0.0,"timestamp":1609335761,"path_taken":["M","?","?","?","M","R","E","R","T","R","$","M","M","E","R","BOSS","M","?","?","$","M","R","M","R","T","$","M","M","E","$","R","BOSS"],"items_purchased_type":["Card","Relic","Relic"],"build_version":"2020-12-22","purchased_purges":2,"victory":false,"max_hp_per_floor":[75,75,75,75,75,75,75,75,75,75,75,75,75,75,75,75,75,75,75,75,75,75,75,75,75,75,75,75,75,75,75,75,75,75],"card_choices":[{"not_picked":["Disarm","Anger"],"picked":"Uppercut","floor":1.0},{"not_picked":["Twin Strike","Entrench","Clothesline"],"picked":"SKIP","floor":5.0},{"not_picked":["Thunderclap","Flame Barrier"],"picked":"Body Slam","floor":7.0},{"not_picked":["Inflame","Clash"],"picked":"Reckless Charge","floor":12.0},{"not_picked":["True Grit","Clothesline","Cleave"],"picked":"SKIP","floor":13.0},{"not_picked":["Flex","Body Slam","Reaper"],"picked":"SKIP","floor":14.0},{"not_picked":["Juggernaut","Limit Break"],"picked":"Bludgeon","floor":16.0},{"not_picked":["Armaments","Body Slam"],"picked":"Flame Barrier","floor":18.0},{"not_picked":["Clash","Sword Boomerang+1","Wild Strike"],"picked":"SKIP","floor":19.0},{"not_picked":["Perfected Strike","Warcry"],"picked":"Shrug It Off","floor":20.0},{"not_picked":["Shockwave","Clothesline"],"picked":"Feel No Pain","floor":22.0},{"not_picked":["Twin Strike","Juggernaut","Rage"],"picked":"SKIP","floor":24.0},{"not_picked":["Flame Barrier+1","Perfected Strike","Reckless Charge"],"picked":"SKIP","floor":28.0},{"not_picked":["Rampage","Cleave","Flame Barrier"],"picked":"SKIP","floor":29.0},{"not_picked":["Iron Wave","Combust","Dual Wield"],"picked":"SKIP","floor":30.0}],"player_experience":134870,"relics_obtained":[{"floor":2.0,"key":"Red Skull"},{"floor":7.0,"key":"Bag of Marbles"},{"floor":14.0,"key":"Art of War"},{"floor":20.0,"key":"Red Mask"},{"floor":26.0,"key":"Ice Cream"},{"floor":30.0,"key":"Smiling Mask"}],"event_choices":[{"damage_healed":0.0,"max_hp_gain":0.0,"max_hp_loss":0.0,"gold_gain":0.0,"event_name":"Scrap Ooze","player_choice":"Success","floor":3.0,"gold_loss":0.0,"damage_taken":11.0,"relics_obtained":["Bag of Preparation"]},{"damage_healed":0.0,"max_hp_gain":0.0,"max_hp_loss":0.0,"gold_gain":0.0,"event_name":"FaceTrader","player_choice":"Trade","floor":4.0,"gold_loss":0.0,"damage_taken":0.0,"relics_obtained":["NlothsMask"]},{"damage_healed":0.0,"max_hp_gain":0.0,"max_hp_loss":0.0,"gold_gain":0.0,"event_name":"Masked Bandits","player_choice":"Fought Bandits","floor":20.0,"gold_loss":0.0,"damage_taken":0.0}],"is_beta":false,"boss_relics":[{"not_picked":["SacredBark","Pandora\u0027s Box"],"picked":"Sozu"}],"items_purged_floors":[11,21],"is_endless":false,"potions_floor_spawned":[1,5,7,14,19,22],"killed_by":"Collector","ascension_level":20}}