{"host":"cijwx898anu8dehj","time":1609371133,"event":{"mods":["AchievementEnabler","AlwaysNeverKeys","BaseMod","Colored Map","Colored Powertips","Highlight Path","Minty Spire (QoL Compilation)","Rare Cards Sparkle","Relic Stats","Slay-I"],"gold_per_floor":[119,69,83,8,8,8,34,109,189,189,89,119,119,136,136,231,231,245,256,285,384,484,484,515,526,553,60,78,78,109,119,119,223,223,234,234,84,84,84,119,119,119,119,132,132,132,145,165,165,165],"floor_reached":51,"playtime":2768,"items_purged":["Strike_P","Defend_P"],"score":1054,"play_id":"72c4ef13-2e0b-4c55-b036-05184c63fd08","local_time":"20201230213213","is_ascension_mode":true,"campfire_choices":[{"data":"Eruption","floor":6.0,"key":"SMITH"},{"data":"Vigilance","floor":10.0,"key":"SMITH"},{"data":"Protect","floor":15.0,"key":"SMITH"},{"data":"TalkToTheHand","floor":23.0,"key":"SMITH"},{"data":"1","floor":32.0,"key":"LIFT"},{"data":"2","floor":45.0,"key":"LIFT"},{"data":"3","floor":49,"key":"LIFT"}],"circlet_count":0,"master_deck":["AscendersBane","Strike_P+1","Defend_P+1","Defend_P+1","Eruption+1","Vigilance+1","Protect","EmptyFist","EmptyFist","Protect+1","Ragnarok","SandsOfTime+1","Ragnarok+1","PathToVictory+1","CutThroughFate","TalkToTheHand+1","Tantrum","Wallop","PathToVictory+1","CutThroughFate+1","Madness","Madness","ForeignInfluence+1","Doubt","Madness","CutThroughFate+1","CrushJoints+1"],"relics":["Coffee Dripper","Bottled Flame","Unceasing Top","Question Card","Whetstone","Astrolabe","Red Mask","Lizard Tail","Regal Pillow","ClockworkSouvenir","Ornamental Fan","Girya","Runic Pyramid","Anchor","Torii","Toy Ornithopter"],"acts_visited":["Exordium","TheCity","TheBeyond"],"potions_floor_usage":[48,50,50,50,50,50],"damage_taken":[{"damage":0.0,"enemies":"Cultist","floor":1.0,"turns":3.0},{"damage":0.0,"enemies":"Jaw Worm","floor":3.0,"turns":3.0},{"damage":13.0,"enemies":"Lagavulin","floor":7.0,"turns":6.0},{"damage":10.0,"enemies":"3 Sentries","floor":12.0,"turns":8.0},{"damage":0.0,"enemies":"2 Louse","floor":14.0,"turns":2.0},{"damage":13.0,"enemies":"Slime Boss","floor":16.0,"turns":16.0},{"damage":0.0,"enemies":"Chosen","floor":18.0,"turns":3.0},{"damage":6.0,"enemies":"3 Byrds","floor":19.0,"turns":4.0},{"damage":27.0,"enemies":"Masked Bandits","floor":20.0,"turns":6.0},{"damage":7.0,"enemies":"Gremlin Leader","floor":24.0,"turns":5.0},{"damage":0.0,"enemies":"3 Cultists","floor":25.0,"turns":4.0},{"damage":0.0,"enemies":"Snake Plant","floor":28.0,"turns":4.0},{"damage":12.0,"enemies":"Slavers","floor":30.0,"turns":4.0},{"damage":0.0,"enemies":"Snecko","floor":31.0,"turns":4.0},{"damage":60.0,"enemies":"Automaton","floor":33.0,"turns":12.0},{"damage":1.0,"enemies":"3 Darklings","floor":35.0,"turns":5.0},{"damage":41.0,"enemies":"Giant Head","floor":40.0,"turns":8.0},{"damage":0.0,"enemies":"Orb Walker","floor":44.0,"turns":2.0},{"damage":18,"enemies":"Writhing Mass","floor":47,"turns":7},{"damage":1,"enemies":"Spire Growth","floor":48,"turns":2},{"damage":21,"enemies":"Time Eater","floor":50,"turns":5}],"seed_played":"3596105340760882807","potions_obtained":[{"floor":7.0,"key":"GamblersBrew"},{"floor":14.0,"key":"GamblersBrew"},{"floor":25.0,"key":"ColorlessPotion"},{"floor":30.0,"key":"EntropicBrew"},{"floor":33.0,"key":"FearPotion"},{"floor":35.0,"key":"FearPotion"},{"floor":47,"key":"BottledMiracle"},{"floor":48,"key":"SkillPotion"}],"is_trial":false,"path_per_floor":["M","?","M","$","T","R","E","?","T","R","$","E","?","M","R","B",null,"M","M","?","?","?","R","E","M","T","$","M","$","E","M","R","B",null,"M","?","$","?","$","E","?","?","T","M","R","?","M","M","R","B",null],"character_chosen":"WATCHER","items_purchased":["ClockworkSouvenir","Ornamental Fan","FairyPotion","Anchor"],"campfire_rested":0,"item_purchase_floors":[27,27,27,37],"current_hp_per_floor":[65,65,65,65,65,65,52,41,41,41,41,31,17,17,17,4,55,55,49,22,22,22,22,15,15,15,15,15,15,3,3,3,14,58,57,57,57,48,48,7,72,72,72,72,72,72,54,58,58,61],"gold":165,"neow_bonus":"BOSS_RELIC","is_daily":false,"chose_seed":false,"campfire_upgraded":4,"win_rate":0.0,"timestamp":1609371133,"path_taken":["M","?","M","?","?","R","E","?","T","R","$","E","?","?","R","BOSS","M","M","?","?","?","R","E","?","T","$","M","?","E","M","R","BOSS","M","?","$","?","?","E","?","?","T","M","R","?","?","M","R","BOSS"],"items_purchased_type":["Relic","Relic","Potion","Relic"],"build_version":"2020-12-22","purchased_purges":2,"victory":true,"max_hp_per_floor":[72,72,72,72,72,72,72,72,72,72,72,72,72,72,72,72,72,72,72,72,72,72,72,72,72,72,72,72,72,72,72,72,72,72,72,72,72,72,72,72,72,72,72,72,72,72,72,72,72,72],"relic_stats":{"Lizard Tail":36,"Regal Pillow":0,"Torii":7,"counters":[21,113],"Ornamental Fan":[56],"Astrolabe":["SandsOfTime","Ragnarok","PathToVictory"],"Whetstone":["Strike_P","Strike_P"],"Question Card":18,"obtain_stats":[{"Girya":30,"Regal Pillow":26,"Torii":40,"Astrolabe":17,"Whetstone":12,"Question Card":9,"ClockworkSouvenir":27,"Bottled Flame":5,"Lizard Tail":24,"Anchor":37,"Ornamental Fan":27,"Coffee Dripper":0,"Red Mask":20,"PureWater":0,"Unceasing Top":7,"Toy Ornithopter":43,"Runic Pyramid":34},{"Girya":13,"Regal Pillow":11,"Torii":17,"Astrolabe":6,"Whetstone":4,"Question Card":3,"ClockworkSouvenir":11,"Bottled Flame":2,"Lizard Tail":10,"Anchor":16,"Ornamental Fan":11,"Coffee Dripper":0,"Red Mask":9,"PureWater":0,"Unceasing Top":3,"Toy Ornithopter":17,"Runic Pyramid":15},{"Girya":68,"Regal Pillow":60,"Torii":97,"Astrolabe":38,"Whetstone":20,"Question Card":12,"ClockworkSouvenir":60,"Bottled Flame":6,"Lizard Tail":56,"Anchor":89,"Ornamental Fan":60,"Coffee Dripper":0,"Red Mask":51,"PureWater":0,"Unceasing Top":12,"Toy Ornithopter":97,"Runic Pyramid":84}],"Unceasing Top":[0],"Toy Ornithopter":29},"card_choices":[{"not_picked":["Halt","Worship"],"picked":"Protect","floor":1.0},{"not_picked":["PathToVictory","SashWhip"],"picked":"EmptyFist","floor":3.0},{"not_picked":["BowlingBash","FlyingSleeves"],"picked":"EmptyFist","floor":7.0},{"not_picked":["Indignation","PathToVictory","FollowUp"],"picked":"Protect","floor":12.0},{"not_picked":["EmptyBody","SashWhip","Halt"],"picked":"MentalFortress","floor":14.0},{"not_picked":["SpiritShield","MasterReality","Establishment"],"picked":"Ragnarok","floor":16.0},{"not_picked":["FlyingSleeves+1","Prostrate","EmptyBody"],"picked":"CutThroughFate","floor":18.0},{"not_picked":["CrushJoints+1","Pray","Collect+1"],"picked":"TalkToTheHand","floor":19.0},{"not_picked":["BowlingBash","FlurryOfBlows+1","Meditate"],"picked":"Tantrum","floor":20.0},{"not_picked":["EmptyFist","Blasphemy","FlurryOfBlows"],"picked":"Wallop","floor":24.0},{"not_picked":["Protect+1","Perseverance","Blasphemy"],"picked":"PathToVictory+1","floor":25.0},{"not_picked":["FlurryOfBlows","Crescendo","Protect","EmptyFist"],"picked":"SKIP","floor":28.0},{"not_picked":["ThirdEye","SashWhip","ReachHeaven","Prostrate"],"picked":"SKIP","floor":30.0},{"not_picked":["Crescendo","Adaptation","Evaluate","FollowUp"],"picked":"SKIP","floor":31.0},{"not_picked":["LessonLearned","Blasphemy","Alpha"],"picked":"DevaForm","floor":33.0},{"not_picked":["LikeWater+1","WaveOfTheHand+1","Wallop"],"picked":"CutThroughFate+1","floor":35.0},{"not_picked":["Alpha","WheelKick","SashWhip"],"picked":"ForeignInfluence+1","floor":40.0},{"not_picked":["Jack Of All Trades","Blind","Impatience"],"picked":"Madness","floor":42.0},{"not_picked":["EmptyFist+1","JustLucky","FollowUp+1"],"picked":"CutThroughFate+1","floor":44.0},{"not_picked":["Consecrate+1","WreathOfFlame","FlyingSleeves"],"picked":"CrushJoints+1","floor":47},{"not_picked":["Consecrate","JustLucky","Pray+1","BowlingBash+1"],"picked":"SKIP","floor":48}],"player_experience":935518,"relics_obtained":[{"floor":5.0,"key":"Bottled Flame"},{"floor":7.0,"key":"Unceasing Top"},{"floor":9.0,"key":"Question Card"},{"floor":12.0,"key":"Whetstone"},{"floor":20.0,"key":"Red Mask"},{"floor":24.0,"key":"Lizard Tail"},{"floor":26.0,"key":"Regal Pillow"},{"floor":30.0,"key":"Girya"},{"floor":40.0,"key":"Torii"},{"floor":43.0,"key":"Toy Ornithopter"}],"event_choices":[{"cards_removed":["Defend_P"],"damage_healed":0.0,"max_hp_gain":0.0,"max_hp_loss":0.0,"gold_gain":0.0,"event_name":"The Cleric","player_choice":"Card Removal","floor":2.0,"gold_loss":50.0,"damage_taken":0.0},{"damage_healed":0.0,"max_hp_gain":0.0,"max_hp_loss":0.0,"gold_gain":75.0,"event_name":"World of Goop","player_choice":"Gather Gold","floor":8.0,"gold_loss":0.0,"damage_taken":11.0},{"damage_healed":0.0,"max_hp_gain":0.0,"max_hp_loss":0.0,"gold_gain":0.0,"event_name":"Shining Light","player_choice":"Entered Light","floor":13.0,"gold_loss":0.0,"damage_taken":14.0,"cards_upgraded":["Defend_P","Defend_P"]},{"damage_healed":0.0,"max_hp_gain":0.0,"max_hp_loss":0.0,"gold_gain":0.0,"event_name":"Masked Bandits","player_choice":"Fought Bandits","floor":20.0,"gold_loss":0.0,"damage_taken":0.0},{"damage_healed":0.0,"max_hp_gain":0.0,"max_hp_loss":0.0,"gold_gain":99.0,"event_name":"Nest","player_choice":"Stole From Cult","floor":21.0,"gold_loss":0.0,"damage_taken":0.0},{"damage_healed":0.0,"max_hp_gain":0.0,"max_hp_loss":0.0,"gold_gain":100.0,"event_name":"Golden Shrine","player_choice":"Pray","floor":22.0,"gold_loss":0.0,"damage_taken":0.0},{"cards_removed":["DevaForm"],"damage_healed":0.0,"max_hp_gain":0.0,"max_hp_loss":0.0,"gold_gain":0.0,"event_name":"Falling","player_choice":"Removed Power","floor":36.0,"gold_loss":0.0,"damage_taken":0.0},{"damage_healed":0.0,"max_hp_gain":0.0,"max_hp_loss":0.0,"gold_gain":0.0,"event_name":"Winding Halls","player_choice":"Embrace Madness","floor":38.0,"gold_loss":0.0,"damage_taken":9.0,"cards_obtained":["Madness","Madness"]},{"damage_healed":65.0,"max_hp_gain":0.0,"max_hp_loss":0.0,"gold_gain":0.0,"event_name":"MindBloom","player_choice":"Heal","floor":41.0,"gold_loss":0.0,"damage_taken":0.0,"cards_obtained":["Doubt"]},{"damage_healed":0.0,"max_hp_gain":0.0,"max_hp_loss":0.0,"gold_gain":0.0,"event_name":"SensoryStone","player_choice":"Memory 1","floor":42.0,"gold_loss":0.0,"damage_taken":0.0},{"damage_healed":0.0,"max_hp_gain":0.0,"max_hp_loss":0.0,"gold_gain":0.0,"event_name":"Mysterious Sphere","player_choice":"Ignored","floor":46.0,"gold_loss":0.0,"damage_taken":0.0}],"is_beta":false,"boss_relics":[{"not_picked":["Cursed Key","SacredBark"],"picked":"Astrolabe"},{"not_picked":["SlaversCollar","Black Star"],"picked":"Runic Pyramid"}],"items_purged_floors":[4,11],"is_endless":false,"potions_floor_spawned":[7,14,25,30,33,35,47,48],"ascension_level":10}}