{"host":"j29osl8nelwi4hyu","time":1609372530,"event":{"mods":["BaseMod","Colored Powertips","Hubris","Infinite Spire","Minty Spire (QoL Compilation)","Replay The Spire","StSLib"],"gold_per_floor":[111,111,111,123,133,133,161,161,161,161,188,204,233,233,233,334,334,345,345,358,374,388,388,421,421,421,441,459,492,492,492,492,596,596,606,606,200,180,200,225,225,15,41,41,74,93,93,110,110,221,221,221],"floor_reached":51,"playtime":2757,"items_purged":["Strike_B"],"score":760,"play_id":"4aaeed9b-1801-46f0-bfae-9d64daecb0ce","local_time":"20201230155530","is_ascension_mode":true,"campfire_choices":[{"data":"Leap","floor":6.0,"key":"SMITH"},{"floor":8.0,"key":"RECALL"},{"data":"Streamline","floor":10.0,"key":"SMITH"},{"floor":15.0,"key":"REST"},{"floor":23.0,"key":"REST"},{"floor":25.0,"key":"REST"},{"floor":30.0,"key":"REST"},{"floor":32.0,"key":"REST"},{"floor":41.0,"key":"REST"},{"floor":44.0,"key":"REST"},{"floor":47.0,"key":"REST"},{"floor":49.0,"key":"REST"}],"circlet_count":0,"master_deck":["Strike_B","Strike_B","Defend_B","Defend_B","Defend_B","Defend_B","Zap","Dualcast","Blizzard","Leap+1","FTL","Doom and Gloom","Streamline+1","Panic Button","Conserve Battery+1","Stack","Seek+1","Auto Shields","infinitespire:UltimateForm","Sunder+1","Double Energy","Electrodynamics+1","Go for the Eyes","FIFO Queue","Buffer","Redo+1","Defragment","Reinforced Body+1","Rainbow","Creative AI","Stack","Conserve Battery+1","ReplayTheSpireMod:Repulse+1","Thunder Strike"],"relics":["Cracked Core","ReplayTheSpireMod:Ninjato","Omamori","hubris:Spice","Fusion Hammer","Happy Flower","ReplayTheSpireMod:TigerMarble","Abe\u0027s Treasure","Guide Book","Replay:Antivirus Software","infinitespire:Lucky Rock","infinitespire:EvilPickle"],"acts_visited":["Exordium","TheCity","TheBeyond","Exordium"],"potions_floor_usage":[],"damage_taken":[{"damage":12.0,"enemies":"Jaw Worm","floor":1.0,"turns":3.0},{"damage":3.0,"enemies":"2 Louse","floor":4.0,"turns":3.0},{"damage":0.0,"enemies":"Cultist","floor":5.0,"turns":3.0},{"damage":17.0,"enemies":"Lagavulin","floor":7.0,"turns":5.0},{"damage":20.0,"enemies":"3 Sentries","floor":11.0,"turns":5.0},{"damage":1.0,"enemies":"Exordium Wildlife","floor":12.0,"turns":2.0},{"damage":18.0,"enemies":"Gremlin Nob","floor":13.0,"turns":3.0},{"damage":1.0,"enemies":"Hexaghost","floor":16.0,"turns":9.0},{"damage":8.0,"enemies":"2 Thieves","floor":18.0,"turns":4.0},{"damage":5.0,"enemies":"3 Byrds","floor":20.0,"turns":6.0},{"damage":8.0,"enemies":"Snake Plant","floor":21.0,"turns":5.0},{"damage":10.0,"enemies":"Centurion and Healer","floor":22.0,"turns":6.0},{"damage":3.0,"enemies":"Gremlin Leader","floor":24.0,"turns":5.0},{"damage":1.0,"enemies":"3 Cultists","floor":27.0,"turns":4.0},{"damage":4.0,"enemies":"Snake Plant","floor":28.0,"turns":4.0},{"damage":15.0,"enemies":"Slavers","floor":29.0,"turns":3.0},{"damage":3.0,"enemies":"Pondfish","floor":33.0,"turns":8.0},{"damage":0.0,"enemies":"3 Shapes","floor":35.0,"turns":2.0},{"damage":0.0,"enemies":"3 Darklings","floor":39.0,"turns":3.0},{"damage":30.0,"enemies":"Nightmare","floor":40.0,"turns":8.0},{"damage":15.0,"enemies":"Reptomancer","floor":45.0,"turns":7.0},{"damage":0.0,"enemies":"Maw","floor":46.0,"turns":6.0},{"damage":46.0,"enemies":"Jaw Worm Horde","floor":48.0,"turns":6.0},{"damage":60,"enemies":"Replay:Hell Engine","floor":50,"turns":11}],"seed_played":"6773489396203165013","potions_obtained":[{"floor":5.0,"key":"Ancient Potion"},{"floor":11.0,"key":"Ancient Potion"},{"floor":13.0,"key":"SteroidPotion"},{"floor":20.0,"key":"Swift Potion"},{"floor":21.0,"key":"EssenceOfSteel"},{"floor":27.0,"key":"FocusPotion"},{"floor":38.0,"key":"Doom Potion"},{"floor":46.0,"key":"Explosive Potion"},{"floor":50,"key":"Adrenaline Potion"}],"is_trial":false,"path_per_floor":["M","?","?","M","M","R","E","R","T","R","E","M","E","?","R","B",null,"M","AVR","M","M","M","R","E","R","T","M","M","E","R","?","R","B",null,"M","?","$","?","M","NM","R","$","T","R","E","M","R","M","R","B",null],"character_chosen":"DEFECT","items_purchased":["Guide Book","Defragment","Block Potion","Explosive Potion","Creative AI","Stack"],"campfire_rested":9,"item_purchase_floors":[37,37,37,37,42,42],"current_hp_per_floor":[56,75,75,72,72,72,55,55,55,55,43,42,32,32,59,58,83,75,75,70,62,52,76,73,83,83,82,78,63,83,83,83,80,82,82,82,82,82,82,52,76,76,76,83,68,68,83,37,61,1,63,63],"gold":221,"neow_bonus":"THREE_CARDS","is_daily":false,"chose_seed":false,"campfire_upgraded":2,"win_rate":0.0,"timestamp":1609372530,"path_taken":["M","?","?","M","?","R","E","R","T","R","E","M","E","?","R","BOSS","M","AVR","M","M","M","R","E","R","T","M","M","E","R","?","R","BOSS","M","?","$","?","?","NM","R","?","T","R","E","M","R","M","R","BOSS"],"items_purchased_type":["Relic","Card","Potion","Potion","Card","Card"],"build_version":"2020-12-22","purchased_purges":1,"victory":false,"max_hp_per_floor":[75,75,75,75,75,75,75,75,75,75,83,83,91,91,91,91,91,91,83,83,83,83,83,83,83,83,83,83,83,83,83,83,83,83,83,83,83,83,83,83,83,83,83,83,83,83,83,83,83,83,83,83],"card_choices":[{"not_picked":["Static Discharge","Barrage"],"picked":"Blizzard","floor":0.0},{"not_picked":["ReplayGash","Heatsinks"],"picked":"Leap","floor":1.0},{"not_picked":["Aggregate","Fusion"],"picked":"FTL","floor":4.0},{"not_picked":["BasicCrystalCard","Compile Driver"],"picked":"Doom and Gloom","floor":5.0},{"not_picked":["Turbo","White Noise"],"picked":"Streamline","floor":7.0},{"not_picked":["Rainbow","Coolheaded"],"picked":"Panic Button","floor":11.0},{"not_picked":["Melter","Panic Button"],"picked":"Conserve Battery","floor":12.0},{"not_picked":["Panic Button","Streamline"],"picked":"Stack","floor":13.0},{"not_picked":["hubris:SpiceAddiction","hubris:SpiceAddiction"],"picked":"Seek","floor":16.0},{"not_picked":["Cold Snap+1","Beam Cell"],"picked":"Auto Shields","floor":18.0},{"not_picked":["Go for the Eyes","ReplayTheSpireMod:Repulse","Panic Button"],"picked":"SKIP","floor":20.0},{"not_picked":["BasicCrystalCard+1","White Noise"],"picked":"Sunder+1","floor":21.0},{"not_picked":["Chill","Panic Button"],"picked":"Double Energy","floor":22.0},{"not_picked":["Conserve Battery","Hologram+1"],"picked":"Electrodynamics","floor":24.0},{"not_picked":["Panic Button","hubris:SpiceAddiction"],"picked":"Go for the Eyes","floor":27.0},{"not_picked":["Storm","Go for the Eyes","Conserve Battery"],"picked":"SKIP","floor":28.0},{"not_picked":["hubris:Prefetch","Stack"],"picked":"FIFO Queue","floor":29.0},{"not_picked":["hubris:DoWhile","Multi-Cast"],"picked":"Buffer","floor":33.0},{"not_picked":["Sunder+1","Reprogram+1"],"picked":"Redo+1","floor":35.0},{"not_picked":["Steam Power+1","Streamline+1"],"picked":"Reinforced Body+1","floor":39.0},{"not_picked":["Panic Button+1","Cold Snap+1"],"picked":"Rainbow","floor":40.0},{"not_picked":["FTL+1","Hologram"],"picked":"Conserve Battery+1","floor":45.0},{"not_picked":["Steam","hubris:SpiceAddiction"],"picked":"ReplayTheSpireMod:Repulse+1","floor":46.0},{"not_picked":["Genetic Algorithm","Leap","Rebound+1"],"picked":"SKIP","floor":48.0},{"not_picked":["Amplify","hubris:DoWhile"],"picked":"Thunder Strike","floor":50}],"player_experience":301955,"relics_obtained":[{"floor":7.0,"key":"ReplayTheSpireMod:Ninjato"},{"floor":9.0,"key":"Omamori"},{"floor":11.0,"key":"hubris:Spice"},{"floor":13.0,"key":"hubris:Spice"},{"floor":40.0,"key":"Replay:Antivirus Software"},{"floor":43.0,"key":"infinitespire:Lucky Rock"}],"event_choices":[{"damage_healed":25.0,"max_hp_gain":0.0,"max_hp_loss":0.0,"gold_gain":0.0,"event_name":"Big Fish","player_choice":"Banana","floor":2.0,"gold_loss":0.0,"damage_taken":0.0},{"damage_healed":0.0,"max_hp_gain":0.0,"max_hp_loss":0.0,"gold_gain":0.0,"event_name":"Liars Game","player_choice":"Ignored","floor":3.0,"gold_loss":0.0,"damage_taken":0.0},{"damage_healed":0.0,"max_hp_gain":0.0,"max_hp_loss":0.0,"gold_gain":0.0,"event_name":"WeMeetAgain","player_choice":"Gave Potion","floor":31.0,"gold_loss":0.0,"damage_taken":0.0,"relics_obtained":["ReplayTheSpireMod:TigerMarble"]},{"cards_removed":["Strike_B"],"damage_healed":0.0,"max_hp_gain":0.0,"max_hp_loss":0.0,"gold_gain":0.0,"event_name":"Falling","player_choice":"Removed Attack","floor":36.0,"gold_loss":0.0,"damage_taken":0.0},{"damage_healed":0.0,"max_hp_gain":0.0,"max_hp_loss":0.0,"gold_gain":0.0,"event_name":"The Woman in Blue","player_choice":"Bought 1 Potion","floor":38.0,"gold_loss":0.0,"damage_taken":0.0}],"is_beta":false,"boss_relics":[{"not_picked":["hubris:Spice","Runic Dome"],"picked":"Fusion Hammer"},{"not_picked":["Inserter","hubris:ScarierMask"],"picked":"Abe\u0027s Treasure"},{"not_picked":["hubris:Spice","Kintsugi","hubris:Spice"]}],"items_purged_floors":[37],"is_endless":true,"potions_floor_spawned":[5,11,13,20,21,27,40,46,50],"ascension_level":7}}