{"host":"gzsdmyo07u314vug","time":1609295300,"event":{"mods":["2.2 Compatiblity","BaseMod","Downfall","GifTheSpireLib","Minty Spire (QoL Compilation)","Quick Restart","Rare Cards Sparkle","Relic Stats","Replay The Spire","Shop Mod","StSLib","The Bug Knight","The Construct","The Elementalist","The Servant 0.9.4","Unceasing Turn Reminder","everything is the same but u backflip on backflip","slay the spire mod where everything is the same but ironclad has a cowboy hat","vexMod"],"gold_per_floor":[119,131,181,181,193,193,219,238,317,328,328,362,376,376,376,478,478,489,489,501,515,515,515,614,625,679,264,264,238,79,79,79,79,79],"floor_reached":33,"playtime":1397,"items_purged":["Defend_R"],"score":395,"play_id":"c2a82e17-6cbc-48ca-bd27-6eb90453274c","local_time":"20201229232820","is_ascension_mode":true,"campfire_choices":[{"data":"Perfected Strike","floor":6,"key":"SMITH"},{"data":"Rage","floor":11,"key":"SMITH"},{"floor":15,"key":"REST"},{"data":"Perfected Strike","floor":23,"key":"SMITH"},{"data":"Bash","floor":32,"key":"SMITH"}],"circlet_count":0,"master_deck":["Strike_R","Strike_R","Strike_R","Strike_R","Strike_R","Bash+1","Cleave","Pommel Strike+1","Rage+1","Warcry","Perfected Strike+1","Headbutt","Iron Wave","Hemokinesis+1","Thunderclap","Double Tap+1","Perfected Strike+1","True Grit+1","Burning Pact+1","Uppercut+1","Twin Strike"],"relics":["Burning Blood","Ice Cream","Matryoshka","Replay:Baseball","Empty Cage","Pear","Art of War","Membership Card","vexMod:RedPlottingStone","MealTicket","ReplayTheSpireMod:Spearhead","Guide Book"],"acts_visited":["Exordium","TheCity"],"potions_floor_usage":[12,16,16,21,21],"damage_taken":[{"damage":7,"enemies":"2 Louse","floor":1,"turns":3},{"damage":12,"enemies":"Jaw Worm","floor":2,"turns":2},{"damage":1,"enemies":"Cultist","floor":5,"turns":3},{"damage":22,"enemies":"3 Sentries","floor":7,"turns":7},{"damage":9,"enemies":"2 Fungi Beasts","floor":8,"turns":3},{"damage":0,"enemies":"Blue Slaver","floor":10,"turns":2},{"damage":22,"enemies":"Lagavulin","floor":12,"turns":5},{"damage":9,"enemies":"Red Slaver","floor":13,"turns":3},{"damage":56,"enemies":"Fading Forest","floor":16,"turns":11},{"damage":37,"enemies":"3 Byrds","floor":18,"turns":6},{"damage":2,"enemies":"Chosen","floor":20,"turns":3},{"damage":30,"enemies":"Shelled Parasite and Fungi","floor":21,"turns":4},{"damage":16,"enemies":"Cultist and Chosen","floor":25,"turns":4},{"damage":70,"enemies":"Champ","floor":33,"turns":6}],"seed_played":"-6609267494430770168","potions_obtained":[{"floor":2,"key":"Swift Potion"},{"floor":8,"key":"AttackPotion"},{"floor":12,"key":"BlessingOfTheForge"},{"floor":18,"key":"BlessingOfTheForge"},{"floor":20,"key":"ColorlessPotion"}],"is_trial":false,"path_per_floor":["M","M","?","?","M","R","E","M","T","M","R","E","M","?","R","B",null,"M","?","M","M","?","R","?","M","T","$","?","$","$","?","R","B"],"character_chosen":"IRONCLAD","items_purchased":["Membership Card","vexMod:RedPlottingStone","MealTicket","Uppercut+1","Twin Strike","ReplayTheSpireMod:Spearhead","Guide Book"],"campfire_rested":1,"item_purchase_floors":[27,27,27,29,30,30,30],"current_hp_per_floor":[71,65,65,65,70,70,54,51,51,57,57,41,38,38,62,20,65,34,34,38,14,40,40,40,30,40,40,22,37,52,52,52,0,0],"gold":79,"neow_bonus":"REMOVE_CARD","is_daily":false,"chose_seed":false,"campfire_upgraded":4,"win_rate":0.0,"timestamp":1609295300,"path_taken":["M","M","?","?","M","R","E","?","T","M","R","E","M","?","R","BOSS","M","?","?","M","?","R","?","M","T","$","?","?","$","?","R","BOSS"],"items_purchased_type":["Relic","Relic","Relic","Card","Card","Relic","Relic"],"build_version":"2020-12-22","purchased_purges":1,"victory":false,"max_hp_per_floor":[80,80,80,80,80,80,80,80,80,80,80,80,80,80,80,80,80,80,80,80,80,80,80,80,80,90,90,95,95,95,95,95,95,95],"relic_stats":{"counters":[14,62],"MealTicket":30,"Art of War":[0],"obtain_stats":[{"Ice Cream":7,"Replay:Baseball":12,"ReplayTheSpireMod:Spearhead":30,"Matryoshka":9,"Pear":26,"vexMod:RedPlottingStone":27,"Guide Book":30,"MealTicket":27,"Art of War":26,"Membership Card":27,"Empty Cage":17,"Burning Blood":0},{"Ice Cream":4,"Replay:Baseball":7,"ReplayTheSpireMod:Spearhead":13,"Matryoshka":5,"Pear":13,"vexMod:RedPlottingStone":13,"Guide Book":13,"MealTicket":13,"Art of War":13,"Membership Card":13,"Empty Cage":9,"Burning Blood":0},{"Ice Cream":15,"Replay:Baseball":25,"ReplayTheSpireMod:Spearhead":56,"Matryoshka":18,"Pear":56,"vexMod:RedPlottingStone":56,"Guide Book":56,"MealTicket":56,"Art of War":56,"Membership Card":56,"Empty Cage":39,"Burning Blood":0}],"Burning Blood":78},"card_choices":[{"not_picked":["Run Through","Iron Wave"],"picked":"Cleave","floor":1},{"not_picked":["Berserk","Run Through"],"picked":"Pommel Strike","floor":2},{"not_picked":["Flame Barrier","True Grit"],"picked":"Perfected Strike","floor":5},{"not_picked":["Fiend Fire","Flex"],"picked":"Headbutt","floor":7},{"not_picked":["Headbutt","Rupture"],"picked":"Iron Wave","floor":8},{"not_picked":["Life Link","Shrug It Off"],"picked":"Hemokinesis","floor":10},{"not_picked":["Evolve","Searing Blow"],"picked":"Thunderclap","floor":12},{"not_picked":["Wild Strike","Sword Boomerang","Run Through"],"picked":"SKIP","floor":13},{"not_picked":["Bludgeon","Limit Break"],"picked":"Double Tap","floor":16},{"not_picked":["Thunderclap","Heavy Blade"],"picked":"Perfected Strike","floor":18},{"not_picked":["Heavy Blade","Massacre","Rupture"],"picked":"SKIP","floor":20},{"not_picked":["Massacre","Second Wind+1"],"picked":"True Grit+1","floor":21},{"not_picked":["Rage","Anger"],"picked":"Burning Pact","floor":25}],"player_experience":600353,"relics_obtained":[{"floor":7,"key":"Ice Cream"},{"floor":9,"key":"Matryoshka"},{"floor":12,"key":"Replay:Baseball"},{"floor":26,"key":"Pear"},{"floor":26,"key":"Art of War"}],"event_choices":[{"damage_healed":0,"gold_gain":0,"player_choice":"2 cards matched","damage_taken":0,"max_hp_gain":0,"max_hp_loss":0,"event_name":"Match and Keep!","floor":4,"gold_loss":0,"cards_obtained":["Rage","Warcry"]},{"damage_healed":0,"gold_gain":0,"player_choice":"Grow","damage_taken":0,"max_hp_gain":0,"max_hp_loss":0,"event_name":"Living Wall","floor":14,"gold_loss":0,"cards_upgraded":["Pommel Strike"]},{"damage_healed":0,"gold_gain":0,"player_choice":"Forge","damage_taken":0,"max_hp_gain":0,"max_hp_loss":0,"event_name":"Accursed Blacksmith","floor":19,"gold_loss":0,"cards_upgraded":["Double Tap"]},{"damage_healed":26,"gold_gain":0,"player_choice":"Heal","damage_taken":0,"max_hp_gain":0,"max_hp_loss":0,"event_name":"The Library","floor":22,"gold_loss":0},{"damage_healed":0,"gold_gain":99,"player_choice":"Stole From Cult","damage_taken":0,"max_hp_gain":0,"max_hp_loss":0,"event_name":"Nest","floor":24,"gold_loss":0},{"damage_healed":0,"gold_gain":0,"player_choice":"Shed Blood","damage_taken":23,"max_hp_gain":5,"max_hp_loss":0,"event_name":"Forgotten Altar","floor":28,"gold_loss":0}],"is_beta":false,"boss_relics":[{"not_picked":["Ring of Chaos","construct:WeddingRing"],"picked":"Empty Cage"}],"items_purged_floors":[27],"is_endless":false,"potions_floor_spawned":[2,8,12,18,20],"killed_by":"Champ","ascension_level":9}}