{"host":"tw4sg9io217sih45","time":1609339727,"event":{"mods":["AchievementEnabler","BaseMod","Colored Map","Highlight Path","Minty Spire (QoL Compilation)"],"gold_per_floor":[111,111,36,36,36,36,65,65,89,89,99,99,116,133,133,236,236,256,206,179,196,57,92,92,92,92,92,105,56,67,82,82,82,82],"floor_reached":33,"playtime":1545,"items_purged":["Strike_G","Strike_G"],"score":436,"play_id":"37229de6-ff96-407d-995d-12933fc18969","local_time":"20201230224847","is_ascension_mode":true,"campfire_choices":[{"data":"Cloak And Dagger","floor":6,"key":"SMITH"},{"data":"Escape Plan","floor":10,"key":"SMITH"},{"data":"Caltrops","floor":12,"key":"SMITH"},{"floor":15,"key":"REST"},{"floor":25,"key":"REST"},{"data":"Infinite Blades","floor":27,"key":"SMITH"},{"data":"Footwork","floor":32,"key":"SMITH"}],"circlet_count":0,"master_deck":["Strike_G","Strike_G+1","Strike_G+1","Defend_G","Defend_G","Defend_G","Defend_G","Survivor","Neutralize","Cloak And Dagger+1","Escape Plan+1","Caltrops+1","Acrobatics","Blur","Leg Sweep","Venomology","Caltrops","Deflect+1","Blade Dance","Infinite Blades+1","Cloak And Dagger+1","Blade Dance","Footwork+1","Backstab"],"relics":["HoveringKite","Dream Catcher","Bottled Lightning","Lantern","Blood Vial","WristBlade","Vajra","Bird Faced Urn"],"acts_visited":["Exordium","TheCity"],"potions_floor_usage":[16,16,20,21,23,23,28,31,33,33,33],"damage_taken":[{"damage":2,"enemies":"2 Louse","floor":1,"turns":2},{"damage":24,"enemies":"Gremlin Nob","floor":7,"turns":5},{"damage":0,"enemies":"Jaw Worm","floor":11,"turns":3},{"damage":0,"enemies":"Cultist","floor":13,"turns":3},{"damage":4,"enemies":"Blue Slaver","floor":14,"turns":3},{"damage":0,"enemies":"Hexaghost","floor":16,"turns":13},{"damage":0,"enemies":"3 Byrds","floor":18,"turns":4},{"damage":32,"enemies":"2 Thieves","floor":20,"turns":5},{"damage":14,"enemies":"Snecko","floor":21,"turns":7},{"damage":24,"enemies":"Slavers","floor":23,"turns":5},{"damage":3,"enemies":"Shelled Parasite and Fungi","floor":28,"turns":2},{"damage":0,"enemies":"Chosen and Byrds","floor":30,"turns":4},{"damage":9,"enemies":"Snecko","floor":31,"turns":5},{"damage":50,"enemies":"Automaton","floor":33,"turns":8}],"seed_played":"-7298806788352590432","potions_obtained":[{"floor":7,"key":"Weak Potion"},{"floor":11,"key":"SkillPotion"},{"floor":14,"key":"PowerPotion"},{"floor":23,"key":"AttackPotion"},{"floor":28,"key":"SmokeBomb"},{"floor":31,"key":"AttackPotion"}],"is_trial":false,"path_per_floor":["M","?","$","?","T","R","E","T","T","R","M","R","M","M","R","B",null,"M","?","M","M","$","E","$","R","T","R","M","$","M","M","R","B"],"character_chosen":"THE_SILENT","items_purchased":["Infinite Blades","Blade Dance"],"campfire_rested":2,"item_purchase_floors":[22,29],"current_hp_per_floor":[68,54,54,47,47,47,23,23,23,23,25,25,27,25,46,48,70,70,70,38,26,26,4,4,25,25,25,30,30,38,37,37,0,0],"gold":82,"neow_bonus":"BOSS_RELIC","is_daily":false,"chose_seed":false,"campfire_upgraded":5,"win_rate":0.0,"timestamp":1609339727,"path_taken":["M","?","$","?","?","R","E","?","T","R","?","R","M","M","R","BOSS","M","?","?","M","$","E","?","R","T","R","M","$","M","M","R","BOSS"],"items_purchased_type":["Card","Card"],"build_version":"2020-12-22","purchased_purges":2,"victory":false,"max_hp_per_floor":[70,70,70,70,70,70,70,70,70,70,70,70,70,70,70,70,70,70,70,70,70,70,70,70,70,70,70,70,70,70,70,70,70,70],"card_choices":[{"not_picked":["Slice","Heel Hook"],"picked":"Cloak And Dagger","floor":1},{"not_picked":["PiercingWail","Outmaneuver"],"picked":"Escape Plan","floor":7},{"not_picked":["Dagger Throw","Crippling Poison"],"picked":"Caltrops","floor":11},{"not_picked":["Sucker Punch","Bane"],"picked":"Acrobatics","floor":13},{"not_picked":["Finisher","Quick Slash"],"picked":"Blur","floor":14},{"not_picked":["Eviscerate","Dash"],"picked":"Leg Sweep","floor":15},{"not_picked":["Glass Knife","Doppelganger"],"picked":"Venomology","floor":16},{"not_picked":["Deadly Poison","Prepared"],"picked":"Caltrops","floor":18},{"not_picked":["PiercingWail+1","Caltrops"],"picked":"Deflect+1","floor":20},{"not_picked":["Flying Knee+1","Noxious Fumes"],"picked":"Blade Dance","floor":21},{"not_picked":["Night Terror","Acrobatics+1","Underhanded Strike"],"picked":"SKIP","floor":23},{"not_picked":["Eviscerate","Acrobatics+1"],"picked":"Cloak And Dagger+1","floor":25},{"not_picked":["Dodge and Roll","Outmaneuver","Poisoned Stab"],"picked":"SKIP","floor":28},{"not_picked":["Flying Knee+1","Poisoned Stab"],"picked":"Footwork","floor":30},{"not_picked":["Predator","Acrobatics"],"picked":"Backstab","floor":31}],"player_experience":186576,"relics_obtained":[{"floor":5,"key":"Dream Catcher"},{"floor":7,"key":"Bottled Lightning"},{"floor":8,"key":"Lantern"},{"floor":9,"key":"Blood Vial"},{"floor":23,"key":"Vajra"},{"floor":26,"key":"Bird Faced Urn"}],"event_choices":[{"damage_healed":0,"gold_gain":0,"player_choice":"Entered Light","damage_taken":14,"max_hp_gain":0,"max_hp_loss":0,"event_name":"Shining Light","floor":2,"gold_loss":0,"cards_upgraded":["Strike_G","Strike_G"]},{"cards_removed":["Defend_G"],"damage_healed":0,"gold_gain":0,"player_choice":"Card Removal","damage_taken":7,"max_hp_gain":0,"max_hp_loss":0,"event_name":"Golden Wing","floor":4,"gold_loss":0},{"damage_healed":0,"gold_gain":0,"player_choice":"Bet on Owner","damage_taken":0,"max_hp_gain":0,"max_hp_loss":0,"event_name":"The Joust","floor":19,"gold_loss":50}],"is_beta":false,"boss_relics":[{"not_picked":["Pandora\u0027s Box","Tiny House"],"picked":"WristBlade"}],"items_purged_floors":[3,22],"is_endless":false,"potions_floor_spawned":[7,11,14,23,28,31],"killed_by":"Automaton","ascension_level":1}}