{"host":"pletss163z7s8pvv","time":1609309610,"event":{"mods":["AchievementEnabler","BaseMod","Colored Map","Colored Powertips","Minty Spire (QoL Compilation)"],"gold_per_floor":[114,129,144,159,174,174,189,204,504,534,32,47,77,92,92,192,192,207,31,31,46,46,76,0,15,15,15,45,60,75,90,90,190,190,205,220,235,4,19,19,0,0,0,0,0,30,55,85,85,85],"floor_reached":51,"playtime":1261,"items_purged":[],"score":1013,"play_id":"0064a525-8df9-4292-804b-54d3aaf4dec9","local_time":"20201230002650","daily_mods":["Cursed Run","Diverse","DeadlyEvents"],"is_ascension_mode":false,"campfire_choices":[{"floor":6,"key":"REST"},{"floor":15,"key":"REST"},{"data":"1","floor":27,"key":"LIFT"},{"floor":32,"key":"REST"},{"data":"2","floor":40,"key":"LIFT"},{"data":"3","floor":42,"key":"LIFT"},{"data":"Fire Breathing","floor":44,"key":"SMITH"},{"data":"Fire Breathing","floor":49,"key":"SMITH"}],"circlet_count":0,"master_deck":["Strike_B","Strike_B","Strike_B","Strike_B","Defend_B","Defend_B","Defend_B","Defend_B","Zap","Dualcast","Poisoned Stab","Doom and Gloom","Fire Breathing+1","PathToVictory","CrushJoints","Poisoned Stab","Consecrate","Doubt","Outmaneuver","Discovery+1","Defragment","Crippling Poison+1","Armaments+1","Heavy Blade","Consecrate","Thunderclap","Biased Cognition","CurseOfTheBell","Carnage+1","Shrug It Off+1","BowlingBash","Melter","Beam Cell","Pain","Sever Soul","True Grit+1","Conclude","Ball Lightning","Demon Form","Parasite","Parasite","Pain","Clothesline","Bane+1","Parasite","Double Energy+1","Fire Breathing+1","Sentinel+1","FlyingSleeves","Fire Breathing+1","Parasite","Clumsy","Parasite","Shame"],"relics":["Cursed Key","Darkstone Periapt","Du-Vu Doll","Old Coin","Meat on the Bone","Toxic Egg 2","Bottled Flame","Calling Bell","Lantern","Pear","Girya","Lee\u0027s Waffle","Eternal Feather","Letter Opener","StrikeDummy","HornCleat","Astrolabe","DollysMirror","Red Mask","Singing Bowl","Pantograph","Symbiotic Virus","Anchor","Vajra"],"acts_visited":["Exordium","TheCity","TheBeyond"],"potions_floor_usage":[13,16,16,16,33,50,50,50],"damage_taken":[{"damage":6,"enemies":"Cultist","floor":1,"turns":4},{"damage":5,"enemies":"Small Slimes","floor":2,"turns":2},{"damage":6,"enemies":"Jaw Worm","floor":3,"turns":2},{"damage":23,"enemies":"Exordium Thugs","floor":4,"turns":4},{"damage":0,"enemies":"2 Fungi Beasts","floor":5,"turns":2},{"damage":10,"enemies":"Looter","floor":7,"turns":3},{"damage":7,"enemies":"Blue Slaver","floor":8,"turns":3},{"damage":18,"enemies":"3 Sentries","floor":10,"turns":5},{"damage":6,"enemies":"3 Louse","floor":12,"turns":2},{"damage":31,"enemies":"Gremlin Nob","floor":13,"turns":4},{"damage":3,"enemies":"Large Slime","floor":14,"turns":4},{"damage":35,"enemies":"Hexaghost","floor":16,"turns":8},{"damage":22,"enemies":"Shell Parasite","floor":18,"turns":5},{"damage":7,"enemies":"3 Byrds","floor":21,"turns":4},{"damage":35,"enemies":"Book of Stabbing","floor":23,"turns":5},{"damage":14,"enemies":"Snecko","floor":25,"turns":4},{"damage":12,"enemies":"Gremlin Leader","floor":28,"turns":5},{"damage":3,"enemies":"Sentry and Sphere","floor":29,"turns":2},{"damage":6,"enemies":"Snake Plant","floor":30,"turns":3},{"damage":1,"enemies":"Snecko","floor":31,"turns":3},{"damage":49,"enemies":"Collector","floor":33,"turns":6},{"damage":16,"enemies":"3 Shapes","floor":35,"turns":2},{"damage":22,"enemies":"Orb Walker","floor":36,"turns":4},{"damage":32,"enemies":"Writhing Mass","floor":37,"turns":4},{"damage":12,"enemies":"4 Shapes","floor":39,"turns":2},{"damage":22,"enemies":"Nemesis","floor":46,"turns":5},{"damage":15,"enemies":"Reptomancer","floor":48,"turns":3},{"damage":68,"enemies":"Donu and Deca","floor":50,"turns":6}],"seed_played":"9091901603564859836","potions_obtained":[{"floor":4,"key":"EssenceOfSteel"},{"floor":7,"key":"Dexterity Potion"},{"floor":8,"key":"FearPotion"},{"floor":10,"key":"LiquidMemories"},{"floor":13,"key":"FearPotion"},{"floor":21,"key":"BlessingOfTheForge"},{"floor":28,"key":"PotionOfCapacity"},{"floor":30,"key":"Block Potion"},{"floor":35,"key":"Swift Potion"},{"floor":36,"key":"Strength Potion"},{"floor":48,"key":"Strength Potion"}],"is_trial":false,"path_per_floor":["M","M","M","M","M","R","M","M","T","E","$","M","E","M","R","B",null,"M","$","?","M","T","E","?","M","T","R","E","M","M","M","R","B",null,"M","M","M","$","M","R","?","R","T","R","T","E","T","E","R","B",null],"character_chosen":"DEFECT","items_purchased":["Toxic Egg 2","Discovery+1","Defragment","Crippling Poison+1","Armaments+1","Lee\u0027s Waffle","Shrug It Off+1","DollysMirror","Sentinel+1","FlyingSleeves"],"campfire_rested":3,"item_purchase_floors":[11,11,11,11,11,19,19,38,38,38],"current_hp_per_floor":[69,64,58,35,35,57,47,40,46,28,28,34,15,24,48,31,103,81,110,110,103,109,74,74,60,66,87,75,72,66,65,122,79,146,130,108,82,82,82,112,112,142,148,158,164,144,150,137,167,112],"gold":85,"neow_bonus":"","is_daily":true,"chose_seed":false,"campfire_upgraded":2,"win_rate":0.0,"timestamp":1609309610,"path_taken":["M","M","?","?","?","R","M","M","T","E","?","M","?","M","R","BOSS","M","$","?","M","?","?","?","M","T","R","E","?","M","M","R","BOSS","M","M","M","$","M","R","?","R","T","R","?","E","?","E","R","BOSS"],"items_purchased_type":["Relic","Card","Card","Card","Card","Relic","Card","Relic","Card","Card"],"build_version":"2020-12-22","purchased_purges":0,"victory":true,"max_hp_per_floor":[75,75,75,75,75,75,75,75,81,81,81,81,81,81,81,87,103,103,110,110,110,116,116,116,116,122,122,122,122,122,122,122,128,146,146,146,152,152,152,152,152,152,158,158,164,166,172,174,174,180],"card_choices":[{"not_picked":["Compile Driver","PiercingWail"],"picked":"Poisoned Stab","floor":1},{"not_picked":["EmptyFist","Havoc"],"picked":"Doom and Gloom","floor":2},{"not_picked":["Outmaneuver","Melter"],"picked":"Fire Breathing","floor":3},{"not_picked":["Redo","FlyingSleeves"],"picked":"PathToVictory","floor":4},{"not_picked":["Genetic Algorithm","Second Wind"],"picked":"CrushJoints","floor":5},{"not_picked":["Headbutt","Barrage"],"picked":"Poisoned Stab","floor":7},{"not_picked":["Flame Barrier","Warcry"],"picked":"Consecrate","floor":8},{"not_picked":["Slice","Quick Slash"],"picked":"Outmaneuver","floor":10},{"not_picked":["EmptyMind+1","Vengeance+1"],"picked":"Heavy Blade","floor":12},{"not_picked":["Combust","WheelKick"],"picked":"Consecrate","floor":13},{"not_picked":["Cold Snap","Adaptation"],"picked":"Thunderclap","floor":14},{"not_picked":["Offering+1","Juggernaut"],"picked":"Biased Cognition","floor":16},{"not_picked":["Prostrate+1","Coolheaded+1"],"picked":"Carnage+1","floor":18},{"not_picked":["Skim+1","Swivel+1"],"picked":"BowlingBash","floor":21},{"not_picked":["Protect+1","Compile Driver"],"picked":"Melter","floor":23},{"not_picked":["Genetic Algorithm+1","MentalFortress"],"picked":"Beam Cell","floor":25},{"not_picked":["Berserk","Barrage"],"picked":"Sever Soul","floor":28},{"not_picked":["PiercingWail+1","Prepared+1"],"picked":"True Grit+1","floor":29},{"not_picked":["Slice","Beam Cell"],"picked":"Conclude","floor":30},{"not_picked":["JustLucky","Twin Strike"],"picked":"Ball Lightning","floor":31},{"not_picked":["Amplify+1","Multi-Cast+1"],"picked":"Demon Form","floor":33},{"not_picked":["JustLucky","Warcry+1"],"picked":"Clothesline","floor":35},{"not_picked":["Battle Trance+1","Sucker Punch+1"],"picked":"Bane+1","floor":36},{"not_picked":["Evaluate+1","ClearTheMind+1"],"picked":"Double Energy+1","floor":37},{"not_picked":["Barrage+1","Glacier+1"],"picked":"Fire Breathing+1","floor":39},{"not_picked":["Bullet Time+1","Compile Driver+1","FearNoEvil"],"picked":"Singing Bowl","floor":46},{"not_picked":["Genetic Algorithm+1","Setup+1","Reckless Charge+1"],"picked":"Singing Bowl","floor":48}],"player_experience":402988,"relics_obtained":[{"floor":9,"key":"Old Coin"},{"floor":10,"key":"Meat on the Bone"},{"floor":13,"key":"Bottled Flame"},{"floor":17,"key":"Lantern"},{"floor":17,"key":"Pear"},{"floor":17,"key":"Girya"},{"floor":22,"key":"Eternal Feather"},{"floor":23,"key":"Letter Opener"},{"floor":26,"key":"StrikeDummy"},{"floor":28,"key":"HornCleat"},{"floor":43,"key":"Singing Bowl"},{"floor":45,"key":"Pantograph"},{"floor":46,"key":"Symbiotic Virus"},{"floor":47,"key":"Anchor"},{"floor":48,"key":"Vajra"}],"event_choices":[{"damage_healed":0,"gold_gain":0,"player_choice":"Ignored","damage_taken":0,"max_hp_gain":0,"max_hp_loss":0,"event_name":"Ghosts","floor":20,"gold_loss":0},{"damage_healed":0,"gold_gain":0,"player_choice":"Paid Fearfully","damage_taken":0,"max_hp_gain":0,"max_hp_loss":0,"event_name":"Masked Bandits","floor":24,"gold_loss":76},{"damage_healed":0,"gold_gain":0,"player_choice":"Paid","damage_taken":0,"relics_obtained":["Red Mask"],"max_hp_gain":0,"max_hp_loss":0,"event_name":"Tomb of Lord Red Mask","floor":41,"gold_loss":19}],"is_beta":false,"boss_relics":[{"not_picked":["Philosopher\u0027s Stone","Empty Cage"],"picked":"Calling Bell"},{"not_picked":["Runic Dome","Inserter"],"picked":"Astrolabe"}],"items_purged_floors":[],"is_endless":false,"potions_floor_spawned":[4,7,8,10,13,14,21,28,30,35,36,48],"ascension_level":0}}