{"host":"0ydzwspkajt4brzd","time":1609332208,"event":{"mods":["AchievementEnabler","BaseMod","Colored Map","DeckTracker","Googly Eyes","Highlight Path","Minty Spire (QoL Compilation)","Quick Restart","Random Character Button","Rare Cards Sparkle"],"gold_per_floor":[109,122,132,147,147,175,175,208,243,22,52,63,95,114,114,213,213,227,227,238,68,68,68,82,94,119,119,119],"floor_reached":27,"playtime":2058,"items_purged":["Strike_R","Twin Strike"],"score":380,"play_id":"32bd18ab-c71f-4ebf-81f3-b6f0ada9b75e","local_time":"20201230044328","is_ascension_mode":true,"campfire_choices":[{"data":"Apotheosis","floor":7.0,"key":"SMITH"},{"floor":15.0,"key":"REST"},{"floor":23,"key":"REST"}],"circlet_count":0,"master_deck":["AscendersBane","Bash","Apotheosis+1","Iron Wave+1","Pommel Strike","Fire Breathing","Pummel","Heavy Blade","Bandage Up","Carnage","Limit Break","Fire Breathing","Entrench","Blood for Blood","Shrug It Off","Demon Form","Headbutt","Flex","Demon Form","Barricade","Second Wind","Pommel Strike","Twin Strike","Spot Weakness+1","Inflame","Warcry","Shockwave"],"relics":["Burning Blood","Whetstone","MawBank","Blood Vial","Membership Card","Omamori","Orichalcum","Pandora\u0027s Box","Anchor","Bronze Scales"],"acts_visited":["Exordium","TheCity"],"potions_floor_usage":[16,16,20,27,27],"damage_taken":[{"damage":0.0,"enemies":"Small Slimes","floor":1.0,"turns":5.0},{"damage":0.0,"enemies":"Cultist","floor":2.0,"turns":4.0},{"damage":12.0,"enemies":"Jaw Worm","floor":3.0,"turns":3.0},{"damage":0.0,"enemies":"Large Slime","floor":4.0,"turns":6.0},{"damage":25.0,"enemies":"Lagavulin","floor":6.0,"turns":7.0},{"damage":16.0,"enemies":"3 Sentries","floor":8.0,"turns":5.0},{"damage":39.0,"enemies":"Gremlin Nob","floor":11.0,"turns":5.0},{"damage":20.0,"enemies":"Exordium Thugs","floor":12.0,"turns":5.0},{"damage":24.0,"enemies":"Lagavulin","floor":13.0,"turns":7.0},{"damage":7.0,"enemies":"3 Louse","floor":14.0,"turns":4.0},{"damage":11,"enemies":"The Guardian","floor":16,"turns":12},{"damage":31,"enemies":"Chosen","floor":18,"turns":5},{"damage":35,"enemies":"Spheric Guardian","floor":20,"turns":6},{"damage":24,"enemies":"Snake Plant","floor":24,"turns":5},{"damage":23,"enemies":"Centurion and Healer","floor":25,"turns":6},{"damage":59,"enemies":"Slavers","floor":27,"turns":3}],"seed_played":"-3283228291545753569","potions_obtained":[{"floor":1.0,"key":"Ancient Potion"},{"floor":3.0,"key":"SkillPotion"},{"floor":6.0,"key":"BloodPotion"},{"floor":11.0,"key":"SpeedPotion"},{"floor":14.0,"key":"Explosive Potion"},{"floor":18,"key":"Block Potion"},{"floor":20,"key":"Regen Potion"}],"is_trial":false,"path_per_floor":["M","M","M","M","?","E","R","E","T","$","E","M","E","M","R","B",null,"M","?","M","$","?","R","M","M","T","E"],"character_chosen":"IRONCLAD","items_purchased":["Membership Card","Fire Breathing","Anchor","Regen Potion","Warcry"],"campfire_rested":2,"item_purchase_floors":[10,10,21,21,21],"current_hp_per_floor":[72,72,66,72,72,53,53,49,49,49,18,26,14,19,40,41,64,45,45,24,24,24,45,35,26,26,0,0],"gold":119,"neow_bonus":"RANDOM_COLORLESS_2","is_daily":false,"chose_seed":false,"campfire_upgraded":1,"win_rate":0.0,"timestamp":1609332208,"path_taken":["M","M","M","M","?","E","R","E","T","?","E","?","E","M","R","BOSS","M","?","M","$","?","R","M","?","T","E"],"items_purchased_type":["Relic","Card","Relic","Potion","Card"],"build_version":"2020-12-22","purchased_purges":2,"victory":false,"max_hp_per_floor":[72,72,72,72,72,72,72,72,72,72,72,72,72,72,72,72,72,72,72,72,72,72,72,72,72,72,72,72],"card_choices":[{"not_picked":["HandOfGreed","Metamorphosis"],"picked":"Apotheosis","floor":0.0},{"not_picked":["Ghostly Armor","Searing Blow"],"picked":"Iron Wave","floor":1.0},{"not_picked":["Iron Wave","Blood for Blood"],"picked":"Pommel Strike","floor":2.0},{"not_picked":["Bloodletting","Second Wind"],"picked":"Fire Breathing","floor":3.0},{"not_picked":["Headbutt","Rampage"],"picked":"Pummel","floor":4.0},{"not_picked":["Sword Boomerang","Feel No Pain"],"picked":"Carnage","floor":6.0},{"not_picked":["Perfected Strike","Evolve"],"picked":"Limit Break","floor":8.0},{"not_picked":["True Grit","Hemokinesis"],"picked":"Juggernaut","floor":11.0},{"not_picked":["Havoc","Perfected Strike"],"picked":"Entrench","floor":12.0},{"not_picked":["Iron Wave","Armaments"],"picked":"Blood for Blood","floor":13.0},{"not_picked":["Body Slam","Wild Strike"],"picked":"Shrug It Off","floor":14.0},{"not_picked":["Juggernaut","Berserk"],"picked":"Demon Form","floor":16},{"not_picked":["Sword Boomerang+1","Heavy Blade+1"],"picked":"Spot Weakness+1","floor":18},{"not_picked":["Twin Strike","Hemokinesis"],"picked":"Inflame","floor":20},{"not_picked":["Dark Embrace+1","Twin Strike"],"picked":"Shockwave","floor":24},{"not_picked":["Thunderclap","Headbutt","Flex"],"picked":"SKIP","floor":25}],"player_experience":414548,"relics_obtained":[{"floor":6.0,"key":"Whetstone"},{"floor":8.0,"key":"MawBank"},{"floor":9.0,"key":"Blood Vial"},{"floor":11.0,"key":"Omamori"},{"floor":13.0,"key":"Orichalcum"},{"floor":26,"key":"Bronze Scales"}],"event_choices":[{"damage_healed":0.0,"max_hp_gain":0.0,"max_hp_loss":0.0,"gold_gain":0.0,"event_name":"Match and Keep!","player_choice":"2 cards matched","floor":5.0,"gold_loss":0.0,"damage_taken":0.0,"cards_obtained":["Heavy Blade","Bandage Up"]},{"damage_healed":0,"gold_gain":0,"player_choice":"Ignored","damage_taken":0,"max_hp_gain":0,"max_hp_loss":0,"event_name":"Vampires","floor":19,"gold_loss":0},{"cards_removed":["Juggernaut"],"damage_healed":0,"gold_gain":0,"player_choice":"Elegance","damage_taken":0,"max_hp_gain":0,"max_hp_loss":0,"event_name":"Back to Basics","floor":22,"gold_loss":0}],"is_beta":false,"boss_relics":[{"not_picked":["Astrolabe","Calling Bell"],"picked":"Pandora\u0027s Box"}],"items_purged_floors":[10,21],"is_endless":false,"potions_floor_spawned":[1,3,6,11,14,18,20],"killed_by":"Slavers","ascension_level":11}}