{"host":"e1pm3b7xpcm97e5w","time":1609302329,"event":{"mods":["BaseMod","Better Skull","Googly Eyes","Minty Spire (QoL Compilation)","Relic Stats","Shop Mod","Spicy Shops","StSLib"],"gold_per_floor":[112,122,133,58,72,72,99,99,99,118,118,18,48,62,62,160,160,172,172,185,196,196,196,196],"floor_reached":23,"playtime":1363,"items_purged":["Normality","Strike_P"],"score":395,"play_id":"c9e4cf02-b827-41b1-a7f0-264e0d2f91a5","local_time":"20201229232529","is_ascension_mode":true,"campfire_choices":[{"data":"Eruption","floor":6.0,"key":"SMITH"},{"data":"BattleHymn","floor":8.0,"key":"SMITH"},{"floor":11.0,"key":"REST"},{"data":"TalkToTheHand","floor":15.0,"key":"SMITH"}],"circlet_count":0,"master_deck":["AscendersBane","Strike_P","Strike_P","Strike_P","Defend_P+1","Defend_P","Defend_P","Defend_P","Eruption+1","Vigilance","BattleHymn+1","CutThroughFate","FlurryOfBlows","ClearTheMind","LikeWater","Tantrum","TalkToTheHand+1","LessonLearned+1","Wallop","Protect"],"relics":["PureWater","Thread and Needle","Bottled Flame","Dead Branch","Ice Cream","Runic Pyramid","Mercury Hourglass"],"acts_visited":["Exordium","TheCity"],"potions_floor_usage":[22],"damage_taken":[{"damage":1.0,"enemies":"Cultist","floor":1.0,"turns":5.0},{"damage":8.0,"enemies":"Small Slimes","floor":2.0,"turns":3.0},{"damage":0.0,"enemies":"Jaw Worm","floor":3.0,"turns":3.0},{"damage":0.0,"enemies":"Large Slime","floor":5.0,"turns":3.0},{"damage":25.0,"enemies":"Lagavulin","floor":7.0,"turns":6.0},{"damage":0.0,"enemies":"Blue Slaver","floor":10.0,"turns":3.0},{"damage":10.0,"enemies":"3 Sentries","floor":13.0,"turns":8.0},{"damage":4.0,"enemies":"Lots of Slimes","floor":14.0,"turns":3.0},{"damage":0.0,"enemies":"Slime Boss","floor":16.0,"turns":3.0},{"damage":0.0,"enemies":"3 Byrds","floor":18.0,"turns":3.0},{"damage":0.0,"enemies":"Shell Parasite","floor":20.0,"turns":3.0},{"damage":8.0,"enemies":"3 Cultists","floor":21.0,"turns":3.0},{"damage":5,"enemies":"Snecko","floor":22,"turns":3},{"damage":24,"enemies":"Gremlin Leader","floor":23,"turns":2}],"seed_played":"7904537057788084949","potions_obtained":[{"floor":1.0,"key":"SmokeBomb"},{"floor":5.0,"key":"Dexterity Potion"},{"floor":14.0,"key":"StancePotion"},{"floor":20.0,"key":"Ancient Potion"}],"is_trial":false,"path_per_floor":["M","M","M","$","M","R","E","R","T","M","R","$","E","M","R","B",null,"M","T","M","M","M","E"],"character_chosen":"WATCHER","items_purchased":[],"campfire_rested":1,"item_purchase_floors":[],"current_hp_per_floor":[64,56,56,56,56,56,31,31,31,31,52,52,42,38,38,38,64,64,64,64,56,51,27,27],"gold":196,"neow_bonus":"ONE_RARE_RELIC","is_daily":false,"chose_seed":false,"campfire_upgraded":3,"win_rate":0.0,"timestamp":1609302329,"path_taken":["M","M","M","$","M","R","E","R","T","?","R","$","E","M","R","BOSS","M","?","?","M","M","E"],"items_purchased_type":[],"build_version":"2020-12-22","purchased_purges":2,"victory":false,"max_hp_per_floor":[72,72,72,72,72,72,72,72,72,72,72,72,72,72,72,72,72,72,72,72,72,72,72,72],"relic_stats":{"counters":[14,51],"Dead Branch":[37],"obtain_stats":[{"Ice Cream":13,"Bottled Flame":7,"Dead Branch":9,"Thread and Needle":0,"PureWater":0,"Runic Pyramid":17,"Mercury Hourglass":19},{"Ice Cream":7,"Bottled Flame":5,"Dead Branch":5,"Thread and Needle":0,"PureWater":0,"Runic Pyramid":9,"Mercury Hourglass":10},{"Ice Cream":31,"Bottled Flame":20,"Dead Branch":20,"Thread and Needle":0,"PureWater":0,"Runic Pyramid":37,"Mercury Hourglass":40}],"Mercury Hourglass":[48]},"card_choices":[{"not_picked":["Evaluate","Protect"],"picked":"BattleHymn","floor":1.0},{"not_picked":["InnerPeace","Pray"],"picked":"CutThroughFate","floor":2.0},{"not_picked":["Worship","Meditate"],"picked":"FlurryOfBlows","floor":3.0},{"not_picked":["Halt","BowlingBash"],"picked":"ClearTheMind","floor":5.0},{"not_picked":["Halt","BowlingBash","ThirdEye"],"picked":"SKIP","floor":7.0},{"not_picked":["ThirdEye","Wish"],"picked":"LikeWater","floor":10.0},{"not_picked":["Crescendo","SandsOfTime"],"picked":"Tantrum","floor":13.0},{"not_picked":["Worship","DeceiveReality"],"picked":"TalkToTheHand","floor":14.0},{"not_picked":["DevaForm","Judgement"],"picked":"LessonLearned","floor":16.0},{"not_picked":["JustLucky","Crescendo+1"],"picked":"Wallop","floor":18.0},{"not_picked":["EmptyFist","Tantrum","Wireheading"],"picked":"SKIP","floor":20.0},{"not_picked":["BowlingBash","LessonLearned"],"picked":"Protect","floor":21.0}],"player_experience":440867,"relics_obtained":[{"floor":7.0,"key":"Bottled Flame"},{"floor":9.0,"key":"Dead Branch"},{"floor":13.0,"key":"Ice Cream"},{"floor":19.0,"key":"Mercury Hourglass"}],"event_choices":[],"is_beta":false,"boss_relics":[{"not_picked":["Empty Cage","HolyWater"],"picked":"Runic Pyramid"}],"items_purged_floors":[4,12],"is_endless":false,"potions_floor_spawned":[1,5,7,14,20,21,22],"killed_by":"Gremlin Leader","ascension_level":11}}