{"host":"lhth1efayex2023z","time":1609302195,"event":{"mods":["BaseMod","Colored Map","Googly Eyes","Minty Spire (QoL Compilation)","StSLib"],"gold_per_floor":[112,112,112,112,0,0,29,45,70,133,133,151,0,13,13,87,87,102,102,102,122,122,150,150,183,183,212,222,222,238,113,113,113,113],"floor_reached":33,"playtime":1282,"items_purged":["Pain","Strike_B+1"],"score":527,"play_id":"2484fbbb-dc4b-42ea-8071-1b615a1f7eeb","local_time":"20201229212315","is_ascension_mode":true,"campfire_choices":[{"floor":6.0,"key":"REST"},{"floor":11.0,"key":"REST"},{"data":"Loop","floor":15.0,"key":"SMITH"},{"floor":24,"key":"REST"},{"floor":29,"key":"REST"},{"data":"Fission","floor":32,"key":"SMITH"}],"circlet_count":0,"master_deck":["AscendersBane","Strike_B+1","Strike_B+1","Defend_B+1","Defend_B+1","Defend_B+1","Defend_B+1","Zap+1","Dualcast","Electrodynamics","Reinforced Body","Storm","Loop+1","Glacier","Loop","Heatsinks","Buffer","Steam","Storm","Double Energy","Fission+1","Buffer","Aggregate","Tempest"],"relics":["Cracked Core","WarpedTongs","Centennial Puzzle","Dream Catcher","Membership Card","Runic Pyramid","Nloth\u0027s Gift","MealTicket","Darkstone Periapt","Blood Vial","WingedGreaves","Lantern"],"acts_visited":["Exordium","TheCity"],"potions_floor_usage":[27],"damage_taken":[{"damage":7.0,"enemies":"Jaw Worm","floor":1.0,"turns":4.0},{"damage":30.0,"enemies":"Gremlin Nob","floor":7.0,"turns":4.0},{"damage":0.0,"enemies":"Small Slimes","floor":8.0,"turns":2.0},{"damage":11.0,"enemies":"Lagavulin Event","floor":10.0,"turns":6.0},{"damage":0.0,"enemies":"Cultist","floor":12.0,"turns":2.0},{"damage":4.0,"enemies":"Blue Slaver","floor":14.0,"turns":3.0},{"damage":29.0,"enemies":"The Guardian","floor":16.0,"turns":10.0},{"damage":20.0,"enemies":"2 Thieves","floor":18.0,"turns":3.0},{"damage":10.0,"enemies":"3 Byrds","floor":21.0,"turns":3.0},{"damage":5.0,"enemies":"Book of Stabbing","floor":23.0,"turns":7.0},{"damage":23,"enemies":"Slavers","floor":25,"turns":2},{"damage":12,"enemies":"Gremlin Leader","floor":27,"turns":5},{"damage":2,"enemies":"Snake Plant","floor":28,"turns":6},{"damage":4,"enemies":"Chosen and Byrds","floor":30,"turns":3},{"damage":9,"enemies":"Champ","floor":33,"turns":12}],"seed_played":"6845740174951120395","potions_obtained":[{"floor":7.0,"key":"PotionOfCapacity"},{"floor":10.0,"key":"EssenceOfSteel"},{"floor":14.0,"key":"Regen Potion"},{"floor":18.0,"key":"Strength Potion"},{"floor":21.0,"key":"Block Potion"},{"floor":25,"key":"ColorlessPotion"}],"is_trial":false,"path_per_floor":["M","?","?","?","$","R","E","M","T","?","R","M","$","M","R","B",null,"M","?","?","M","?","E","R","E","T","E","M","R","M","$","R","B"],"character_chosen":"DEFECT","items_purchased":["Storm","Membership Card","Lantern"],"campfire_rested":4,"item_purchase_floors":[5,13,31],"current_hp_per_floor":[39,32,32,32,32,53,23,23,23,12,33,33,33,29,29,20,58,38,38,38,28,28,23,44,21,21,11,11,32,30,45,45,38,38],"gold":113,"neow_bonus":"THREE_RARE_CARDS","is_daily":false,"chose_seed":false,"campfire_upgraded":2,"win_rate":0.0,"timestamp":1609302195,"path_taken":["M","?","?","?","$","R","E","?","T","?","R","M","$","M","R","BOSS","M","?","?","M","?","E","R","E","T","E","M","R","?","$","R","BOSS"],"items_purchased_type":["Card","Relic","Relic"],"build_version":"2020-12-22","purchased_purges":2,"victory":false,"max_hp_per_floor":[71,71,71,71,71,71,71,71,71,71,71,71,71,71,71,71,71,71,71,71,71,71,71,71,71,71,71,71,71,71,71,71,71,71],"card_choices":[{"not_picked":["Biased Cognition","Machine Learning"],"picked":"Electrodynamics","floor":0.0},{"not_picked":["Streamline","Melter"],"picked":"Reinforced Body","floor":1.0},{"not_picked":["Aggregate","Beam Cell","Gash"],"picked":"SKIP","floor":7.0},{"not_picked":["Skim","Barrage"],"picked":"Loop","floor":8.0},{"not_picked":["Undo","Ball Lightning"],"picked":"Glacier","floor":10.0},{"not_picked":["Gash","Sweeping Beam"],"picked":"Loop","floor":11.0},{"not_picked":["Reinforced Body","Compile Driver"],"picked":"Heatsinks","floor":12.0},{"not_picked":["Cold Snap","Ball Lightning","Recycle"],"picked":"SKIP","floor":14.0},{"not_picked":["Seek","Machine Learning"],"picked":"Buffer","floor":16.0},{"not_picked":["Conserve Battery","Tempest"],"picked":"Steam","floor":18.0},{"not_picked":["Reinforced Body","Sunder"],"picked":"Storm","floor":21.0},{"not_picked":["Doom and Gloom","Steam Power","Hello World"],"picked":"SKIP","floor":23.0},{"not_picked":["Rip and Tear","Go for the Eyes"],"picked":"Double Energy","floor":24},{"not_picked":["Heatsinks","Seek"],"picked":"Fission","floor":25},{"not_picked":["All For One","Hyperbeam"],"picked":"Buffer","floor":27},{"not_picked":["Streamline","Gash"],"picked":"Aggregate","floor":28},{"not_picked":["Streamline","Stack"],"picked":"Tempest","floor":30}],"player_experience":429817,"relics_obtained":[{"floor":7.0,"key":"Centennial Puzzle"},{"floor":9.0,"key":"Dream Catcher"},{"floor":10.0,"key":"Toy Ornithopter"},{"floor":23.0,"key":"MealTicket"},{"floor":25,"key":"Darkstone Periapt"},{"floor":26,"key":"Blood Vial"},{"floor":27,"key":"WingedGreaves"}],"event_choices":[{"cards_removed":["Strike_B"],"damage_healed":0.0,"max_hp_gain":0.0,"max_hp_loss":0.0,"gold_gain":0.0,"event_name":"Golden Wing","player_choice":"Card Removal","floor":2.0,"gold_loss":0.0,"damage_taken":7.0},{"damage_healed":0.0,"max_hp_gain":0.0,"max_hp_loss":0.0,"gold_gain":0.0,"event_name":"Living Wall","player_choice":"Grow","floor":3.0,"gold_loss":0.0,"damage_taken":0.0,"cards_upgraded":["Zap"]},{"damage_healed":0.0,"max_hp_gain":0.0,"max_hp_loss":0.0,"gold_gain":0.0,"event_name":"Accursed Blacksmith","player_choice":"Rummage","floor":4.0,"gold_loss":0.0,"damage_taken":0.0,"relics_obtained":["WarpedTongs"],"cards_obtained":["Pain"]},{"damage_healed":0.0,"max_hp_gain":0.0,"max_hp_loss":0.0,"gold_gain":0.0,"event_name":"Dead Adventurer","player_choice":"Searched \u00271\u0027 times","floor":10.0,"gold_loss":0.0,"damage_taken":0.0},{"damage_healed":0.0,"max_hp_gain":0.0,"max_hp_loss":0.0,"gold_gain":0.0,"event_name":"Back to Basics","player_choice":"Simplicity","floor":19.0,"gold_loss":0.0,"damage_taken":0.0,"cards_upgraded":["Strike_B","Strike_B","Strike_B","Defend_B","Defend_B","Defend_B","Defend_B"]},{"damage_healed":0.0,"max_hp_gain":0.0,"max_hp_loss":0.0,"gold_gain":0.0,"event_name":"Ghosts","player_choice":"Ignored","floor":20.0,"gold_loss":0.0,"damage_taken":0.0},{"damage_healed":0.0,"max_hp_gain":0.0,"max_hp_loss":0.0,"gold_gain":0.0,"event_name":"N\u0027loth","player_choice":"Traded Relic","floor":22.0,"relics_lost":["Toy Ornithopter"],"gold_loss":0.0,"damage_taken":0.0,"relics_obtained":["Nloth\u0027s Gift"]}],"is_beta":false,"boss_relics":[{"not_picked":["FrozenCore","Velvet Choker"],"picked":"Runic Pyramid"}],"items_purged_floors":[5,31],"is_endless":false,"potions_floor_spawned":[7,10,14,18,21,25],"killed_by":"Champ","ascension_level":15}}