{"host":"dwyzfvnzfcqffr30","time":1609329807,"event":{"mods":["2.2 Compatiblity","Act Like it!","BaseMod","Beaked The Cultist","Better Altar","Better Match","Better Note","Better Sensory Stone","Better Skull","Better Third Choice","Clockwork Mod","Colored Map","Colored Powertips","Conspire","Downfall","Elementarium","GifTheSpireLib","Halation","Hermit","Hubris","Infinite Spire","Ironclad Rager","Jedi Mod","Menagerie","Mimic Mod","Minty Spire (QoL Compilation)","Permanent Neow","Random Character Button","Replay The Spire","Spicy Shops","StSLib","Stuff the Spire","The Construct","The Disciple","The Druid","The Marked","TheFirefly","Trackpad","vexMod"],"gold_per_floor":[436,478,528,528,580,651,651,651,651,651,722,139,139,173,173,280,280,314,239,270,270,270,318,318,19,19,46,72,14,14,114,114,224,224,252,286,319,355,355,408,408,452,452,507,552,608,673,19,19,19,19,19,19,55,55],"floor_reached":56,"playtime":5531,"items_purged":["theDruid:Strike_O+1","theDruid:Strike_O+1","theDruid:Strike_O+1","theDruid:Strike_O+1"],"score":1994,"play_id":"1d6c3506-a795-4ca0-917d-710b992d85fc","local_time":"20201230040327","is_ascension_mode":true,"campfire_choices":[{"floor":7,"key":"RECALL"},{"floor":15,"key":"REST"},{"floor":32,"key":"REST"},{"data":"StuffTheSpire:BrainWave","floor":41,"key":"SMITH"},{"floor":49,"key":"REST"},{"floor":52,"key":"REST"}],"circlet_count":0,"master_deck":["AscendersBane","theDruid:Defend_O+1","theDruid:Defend_O+1","theDruid:Defend_O+1","theDruid:Defend_O+1","theDruid:BriarArmor+1","theDruid:WildSlash+1","MasterReality+1","theDruid:FuriousSlash+1","theDruid:ApexPredator+1","theDruid:BristlingBulwark+1","theDruid:BristlingDefense+1","theDruid:ViralBites+1","theDruid:IronClaw+1","theDruid:Moonbeam+1","theDruid:InsectSwarm+1","theDruid:BagofTricks+1","theDruid:TearOpen+1","expansioncontent:DonusPower+1","Madness+1","Blind+1","theDruid:Forage+1","theDruid:PouncingStrike+1","theDruid:ExposingSlash+1","theDruid:HerbalismKit+1","theDruid:FuriousSlash+1","StuffTheSpire:BrainWave+1","theDruid:Restoration+1","theDruid:PouncingStrike+1"],"relics":["theDruid:CrownOfTheWilds","halation:Trompette","Toxic Egg 2","Molten Egg 2","Frozen Egg 2","Quantum Egg","jedi:cryingmask","Smiling Mask","Juzu Bracelet","hubris:EvacipatedBox","Bottled Tornado","infinitespire:EvilPickle","Replay:Mystery Machine","GremlinMask","trackpad:PetRock","TungstenRod","TheAbacus","hubris:Icosahedron","hubris:TinFlute","conspire:SpecialSausage","Replay:Wax Seal","jedi:HeartOfTheCards","Omamori","StuffTheSpire:NeowsTribute","construct:ClawGrip","hubris:SlimyHat","trackpad:BottledShadow","halation:LettersToHer","Dream Catcher","jedi:crownofsimplicity","Calipers","hubris:CrystalStatue","Elementarium:ElementariumTrophy","StuffTheSpire:RunicHypercube","MealTicket","Bird Faced Urn","halation:SwordOfLegend","Toy Ornithopter","trackpad:CultistFigurine","Thread and Needle","halation:BlackBeret"],"acts_visited":[],"potions_floor_usage":[11,14,16,16,23,36,36,36,37,38,40,42,42,44,44,45,45,47,47,50,50,50,55,55],"damage_taken":[{"damage":0,"enemies":"Jaw Worm","floor":1,"turns":4},{"damage":0,"enemies":"Cultist","floor":2,"turns":3},{"damage":11,"enemies":"2 Louse","floor":3,"turns":3},{"damage":4,"enemies":"conspire:2 RoseBushes","floor":5,"turns":6},{"damage":1,"enemies":"Lagavulin","floor":6,"turns":6},{"damage":5,"enemies":"Replay:BlueRogue","floor":11,"turns":6},{"damage":8,"enemies":"Lagavulin","floor":14,"turns":4},{"damage":8,"enemies":"Fading Forest","floor":16,"turns":11},{"damage":7,"enemies":"Elementarium:VoidCorruption","floor":18,"turns":4},{"damage":0,"enemies":"Elementarium:Cyclone","floor":20,"turns":4},{"damage":18,"enemies":"Elementarium:ElementalPortal","floor":23,"turns":7},{"damage":24,"enemies":"Elementarium:WarGolem","floor":27,"turns":4},{"damage":0,"enemies":"Elementarium:FIRE_SANCTUM_HERALD","floor":31,"turns":3},{"damage":2,"enemies":"Elementarium:FIRE_SANCTUM_FIRELORD","floor":31,"turns":5},{"damage":4,"enemies":"Elementarium:PHOENIXES","floor":33,"turns":7},{"damage":0,"enemies":"3 Darklings","floor":35,"turns":3},{"damage":0,"enemies":"Orb Walker","floor":36,"turns":3},{"damage":0,"enemies":"Spire Growth","floor":37,"turns":3},{"damage":36,"enemies":"Jaw Worm Horde","floor":38,"turns":3},{"damage":0,"enemies":"Giant Head","floor":40,"turns":4},{"damage":0,"enemies":"3 Darklings","floor":42,"turns":3},{"damage":0,"enemies":"Nemesis","floor":44,"turns":5},{"damage":0,"enemies":"4 Shapes","floor":45,"turns":4},{"damage":0,"enemies":"Spire Growth","floor":46,"turns":3},{"damage":0,"enemies":"Giant Head","floor":47,"turns":5},{"damage":7,"enemies":"conspire:OrnateMirror","floor":50,"turns":4},{"damage":0,"enemies":"Shield and Spear","floor":54,"turns":4},{"damage":26,"enemies":"The Heart","floor":55,"turns":6}],"seed_played":"4463159409535151539","potions_obtained":[{"floor":3,"key":"EssenceOfSteel"},{"floor":6,"key":"SteroidPotion"},{"floor":11,"key":"Milkshake"},{"floor":14,"key":"AttackPotion"},{"floor":20,"key":"Death Potion"},{"floor":31,"key":"SteroidPotion"},{"floor":33,"key":"FearPotion"}],"is_trial":false,"path_per_floor":["M","M","M","?","M","E","R","?","T","?","E","$","?","E","R","B",null,"M","?","M","$","AVR","E","?","$","T","E","T","$","?","?","R","B",null,"M","M","M","M","?","E","R","M","T","E","M","M","E","$","R","B",null,"R","$","E","B",null],"character_chosen":"DRUID","items_purchased":["TungstenRod","TheAbacus","theDruid:InsectSwarm+1","Replay:Wax Seal","jedi:HeartOfTheCards","Omamori","trackpad:BottledShadow","theDruid:PouncingStrike+1","trackpad:CultistFigurine","Thread and Needle","halation:BlackBeret"],"campfire_rested":4,"item_purchase_floors":[12,12,12,21,21,21,25,29,48,48,48],"current_hp_per_floor":[68,68,57,57,53,52,52,52,52,52,47,52,52,44,68,68,77,70,70,70,40,40,31,50,50,50,31,31,31,17,25,49,50,73,78,80,80,44,44,49,49,54,54,67,72,72,72,72,72,72,72,72,72,72,52],"gold":55,"neow_bonus":"ONE_RARE_RELIC","is_daily":false,"chose_seed":false,"campfire_upgraded":1,"win_rate":0.0,"timestamp":1609329807,"path_taken":["M","M","M","?","M","E","R","?","T","?","E","?","?","E","R","BOSS","M","?","M","?","AVR","E","?","$","T","E","?","$","?","?","R","BOSS","M","M","M","M","?","E","R","M","T","E","M","M","E","$","R","BOSS","R","$","E","BOSS"],"items_purchased_type":["Relic","Relic","Card","Relic","Relic","Relic","Relic","Card","Relic","Relic","Relic"],"build_version":"2020-12-22","purchased_purges":4,"victory":true,"max_hp_per_floor":[75,75,75,75,75,75,75,75,75,75,75,80,80,80,80,80,80,80,80,80,80,80,80,80,80,80,80,80,80,80,80,80,80,80,80,80,80,80,72,72,72,72,72,72,72,72,72,72,72,72,72,72,72,72,72],"card_choices":[{"not_picked":["theDruid:TakeShelter+1","theDruid:ForestGuard+1"],"picked":"theDruid:FuriousSlash+1","floor":1},{"not_picked":["theDruid:BristlingDefense+1","theDruid:Guidance+1"],"picked":"theDruid:ApexPredator+1","floor":2},{"not_picked":["theDruid:Recoil+1","theDruid:TwilightsCall+1"],"picked":"theDruid:BristlingBulwark+1","floor":3},{"not_picked":["theDruid:FullMoon+1","theDruid:FelineGrace+1"],"picked":"theDruid:BristlingDefense+1","floor":5},{"not_picked":["theDruid:AstralShield+1","theDruid:WildFrenzy+1"],"picked":"theDruid:ViralBites+1","floor":6},{"not_picked":["theDruid:TakeShelter+1","theDruid:AstralShield+1"],"picked":"theDruid:Moonbeam+1","floor":11},{"not_picked":["theDruid:Gore+1","theDruid:IronClaw+1"],"picked":"theDruid:BagofTricks+1","floor":14},{"not_picked":["theDruid:WildFrenzy+1","theDruid:Earthquake+1"],"picked":"theDruid:TearOpen+1","floor":16},{"not_picked":["theDruid:Gore+1","theDruid:Scavenge+1","theDruid:Pathfinder+1"],"picked":"SKIP","floor":18},{"not_picked":["Replay:Sssssssssstrike+1","expansioncontent:Torchfire+1"],"picked":"expansioncontent:DonusPower+1","floor":19},{"not_picked":["Jack Of All Trades+1","Replay:SS_hec_4+1"],"picked":"Madness+1","floor":19},{"not_picked":["expansioncontent:YouAreMine+1","Replay:SS_hec_4+1"],"picked":"Blind+1","floor":19},{"not_picked":["theDruid:Rummage+1","theDruid:Starfall+1"],"picked":"theDruid:Forage+1","floor":20},{"not_picked":["theDruid:Thornburst+1","theDruid:BackupSupplies+1","theDruid:WildArmor+1"],"picked":"SKIP","floor":23},{"not_picked":["theDruid:PlagueClaw+1","theDruid:Scavenge+1","theDruid:PrimalStrength+1"],"picked":"SKIP","floor":27},{"not_picked":["theDruid:Guidance+1","theDruid:IronClaw+1"],"picked":"theDruid:ExposingSlash+1","floor":32},{"not_picked":["theDruid:TearOpen+1","theDruid:SerratedFlesh+1"],"picked":"theDruid:HerbalismKit+1","floor":33},{"not_picked":["theDruid:PlagueClaw+1","theDruid:Forage+1","theDruid:Resupply+1"],"picked":"SKIP","floor":35},{"not_picked":["theDruid:PlagueClaw+1","theDruid:BloodiedFur+1","theDruid:Prowl+1"],"picked":"SKIP","floor":36},{"not_picked":["theDruid:Eclipse+1","theDruid:ForestGuard+1"],"picked":"theDruid:FuriousSlash+1","floor":37},{"not_picked":["theDruid:ExposingSlash+1","theDruid:ThickHide+1","theDruid:Slingshot+1"],"picked":"SKIP","floor":38},{"not_picked":["theDruid:IronbarkArmor+1","theDruid:AstralShield+1","theDruid:TwilightsCall+1"],"picked":"SKIP","floor":40},{"not_picked":["theDruid:TakeShelter+1","theDruid:BristlingBulwark+1","theDruid:Recoil+1"],"picked":"SKIP","floor":42},{"not_picked":["theDruid:Resourcefulness+1","theDruid:Untamed+1"],"picked":"theDruid:Restoration+1","floor":44},{"not_picked":["theDruid:ViralBites+1","theDruid:Moonbeam+1","theDruid:ForestGuard+1"],"picked":"SKIP","floor":45},{"not_picked":["theDruid:Rummage+1","theDruid:ExposingSlash+1","theDruid:BlessedStrike+1"],"picked":"SKIP","floor":46},{"not_picked":["theDruid:ThornStrike+1","theDruid:Starfall+1","theDruid:AstralShield+1"],"picked":"SKIP","floor":47},{"not_picked":["theDruid:PlagueClaw+1","theDruid:Resupply+1"],"picked":"theDruid:PouncingStrike+1","floor":49},{"not_picked":["theDruid:FaerieFire+1","theDruid:TakeShelter+1","theDruid:TwilightsCall+1"],"picked":"SKIP","floor":54}],"player_experience":2514538,"relics_obtained":[{"floor":6,"key":"Replay:Mystery Machine"},{"floor":11,"key":"trackpad:PetRock"},{"floor":14,"key":"hubris:TinFlute"},{"floor":23,"key":"hubris:SlimyHat"},{"floor":27,"key":"halation:LettersToHer"},{"floor":28,"key":"halation:LettersToHer"},{"floor":28,"key":"Dream Catcher"},{"floor":31,"key":"Calipers"},{"floor":31,"key":"hubris:CrystalStatue"},{"floor":40,"key":"MealTicket"},{"floor":43,"key":"halation:LettersToHer"},{"floor":43,"key":"Bird Faced Urn"},{"floor":44,"key":"halation:SwordOfLegend"},{"floor":47,"key":"Toy Ornithopter"}],"event_choices":[{"damage_healed":0,"gold_gain":0,"player_choice":"Simplicity","damage_taken":0,"max_hp_gain":0,"max_hp_loss":0,"event_name":"betterThird:BetterWriting","floor":0,"gold_loss":0},{"damage_healed":0,"gold_gain":0,"player_choice":"Trade","damage_taken":0,"relics_obtained":["GremlinMask"],"max_hp_gain":0,"max_hp_loss":0,"event_name":"FaceTrader","floor":8,"gold_loss":0},{"damage_healed":0,"gold_gain":0,"player_choice":"3","damage_taken":0,"max_hp_gain":0,"max_hp_loss":0,"event_name":"betterMatch:BetterMatch","floor":19,"gold_loss":0,"cards_obtained":["betterMatch:ColorlessUncommonCard"]},{"damage_healed":19,"gold_gain":0,"player_choice":"Rest","damage_taken":0,"max_hp_gain":0,"max_hp_loss":0,"event_name":"Elementarium:HeartOfTheVoid","floor":24,"gold_loss":0},{"damage_healed":0,"gold_gain":0,"player_choice":"Fight","damage_taken":0,"max_hp_gain":0,"max_hp_loss":0,"event_name":"Elementarium:FireSanctum","floor":31,"gold_loss":0},{"damage_healed":0,"gold_gain":0,"player_choice":"Confrontation","damage_taken":0,"max_hp_gain":0,"max_hp_loss":0,"event_name":"Elementarium:FireSanctum","floor":31,"gold_loss":0}],"is_beta":false,"boss_relics":[{"not_picked":["halation:HeavySnake","jedi:paperlyon","StuffTheSpire:Kangaroo"],"picked":"conspire:SpecialSausage"},{"not_picked":["conspire:SeveredTorchhead","halation:CatFaceCupcake","Velvet Choker"],"picked":"StuffTheSpire:RunicHypercube"}],"items_purged_floors":[12,12,22,25],"is_endless":false,"potions_floor_spawned":[3,6,11,14,20,31,33,35,37,40],"ascension_level":11}}