{"host":"w4b7hmige5bnqipq","time":1609358091,"event":{"mods":["2.2 Compatiblity","BaseMod","Colored Map","DeckTracker","Keyboard Shortcuts","Minty Spire (QoL Compilation)","Permanent Neow","Rare Cards Sparkle","SuperFastMode","everything is the same but u backflip on backflip","slay the spire mod where everything is the same but ironclad has a cowboy hat"],"gold_per_floor":[10,29,304,315,57,57,69,83,83,113,130,130,161,61,61,61,61],"floor_reached":16,"playtime":436,"items_purged":["Regret","Strike_G"],"score":224,"play_id":"24fed7a3-0417-48f7-9077-e2a68d1325f3","local_time":"20201231045451","is_ascension_mode":true,"campfire_choices":[{"data":"Apotheosis","floor":6,"key":"SMITH"},{"floor":12,"key":"REST"},{"floor":15,"key":"DIG"}],"circlet_count":0,"master_deck":["AscendersBane","Strike_G","Strike_G","Strike_G","Strike_G","Defend_G+1","Defend_G","Defend_G","Defend_G","Defend_G","Survivor","Neutralize","Reflex","Endless Agony","Backflip+1","Apotheosis+1","Eviscerate","Acrobatics","Venomology"],"relics":["Ring of the Snake","Lizard Tail","Darkstone Periapt","War Paint","Shovel","Molten Egg 2"],"acts_visited":["Exordium"],"potions_floor_usage":[10,10,16],"damage_taken":[{"damage":1,"enemies":"Jaw Worm","floor":1,"turns":4},{"damage":3,"enemies":"Cultist","floor":2,"turns":4},{"damage":4,"enemies":"Small Slimes","floor":4,"turns":4},{"damage":0,"enemies":"Red Slaver","floor":7,"turns":4},{"damage":19,"enemies":"Gremlin Gang","floor":8,"turns":5},{"damage":7,"enemies":"Lagavulin","floor":10,"turns":7},{"damage":0,"enemies":"2 Fungi Beasts","floor":11,"turns":3},{"damage":25,"enemies":"Gremlin Nob","floor":13,"turns":5},{"damage":23,"enemies":"Hexaghost","floor":16,"turns":9}],"seed_played":"5227433437775872443","potions_obtained":[{"floor":2,"key":"ColorlessPotion"},{"floor":7,"key":"Energy Potion"},{"floor":8,"key":"Swift Potion"}],"is_trial":false,"path_per_floor":["M","M","?","M","$","R","M","M","T","E","M","R","E","$","R","B"],"character_chosen":"THE_SILENT","items_purchased":["Apotheosis"],"campfire_rested":1,"item_purchase_floors":[5],"current_hp_per_floor":[58,55,55,51,51,51,51,32,32,25,25,44,19,19,19,33,33],"gold":61,"neow_bonus":"ONE_RARE_RELIC","is_daily":false,"chose_seed":false,"campfire_upgraded":1,"win_rate":0.0,"timestamp":1609358091,"path_taken":["M","M","?","M","$","R","M","?","T","E","M","R","E","?","R","BOSS"],"items_purchased_type":["Card"],"build_version":"2020-12-22","purchased_purges":2,"victory":false,"max_hp_per_floor":[66,66,66,66,66,66,66,66,66,66,66,66,66,66,66,66,66],"card_choices":[{"not_picked":["Prepared","Catalyst"],"picked":"Reflex","floor":1},{"not_picked":["Flechettes","Leg Sweep"],"picked":"Endless Agony","floor":2},{"not_picked":["Prepared","Sucker Punch"],"picked":"Backflip","floor":4},{"not_picked":["Outmaneuver","Backflip"],"picked":"Eviscerate","floor":7},{"not_picked":["Flying Knee","Sucker Punch","Deflect"],"picked":"SKIP","floor":8},{"not_picked":["Catalyst","Dodge and Roll","Eviscerate"],"picked":"SKIP","floor":10},{"not_picked":["Deadly Poison","Dodge and Roll"],"picked":"Acrobatics","floor":11},{"not_picked":["Underhanded Strike","Deflect"],"picked":"Venomology","floor":13}],"player_experience":444370,"relics_obtained":[{"floor":9,"key":"Darkstone Periapt"},{"floor":10,"key":"War Paint"},{"floor":13,"key":"Shovel"},{"floor":15,"key":"Molten Egg 2"}],"event_choices":[{"damage_healed":0,"gold_gain":275,"player_choice":"Desecrate","damage_taken":0,"max_hp_gain":0,"max_hp_loss":0,"event_name":"Golden Shrine","floor":3,"gold_loss":0,"cards_obtained":["Regret"]}],"is_beta":false,"boss_relics":[],"items_purged_floors":[5,14],"is_endless":false,"potions_floor_spawned":[2,7,8],"killed_by":"Hexaghost","ascension_level":20}}