{"host":"2461dio7vetlq1z3","time":1609353535,"event":{"mods":["2.2 Compatiblity","AchievementEnabler","Aspiration","BaseMod","Better Third Choice","Friendly Minions","Hermit","Minty Spire (QoL Compilation)","Relic Stats","Spicy Shops","StSLib","The Hierophant","Waifu the Spire"],"gold_per_floor":[16,16,27,27,45,79,79,93,93,118,129,149,192,202,202,288,288,315,339,380,389,412,450,50,81,81,107,185,219,219,236,236,236,236],"floor_reached":33,"playtime":2645,"items_purged":["Pain"],"score":712,"play_id":"9a130635-7aae-4d16-b8fd-26e0b23a5d26","local_time":"20201230193855","is_ascension_mode":true,"campfire_choices":[{"data":"Blasphemy","floor":7.0,"key":"SMITH"},{"data":"TalkToTheHand","floor":15.0,"key":"SMITH"},{"data":"Omniscience","floor":32,"key":"SMITH"}],"circlet_count":0,"master_deck":["AscendersBane","Strike_P","Strike_P","Strike_P","Strike_P","Defend_P","Defend_P","Defend_P","Defend_P","Eruption","Vigilance","Blasphemy+1","TalkToTheHand+1","Perseverance","Consecrate","Wireheading","FlurryOfBlows","Conclude","EmptyFist","CarveReality","WindmillStrike","Omniscience+1","EmptyMind","MentalFortress","FlyingSleeves","FearNoEvil+1","SignatureMove+1","TalkToTheHand+1","Establishment","Wish","Meditate"],"relics":["PureWater","Happy Flower","Meat on the Bone","Matryoshka","InkBottle","CeramicFish","Coffee Dripper","Red Mask","WarpedTongs","Pear","DollysMirror","Sundial","aspiration:FetidBarrel","Yang","Bronze Scales"],"acts_visited":["Exordium","TheCity"],"potions_floor_usage":[31,33],"damage_taken":[{"damage":2.0,"enemies":"Jaw Worm","floor":1.0,"turns":3.0},{"damage":2.0,"enemies":"Small Slimes","floor":3.0,"turns":3.0},{"damage":0.0,"enemies":"2 Louse","floor":5.0,"turns":1.0},{"damage":7.0,"enemies":"Gremlin Nob","floor":6.0,"turns":3.0},{"damage":4.0,"enemies":"Red Slaver","floor":8.0,"turns":5.0},{"damage":22.0,"enemies":"3 Sentries","floor":10.0,"turns":11.0},{"damage":2.0,"enemies":"3 Louse","floor":11.0,"turns":2.0},{"damage":18.0,"enemies":"Gremlin Gang","floor":12.0,"turns":3.0},{"damage":2.0,"enemies":"Lagavulin","floor":13.0,"turns":6.0},{"damage":0.0,"enemies":"Lots of Slimes","floor":14.0,"turns":1.0},{"damage":17.0,"enemies":"Hexaghost","floor":16.0,"turns":9.0},{"damage":6.0,"enemies":"Shell Parasite","floor":18.0,"turns":4.0},{"damage":5.0,"enemies":"3 Byrds","floor":19.0,"turns":3.0},{"damage":31.0,"enemies":"Masked Bandits","floor":20.0,"turns":3.0},{"damage":2.0,"enemies":"Snake Plant","floor":22.0,"turns":4.0},{"damage":10.0,"enemies":"Book of Stabbing","floor":23.0,"turns":4.0},{"damage":15.0,"enemies":"Slavers","floor":25.0,"turns":5.0},{"damage":4,"enemies":"Cultist and Chosen","floor":27,"turns":6},{"damage":8,"enemies":"Sentry and Sphere","floor":28,"turns":3},{"damage":26,"enemies":"Book of Stabbing","floor":29,"turns":6},{"damage":18,"enemies":"Snake Plant","floor":31,"turns":3},{"damage":22,"enemies":"Automaton","floor":33,"turns":4}],"seed_played":"7742363230247455921","potions_obtained":[{"floor":1.0,"key":"Swift Potion"},{"floor":6.0,"key":"AttackPotion"},{"floor":11.0,"key":"Dexterity Potion"},{"floor":12.0,"key":"Fire Potion"},{"floor":18.0,"key":"Strength Potion"},{"floor":20.0,"key":"BottledMiracle"},{"floor":22.0,"key":"SkillPotion"},{"floor":23.0,"key":"GamblersBrew"}],"is_trial":false,"path_per_floor":["M","?","M","?","M","E","R","M","T","E","M","M","E","M","R","B",null,"M","M","?","?","M","E","$","E","T","M","M","E","?","M","R","B"],"character_chosen":"WATCHER","items_purchased":["DollysMirror","Establishment"],"campfire_rested":0,"item_purchase_floors":[24,24],"current_hp_per_floor":[59,48,46,68,68,61,61,57,57,35,45,39,37,37,37,32,59,53,48,29,29,39,51,51,48,48,44,48,34,23,17,17,0,0],"gold":236,"neow_bonus":"THREE_RARE_CARDS","is_daily":false,"chose_seed":false,"campfire_upgraded":3,"win_rate":0.0,"timestamp":1609353535,"path_taken":["M","?","M","?","M","E","R","?","T","E","M","M","E","M","R","BOSS","M","M","?","?","M","E","$","E","T","?","M","E","?","M","R","BOSS"],"items_purchased_type":["Relic","Card"],"build_version":"2020-12-22","purchased_purges":1,"victory":false,"max_hp_per_floor":[68,68,68,68,68,68,68,68,68,68,68,68,68,68,68,68,68,68,68,68,68,68,78,78,78,78,78,78,78,78,78,78,78,78],"relic_stats":{"Happy Flower":[29],"counters":[22,92],"Sundial":[0],"CeramicFish":108,"Bronze Scales":[18],"Yang":[60],"obtain_stats":[{"Pear":23,"Happy Flower":2,"aspiration:FetidBarrel":26,"CeramicFish":13,"Yang":26,"WarpedTongs":21,"Matryoshka":9,"DollysMirror":24,"Sundial":25,"Bronze Scales":29,"Coffee Dripper":17,"Red Mask":20,"PureWater":0,"InkBottle":10,"Meat on the Bone":6},{"Pear":16,"Happy Flower":1,"aspiration:FetidBarrel":17,"CeramicFish":9,"Yang":17,"WarpedTongs":14,"Matryoshka":5,"DollysMirror":16,"Sundial":17,"Bronze Scales":20,"Coffee Dripper":11,"Red Mask":14,"PureWater":0,"InkBottle":6,"Meat on the Bone":4},{"Pear":65,"Happy Flower":3,"aspiration:FetidBarrel":70,"CeramicFish":37,"Yang":70,"WarpedTongs":57,"Matryoshka":15,"DollysMirror":65,"Sundial":70,"Bronze Scales":85,"Coffee Dripper":47,"Red Mask":57,"PureWater":0,"InkBottle":26,"Meat on the Bone":10}],"InkBottle":[26],"Meat on the Bone":120,"WarpedTongs":[35]},"card_choices":[{"not_picked":["Devotion","ConjureBlade"],"picked":"Blasphemy","floor":0.0},{"not_picked":["SandsOfTime","BowlingBash"],"picked":"TalkToTheHand","floor":1.0},{"not_picked":["ClearTheMind","Worship"],"picked":"Perseverance","floor":3.0},{"not_picked":["Indignation","CutThroughFate"],"picked":"Consecrate","floor":5.0},{"not_picked":["ThirdEye","Swivel"],"picked":"Wireheading","floor":6.0},{"not_picked":["Crescendo","Judgement"],"picked":"FlurryOfBlows","floor":8.0},{"not_picked":["FollowUp","SashWhip"],"picked":"Conclude","floor":10.0},{"not_picked":["EmptyMind","FollowUp"],"picked":"EmptyFist","floor":11.0},{"not_picked":["EmptyFist","Consecrate"],"picked":"CarveReality","floor":12.0},{"not_picked":["BowlingBash","FollowUp"],"picked":"WindmillStrike","floor":13.0},{"not_picked":["PathToVictory","Brilliance","Fasting2"],"picked":"SKIP","floor":14.0},{"not_picked":["Judgement","DeusExMachina"],"picked":"Omniscience","floor":16.0},{"not_picked":["Protect","EmptyBody"],"picked":"EmptyMind","floor":18.0},{"not_picked":["Crescendo","JustLucky"],"picked":"MentalFortress","floor":19.0},{"not_picked":["Halt","Sanctity+1"],"picked":"FlyingSleeves","floor":20.0},{"not_picked":["BowlingBash","PathToVictory+1"],"picked":"FearNoEvil+1","floor":22.0},{"not_picked":["ForeignInfluence","Study"],"picked":"SignatureMove+1","floor":23.0},{"not_picked":["Halt","ThirdEye","FollowUp"],"picked":"SKIP","floor":25.0},{"not_picked":["PathToVictory+1","Crescendo"],"picked":"Wish","floor":27},{"not_picked":["CrushJoints","FollowUp"],"picked":"Meditate","floor":28},{"not_picked":["SashWhip","Vengeance","CutThroughFate"],"picked":"SKIP","floor":29},{"not_picked":["CutThroughFate","Weave","JustLucky+1"],"picked":"SKIP","floor":31}],"player_experience":1015468,"relics_obtained":[{"floor":6.0,"key":"Meat on the Bone"},{"floor":9.0,"key":"Matryoshka"},{"floor":10.0,"key":"InkBottle"},{"floor":13.0,"key":"CeramicFish"},{"floor":20.0,"key":"Red Mask"},{"floor":23.0,"key":"Pear"},{"floor":25.0,"key":"Sundial"},{"floor":26.0,"key":"aspiration:FetidBarrel"},{"floor":26.0,"key":"Yang"},{"floor":29,"key":"Bronze Scales"}],"event_choices":[{"damage_healed":0.0,"max_hp_gain":0.0,"max_hp_loss":0.0,"gold_gain":0.0,"event_name":"betterThird:BetterScrap","player_choice":"Relic ","floor":2.0,"gold_loss":0.0,"damage_taken":11.0,"cards_obtained":["Heel Hook"]},{"damage_healed":22.0,"max_hp_gain":0.0,"max_hp_loss":0.0,"gold_gain":0.0,"event_name":"Big Fish","player_choice":"Banana","floor":4.0,"gold_loss":0.0,"damage_taken":0.0},{"damage_healed":0.0,"max_hp_gain":0.0,"max_hp_loss":0.0,"gold_gain":0.0,"event_name":"Masked Bandits","player_choice":"Fought Bandits","floor":20.0,"gold_loss":0.0,"damage_taken":0.0},{"damage_healed":0.0,"max_hp_gain":0.0,"max_hp_loss":0.0,"gold_gain":0.0,"event_name":"Accursed Blacksmith","player_choice":"Rummage","floor":21.0,"gold_loss":0.0,"damage_taken":0.0,"relics_obtained":["WarpedTongs"],"cards_obtained":["Pain"]},{"damage_healed":0,"gold_gain":0,"player_choice":"Damaged","damage_taken":11,"max_hp_gain":0,"max_hp_loss":0,"event_name":"Wheel of Change","floor":30,"gold_loss":0}],"is_beta":false,"boss_relics":[{"not_picked":["aspiration:RitualDagger","Philosopher\u0027s Stone"],"picked":"Coffee Dripper"}],"items_purged_floors":[24],"is_endless":false,"potions_floor_spawned":[1,6,11,12,13,18,20,22,23,29],"killed_by":"Automaton","ascension_level":20}}