{"host":"ejlkif6fbtpy1quk","time":1609336793,"event":{"mods":["BaseMod","Bestiary","BetterRewards","Minty Spire (QoL Compilation)","Shop Mod","StSLib","Uncapped"],"gold_per_floor":[117,117,129,37,37,72,72,107,155,115,115,115,127,127,127,127,127],"floor_reached":16,"playtime":955,"items_purged":[],"score":106,"play_id":"d6058216-47b4-4bf1-bbd0-2afa83144ab2","local_time":"20201230145953","is_ascension_mode":false,"campfire_choices":[{"floor":7,"key":"REST"},{"floor":12,"key":"REST"},{"floor":15,"key":"REST"}],"circlet_count":0,"master_deck":["Strike_G","Strike_G","Strike_G","Strike_G","Strike_G","Defend_G","Defend_G","Defend_G","Defend_G","Defend_G+1","Survivor","Neutralize","Swift Strike","Dagger Spray","Deflect+1","Deflect","Endless Agony"],"relics":["Ring of the Snake","Singing Bowl","Peace Pipe","Mummified Hand","War Paint"],"acts_visited":["Exordium"],"potions_floor_usage":[16,16,16],"damage_taken":[{"damage":0,"enemies":"2 Louse","floor":1,"turns":2},{"damage":0,"enemies":"Cultist","floor":3,"turns":3},{"damage":52,"enemies":"Lagavulin","floor":6,"turns":12},{"damage":34,"enemies":"Gremlin Nob","floor":8,"turns":5},{"damage":0,"enemies":"Small Slimes","floor":13,"turns":2},{"damage":44,"enemies":"The Guardian","floor":16,"turns":19}],"seed_played":"-8629233952718268552","potions_obtained":[{"floor":8,"key":"SkillPotion"},{"floor":14,"key":"DistilledChaos"},{"floor":14,"key":"GamblersBrew"}],"is_trial":false,"path_per_floor":["M","?","M","$","T","E","R","E","T","$","?","R","M","?","R","B"],"character_chosen":"THE_SILENT","items_purchased":["Dagger Spray","Deflect","Endless Agony"],"campfire_rested":3,"item_purchase_floors":[4,4,10],"current_hp_per_floor":[70,70,70,70,70,20,41,7,7,7,7,28,30,30,52,8,8],"gold":127,"neow_bonus":"RANDOM_COLORLESS","is_daily":false,"chose_seed":false,"campfire_upgraded":0,"win_rate":0.0,"timestamp":1609336793,"path_taken":["M","?","?","$","?","E","R","E","T","$","?","R","M","?","R","BOSS"],"items_purchased_type":["Card","Card","Card"],"build_version":"2020-12-22","purchased_purges":0,"victory":false,"max_hp_per_floor":[70,70,70,70,70,72,72,72,72,72,72,72,74,74,74,74,74],"card_choices":[{"not_picked":["Trip","Dramatic Entrance"],"picked":"Swift Strike","floor":0},{"not_picked":["Underhanded Strike","Sucker Punch","Distraction"],"picked":"SKIP","floor":1},{"not_picked":["Bouncing Flask","Expertise","PiercingWail"],"picked":"SKIP","floor":3},{"not_picked":["Blur","Outmaneuver","Reflex"],"picked":"Singing Bowl","floor":6},{"not_picked":["Dagger Throw","Masterful Stab"],"picked":"Deflect","floor":8},{"not_picked":["Bane","Deadly Poison","Footwork"],"picked":"Singing Bowl","floor":13}],"player_experience":81773,"relics_obtained":[{"floor":5,"key":"Singing Bowl"},{"floor":6,"key":"Peace Pipe"},{"floor":8,"key":"Mummified Hand"},{"floor":9,"key":"War Paint"}],"event_choices":[{"damage_healed":0,"gold_gain":0,"player_choice":"Ignored","damage_taken":0,"max_hp_gain":0,"max_hp_loss":0,"event_name":"NoteForYourself","floor":2,"gold_loss":0},{"damage_healed":0,"gold_gain":0,"player_choice":"Ignored","damage_taken":0,"max_hp_gain":0,"max_hp_loss":0,"event_name":"Shining Light","floor":11,"gold_loss":0},{"damage_healed":0,"gold_gain":0,"player_choice":"Got Potions","damage_taken":0,"max_hp_gain":0,"max_hp_loss":0,"event_name":"Lab","floor":14,"gold_loss":0}],"is_beta":false,"boss_relics":[],"items_purged_floors":[],"is_endless":false,"potions_floor_spawned":[8],"killed_by":"The Guardian","ascension_level":0}}