{"host":"28wx1s78lfgm5n5a","time":1609320695,"event":{"mods":["BaseMod","Energized Spire","Gold Saver","Highlight Path","Minty Spire (QoL Compilation)","Replay The Spire","StSLib","TestMod","Waifu the Spire","¡¾ÒÅÎï¿¨ÅÆ¡¿REMEMod"],"gold_per_floor":[3999,3999,3388,3408,3424,3424,3466,3466,3466,3489,2743,2774,2774,2810,2810,2929,2929,2962,2990,2150,2090,2111,2111,2147,1534,1534,1574,1596,1596,1123,4906,4906,4823,4823,4763,4763,4842,4176,4206,4206,4137,4137,4162,4160,4107,3637,3643,3676,3676,3526,3526,3526,3339,3213,3002],"floor_reached":56,"playtime":3064,"items_purged":["Pain","Strike_B","Strike_B","Strike_B","Defend_B","Leap","Defend_B","Defend_B"],"score":1488,"play_id":"785242da-7d28-445b-84c1-5f3a2313ea1c","local_time":"20201230173135","is_ascension_mode":true,"campfire_choices":[{"data":"Turbo","floor":6,"key":"SMITH"},{"data":"Coolheaded","floor":13,"key":"SMITH"},{"floor":23,"key":"REST"},{"floor":32,"key":"RECALL"},{"data":"Creative AI","floor":40,"key":"SMITH"},{"data":"ReplayRNGCard","floor":42,"key":"SMITH"},{"data":"Defragment","floor":49,"key":"SMITH"},{"data":"Buffer","floor":52,"key":"SMITH"}],"circlet_count":0,"master_deck":["Defend_B","Dualcast+1","Capacitor","Turbo+1","Coolheaded+1","Echo Form+1","Creative AI+1","Thunder Strike","Skim","White Noise","Defragment+1","Defragment+1","Heatsinks+1","ReplayRNGCard+1","Buffer+1","Force Field","REME_ForAll","REME_WheelOfFate","testmod-ShutDown","Clumsy","ReplayTheSpireMod:Splinters","Normality","Creative AI"],"relics":["Cracked Core","testmod-TestBox","REME_ComplimentaryCards","testmod-ChristmasGift","WarpedTongs","testmod-TheFather","REME_CardOfGreed","testmod-Maize","testmod-FatalChain","testmod-BouquetWithThorns","Iron Hammer","Mirror","testmod-Acrobat","Philosopher\u0027s Stone","testmod-Justice","PreservedInsect","Toolbox","Prayer Wheel","Omamori","testmod-ConstraintPeriapt","Oddly Smooth Stone","Replay:PocketPolymizer","Strawberry","REME_OnlineShoppingPlatform","Toy Ornithopter","Cursed Key","Blood Vial","MealTicket","TheAbacus","Darkstone Periapt","Bag of Preparation","Membership Card","Kunai","testmod-OneHitWonder","testmod-ObsoleteBoomerang","ReplayTheSpireMod:ShopPack","Happy Flower","testmod-Laevatain"],"acts_visited":["Exordium","TheCity","TheBeyond","TheEnding"],"potions_floor_usage":[7,7,16,16,16,18,19,19,19,22,22,22,22,22,22,27,27,27,28,28,28,31,31,31,31,31,31,31,31,33,33,33,33,33,33,33,33,33,33,35,35,35,41,41,41,41,41,41,44,44,45,45,45,45,47,47,50,50,50,50,50,50,50,50,50,54,54,54,54,54,54,54,54,54,54,55,55,55,55,55,55,55,55,55,55,55,55],"damage_taken":[{"damage":0,"enemies":"Small Slimes","floor":1,"turns":2},{"damage":0,"enemies":"Cultist","floor":4,"turns":2},{"damage":0,"enemies":"2 Louse","floor":5,"turns":2},{"damage":11,"enemies":"3 Sentries","floor":7,"turns":3},{"damage":2,"enemies":"Exordium Thugs","floor":10,"turns":3},{"damage":0,"enemies":"Lagavulin","floor":12,"turns":4},{"damage":9,"enemies":"Replay:BlueRogue","floor":14,"turns":3},{"damage":0,"enemies":"The Guardian","floor":16,"turns":8},{"damage":16,"enemies":"Chosen","floor":18,"turns":5},{"damage":22,"enemies":"2 Thieves","floor":19,"turns":3},{"damage":12,"enemies":"Cultist and Chosen","floor":22,"turns":3},{"damage":12,"enemies":"Book of Stabbing","floor":24,"turns":4},{"damage":1,"enemies":"Gremlin Leader","floor":27,"turns":2},{"damage":0,"enemies":"Snecko","floor":28,"turns":2},{"damage":3,"enemies":"Centurion and Healer","floor":31,"turns":3},{"damage":9,"enemies":"Champ","floor":33,"turns":4},{"damage":0,"enemies":"Orb Walker","floor":35,"turns":1},{"damage":0,"enemies":"3 Darklings","floor":39,"turns":1},{"damage":0,"enemies":"R_Hoarder","floor":41,"turns":4},{"damage":0,"enemies":"Sphere and 2 Shapes","floor":44,"turns":4},{"damage":0,"enemies":"Maw","floor":45,"turns":5},{"damage":2,"enemies":"Giant Head","floor":47,"turns":4},{"damage":0,"enemies":"4 Shapes","floor":48,"turns":1},{"damage":14,"enemies":"Donu and Deca","floor":50,"turns":4},{"damage":2,"enemies":"Shield and Spear","floor":54,"turns":2},{"damage":36,"enemies":"The Heart","floor":55,"turns":5}],"seed_played":"2609718305384936884","potions_obtained":[{"floor":10,"key":"Venom Potion"},{"floor":12,"key":"PowerPotion"},{"floor":19,"key":"PowerPotion"},{"floor":28,"key":"testmod-TestPotion"}],"is_trial":false,"path_per_floor":["M","?","$","M","M","R","E","?","T","M","$","E","R","E","R","B",null,"M","M","$","?","M","R","E","$","T","E","M","?","$","M","R","B",null,"M","?","?","$","M","R","E","R","T","M","M","$","E","M","R","B",null,"R","$","E","B",null],"character_chosen":"DEFECT","items_purchased":["testmod-TheFather","REME_CardOfGreed","Melter","testmod-BouquetWithThorns","Iron Hammer","Coolheaded","LiquidMemories","testmod-Justice","PreservedInsect","Toolbox","ReplayTheSpireMod:Fabricate Wheel","testmod-ConstraintPeriapt","Oddly Smooth Stone","Strawberry","REME_OnlineShoppingPlatform","Blood Vial","MealTicket","TheAbacus","Membership Card","Kunai","testmod-OneHitWonder","ReplayTheSpireMod:ShopPack"],"campfire_rested":1,"item_purchase_floors":[3,3,3,11,11,11,11,20,20,20,20,25,25,30,30,38,38,38,46,46,46,53],"current_hp_per_floor":[75,75,75,75,75,75,68,68,68,66,66,67,67,65,75,75,75,60,39,39,39,28,50,42,42,42,43,45,31,38,49,49,77,87,87,83,83,83,83,83,83,83,83,83,83,83,83,83,83,73,83,83,83,106,106],"gold":3002,"neow_bonus":"UPGRADE_CARD","is_daily":false,"chose_seed":false,"campfire_upgraded":6,"win_rate":0.0,"timestamp":1609320695,"path_taken":["M","?","$","M","?","R","E","?","T","M","$","E","R","E","R","BOSS","M","M","$","?","M","R","E","$","T","E","M","?","$","M","R","BOSS","M","?","?","$","M","R","E","R","T","M","M","$","E","?","R","BOSS","R","$","E","BOSS"],"items_purchased_type":["Relic","Relic","Card","Relic","Relic","Card","Potion","Relic","Relic","Relic","Card","Relic","Relic","Relic","Relic","Relic","Relic","Relic","Relic","Relic","Relic","Relic"],"build_version":"2020-12-22","purchased_purges":8,"victory":true,"max_hp_per_floor":[75,75,75,75,75,75,75,75,75,75,75,75,75,75,75,75,75,75,75,75,75,75,75,75,75,75,75,75,80,87,87,87,87,87,87,83,83,83,83,83,83,83,83,83,83,83,83,83,83,83,83,83,83,106,106],"card_choices":[{"not_picked":["Steam Power","Leap"],"picked":"Hologram","floor":1},{"not_picked":["BasicCrystalCard","Self Repair","Sweeping Beam"],"picked":"SKIP","floor":4},{"not_picked":["Darkness","ReplayTheSpireMod:System Scan"],"picked":"Turbo","floor":5},{"not_picked":["Melter","Blizzard","Turbo"],"picked":"SKIP","floor":7},{"not_picked":["ReplayTheSpireMod:Reroute Power","Go for the Eyes"],"picked":"Ball Lightning","floor":10},{"not_picked":["Sweeping Beam","Capacitor","Panic Button"],"picked":"SKIP","floor":12},{"not_picked":["Chaos","BasicCrystalCard"],"picked":"Echo Form","floor":14},{"not_picked":["Reboot","Electrodynamics"],"picked":"Creative AI","floor":16},{"not_picked":["Doom and Gloom","Stack","Steam+1","Coolheaded","ReplayTheSpireMod:Reroute Power"],"picked":"SKIP","floor":18},{"not_picked":["BasicCrystalCard","Cold Snap","Coolheaded"],"picked":"SKIP","floor":19},{"not_picked":["Loop","Panic Button"],"picked":"Skim","floor":22},{"not_picked":["Amplify","REME_SelfUpgrade"],"picked":"White Noise","floor":22},{"not_picked":["Rip and Tear+1","Panic Button","Leap"],"picked":"SKIP","floor":24},{"not_picked":["Compile Driver","Lockon+1","Ball Lightning"],"picked":"SKIP","floor":27},{"not_picked":["Sunder+1","Streamline","Coolheaded"],"picked":"SKIP","floor":28},{"not_picked":["BasicCrystalCard","Gash","Reprogram"],"picked":"SKIP","floor":28},{"not_picked":["Seek","Ball Lightning"],"picked":"Defragment+1","floor":31},{"not_picked":["Redo","FTL","Crystallizer+1"],"picked":"SKIP","floor":31},{"not_picked":["Ball Lightning","BasicCrystalCard+1","Sweeping Beam+1"],"picked":"SKIP","floor":35},{"not_picked":["Steam+1","Time Bomb+1","Chill+1"],"picked":"SKIP","floor":35},{"not_picked":["Conserve Battery+1","ReplaySolidLightProjector"],"picked":"Defragment","floor":37},{"not_picked":["Compile Driver","Steam Power"],"picked":"Heatsinks+1","floor":39},{"not_picked":["Ball Lightning+1","Gash+1","Rebound+1"],"picked":"SKIP","floor":39},{"not_picked":["Undo","Ball Lightning","ReplaySolidLightProjector"],"picked":"SKIP","floor":41},{"not_picked":["Static Discharge","Cold Snap+1"],"picked":"Buffer","floor":44},{"not_picked":["Streamline+1","Ball Lightning","Defragment"],"picked":"SKIP","floor":44},{"not_picked":["ReplayTheSpireMod:Repulse+1","Stack","Turbo","BootSequence","Sweeping Beam"],"picked":"SKIP","floor":45},{"not_picked":["Turbo","Barrage+1","Panic Button+1","Consume+1","BasicCrystalCard"],"picked":"SKIP","floor":45},{"not_picked":["Panic Button+1","Sweeping Beam+1","ReplayTheSpireMod:Omega Cannon"],"picked":"SKIP","floor":47},{"not_picked":["Hologram+1","ReplayGash","Go for the Eyes"],"picked":"SKIP","floor":48},{"not_picked":["Heatsinks+1","Sweeping Beam","Static Discharge+1"],"picked":"SKIP","floor":48},{"not_picked":["Crow Ritual","Poisoned Strike"],"picked":"REME_WheelOfFate","floor":53},{"not_picked":["Impatience","testmod-LifeRuler"],"picked":"testmod-ShutDown","floor":53},{"not_picked":["Capacitor","Redo+1"],"picked":"Creative AI","floor":54}],"player_experience":96805,"relics_obtained":[{"floor":7,"key":"testmod-Maize"},{"floor":9,"key":"testmod-FatalChain"},{"floor":12,"key":"Mirror"},{"floor":14,"key":"testmod-Acrobat"},{"floor":24,"key":"Omamori"},{"floor":27,"key":"Replay:PocketPolymizer"},{"floor":41,"key":"Darkstone Periapt"},{"floor":43,"key":"Bag of Preparation"},{"floor":47,"key":"testmod-ObsoleteBoomerang"},{"floor":54,"key":"testmod-Laevatain"}],"event_choices":[{"damage_healed":0,"gold_gain":0,"player_choice":"Rummage","damage_taken":0,"relics_obtained":["WarpedTongs"],"max_hp_gain":0,"max_hp_loss":0,"event_name":"Accursed Blacksmith","floor":2,"gold_loss":0,"cards_obtained":["Pain"]},{"cards_removed":["Strike_B"],"damage_healed":0,"gold_gain":0,"player_choice":"Purged","damage_taken":0,"max_hp_gain":0,"max_hp_loss":0,"event_name":"Purifier","floor":8,"gold_loss":0},{"damage_healed":0,"gold_gain":0,"player_choice":"Shed Blood","damage_taken":19,"max_hp_gain":5,"max_hp_loss":0,"event_name":"Forgotten Altar","floor":29,"gold_loss":0},{"damage_healed":0,"gold_gain":0,"player_choice":"Max HP","damage_taken":0,"max_hp_gain":0,"max_hp_loss":4,"event_name":"Winding Halls","floor":36,"gold_loss":0}],"is_beta":false,"boss_relics":[{"not_picked":["REME_DuelDisc","testmod-DreamHouse"],"picked":"Philosopher\u0027s Stone"},{"not_picked":["energizedSpire:DeadBattery","Sozu"],"picked":"Cursed Key"}],"items_purged_floors":[3,11,20,25,30,38,46,53],"is_endless":false,"potions_floor_spawned":[5,10,12,18,19,28,33,44,45,47,48,54],"ascension_level":1}}