{"host":"kig4ty9d1aubg29s","time":1609295067,"event":{"mods":["BaseMod","Minty Spire (QoL Compilation)","READ ME - Guardian Mod","READ ME - Snecko Mod","StSLib","The Cursed","The Gatherer","The Hierophant","The Jungle","The Runesmith"],"gold_per_floor":[111,124,124,124,199,199,235,235,260,260,283,283,283,297,297,391,391,406,406,421,346,346,346,346,346],"floor_reached":24,"playtime":758,"items_purged":[],"score":346,"play_id":"a5a97e8c-381c-4ab2-b2f3-3287b33c722b","local_time":"20201230112427","is_ascension_mode":true,"campfire_choices":[{"floor":6,"key":"REST"},{"floor":8,"key":"REST"},{"floor":10,"key":"REST"},{"data":"Noxious Fumes","floor":13,"key":"SMITH"},{"data":"Bane","floor":15,"key":"SMITH"},{"floor":23,"key":"REST"}],"circlet_count":0,"master_deck":["AscendersBane","Strike_G","Strike_G","Strike_G","Strike_G","Strike_G","Defend_G","Defend_G","Defend_G","Defend_G","Defend_G","Survivor","Neutralize","Noxious Fumes+1","PiercingWail","Bane","Bane+1","Slice","Corpse Explosion","Cloak And Dagger+1","Dagger Throw+1"],"relics":["Ring of the Snake","Bloody Idol","Frozen Egg 2","Smiling Mask","Shuriken","Philosopher\u0027s Stone"],"acts_visited":["Exordium","TheCity"],"potions_floor_usage":[11,18,24],"damage_taken":[{"damage":17,"enemies":"Jaw Worm","floor":1,"turns":6},{"damage":0,"enemies":"2 Louse","floor":2,"turns":3},{"damage":38,"enemies":"3 Sentries","floor":7,"turns":9},{"damage":0,"enemies":"Small Slimes","floor":11,"turns":3},{"damage":4,"enemies":"Blue Slaver","floor":14,"turns":5},{"damage":39,"enemies":"Slime Boss","floor":16,"turns":12},{"damage":21,"enemies":"Spheric Guardian","floor":18,"turns":4},{"damage":11,"enemies":"3 Byrds","floor":20,"turns":3},{"damage":64,"enemies":"Gremlin Leader","floor":24,"turns":5}],"seed_played":"3406867262372767752","potions_obtained":[{"floor":7,"key":"Block Potion"},{"floor":16,"key":"LiquidMemories"},{"floor":20,"key":"EssenceOfSteel"}],"is_trial":false,"path_per_floor":["M","M","?","?","?","R","E","R","T","R","M","?","R","M","R","B",null,"M","?","M","?","?","R","E"],"character_chosen":"THE_SILENT","items_purchased":[],"campfire_rested":4,"item_purchase_floors":[],"current_hp_per_floor":[54,54,54,54,43,66,28,51,51,74,74,74,74,70,70,31,66,45,45,34,34,34,57,0,0],"gold":346,"neow_bonus":"TWENTY_PERCENT_HP_BONUS","is_daily":false,"chose_seed":false,"campfire_upgraded":2,"win_rate":0.0,"timestamp":1609295067,"path_taken":["M","M","?","?","?","R","E","R","T","R","M","?","R","?","R","BOSS","M","?","M","?","?","R","E"],"items_purchased_type":[],"build_version":"2020-12-22","purchased_purges":0,"victory":false,"max_hp_per_floor":[78,78,78,78,78,78,78,78,78,78,78,78,78,78,78,78,78,78,78,78,78,78,78,78,78],"card_choices":[{"not_picked":["Prepared","Acrobatics"],"picked":"Noxious Fumes","floor":1},{"not_picked":["Concentrate","Cloak And Dagger"],"picked":"PiercingWail","floor":2},{"not_picked":["Prepared","Calculated Gamble"],"picked":"Bane","floor":7},{"not_picked":["PiercingWail","Outmaneuver"],"picked":"Bane","floor":11},{"not_picked":["Backflip","Grand Finale"],"picked":"Slice","floor":14},{"not_picked":["Die Die Die","Adrenaline"],"picked":"Corpse Explosion","floor":16},{"not_picked":["Tactician+1","Bane"],"picked":"Cloak And Dagger+1","floor":18},{"not_picked":["Dodge and Roll+1","Flechettes"],"picked":"Dagger Throw+1","floor":20}],"player_experience":1903083,"relics_obtained":[{"floor":7,"key":"Frozen Egg 2"},{"floor":9,"key":"Smiling Mask"}],"event_choices":[{"damage_healed":0,"gold_gain":0,"player_choice":"Take Wound","damage_taken":0,"relics_obtained":["Golden Idol"],"max_hp_gain":0,"max_hp_loss":0,"event_name":"Golden Idol","floor":3,"gold_loss":0,"cards_obtained":["Injury"]},{"cards_removed":["Shame"],"damage_healed":0,"gold_gain":0,"player_choice":"Forget","damage_taken":0,"max_hp_gain":0,"max_hp_loss":0,"event_name":"Living Wall","floor":4,"gold_loss":0},{"damage_healed":0,"gold_gain":75,"player_choice":"Gather Gold","damage_taken":11,"max_hp_gain":0,"max_hp_loss":0,"event_name":"World of Goop","floor":5,"gold_loss":0},{"damage_healed":0,"gold_gain":0,"player_choice":"Searched \u00271\u0027 times","damage_taken":0,"relics_obtained":["Shuriken"],"max_hp_gain":0,"max_hp_loss":0,"event_name":"Dead Adventurer","floor":12,"gold_loss":0},{"damage_healed":0,"gold_gain":0,"player_choice":"Ignored","damage_taken":0,"max_hp_gain":0,"max_hp_loss":0,"event_name":"Ghosts","floor":19,"gold_loss":0},{"cards_removed":["Injury"],"damage_healed":0,"gold_gain":0,"player_choice":"Gave Gold","damage_taken":0,"max_hp_gain":0,"max_hp_loss":0,"event_name":"Beggar","floor":21,"gold_loss":75},{"damage_healed":0,"gold_gain":0,"player_choice":"Gave Idol","damage_taken":0,"relics_obtained":["Bloody Idol"],"max_hp_gain":0,"max_hp_loss":0,"event_name":"Forgotten Altar","floor":22,"relics_lost":["Golden Idol"],"gold_loss":0}],"is_beta":false,"boss_relics":[{"not_picked":["Coffee Dripper","SlaversCollar"],"picked":"Philosopher\u0027s Stone"}],"items_purged_floors":[],"is_endless":false,"potions_floor_spawned":[7,16,20],"killed_by":"Gremlin Leader","ascension_level":16}}