{"host":"q5586ea2nrmr4nty","time":1609367840,"event":{"mods":["AchievementEnabler","BaseMod","Colored Map","Colored Powertips","Custom Start","Friendly Minions","Highlight Path","Minty Spire (QoL Compilation)","Quick Restart","StSLib","SuperFastMode"],"gold_per_floor":[119,48,48,62,77,77,132,210,222,234,275,287,374,403,415,531,543,570,582,594,705,717,729,759,771,806,818,850,872,884,884],"floor_reached":30,"playtime":1402,"items_purged":[],"score":237,"play_id":"d916b6f0-31b4-490b-b8db-0f057558a53b","local_time":"20201231093720","is_ascension_mode":true,"campfire_choices":[{"data":"Fission","floor":6.0,"key":"SMITH"},{"data":"Sunder","floor":10.0,"key":"SMITH"},{"floor":12.0,"key":"REST"},{"data":"Self Repair","floor":15.0,"key":"SMITH"},{"data":"Defragment","floor":23.0,"key":"SMITH"},{"data":"Seek","floor":25.0,"key":"SMITH"},{"data":"Hologram","floor":27.0,"key":"SMITH"}],"circlet_count":0,"master_deck":["Strike_B","Strike_B","Strike_B","Strike_B","Defend_B","Defend_B","Defend_B","Defend_B","Zap","Dualcast","Coolheaded","Self Repair+1","Sunder+1","Fission+1","Ball Lightning","Hologram+1","Sweeping Beam","Seek+1","Chaos","Defragment+1","Zap","Leap","White Noise","Coolheaded+1","BootSequence"],"relics":["Cracked Core","Smiling Mask","Regal Pillow","MawBank","Darkstone Periapt","Juzu Bracelet","Inserter","Bronze Scales"],"acts_visited":["Exordium","TheCity"],"potions_floor_usage":[],"damage_taken":[{"damage":5.0,"enemies":"Small Slimes","floor":1.0,"turns":3.0},{"damage":1.0,"enemies":"Cultist","floor":4.0,"turns":3.0},{"damage":0.0,"enemies":"2 Louse","floor":5.0,"turns":2.0},{"damage":37.0,"enemies":"Lagavulin Event","floor":7.0,"turns":7.0},{"damage":23.0,"enemies":"Lagavulin","floor":11.0,"turns":5.0},{"damage":1.0,"enemies":"Exordium Thugs","floor":14.0,"turns":3.0},{"damage":28.0,"enemies":"Slime Boss","floor":16.0,"turns":12.0},{"damage":0.0,"enemies":"Chosen","floor":18.0,"turns":4.0},{"damage":25.0,"enemies":"Spheric Guardian","floor":24.0,"turns":5.0},{"damage":14.0,"enemies":"Centurion and Healer","floor":28.0,"turns":10.0},{"damage":10.0,"enemies":"Snake Plant","floor":29.0,"turns":4.0},{"damage":42,"enemies":"Slavers","floor":30,"turns":3}],"seed_played":"-1366186824813662797","potions_obtained":[{"floor":4.0,"key":"FocusPotion"},{"floor":11.0,"key":"SpeedPotion"},{"floor":14.0,"key":"EssenceOfSteel"},{"floor":18.0,"key":"DuplicationPotion"},{"floor":24.0,"key":"Block Potion"}],"is_trial":false,"path_per_floor":["M","$","?","M","M","R","?","?","T","R","E","R","?","M","R","B",null,"M","?","?","?","?","R","M","R","T","R","M","M","E"],"character_chosen":"DEFECT","items_purchased":["Self Repair"],"campfire_rested":1,"item_purchase_floors":[2],"current_hp_per_floor":[70,70,70,75,75,75,45,45,45,45,29,66,55,61,61,33,75,75,61,61,61,61,61,46,46,46,46,42,42,0,0],"gold":884,"neow_bonus":"RANDOM_COMMON_RELIC","is_daily":false,"chose_seed":false,"campfire_upgraded":6,"win_rate":0.0,"timestamp":1609367840,"path_taken":["M","$","?","?","M","R","?","?","T","R","E","R","?","M","R","BOSS","M","?","?","?","?","R","M","R","T","R","M","M","E"],"items_purchased_type":["Card"],"build_version":"2020-12-22","purchased_purges":0,"victory":false,"max_hp_per_floor":[75,75,75,75,75,75,75,75,75,75,75,75,75,75,75,75,75,75,80,80,80,80,80,80,80,80,80,80,80,80,80],"card_choices":[{"not_picked":["Rebound","Fusion"],"picked":"Coolheaded","floor":1.0},{"not_picked":["Leap","Beam Cell"],"picked":"Sunder","floor":4.0},{"not_picked":["Conserve Battery","Self Repair"],"picked":"Fission","floor":5.0},{"not_picked":["Barrage","Turbo"],"picked":"Ball Lightning","floor":7.0},{"not_picked":["Darkness","Melter"],"picked":"Hologram","floor":11.0},{"not_picked":["Go for the Eyes","Stack"],"picked":"Sweeping Beam","floor":14.0},{"not_picked":["Machine Learning","Core Surge"],"picked":"Seek","floor":16.0},{"not_picked":["Lockon","Barrage"],"picked":"Chaos","floor":18.0},{"not_picked":["Capacitor","Stack+1"],"picked":"White Noise","floor":24.0},{"not_picked":["Turbo","Heatsinks"],"picked":"Coolheaded+1","floor":28.0},{"not_picked":["Barrage","Beam Cell"],"picked":"BootSequence","floor":29.0}],"player_experience":112405,"relics_obtained":[{"floor":3.0,"key":"Regal Pillow"},{"floor":7.0,"key":"MawBank"},{"floor":9.0,"key":"Darkstone Periapt"},{"floor":11.0,"key":"Juzu Bracelet"},{"floor":26.0,"key":"Bronze Scales"}],"event_choices":[{"damage_healed":0.0,"max_hp_gain":0.0,"max_hp_loss":0.0,"gold_gain":0.0,"event_name":"Wheel of Change","player_choice":"Relic","floor":3.0,"gold_loss":0.0,"damage_taken":0.0},{"damage_healed":0.0,"max_hp_gain":0.0,"max_hp_loss":0.0,"gold_gain":0.0,"event_name":"Dead Adventurer","player_choice":"Searched \u00271\u0027 times","floor":7.0,"gold_loss":0.0,"damage_taken":0.0},{"damage_healed":0.0,"max_hp_gain":0.0,"max_hp_loss":0.0,"gold_gain":66.0,"event_name":"Golden Wing","player_choice":"Gained Gold","floor":8.0,"gold_loss":0.0,"damage_taken":0.0},{"damage_healed":0.0,"max_hp_gain":0.0,"max_hp_loss":0.0,"gold_gain":75.0,"event_name":"World of Goop","player_choice":"Gather Gold","floor":13.0,"gold_loss":0.0,"damage_taken":11.0},{"damage_healed":0.0,"max_hp_gain":5.0,"max_hp_loss":0.0,"gold_gain":0.0,"event_name":"Forgotten Altar","player_choice":"Shed Blood","floor":19.0,"gold_loss":0.0,"damage_taken":19.0},{"damage_healed":0.0,"max_hp_gain":0.0,"max_hp_loss":0.0,"gold_gain":0.0,"event_name":"The Library","player_choice":"Read","floor":20.0,"gold_loss":0.0,"damage_taken":0.0,"cards_obtained":["Defragment"]},{"damage_healed":0.0,"max_hp_gain":0.0,"max_hp_loss":0.0,"gold_gain":99.0,"event_name":"Nest","player_choice":"Stole From Cult","floor":21.0,"gold_loss":0.0,"damage_taken":0.0},{"damage_healed":0.0,"max_hp_gain":0.0,"max_hp_loss":0.0,"gold_gain":0.0,"event_name":"Match and Keep!","player_choice":"2 cards matched","floor":22.0,"gold_loss":0.0,"damage_taken":0.0,"cards_obtained":["Zap","Leap"]}],"is_beta":false,"boss_relics":[{"not_picked":["Fusion Hammer","Tiny House"],"picked":"Inserter"}],"items_purged_floors":[],"is_endless":false,"potions_floor_spawned":[4,11,14,18,24],"killed_by":"Slavers","ascension_level":1}}