{"host":"wbdly04l9mkn9nrc","time":1609305519,"event":{"mods":["AchievementEnabler","BaseMod","BetterRewards","Minty Spire (QoL Compilation)","StSLib","[IsaacMod]ÒÔÈö¼âËþ"],"gold_per_floor":[111,70,70,87,101,127,142,142,195,69,69,244,274,284,284,387,387,397,415,240,255,255,288,288,388,436,471,491,491,520,285,285,386,386,398,448,475,298,315,315,329,447,447,152,152,152,4,83,83,83],"floor_reached":51,"playtime":3399,"items_purged":["Strike_G","Strike_G","Defend_G","Strike_G","Defend_G","Defend_G","Doubt"],"score":1751,"play_id":"86a2b8ef-844b-4222-8b64-f18f8e14f501","local_time":"20201230131839","is_ascension_mode":true,"campfire_choices":[{"data":"Infinite Blades","floor":8.0,"key":"SMITH"},{"floor":11.0,"key":"REST"},{"data":"Noxious Fumes","floor":15.0,"key":"SMITH"},{"data":"Wraith Form v2","floor":24.0,"key":"SMITH"},{"data":"Catalyst","floor":29.0,"key":"SMITH"},{"data":"Storm of Steel","floor":32.0,"key":"SMITH"},{"data":"Catalyst","floor":40.0,"key":"SMITH"},{"data":"Crippling Poison","floor":49,"key":"SMITH"}],"circlet_count":0,"master_deck":["Strike_G","Survivor","Neutralize","Burst","Finisher","Accuracy","Deadly Poison","EpicFetus","Backflip","Venomology","Outmaneuver","Infinite Blades+1","Envenom+1","Noxious Fumes+1","Poisoned Stab","Bullet Time","Catalyst+1","Blade Dance","Wraith Form v2+1","Acrobatics+1","Cloak And Dagger","Storm of Steel+1","Adrenaline","Catalyst+1","Perseverance+1","Sanctity","Calculated Gamble","Poisoned Stab","Crippling Poison+1"],"relics":["Ring of the Snake","HushsDoor","TheBean","Membership Card","Snake Skull","Sundial","Chaos","Matryoshka","Gambling Chip","WingedGreaves","Paper Crane","MealTicket","Leech","BookOfRevelations","Tiny Chest","Lantern","Thread and Needle","Black Star","Happy Flower","Orichalcum","StrikeDummy","Juzu Bracelet","TwistedFunnel","BookofShadows","Bronze Scales","PrismaticShard","Tiny House","Empty Cage","Succubus","Bag of Marbles","Pen Nib"],"acts_visited":["Exordium","TheCity","TheBeyond"],"potions_floor_usage":[50,50],"damage_taken":[{"damage":0.0,"enemies":"Jaw Worm","floor":1.0,"turns":4.0},{"damage":2.0,"enemies":"2 Louse","floor":4.0,"turns":3.0},{"damage":2.0,"enemies":"Cultist","floor":5.0,"turns":4.0},{"damage":8.0,"enemies":"Lagavulin","floor":6.0,"turns":5.0},{"damage":6.0,"enemies":"2 Fungi Beasts","floor":7.0,"turns":3.0},{"damage":4.0,"enemies":"3 Louse","floor":14.0,"turns":2.0},{"damage":0.0,"enemies":"Slime Boss","floor":16.0,"turns":5.0},{"damage":0.0,"enemies":"Chosen","floor":18.0,"turns":3.0},{"damage":0.0,"enemies":"3 Byrds","floor":19.0,"turns":3.0},{"damage":0.0,"enemies":"Centurion and Healer","floor":21.0,"turns":5.0},{"damage":23.0,"enemies":"Gremlin Leader","floor":23.0,"turns":5.0},{"damage":0.0,"enemies":"Slavers","floor":27.0,"turns":4.0},{"damage":0.0,"enemies":"Snake Plant","floor":28.0,"turns":3.0},{"damage":0.0,"enemies":"Book of Stabbing","floor":30.0,"turns":4.0},{"damage":0.0,"enemies":"Champ","floor":33.0,"turns":3.0},{"damage":0.0,"enemies":"3 Shapes","floor":35.0,"turns":3.0},{"damage":0.0,"enemies":"Mind Bloom Boss Battle","floor":36.0,"turns":2.0},{"damage":0.0,"enemies":"3 Darklings","floor":39.0,"turns":2.0},{"damage":0.0,"enemies":"Sphere and 2 Shapes","floor":41.0,"turns":6.0},{"damage":0.0,"enemies":"Reptomancer","floor":42.0,"turns":2.0},{"damage":0,"enemies":"Awakened One","floor":50,"turns":6}],"seed_played":"2918801588474448245","potions_obtained":[{"floor":1.0,"key":"Strength Potion"},{"floor":7.0,"key":"Block Potion"},{"floor":14.0,"key":"BlessingOfTheForge"},{"floor":21.0,"key":"PowerPotion"},{"floor":23.0,"key":"PowerPotion"},{"floor":30.0,"key":"Weak Potion"},{"floor":35.0,"key":"EssenceOfSteel"},{"floor":39.0,"key":"SteroidPotion"},{"floor":41.0,"key":"CunningPotion"}],"is_trial":false,"path_per_floor":["M","$","?","M","M","E","M","R","T","$","R","?","?","M","R","B",null,"M","M","$","M","?","E","R","?","T","E","M","R","E","$","R","B",null,"M","?","T","$","M","R","M","E","T","$","?","?","$","T","R","B",null],"character_chosen":"THE_SILENT","items_purchased":["Burst","Membership Card","Snake Skull","Finisher","Accuracy","Deadly Poison","Sundial","Chaos","Matryoshka","Backflip","Block Potion","Venomology","MealTicket","Noxious Fumes","Poisoned Stab","Tiny Chest","Blade Dance","TwistedFunnel","Storm of Steel","Catalyst","PrismaticShard","Succubus","Bag of Marbles","Calculated Gamble","Crippling Poison"],"campfire_rested":1,"item_purchase_floors":[0,0,0,0,0,0,0,0,0,0,0,2,10,10,10,20,20,31,31,34,38,44,44,44,47],"current_hp_per_floor":[21,21,44,42,40,32,26,26,26,26,47,47,47,45,45,50,65,68,70,70,70,70,51,51,51,51,55,58,58,62,70,70,70,67,67,67,67,67,67,67,67,72,72,72,72,72,72,72,72,72],"gold":83,"neow_bonus":"","is_daily":false,"chose_seed":false,"campfire_upgraded":7,"win_rate":0.0,"timestamp":1609305519,"path_taken":["M","$","?","M","M","E","?","R","T","$","R","?","?","M","R","BOSS","M","M","$","M","?","E","R","?","T","E","M","R","E","$","R","BOSS","M","?","?","$","M","R","M","E","T","$","?","?","?","?","R","BOSS"],"items_purchased_type":["Card","Relic","Relic","Card","Card","Card","Relic","Card","Relic","Card","Potion","Card","Relic","Card","Card","Relic","Card","Relic","Card","Card","Relic","Relic","Relic","Card","Card"],"build_version":"2020-12-22","purchased_purges":7,"victory":true,"max_hp_per_floor":[70,70,70,70,70,70,70,70,70,70,70,70,70,70,70,70,70,70,70,70,70,70,70,70,70,70,70,70,70,70,70,70,70,67,67,67,67,67,67,67,67,72,72,72,72,72,72,72,72,72],"card_choices":[{"not_picked":[],"picked":"EpicFetus","floor":0.0},{"not_picked":["Deadly Poison","Backstab","Quick Slash"],"picked":"SKIP","floor":1.0},{"not_picked":["Escape Plan","Setup"],"picked":"Outmaneuver","floor":4.0},{"not_picked":["Eviscerate","Quick Slash"],"picked":"Infinite Blades","floor":5.0},{"not_picked":["Dodge and Roll","Quick Slash"],"picked":"Envenom","floor":6.0},{"not_picked":["Well Laid Plans","Flying Knee","Infinite Blades"],"picked":"SKIP","floor":7.0},{"not_picked":["Finisher","Outmaneuver","PiercingWail"],"picked":"SKIP","floor":14.0},{"not_picked":["Tools of the Trade","Grand Finale"],"picked":"Bullet Time","floor":16.0},{"not_picked":["Deflect+1","PiercingWail"],"picked":"Catalyst","floor":18.0},{"not_picked":["Underhanded Strike+1","Flechettes","Slice"],"picked":"SKIP","floor":19.0},{"not_picked":["Outmaneuver","Underhanded Strike+1"],"picked":"Wraith Form v2","floor":21.0},{"not_picked":["Dagger Throw+1","Glass Knife"],"picked":"Acrobatics+1","floor":23.0},{"not_picked":["Footwork","Expertise"],"picked":"Cloak And Dagger","floor":25.0},{"not_picked":["Predator","PiercingWail","Dagger Spray"],"picked":"SKIP","floor":27.0},{"not_picked":["Flechettes","Deflect","Predator"],"picked":"SKIP","floor":28.0},{"not_picked":["Slice","Tactician","Sucker Punch"],"picked":"SKIP","floor":30.0},{"not_picked":["Die Die Die","Tools of the Trade"],"picked":"Adrenaline","floor":33.0},{"not_picked":["Heel Hook","Accuracy+1","Underhanded Strike"],"picked":"SKIP","floor":35.0},{"not_picked":["BowlingBash","Weave+1"],"picked":"Perseverance+1","floor":39.0},{"not_picked":["Reckless Charge","JustLucky+1"],"picked":"Sanctity","floor":41.0}],"player_experience":153762,"relics_obtained":[{"floor":6.0,"key":"Gambling Chip"},{"floor":9.0,"key":"WingedGreaves"},{"floor":9.0,"key":"Paper Crane"},{"floor":23.0,"key":"Lantern"},{"floor":26.0,"key":"Thread and Needle"},{"floor":26.0,"key":"Black Star"},{"floor":27.0,"key":"Happy Flower"},{"floor":27.0,"key":"Orichalcum"},{"floor":30.0,"key":"StrikeDummy"},{"floor":30.0,"key":"Juzu Bracelet"},{"floor":37.0,"key":"Bronze Scales"},{"floor":42.0,"key":"Tiny House"},{"floor":43.0,"key":"Empty Cage"},{"floor":48,"key":"Pen Nib"}],"event_choices":[{"damage_healed":23.0,"max_hp_gain":0.0,"max_hp_loss":0.0,"gold_gain":0.0,"event_name":"Big Fish","player_choice":"Banana","floor":3.0,"gold_loss":0.0,"damage_taken":0.0},{"damage_healed":0.0,"max_hp_gain":0.0,"max_hp_loss":0.0,"gold_gain":175.0,"event_name":"Liars Game","player_choice":"AGREE","floor":12.0,"gold_loss":0.0,"damage_taken":0.0,"cards_obtained":["Doubt"]},{"damage_healed":0.0,"max_hp_gain":0.0,"max_hp_loss":0.0,"gold_gain":30.0,"event_name":"Dead Adventurer","player_choice":"Searched \u00273\u0027 times","floor":13.0,"gold_loss":0.0,"damage_taken":0.0,"relics_obtained":["Leech"]},{"damage_healed":0.0,"max_hp_gain":0.0,"max_hp_loss":0.0,"gold_gain":0.0,"event_name":"Vampires","player_choice":"Ignored","floor":22.0,"gold_loss":0.0,"damage_taken":0.0},{"damage_healed":0.0,"max_hp_gain":0.0,"max_hp_loss":0.0,"gold_gain":0.0,"event_name":"MindBloom","player_choice":"Fight","floor":36.0,"gold_loss":0.0,"damage_taken":0.0},{"damage_healed":0,"gold_gain":0,"cards_transformed":["Defend_G"],"player_choice":"Transformed","damage_taken":0,"max_hp_gain":0,"max_hp_loss":0,"event_name":"Transmorgrifier","floor":46,"gold_loss":0,"cards_obtained":["Poisoned Stab"]}],"is_beta":false,"boss_relics":[{"not_picked":["Unceasing Top","Mercury Hourglass"],"picked":"BookOfRevelations"},{"not_picked":[]},{"not_picked":["Pear","Mummified Hand"],"picked":"BookofShadows"},{"not_picked":[]}],"items_purged_floors":[0,0,0,20,31,38,47],"is_endless":false,"potions_floor_spawned":[1,7,14,21,23,30,35,36,39,41],"ascension_level":8}}