{"host":"szp1d6dso4pv7ddl","time":1609367254,"event":{"mods":["AchievementEnabler","Alarm Clock","BaseMod","Bestiary","Block Reminder","Colored Map","Colored Powertips","Curses Come First","Displayed Cursed Tome","Highlight Path","Minty Spire (QoL Compilation)","Permanent Neow","Quick Restart","Relic Sorter","Relic Stats","StSLib","Synergy Search"],"gold_per_floor":[109,5,20,35,35,62,62,89,89,107,107,107,120,45,45,123,123,103,122,122,122,122],"floor_reached":21,"playtime":1500,"items_purged":[],"score":331,"play_id":"1edd184a-ba59-472d-97f8-1aab9068278d","local_time":"20201230142734","is_ascension_mode":true,"campfire_choices":[{"floor":7,"key":"REST"},{"floor":12,"key":"REST"},{"floor":15,"key":"REST"}],"circlet_count":0,"master_deck":["AscendersBane","Strike_G","Strike_G","Defend_G","Defend_G","Defend_G","Defend_G","Survivor","Neutralize","Blade Dance","Backflip","Prepared","Quick Slash","Underhanded Strike","Blade Dance","Dagger Throw","Malaise","Backflip","Cloak And Dagger+1","Cloak And Dagger+1"],"relics":["HoveringKite","Thread and Needle","Question Card","Mummified Hand","Empty Cage"],"acts_visited":["Exordium","TheCity"],"potions_floor_usage":[6,16,21],"damage_taken":[{"damage":5,"enemies":"2 Louse","floor":1,"turns":4},{"damage":0,"enemies":"Small Slimes","floor":3,"turns":4},{"damage":0,"enemies":"Cultist","floor":4,"turns":4},{"damage":25,"enemies":"Lagavulin","floor":6,"turns":6},{"damage":29,"enemies":"Gremlin Nob","floor":8,"turns":5},{"damage":11,"enemies":"2 Fungi Beasts","floor":10,"turns":4},{"damage":0,"enemies":"Blue Slaver","floor":13,"turns":3},{"damage":29,"enemies":"The Guardian","floor":16,"turns":15},{"damage":10,"enemies":"2 Thieves","floor":18,"turns":4},{"damage":18,"enemies":"Shell Parasite","floor":19,"turns":6},{"damage":0,"enemies":"Shelled Parasite and Fungi","floor":21,"turns":2}],"seed_played":"5155976711592052073","potions_obtained":[{"floor":1,"key":"CultistPotion"},{"floor":8,"key":"SkillPotion"},{"floor":13,"key":"SpeedPotion"},{"floor":18,"key":"DistilledChaos"}],"is_trial":false,"path_per_floor":["M","$","M","M","?","E","R","E","T","M","?","R","M","?","R","B",null,"M","M","?","M"],"character_chosen":"THE_SILENT","items_purchased":["Blade Dance","Backflip"],"campfire_rested":3,"item_purchase_floors":[2,2],"current_hp_per_floor":[54,54,54,54,47,22,41,12,12,1,6,27,27,27,48,19,58,48,30,30,30,30],"gold":122,"neow_bonus":"BOSS_RELIC","is_daily":false,"chose_seed":false,"campfire_upgraded":0,"win_rate":0.0,"timestamp":1609367254,"path_taken":["M","$","M","M","?","E","R","E","T","M","?","R","M","?","R","BOSS","M","M","?","?"],"items_purchased_type":["Card","Card"],"build_version":"2020-12-22","purchased_purges":0,"victory":false,"max_hp_per_floor":[66,66,66,66,66,66,66,66,66,66,71,71,71,71,71,71,71,71,71,71,71,71],"relic_stats":{"counters":[11,57],"Mummified Hand":[0],"HoveringKite":[29],"Question Card":5,"obtain_stats":[{"Mummified Hand":9,"HoveringKite":0,"Thread and Needle":6,"Question Card":8,"Empty Cage":17,"Ring of the Snake":0},{"Mummified Hand":5,"HoveringKite":0,"Thread and Needle":4,"Question Card":5,"Empty Cage":8,"Ring of the Snake":0},{"Mummified Hand":23,"HoveringKite":0,"Thread and Needle":18,"Question Card":23,"Empty Cage":45,"Ring of the Snake":0}]},"card_choices":[{"not_picked":["Deflect","Catalyst","Bane"],"picked":"SKIP","floor":1},{"not_picked":["Masterful Stab","Poisoned Stab"],"picked":"Prepared","floor":3},{"not_picked":["Prepared","Backflip"],"picked":"Quick Slash","floor":4},{"not_picked":["Unload","Escape Plan"],"picked":"Underhanded Strike","floor":6},{"not_picked":["Heel Hook","Dagger Throw"],"picked":"Blade Dance","floor":8},{"not_picked":["Poisoned Stab","Grand Finale","PiercingWail"],"picked":"Dagger Throw","floor":10},{"not_picked":["PiercingWail","Outmaneuver","Deflect","Flying Knee"],"picked":"SKIP","floor":13},{"not_picked":["Wraith Form v2","Storm of Steel","Venomology"],"picked":"Malaise","floor":16},{"not_picked":["Infinite Blades","Slice","Distraction"],"picked":"Backflip","floor":18},{"not_picked":["Flying Knee","Poisoned Stab","PiercingWail"],"picked":"Cloak And Dagger+1","floor":19}],"player_experience":1076545,"relics_obtained":[{"floor":6,"key":"Thread and Needle"},{"floor":8,"key":"Question Card"},{"floor":9,"key":"Mummified Hand"}],"event_choices":[{"cards_removed":["Strike_G"],"damage_healed":0,"gold_gain":0,"player_choice":"Card Removal","damage_taken":7,"max_hp_gain":0,"max_hp_loss":0,"event_name":"Golden Wing","floor":5,"gold_loss":0},{"damage_healed":0,"gold_gain":0,"player_choice":"Donut","damage_taken":0,"max_hp_gain":5,"max_hp_loss":0,"event_name":"Big Fish","floor":11,"gold_loss":0},{"cards_removed":["Strike_G"],"damage_healed":0,"gold_gain":0,"player_choice":"Card Removal","damage_taken":0,"max_hp_gain":0,"max_hp_loss":0,"event_name":"The Cleric","floor":14,"gold_loss":75},{"damage_healed":0,"gold_gain":0,"player_choice":"Copied","damage_taken":0,"max_hp_gain":0,"max_hp_loss":0,"event_name":"Duplicator","floor":20,"gold_loss":0,"cards_obtained":["Cloak And Dagger"]}],"is_beta":false,"boss_relics":[{"not_picked":["Velvet Choker","Snecko Eye"],"picked":"Empty Cage"}],"items_purged_floors":[],"is_endless":false,"potions_floor_spawned":[1,8,13,18],"killed_by":"Shelled Parasite and Fungi","ascension_level":15}}