{"host":"474oh00kq6ni8dn3","time":1609315975,"event":{"mods":["AchievementEnabler","Aspiration","BaseMod","Colored Map","Colored Powertips","Conspire","Custom Start","Downfall","Googly Eyes","Hubris","Infinite Spire","Lobotomy","Minty Spire (QoL Compilation)","Permanent Neow","Quick Restart","Replay The Spire","Shop Mod","StSLib","The Bug Knight","The Construct","The Jungle"],"gold_per_floor":[112,112,112,127,137,167,167,196,275,275,306,306,306,306,306,402,402,416,431,431,431,442,442,442,442,442,472,472,540,583,647,647,788,788,816,854,854,892,435,435,435,435,435,435,435,476,511,588,588,640,640,696,696],"floor_reached":52,"playtime":1866,"items_purged":["Outmaneuver+1","Writhe","Defend_R"],"score":739,"play_id":"2a55accf-79ae-40e8-a004-ef4d4801e617","local_time":"20201230081255","is_ascension_mode":false,"campfire_choices":[{"floor":7,"key":"REST"},{"floor":13,"key":"DIG"},{"floor":15,"key":"DIG"},{"floor":23,"key":"DIG"},{"floor":25,"key":"DIG"},{"floor":28,"key":"REST"},{"floor":32,"key":"REST"},{"floor":40,"key":"DIG"},{"floor":42,"key":"DIG"},{"floor":49,"key":"DIG"},{"floor":51,"key":"DIG"}],"circlet_count":0,"master_deck":["Strike_R","Strike_R","Strike_R","Defend_R+1","Bash","Clothesline","Heel Hook","Thunderclap","Iron Wave","Headbutt","infinitespire:OneForAll","Hemogenesis","Iron Wave","Twin Strike+1","infinitespire:Gouge+1","conspire:HitWhereItHurts","Shrug It Off","Clothesline+1","Anger+1","Immolate+1","Searing Blow+1","infinitespire:Starlight","ReplayUltimateDefense","Master of Strategy","expansioncontent:DarkVoid+1","Headbutt+1","Clothesline+1"],"relics":["aspiration:PoetsPen","Girya","Shovel","Gremlin Horn","infinitespire:EmpoweringShard","aspiration:ChemicalBlood","War Paint","Juzu Bracelet","hubris:TerracottaHorce","Replay:Bottled Steam","InkBottle","Molten Egg 2","infinitespire:Lucky Rock","Mummified Hand","Replay:Bandana","Vajra","Centennial Puzzle","conspire:SeveredTorchhead","aspiration:VileToxins","Garlic","ReplayTheSpireMod:ShopPack","Blue Doll","HollowMod:PaleOreRelic","Bag of Marbles","White Beast Statue","PreservedInsect","ReplayTheSpireMod:Ninjato","Sundial"],"acts_visited":["Exordium","TheCity","TheBeyond"],"potions_floor_usage":[16,19,27,30,52,52,52,52,52],"damage_taken":[{"damage":0,"enemies":"Small Slimes","floor":1,"turns":3},{"damage":9,"enemies":"Jaw Worm","floor":4,"turns":2},{"damage":12,"enemies":"conspire:RoseBush","floor":5,"turns":3},{"damage":13,"enemies":"HollowMod:MossKnight","floor":6,"turns":4},{"damage":12,"enemies":"Gremlin Nob","floor":8,"turns":3},{"damage":14,"enemies":"HollowMod:MossKnight","floor":11,"turns":3},{"damage":40,"enemies":"Hexaghost","floor":16,"turns":5},{"damage":3,"enemies":"3 Byrds","floor":18,"turns":2},{"damage":26,"enemies":"Centurion and Healer","floor":19,"turns":5},{"damage":11,"enemies":"conspire:HollyBat","floor":22,"turns":5},{"damage":23,"enemies":"HollowMod:Nosk","floor":27,"turns":3},{"damage":12,"enemies":"conspire:MimicChest","floor":29,"turns":4},{"damage":8,"enemies":"Shelled Parasite and Fungi","floor":30,"turns":2},{"damage":0,"enemies":"conspire:Head Lice","floor":31,"turns":1},{"damage":12,"enemies":"conspire:MysteriousRune","floor":33,"turns":3},{"damage":0,"enemies":"Orb Walker","floor":35,"turns":1},{"damage":17,"enemies":"3 Shapes","floor":36,"turns":1},{"damage":0,"enemies":"Jaw Worm Horde","floor":38,"turns":1},{"damage":19,"enemies":"4 Shapes","floor":46,"turns":2},{"damage":0,"enemies":"Sphere and 2 Shapes","floor":47,"turns":1},{"damage":26,"enemies":"Nemesis","floor":48,"turns":3},{"damage":0,"enemies":"HollowMod:StalkingDevout","floor":50,"turns":1},{"damage":82,"enemies":"infinitespire:MassOfShapes","floor":52,"turns":2}],"seed_played":"-7596914914028091151","potions_obtained":[{"floor":4,"key":"BloodPotion"},{"floor":5,"key":"EntropicBrew"},{"floor":22,"key":"SkillPotion"},{"floor":27,"key":"Venom Potion"},{"floor":33,"key":"Adrenaline Potion"},{"floor":38,"key":"Regen Potion"}],"is_trial":false,"path_per_floor":["M","?","?","M","M","E","R","E","T","?","E","?","R","?","R","B",null,"M","M","AVR","?","M","R","?","R","T","E","R","?","M","E","R","B",null,"M","M","AVR","M","$","R","?","R","T","PTL","PTL","M","M","E","R","E","R","B"],"character_chosen":"IRONCLAD","items_purchased":["Garlic","ReplayTheSpireMod:ShopPack"],"campfire_rested":3,"item_purchase_floors":[39,39],"current_hp_per_floor":[80,80,73,64,52,39,63,51,51,77,63,63,63,63,63,39,70,72,51,51,51,45,45,45,45,45,27,51,44,36,41,65,58,75,75,63,63,73,73,73,73,73,73,73,73,61,61,50,50,50,50,0,0],"gold":696,"neow_bonus":"BOSS_RELIC","is_daily":false,"chose_seed":false,"campfire_upgraded":0,"win_rate":0.0,"timestamp":1609315975,"path_taken":["M","?","?","M","?","E","R","E","T","?","E","?","R","?","R","BOSS","M","M","AVR","?","M","R","?","R","T","E","R","?","M","E","R","BOSS","M","M","AVR","M","$","R","?","R","T","PTL","PTL","M","M","E","R","E","R","BOSS"],"items_purchased_type":["Relic","Relic"],"build_version":"2020-12-22","purchased_purges":3,"victory":false,"max_hp_per_floor":[80,80,80,80,80,80,80,80,80,80,80,80,80,80,80,80,80,80,80,80,80,80,80,80,80,80,80,80,80,80,80,80,80,80,80,80,80,80,80,80,80,80,80,80,80,80,80,80,80,80,80,80,80],"card_choices":[{"not_picked":["Flex","Headbutt"],"picked":"Clothesline","floor":1},{"not_picked":["Seeing Red","Intimidate","ReplayTheSpireMod:Strike From Hell"],"picked":"SKIP","floor":4},{"not_picked":["Entrench","Flex"],"picked":"Thunderclap","floor":5},{"not_picked":["conspire:Charge","Cleave"],"picked":"Iron Wave","floor":6},{"not_picked":["Thunderclap","Headbutt","Pommel Strike"],"picked":"SKIP","floor":8},{"not_picked":["Thunderclap","Pommel Strike"],"picked":"Headbutt","floor":8},{"not_picked":["Hemokinesis","Evolve"],"picked":"infinitespire:OneForAll","floor":11},{"not_picked":["Replay:Many Hands","Offering"],"picked":"Hemogenesis","floor":16},{"not_picked":["Cleave","conspire:Charge"],"picked":"Iron Wave","floor":18},{"not_picked":["ReplayTheSpireMod:Strike From Hell","infinitespire:OneForAll"],"picked":"Twin Strike+1","floor":19},{"not_picked":["Dark Embrace+1","Body Slam"],"picked":"conspire:HitWhereItHurts","floor":22},{"not_picked":["Headbutt+1","hubris:ReadiedAction"],"picked":"Shrug It Off","floor":27},{"not_picked":["Perfected Strike+1","Combust"],"picked":"Clothesline+1","floor":30},{"not_picked":["Body Slam+1","Hemokinesis+1"],"picked":"Anger+1","floor":31},{"not_picked":["Offering","Corruption"],"picked":"Immolate+1","floor":33},{"not_picked":["Flame Barrier","Sever Soul+1"],"picked":"Searing Blow+1","floor":35},{"not_picked":["Clash+1","hubris:CleavingFinish+1","ReplayTheSpireMod:Strike From Hell+1"],"picked":"SKIP","floor":36},{"not_picked":["hubris:ReadiedAction+1","hubris:SharpeningStone+1","Dark Embrace+1"],"picked":"SKIP","floor":38},{"not_picked":["Poisoned Strike","Secret Weapon"],"picked":"ReplayUltimateDefense","floor":39},{"not_picked":["expansioncontent:ChargeUp","Replay:SS_fish_2"],"picked":"Master of Strategy","floor":39},{"not_picked":["Replay:Sssssssssstrike","Violence"],"picked":"expansioncontent:DarkVoid","floor":39},{"not_picked":["Cleave+1","infinitespire:OneForAll+1"],"picked":"Headbutt+1","floor":46},{"not_picked":["Body Slam+1","Replay:Undeath\u0027s Touch+1"],"picked":"Clothesline+1","floor":47},{"not_picked":["ReplayReversal","Dual Wield+1","Pommel Strike+1"],"picked":"SKIP","floor":48},{"not_picked":["hubris:ReadiedAction","Run Through+1","Power Through+1"],"picked":"SKIP","floor":50}],"player_experience":47046,"relics_obtained":[{"floor":6,"key":"Girya"},{"floor":8,"key":"Shovel"},{"floor":9,"key":"Gremlin Horn"},{"floor":11,"key":"infinitespire:EmpoweringShard"},{"floor":12,"key":"aspiration:ChemicalBlood"},{"floor":13,"key":"War Paint"},{"floor":15,"key":"Juzu Bracelet"},{"floor":23,"key":"Molten Egg 2"},{"floor":25,"key":"infinitespire:Lucky Rock"},{"floor":26,"key":"Mummified Hand"},{"floor":27,"key":"Replay:Bandana"},{"floor":29,"key":"Vajra"},{"floor":31,"key":"Centennial Puzzle"},{"floor":40,"key":"Blue Doll"},{"floor":42,"key":"HollowMod:PaleOreRelic"},{"floor":43,"key":"Bag of Marbles"},{"floor":48,"key":"White Beast Statue"},{"floor":49,"key":"PreservedInsect"},{"floor":50,"key":"ReplayTheSpireMod:Ninjato"},{"floor":51,"key":"Sundial"}],"event_choices":[{"cards_removed":["Defend_R"],"damage_healed":0,"gold_gain":0,"player_choice":"Card Removal","damage_taken":7,"max_hp_gain":0,"max_hp_loss":0,"event_name":"Golden Wing","floor":3,"gold_loss":0},{"damage_healed":26,"gold_gain":0,"player_choice":"Banana","damage_taken":0,"max_hp_gain":0,"max_hp_loss":0,"event_name":"Big Fish","floor":10,"gold_loss":0},{"damage_healed":0,"gold_gain":0,"player_choice":"Opened","damage_taken":0,"relics_obtained":["InkBottle"],"max_hp_gain":0,"max_hp_loss":0,"event_name":"The Mausoleum","floor":21,"gold_loss":0,"cards_obtained":["Writhe"]},{"damage_healed":0,"gold_gain":0,"player_choice":"Ignored","damage_taken":0,"max_hp_gain":0,"max_hp_loss":0,"event_name":"NoteForYourself","floor":41,"gold_loss":0}],"is_beta":false,"boss_relics":[{"not_picked":["ReplayTheSpireMod:DimensionalGlitch","Cursed Key"],"picked":"hubris:TerracottaHorce"},{"not_picked":["hubris:Backtick","ChewingGum"],"picked":"conspire:SeveredTorchhead"}],"items_purged_floors":[20,37,39],"is_endless":false,"potions_floor_spawned":[4,5,16,19,30,31,33,36,38,50],"killed_by":"infinitespire:MassOfShapes","ascension_level":0}}