{"host":"dcj2yvrgcvh5dl2s","time":1609289567,"event":{"mods":["BaseMod","Better Note","Block Reminder","Colored Powertips","DeckTracker","Minty Spire (QoL Compilation)","Quick Restart","Rare Cards Sparkle","Relic Stats","StSLib"],"gold_per_floor":[116,24,174,174,186,186,35,68,68,68,68,118,143,163,163,163,163],"floor_reached":16,"playtime":434,"items_purged":["Doubt"],"score":201,"play_id":"f7e2f17c-7dd4-40eb-b3da-ef82cbc46c9e","local_time":"20201230105247","is_ascension_mode":true,"campfire_choices":[{"floor":6,"key":"REST"},{"floor":10,"key":"REST"},{"floor":15,"key":"REST"}],"circlet_count":0,"master_deck":["AscendersBane","Strike_R","Strike_R","Strike_R","Strike_R+1","Strike_R","Defend_R+1","Defend_R","Bash","Shrug It Off","Panacea","Uppercut","Feel No Pain+1","Cleave+1","Shockwave"],"relics":["Burning Blood","Frozen Egg 2","Gremlin Horn","Molten Egg 2"],"acts_visited":["Exordium"],"potions_floor_usage":[8,16,16],"damage_taken":[{"damage":12,"enemies":"Jaw Worm","floor":1,"turns":3},{"damage":15,"enemies":"2 Louse","floor":5,"turns":2},{"damage":48,"enemies":"3 Sentries","floor":8,"turns":9},{"damage":30,"enemies":"Gremlin Nob","floor":13,"turns":5},{"damage":0,"enemies":"Small Slimes","floor":14,"turns":2},{"damage":34,"enemies":"The Guardian","floor":16,"turns":13}],"seed_played":"-6696924441912760749","potions_obtained":[{"floor":5,"key":"PowerPotion"},{"floor":13,"key":"ColorlessPotion"},{"floor":14,"key":"PowerPotion"}],"is_trial":false,"path_per_floor":["M","$","?","?","M","R","$","E","T","R","$","?","E","M","R","B"],"character_chosen":"IRONCLAD","items_purchased":["Panacea","Uppercut"],"campfire_rested":3,"item_purchase_floors":[2,7],"current_hp_per_floor":[62,62,62,42,33,53,53,11,11,31,31,31,7,13,33,0,0],"gold":163,"neow_bonus":"REMOVE_TWO","is_daily":false,"chose_seed":false,"campfire_upgraded":0,"win_rate":0.0,"timestamp":1609289567,"path_taken":["M","$","?","?","M","R","$","E","T","R","$","?","E","M","R","BOSS"],"items_purchased_type":["Card","Card"],"build_version":"2020-12-22","purchased_purges":1,"victory":false,"max_hp_per_floor":[68,68,68,68,68,68,68,68,68,68,68,68,68,68,68,68,68],"relic_stats":{"Gremlin Horn":[1,1],"counters":[6,34],"obtain_stats":[{"Gremlin Horn":9,"Molten Egg 2":13,"Frozen Egg 2":8,"Burning Blood":0},{"Gremlin Horn":3,"Molten Egg 2":4,"Frozen Egg 2":3,"Burning Blood":0},{"Gremlin Horn":14,"Molten Egg 2":19,"Frozen Egg 2":14,"Burning Blood":0}],"Burning Blood":30},"card_choices":[{"not_picked":["Intimidate","Warcry"],"picked":"Shrug It Off","floor":1},{"not_picked":["Iron Wave","Rage","Havoc"],"picked":"SKIP","floor":5},{"not_picked":["Inflame+1","Evolve+1"],"picked":"Feel No Pain+1","floor":8},{"not_picked":["Headbutt+1","Entrench"],"picked":"Cleave+1","floor":13},{"not_picked":["Headbutt+1","Evolve+1"],"picked":"Shockwave","floor":14}],"player_experience":2105967,"relics_obtained":[{"floor":8,"key":"Frozen Egg 2"},{"floor":9,"key":"Gremlin Horn"},{"floor":13,"key":"Molten Egg 2"}],"event_choices":[{"damage_healed":0,"gold_gain":150,"player_choice":"AGREE","damage_taken":0,"max_hp_gain":0,"max_hp_loss":0,"event_name":"Liars Game","floor":3,"gold_loss":0,"cards_obtained":["Doubt"]},{"damage_healed":0,"gold_gain":0,"player_choice":"Entered Light","damage_taken":20,"max_hp_gain":0,"max_hp_loss":0,"event_name":"Shining Light","floor":4,"gold_loss":0,"cards_upgraded":["Defend_R","Strike_R"]},{"damage_healed":0,"gold_gain":50,"player_choice":"Pray","damage_taken":0,"max_hp_gain":0,"max_hp_loss":0,"event_name":"Golden Shrine","floor":12,"gold_loss":0}],"is_beta":false,"boss_relics":[],"items_purged_floors":[7],"is_endless":false,"potions_floor_spawned":[5,13,14],"killed_by":"The Guardian","ascension_level":18}}