{"host":"ixqzyafodex1tsi5","time":1609299284,"event":{"mods":["AchievementEnabler","Act Like it!","BaseMod","Downfall","Gensokyo","GifTheSpireLib","Lobotomy","LobotomyExtend","Minty Spire (QoL Compilation)","Relic Stats","Replay The Spire","RumiaBox-露米娅的神秘盒子","Spicy Shops","StSLib","【功能Mod】混沌之环修复补丁"],"gold_per_floor":[112,112,132,145,156,156,156],"floor_reached":1,"playtime":271,"items_purged":[],"score":15,"play_id":"0f612e40-e992-400a-9376-b58cc4b96a66","local_time":"20201230113444","is_ascension_mode":true,"campfire_choices":[],"circlet_count":0,"master_deck":["Strike_G","Strike_G","Strike_G","Strike_G","Strike_G","Defend_G","Defend_G","Defend_G","Defend_G","Defend_G","Survivor","Neutralize","Poisoned Stab","CrumblingArmor","Flying Knee","Dagger Spray","MeatLantern"],"relics":["Ring of the Snake","CogitoBucket","RabbitCall","AddBug","SecretRecord"],"acts_visited":["Exordium"],"potions_floor_usage":[],"damage_taken":[{"damage":9,"enemies":"Jaw Worm","floor":1,"turns":4},{"damage":0,"enemies":"Cultist","floor":3,"turns":3},{"damage":8,"enemies":"2 Louse","floor":4,"turns":2},{"damage":4,"enemies":"Blue Slaver","floor":5,"turns":2},{"damage":50,"enemies":"Cultist","floor":1,"turns":1}],"seed_played":"-2994276626092055009","potions_obtained":[{"floor":4,"key":"Swift Potion"},{"floor":5,"key":"Guardian:BlockOnCardUsePotion"}],"is_trial":false,"path_per_floor":["M","?","M","M","M","E","M"],"character_chosen":"THE_SILENT","items_purchased":[],"campfire_rested":0,"item_purchase_floors":[],"current_hp_per_floor":[61,61,61,53,49,20,20],"gold":156,"neow_bonus":"","is_daily":false,"chose_seed":false,"campfire_upgraded":0,"win_rate":0.0,"timestamp":1609299284,"path_taken":["M","?","M","M","?","E","M"],"items_purchased_type":[],"build_version":"2020-12-22","purchased_purges":0,"victory":false,"max_hp_per_floor":[70,70,70,70,70,70,70],"relic_stats":{"counters":[5,12],"obtain_stats":[{"RabbitCall":0,"CogitoBucket":0,"AddBug":1,"SecretRecord":1,"LetterFromLob":1,"Ring of the Snake":0},{"RabbitCall":0,"CogitoBucket":0,"AddBug":1,"SecretRecord":1,"LetterFromLob":1,"Ring of the Snake":0},{"RabbitCall":0,"CogitoBucket":0,"AddBug":4,"SecretRecord":4,"LetterFromLob":4,"Ring of the Snake":0}],"Ring of the Snake":[10]},"card_choices":[{"not_picked":["Bane","Calculated Gamble"],"picked":"Poisoned Stab","floor":1},{"not_picked":["ShyLook","CherryBlossoms","MeatLantern"],"picked":"Singing Bowl","floor":1},{"not_picked":["HeroicMonk","MeatLantern"],"picked":"CrumblingArmor","floor":1},{"not_picked":["CherryBlossoms","Scorched","OldLady"],"picked":"Singing Bowl","floor":3},{"not_picked":["Prepared","Accuracy"],"picked":"Flying Knee","floor":3},{"not_picked":["UniverseFragment","Porccubus","CherryBlossoms"],"picked":"Singing Bowl","floor":4},{"not_picked":["Deadly Poison","Deflect"],"picked":"Dagger Spray","floor":4},{"not_picked":["Murderer","QueenOfHatred","Bloodbath"],"picked":"Singing Bowl","floor":5},{"not_picked":["Scorched","LittlePrince"],"picked":"MeatLantern","floor":5},{"not_picked":["Toxin Wave","Dash","Sucker Punch"],"picked":"SKIP","floor":5}],"player_experience":144165,"relics_obtained":[{"floor":1,"key":"LetterFromLob"},{"floor":1,"key":"AddBug"}],"event_choices":[{"damage_healed":0,"gold_gain":0,"player_choice":"Bought 0 Potions","damage_taken":0,"max_hp_gain":0,"max_hp_loss":0,"event_name":"The Woman in Blue","floor":2,"gold_loss":0}],"is_beta":false,"boss_relics":[],"items_purged_floors":[],"is_endless":false,"potions_floor_spawned":[4,5],"killed_by":"Cultist","ascension_level":3}}