{"host":"qxeepl7ydvsgmfdb","time":1609341852,"event":{"mods":["AchievementEnabler","BaseMod","Colored Powertips","Minty Spire (QoL Compilation)","Quick Restart","slay the spire mod where everything is the same but ironclad has a cowboy hat"],"gold_per_floor":[111,111,186,210,222,257,257,284,307,307,75,75,87,107,107,204,204,217,247,23,23,23,55,55,81,81,8,24,24,34,62,62,62,62],"floor_reached":33,"playtime":2082,"items_purged":["Strike_B"],"score":351,"play_id":"004be6d5-e1fc-4631-a9a4-bde019c0f40e","local_time":"20201230102412","is_ascension_mode":true,"campfire_choices":[{"data":"Dualcast","floor":7.0,"key":"SMITH"},{"floor":10.0,"key":"REST"},{"data":"Metamorphosis","floor":12.0,"key":"SMITH"},{"data":"Stack","floor":15.0,"key":"SMITH"},{"floor":24.0,"key":"REST"},{"floor":29,"key":"REST"},{"floor":32,"key":"REST"}],"circlet_count":0,"master_deck":["Strike_B","Strike_B","Defend_B","Defend_B","Defend_B","Zap","Dualcast+1","Leap","Cold Snap","Ball Lightning","Cold Snap","Metamorphosis+1","Doom and Gloom","Lockon","Stack+1","Echo Form","Barrage","Stack+1","Capacitor","Amplify","Redo+1","Melter","Rebound+1","Blizzard"],"relics":["Cracked Core","NeowsBlessing","Anchor","Oddly Smooth Stone","Darkstone Periapt","Strawberry","Nuclear Battery","Red Mask","Membership Card","Nunchaku","Boot","FossilizedHelix","Toolbox","Ornamental Fan"],"acts_visited":["Exordium","TheCity"],"potions_floor_usage":[28,33],"damage_taken":[{"damage":0.0,"enemies":"Cultist","floor":1.0,"turns":1.0},{"damage":0.0,"enemies":"Small Slimes","floor":5.0,"turns":1.0},{"damage":0.0,"enemies":"Lagavulin","floor":6.0,"turns":1.0},{"damage":5.0,"enemies":"3 Sentries","floor":8.0,"turns":5.0},{"damage":0.0,"enemies":"Jaw Worm","floor":13.0,"turns":2.0},{"damage":9.0,"enemies":"Exordium Wildlife","floor":14.0,"turns":3.0},{"damage":26.0,"enemies":"The Guardian","floor":16.0,"turns":8.0},{"damage":18.0,"enemies":"2 Thieves","floor":18.0,"turns":3.0},{"damage":32.0,"enemies":"Masked Bandits","floor":19.0,"turns":6.0},{"damage":46.0,"enemies":"Book of Stabbing","floor":23.0,"turns":7.0},{"damage":33.0,"enemies":"Slavers","floor":25.0,"turns":5.0},{"damage":0,"enemies":"Spheric Guardian","floor":28,"turns":2},{"damage":0,"enemies":"Snecko","floor":30,"turns":4},{"damage":23,"enemies":"Book of Stabbing","floor":31,"turns":5},{"damage":32,"enemies":"Collector","floor":33,"turns":6}],"seed_played":"-8981730108929237275","potions_obtained":[{"floor":5.0,"key":"Explosive Potion"},{"floor":8.0,"key":"LiquidBronze"},{"floor":13.0,"key":"Fire Potion"},{"floor":14.0,"key":"Strength Potion"},{"floor":18.0,"key":"SpeedPotion"},{"floor":25.0,"key":"SneckoOil"},{"floor":31,"key":"SkillPotion"}],"is_trial":false,"path_per_floor":["M","?","?","T","M","E","R","E","T","R","$","R","M","M","R","B",null,"M","?","$","?","?","E","R","E","T","$","M","R","M","E","R","B"],"character_chosen":"DEFECT","items_purchased":["Metamorphosis","Doom and Gloom","Membership Card","Capacitor","Toolbox"],"campfire_rested":4,"item_purchase_floors":[11,11,20,20,27],"current_hp_per_floor":[75,68,57,57,57,57,57,52,59,82,82,82,82,73,73,47,82,64,32,32,59,59,13,37,4,4,4,4,28,28,5,29,0,0],"gold":62,"neow_bonus":"THREE_ENEMY_KILL","is_daily":false,"chose_seed":false,"campfire_upgraded":3,"win_rate":0.0,"timestamp":1609341852,"path_taken":["M","?","?","?","?","E","R","E","T","R","?","R","M","M","R","BOSS","M","?","$","?","?","E","R","E","T","$","M","R","?","E","R","BOSS"],"items_purchased_type":["Card","Card","Relic","Card","Relic"],"build_version":"2020-12-22","purchased_purges":1,"victory":false,"max_hp_per_floor":[75,75,75,75,75,75,75,75,82,82,82,82,82,82,82,82,82,82,82,82,82,82,82,82,82,82,82,82,82,82,82,82,82,82],"card_choices":[{"not_picked":["BootSequence","Steam"],"picked":"Leap","floor":1.0},{"not_picked":["Turbo","Tempest"],"picked":"Cold Snap","floor":5.0},{"not_picked":["Gash","Auto Shields"],"picked":"Ball Lightning","floor":6.0},{"not_picked":["Biased Cognition","Rebound"],"picked":"Cold Snap","floor":8.0},{"not_picked":["Consume","Beam Cell"],"picked":"Lockon","floor":13.0},{"not_picked":["Darkness","Rebound"],"picked":"Stack","floor":14.0},{"not_picked":["Fission","Multi-Cast"],"picked":"Echo Form","floor":16.0},{"not_picked":["Force Field","Reinforced Body"],"picked":"Barrage","floor":18.0},{"not_picked":["Compile Driver","Coolheaded"],"picked":"Stack+1","floor":19.0},{"not_picked":["Capacitor","Stack"],"picked":"Amplify","floor":23.0},{"not_picked":["Coolheaded+1","Scrape"],"picked":"Redo+1","floor":25.0},{"not_picked":["Compile Driver","Storm"],"picked":"Melter","floor":28},{"not_picked":["Reinforced Body+1","Lockon"],"picked":"Rebound+1","floor":30},{"not_picked":["Fusion","Glacier"],"picked":"Blizzard","floor":31}],"player_experience":331684,"relics_obtained":[{"floor":4.0,"key":"Anchor"},{"floor":6.0,"key":"Oddly Smooth Stone"},{"floor":8.0,"key":"Darkstone Periapt"},{"floor":9.0,"key":"Strawberry"},{"floor":19.0,"key":"Red Mask"},{"floor":23.0,"key":"Nunchaku"},{"floor":25.0,"key":"Boot"},{"floor":26.0,"key":"FossilizedHelix"},{"floor":31,"key":"Ornamental Fan"}],"event_choices":[{"cards_removed":["Defend_B"],"damage_healed":0.0,"max_hp_gain":0.0,"max_hp_loss":0.0,"gold_gain":0.0,"event_name":"Golden Wing","player_choice":"Card Removal","floor":2.0,"gold_loss":0.0,"damage_taken":7.0},{"damage_healed":0.0,"max_hp_gain":0.0,"max_hp_loss":0.0,"gold_gain":75.0,"event_name":"World of Goop","player_choice":"Gather Gold","floor":3.0,"gold_loss":0.0,"damage_taken":11.0},{"damage_healed":0.0,"max_hp_gain":0.0,"max_hp_loss":0.0,"gold_gain":0.0,"event_name":"Masked Bandits","player_choice":"Fought Bandits","floor":19.0,"gold_loss":0.0,"damage_taken":0.0},{"damage_healed":27.0,"max_hp_gain":0.0,"max_hp_loss":0.0,"gold_gain":0.0,"event_name":"The Library","player_choice":"Heal","floor":21.0,"gold_loss":0.0,"damage_taken":0.0},{"cards_removed":["Strike_B"],"damage_healed":0.0,"max_hp_gain":0.0,"max_hp_loss":0.0,"gold_gain":0.0,"event_name":"Purifier","player_choice":"Purged","floor":22.0,"gold_loss":0.0,"damage_taken":0.0}],"is_beta":false,"boss_relics":[{"not_picked":["Empty Cage","Ectoplasm"],"picked":"Nuclear Battery"}],"items_purged_floors":[20],"is_endless":false,"potions_floor_spawned":[5,8,13,14,18,25,31],"killed_by":"Collector","ascension_level":1}}