{"host":"xy5qih4nvxccm4rc","time":1609368733,"event":{"mods":["AchievementEnabler","BaseMod","Minty Spire (QoL Compilation)","StSLib"],"gold_per_floor":[114,114,64,64,64,99,99,110,190,204,238,238,257,283,283,385,385,397,433,11,27,27,58,68,102,149,175,100,131,151,167,167,271,271,282,282,300,166,177,177,177,177,177,187,199,199,0,10,10,10,10],"floor_reached":50,"playtime":2166,"items_purged":[],"score":715,"play_id":"0af5d1dd-75ff-44ac-953d-df949aefbf47","local_time":"20201230165213","is_ascension_mode":true,"campfire_choices":[{"floor":7,"key":"RECALL"},{"data":"ForeignInfluence","floor":12,"key":"SMITH"},{"data":"Halt","floor":15,"key":"SMITH"},{"floor":32,"key":"REST"},{"data":"DeusExMachina","floor":40,"key":"SMITH"},{"data":"TalkToTheHand","floor":42,"key":"SMITH"},{"floor":49,"key":"REST"}],"circlet_count":0,"master_deck":["Strike_P+1","Defend_P+1","Eruption+1","Vigilance+1","JustLucky+1","FollowUp+1","ForeignInfluence+1","FlurryOfBlows+1","LikeWater+1","Halt+1","LessonLearned+1","Vengeance+1","Fasting2+1","SandsOfTime+1","EmptyMind","FlyingSleeves","Evaluate+1","DeusExMachina+1","TalkToTheHand+1","EmptyFist+1","BowlingBash+1","Establishment+1","CutThroughFate+1","SpiritShield+1","Evaluate+1","BattleHymn+1","CrushJoints+1","FearNoEvil","Clumsy","DevaForm","Worship+1","Jack Of All Trades","Swift Strike","Dramatic Entrance","FlurryOfBlows+1"],"relics":["PureWater","NeowsBlessing","Damaru","The Courier","StrikeDummy","Omamori","Cursed Key","OrangePellets","Strawberry","MealTicket","Blood Vial","Bag of Preparation","Anchor","Regal Pillow","Astrolabe","Letter Opener","Red Mask"],"acts_visited":["Exordium","TheCity","TheBeyond"],"potions_floor_usage":[11,19,24,27,29,29,29,33,44,45,45,48,50],"damage_taken":[{"damage":0,"enemies":"2 Louse","floor":1,"turns":1},{"damage":0,"enemies":"Gremlin Nob","floor":6,"turns":1},{"damage":0,"enemies":"Small Slimes","floor":8,"turns":1},{"damage":0,"enemies":"Cultist","floor":10,"turns":2},{"damage":0,"enemies":"3 Sentries","floor":11,"turns":3},{"damage":0,"enemies":"Large Slime","floor":13,"turns":2},{"damage":0,"enemies":"Slime Boss","floor":16,"turns":5},{"damage":8,"enemies":"Spheric Guardian","floor":18,"turns":4},{"damage":0,"enemies":"Chosen","floor":19,"turns":4},{"damage":7,"enemies":"Sentry and Sphere","floor":21,"turns":3},{"damage":18,"enemies":"Gremlin Leader","floor":23,"turns":3},{"damage":14,"enemies":"Cultist and Chosen","floor":24,"turns":4},{"damage":9,"enemies":"Book of Stabbing","floor":25,"turns":5},{"damage":17,"enemies":"Gremlin Leader","floor":27,"turns":4},{"damage":0,"enemies":"Book of Stabbing","floor":29,"turns":3},{"damage":1,"enemies":"Centurion and Healer","floor":30,"turns":4},{"damage":2,"enemies":"Snecko","floor":31,"turns":3},{"damage":41,"enemies":"Automaton","floor":33,"turns":9},{"damage":0,"enemies":"Orb Walker","floor":35,"turns":2},{"damage":11,"enemies":"3 Shapes","floor":37,"turns":3},{"damage":36,"enemies":"Sphere and 2 Shapes","floor":39,"turns":3},{"damage":33,"enemies":"Writhing Mass","floor":44,"turns":5},{"damage":19,"enemies":"Maw","floor":45,"turns":6},{"damage":0,"enemies":"3 Darklings","floor":48,"turns":4},{"damage":95,"enemies":"Awakened One","floor":50,"turns":3}],"seed_played":"-612628724661585860","potions_obtained":[{"floor":1,"key":"BlessingOfTheForge"},{"floor":6,"key":"ColorlessPotion"},{"floor":10,"key":"AttackPotion"},{"floor":11,"key":"Ancient Potion"},{"floor":23,"key":"Weak Potion"},{"floor":25,"key":"AttackPotion"},{"floor":27,"key":"Fire Potion"},{"floor":31,"key":"LiquidBronze"},{"floor":44,"key":"SteroidPotion"},{"floor":45,"key":"AttackPotion"}],"is_trial":false,"path_per_floor":["M","?","?","?","?","E","R","M","T","M","E","R","M","T","R","B",null,"M","M","$","M","?","E","M","E","T","E","?","E","M","M","R","B",null,"M","?","M","$","M","R","?","R","T","M","M","?","?","M","R","B"],"character_chosen":"WATCHER","items_purchased":["Fasting2","OrangePellets","Strawberry","MealTicket","PowerPotion","FearPotion","Regen Potion"],"campfire_rested":2,"item_purchase_floors":[20,20,20,20,38,38,38],"current_hp_per_floor":[72,58,58,58,51,51,51,51,51,51,51,51,51,51,51,51,72,64,64,71,64,64,46,34,27,27,12,12,14,15,15,53,14,79,79,79,68,79,43,43,63,63,63,44,27,17,17,19,57,0,0],"gold":10,"neow_bonus":"THREE_ENEMY_KILL","is_daily":false,"chose_seed":false,"campfire_upgraded":4,"win_rate":0.0,"timestamp":1609368733,"path_taken":["M","?","?","?","?","E","R","M","T","M","E","R","M","?","R","BOSS","M","M","$","M","?","E","?","E","T","E","?","E","M","M","R","BOSS","M","?","M","$","M","R","?","R","T","M","M","?","?","M","R","BOSS"],"items_purchased_type":["Card","Relic","Relic","Relic","Potion","Potion","Potion"],"build_version":"2020-12-22","purchased_purges":0,"victory":false,"max_hp_per_floor":[72,72,72,72,72,72,72,72,72,72,72,72,72,72,72,72,72,72,72,79,79,79,79,79,79,79,79,79,79,79,79,79,79,79,79,79,79,79,79,79,79,79,79,79,79,79,79,79,79,79,79],"card_choices":[{"not_picked":["Study","WindmillStrike"],"picked":"JustLucky","floor":1},{"not_picked":["WindmillStrike","Study"],"picked":"FollowUp","floor":6},{"not_picked":["ClearTheMind","Evaluate"],"picked":"ForeignInfluence","floor":8},{"not_picked":["ForeignInfluence","Halt"],"picked":"FlurryOfBlows","floor":10},{"not_picked":["Meditate","SpiritShield"],"picked":"LikeWater","floor":11},{"not_picked":["Protect","Crescendo"],"picked":"Halt","floor":13},{"not_picked":["Devotion","SpiritShield"],"picked":"LessonLearned","floor":16},{"not_picked":["EmptyFist+1","PathToVictory"],"picked":"Vengeance","floor":18},{"not_picked":["Collect","Swivel"],"picked":"FlyingSleeves","floor":19},{"not_picked":["Halt","Pray"],"picked":"SandsOfTime","floor":21},{"not_picked":["EmptyMind","WreathOfFlame","Nirvana"],"picked":"SKIP","floor":23},{"not_picked":["WreathOfFlame","Nirvana"],"picked":"EmptyMind","floor":23},{"not_picked":["Sanctity","EmptyBody"],"picked":"FlyingSleeves","floor":24},{"not_picked":["JustLucky","FearNoEvil"],"picked":"Evaluate+1","floor":25},{"not_picked":["CrushJoints","ClearTheMind+1"],"picked":"DeusExMachina","floor":27},{"not_picked":["Evaluate","SignatureMove"],"picked":"TalkToTheHand","floor":29},{"not_picked":["FlyingSleeves","Pray+1"],"picked":"EmptyFist+1","floor":30},{"not_picked":["Prostrate","BattleHymn"],"picked":"BowlingBash+1","floor":31},{"not_picked":["DevaForm","DeusExMachina"],"picked":"Establishment","floor":33},{"not_picked":["Pray+1","CutThroughFate"],"picked":"BattleHymn+1","floor":35},{"not_picked":["Collect+1","ClearTheMind"],"picked":"CrushJoints+1","floor":37},{"not_picked":["EmptyFist+1","SashWhip"],"picked":"FearNoEvil","floor":39},{"not_picked":["SashWhip+1","Halt+1"],"picked":"DevaForm","floor":44},{"not_picked":["Collect+1","BowlingBash+1"],"picked":"Worship+1","floor":45},{"not_picked":["Forethought","Madness"],"picked":"Jack Of All Trades","floor":46},{"not_picked":["Impatience","Metamorphosis"],"picked":"Swift Strike","floor":46},{"not_picked":["Blind","Mind Blast"],"picked":"Dramatic Entrance","floor":46},{"not_picked":["Vengeance","Evaluate"],"picked":"FlurryOfBlows+1","floor":48}],"player_experience":326482,"relics_obtained":[{"floor":6,"key":"Damaru"},{"floor":9,"key":"The Courier"},{"floor":11,"key":"StrikeDummy"},{"floor":14,"key":"Omamori"},{"floor":23,"key":"Blood Vial"},{"floor":25,"key":"Bag of Preparation"},{"floor":27,"key":"Anchor"},{"floor":29,"key":"Regal Pillow"},{"floor":43,"key":"Letter Opener"}],"event_choices":[{"damage_healed":0,"gold_gain":0,"player_choice":"Entered Light","damage_taken":14,"max_hp_gain":0,"max_hp_loss":0,"event_name":"Shining Light","floor":2,"gold_loss":0,"cards_upgraded":["Vigilance","Strike_P"]},{"cards_removed":["Defend_P"],"damage_healed":0,"gold_gain":0,"player_choice":"Card Removal","damage_taken":0,"max_hp_gain":0,"max_hp_loss":0,"event_name":"The Cleric","floor":3,"gold_loss":50},{"damage_healed":0,"gold_gain":0,"player_choice":"Grow","damage_taken":0,"max_hp_gain":0,"max_hp_loss":0,"event_name":"Living Wall","floor":4,"gold_loss":0,"cards_upgraded":["Eruption"]},{"cards_removed":["Strike_P"],"damage_healed":0,"gold_gain":0,"player_choice":"Card Removal","damage_taken":7,"max_hp_gain":0,"max_hp_loss":0,"event_name":"Golden Wing","floor":5,"gold_loss":0},{"damage_healed":0,"gold_gain":0,"player_choice":"Forge","damage_taken":0,"max_hp_gain":0,"max_hp_loss":0,"event_name":"Accursed Blacksmith","floor":22,"gold_loss":0,"cards_upgraded":["LessonLearned"]},{"cards_removed":["Defend_P"],"damage_healed":0,"gold_gain":0,"player_choice":"Gave Gold","damage_taken":0,"max_hp_gain":0,"max_hp_loss":0,"event_name":"Beggar","floor":28,"gold_loss":75},{"cards_removed":["Strike_P"],"damage_healed":0,"gold_gain":0,"player_choice":"Removed Attack","damage_taken":0,"max_hp_gain":0,"max_hp_loss":0,"event_name":"Falling","floor":36,"gold_loss":0},{"damage_healed":20,"gold_gain":0,"player_choice":"Writhe","damage_taken":0,"max_hp_gain":0,"max_hp_loss":0,"event_name":"Winding Halls","floor":41,"gold_loss":0,"cards_obtained":["Writhe"]},{"damage_healed":0,"gold_gain":0,"player_choice":"Memory 3","damage_taken":10,"max_hp_gain":0,"max_hp_loss":0,"event_name":"SensoryStone","floor":46,"gold_loss":0},{"damage_healed":0,"gold_gain":0,"player_choice":"Paid","damage_taken":0,"relics_obtained":["Red Mask"],"max_hp_gain":0,"max_hp_loss":0,"event_name":"Tomb of Lord Red Mask","floor":47,"gold_loss":199}],"is_beta":false,"boss_relics":[{"not_picked":["Busted Crown","SacredBark"],"picked":"Cursed Key"},{"not_picked":["Coffee Dripper","Tiny House"],"picked":"Astrolabe"}],"items_purged_floors":[],"is_endless":false,"potions_floor_spawned":[1,6,10,11,18,23,25,27,31,44,45],"killed_by":"Awakened One","ascension_level":1}}