{"host":"n3vqtvx9hbigdfc4","time":1609308545,"event":{"mods":["AchievementEnabler","BaseMod","Better Third Choice","Block Reminder","Colored Map","Colored Powertips","Downfall","Minty Spire (QoL Compilation)","Permanent Neow","Rare Cards Sparkle","Relic Stats","Replay The Spire","Shop Mod","StSLib"],"gold_per_floor":[118,293,311,328,8,40,40,40,40],"floor_reached":8,"playtime":617,"items_purged":["Doubt"],"score":84,"play_id":"f7eb59b0-eb22-4b63-827e-a338a96442fe","local_time":"20201230000905","is_ascension_mode":true,"campfire_choices":[{"data":"Bandage Up","floor":7,"key":"SMITH"}],"circlet_count":0,"master_deck":["AscendersBane","Strike_R","Strike_R","Strike_R","Strike_R","Defend_R","Defend_R","Defend_R","Defend_R","Bash","Thunderclap","Flex","Cleave","Bandage Up+1","ReplayTheSpireMod:Stacked"],"relics":["Burning Blood","Medical Kit","Chameleon Ring"],"acts_visited":["Exordium"],"potions_floor_usage":[8],"damage_taken":[{"damage":6,"enemies":"2 Louse","floor":1,"turns":3},{"damage":6,"enemies":"Jaw Worm","floor":3,"turns":7},{"damage":5,"enemies":"Small Slimes","floor":4,"turns":4},{"damage":62,"enemies":"Lagavulin","floor":6,"turns":8},{"damage":30,"enemies":"3 Sentries","floor":8,"turns":9}],"seed_played":"3944056161386345647","potions_obtained":[{"floor":6,"key":"HeartOfIron"}],"is_trial":false,"path_per_floor":["M","?","M","M","$","E","R","E"],"character_chosen":"IRONCLAD","items_purchased":["Medical Kit","Bandage Up"],"campfire_rested":0,"item_purchase_floors":[5,5],"current_hp_per_floor":[72,72,72,73,73,21,21,0,0],"gold":40,"neow_bonus":"RANDOM_EVENT","is_daily":false,"chose_seed":false,"campfire_upgraded":1,"win_rate":0.0,"timestamp":1609308545,"path_taken":["M","?","M","M","$","E","R","E"],"items_purchased_type":["Relic","Card"],"build_version":"2020-12-22","purchased_purges":1,"victory":false,"max_hp_per_floor":[80,80,80,80,80,80,80,80,80],"relic_stats":{"counters":[5,31],"Medical Kit":[1],"obtain_stats":[{"Chameleon Ring":6,"Medical Kit":5,"Burning Blood":0},{"Chameleon Ring":4,"Medical Kit":3,"Burning Blood":0},{"Chameleon Ring":22,"Medical Kit":14,"Burning Blood":0}],"Burning Blood":24},"card_choices":[{"not_picked":["Wild Strike","ReplayTheSpireMod:Strike From Hell"],"picked":"Thunderclap","floor":1},{"not_picked":["Massacre","Perfected Strike"],"picked":"Flex","floor":3},{"not_picked":["Corruption","Twin Strike"],"picked":"Cleave","floor":4},{"not_picked":["Inflame","ReplayTheSpireMod:Muscle Training"],"picked":"ReplayTheSpireMod:Stacked","floor":6}],"player_experience":481786,"relics_obtained":[{"floor":6,"key":"Chameleon Ring"}],"event_choices":[{"damage_healed":0,"gold_gain":175,"player_choice":"AGREE","damage_taken":118,"max_hp_gain":0,"max_hp_loss":0,"event_name":"betterThird:BetterSerpent","floor":2,"gold_loss":0}],"is_beta":false,"boss_relics":[],"items_purged_floors":[5],"is_endless":false,"potions_floor_spawned":[6],"killed_by":"3 Sentries","ascension_level":10}}