{"host":"j0vzbnzm6n2ctevn","time":1609312022,"event":{"mods":["AchievementEnabler","BaseMod","Minty Spire (QoL Compilation)","Quick Restart","Shop Mod","Spicy Shops","StSLib"],"gold_per_floor":[115,65,65,65,82,94,129,129,154,186,198,226,278,313,325,465,477,479,33,51,51,64,64,105,105,131,170,170,184,184,204,204,329,329,354,375,52,52,52],"floor_reached":38,"playtime":2429,"items_purged":["Strike_B","Defend_B"],"score":451,"play_id":"3225ba58-11fa-4059-b45b-c28450268f03","local_time":"20201230150702","is_ascension_mode":false,"campfire_choices":[{"floor":11.0,"key":"REST"},{"floor":15.0,"key":"REST"},{"data":"Strike_B","floor":23.0,"key":"PURGE"},{"data":"Defend_B","floor":25.0,"key":"PURGE"},{"floor":28,"key":"REST"},{"floor":32,"key":"REST"}],"circlet_count":0,"master_deck":["Strike_B+1","Defend_B","Defend_B+1","Zap","Dualcast","Buffer","Gash","Cold Snap","Glacier","Melter","Cold Snap","Glacier","Gash","All For One","Defragment","Coolheaded","Blizzard","Capacitor","White Noise+1","Self Repair","Chill","Buffer","Self Repair+1"],"relics":["Cracked Core","Centennial Puzzle","Golden Idol","Gambling Chip","Inserter","Peace Pipe","Incense Burner","Regal Pillow","Omamori","Strawberry","MerchantsRug","Lee\u0027s Waffle"],"acts_visited":["Exordium","TheCity","TheBeyond"],"potions_floor_usage":[27,38,38],"damage_taken":[{"damage":8.0,"enemies":"Small Slimes","floor":1.0,"turns":4.0},{"damage":0.0,"enemies":"Jaw Worm","floor":5.0,"turns":4.0},{"damage":0.0,"enemies":"Cultist","floor":6.0,"turns":3.0},{"damage":16.0,"enemies":"3 Sentries","floor":7.0,"turns":13.0},{"damage":0.0,"enemies":"Blue Slaver","floor":10.0,"turns":4.0},{"damage":0.0,"enemies":"Looter","floor":12.0,"turns":3.0},{"damage":15.0,"enemies":"Lagavulin","floor":13.0,"turns":9.0},{"damage":0.0,"enemies":"Exordium Thugs","floor":14.0,"turns":5.0},{"damage":25.0,"enemies":"Slime Boss","floor":16.0,"turns":13.0},{"damage":1.0,"enemies":"2 Thieves","floor":18.0,"turns":5.0},{"damage":9.0,"enemies":"Chosen","floor":20.0,"turns":5.0},{"damage":6.0,"enemies":"Shelled Parasite and Fungi","floor":22.0,"turns":8.0},{"damage":9.0,"enemies":"Book of Stabbing","floor":24.0,"turns":9.0},{"damage":66,"enemies":"Slavers","floor":27,"turns":9},{"damage":0,"enemies":"Snecko","floor":29,"turns":8},{"damage":22,"enemies":"Centurion and Healer","floor":31,"turns":10},{"damage":3,"enemies":"Champ","floor":33,"turns":16},{"damage":4,"enemies":"Orb Walker","floor":35,"turns":7},{"damage":35,"enemies":"3 Shapes","floor":36,"turns":5},{"damage":105,"enemies":"2 Orb Walkers","floor":38,"turns":6}],"seed_played":"7026639968230188242","potions_obtained":[{"floor":1.0,"key":"FairyPotion"},{"floor":5.0,"key":"SpeedPotion"},{"floor":7.0,"key":"DistilledChaos"},{"floor":18.0,"key":"Dexterity Potion"},{"floor":27,"key":"AttackPotion"},{"floor":35,"key":"Ancient Potion"}],"is_trial":false,"path_per_floor":["M","?","$","?","M","M","E","?","T","M","R","M","E","M","R","B",null,"M","$","M","$","M","R","E","R","T","E","R","M","?","M","R","B",null,"M","M","$","?"],"character_chosen":"DEFECT","items_purchased":["Defragment","Coolheaded","Peace Pipe","Strawberry","MerchantsRug","Lee\u0027s Waffle"],"campfire_rested":4,"item_purchase_floors":[19,19,19,37,37,37],"current_hp_per_floor":[67,67,67,52,52,52,36,18,18,18,40,40,25,25,47,22,75,74,74,65,65,59,59,50,50,50,22,59,59,59,44,75,75,75,71,43,89,0,0],"gold":52,"neow_bonus":"ONE_RANDOM_RARE_CARD","is_daily":false,"chose_seed":false,"campfire_upgraded":0,"win_rate":0.0,"timestamp":1609312022,"path_taken":["M","?","$","?","M","M","E","?","T","?","R","M","E","M","R","BOSS","M","?","M","$","M","R","E","R","T","E","R","M","?","M","R","BOSS","M","M","$","?"],"items_purchased_type":["Card","Card","Relic","Relic","Relic","Relic"],"build_version":"2020-12-22","purchased_purges":2,"victory":false,"max_hp_per_floor":[75,75,75,75,75,75,75,75,75,75,75,75,75,75,75,75,75,75,75,75,75,75,75,75,75,75,75,75,75,75,75,75,75,75,75,75,89,89,89],"card_choices":[{"not_picked":["Force Field","Compile Driver"],"picked":"Gash","floor":1.0},{"not_picked":["Aggregate","Streamline"],"picked":"Cold Snap","floor":5.0},{"not_picked":["Heatsinks","Cold Snap"],"picked":"Glacier","floor":6.0},{"not_picked":["Seek","Hologram"],"picked":"Melter","floor":7.0},{"not_picked":["Reprogram","Ball Lightning"],"picked":"Cold Snap","floor":10.0},{"not_picked":["Aggregate","Go for the Eyes"],"picked":"Glacier","floor":12.0},{"not_picked":["White Noise","Doom and Gloom"],"picked":"Gash","floor":13.0},{"not_picked":["Stack","Chaos","Auto Shields"],"picked":"SKIP","floor":14.0},{"not_picked":["Amplify","Seek"],"picked":"All For One","floor":16.0},{"not_picked":["BootSequence","Compile Driver","Beam Cell"],"picked":"SKIP","floor":18.0},{"not_picked":["Storm","Compile Driver+1"],"picked":"Blizzard","floor":20.0},{"not_picked":["Streamline","Buffer"],"picked":"Capacitor","floor":22.0},{"not_picked":["Barrage","Static Discharge","Compile Driver"],"picked":"SKIP","floor":24.0},{"not_picked":["Conserve Battery","Rip and Tear"],"picked":"White Noise+1","floor":27},{"not_picked":["Coolheaded","Hello World"],"picked":"Self Repair","floor":29},{"not_picked":["Streamline","Seek","Steam"],"picked":"SKIP","floor":31},{"not_picked":["Reboot","Creative AI"],"picked":"Buffer","floor":33},{"not_picked":["Conserve Battery","Chill+1","Go for the Eyes"],"picked":"SKIP","floor":35},{"not_picked":["Go for the Eyes","Gash+1"],"picked":"Self Repair+1","floor":36}],"player_experience":61175,"relics_obtained":[{"floor":7.0,"key":"Centennial Puzzle"},{"floor":9.0,"key":"MawBank"},{"floor":13.0,"key":"Gambling Chip"},{"floor":24.0,"key":"Incense Burner"},{"floor":26.0,"key":"Regal Pillow"},{"floor":27,"key":"Omamori"}],"event_choices":[{"cards_removed":["Strike_B"],"damage_healed":0.0,"max_hp_gain":0.0,"max_hp_loss":0.0,"gold_gain":0.0,"event_name":"The Cleric","player_choice":"Card Removal","floor":2.0,"gold_loss":50.0,"damage_taken":0.0},{"damage_healed":0.0,"max_hp_gain":0.0,"max_hp_loss":0.0,"gold_gain":0.0,"event_name":"Shining Light","player_choice":"Entered Light","floor":4.0,"gold_loss":0.0,"damage_taken":15.0,"cards_upgraded":["Strike_B","Defend_B"]},{"damage_healed":0.0,"max_hp_gain":0.0,"max_hp_loss":0.0,"gold_gain":0.0,"event_name":"Golden Idol","player_choice":"Take Damage","floor":8.0,"gold_loss":0.0,"damage_taken":18.0,"relics_obtained":["Golden Idol"]},{"damage_healed":0,"gold_gain":0,"player_choice":"Read","damage_taken":0,"max_hp_gain":0,"max_hp_loss":0,"event_name":"The Library","floor":30,"gold_loss":0,"cards_obtained":["Chill"]},{"damage_healed":0,"gold_gain":0,"player_choice":"Fight","damage_taken":0,"max_hp_gain":0,"max_hp_loss":0,"event_name":"Mysterious Sphere","floor":38,"gold_loss":0}],"is_beta":false,"boss_relics":[{"not_picked":["SlaversCollar","Fusion Hammer"],"picked":"Inserter"},{"not_picked":["Runic Pyramid","Pandora\u0027s Box"],"picked":"Snecko Eye"}],"items_purged_floors":[19,37],"is_endless":false,"potions_floor_spawned":[1,5,7,13,18,20,22,27,35],"killed_by":"2 Orb Walkers","ascension_level":0}}