{"host":"jl15pmpb41l0mhji","time":1609290028,"event":{"mods":["2.2 Compatiblity","AchievementEnabler","BaseMod","Better Altar","Better Match","Better Note","Better Sensory Stone","Better Skull","Better Third Choice","Better Vampires","Colored Map","Displayed Cursed Tome","Emptier Cage","Hermit","Highlight Path","Minty Spire (QoL Compilation)","Permanent Neow","Random Character Button","Relic Stats","StSLib","The Hierophant"],"gold_per_floor":[110,185,199,8,21,55,55,55,128,158,178,195,222,234,246,363,375,404,430,442,48,48,48,48,48,71,71,71,124,140,183,183,278,278,323,437,481,481,516,545,545,40,65,93,138,138,179,179,179,179],"floor_reached":51,"playtime":4412,"items_purged":["Strike_G","Defend_G"],"score":883,"play_id":"03723779-bd14-4bf2-bd4b-cfdccec6d558","local_time":"20201229190028","is_ascension_mode":true,"campfire_choices":[{"data":"Noxious Fumes","floor":7,"key":"SMITH"},{"data":"Terror","floor":15,"key":"SMITH"},{"data":"Backflip","floor":23,"key":"SMITH"},{"data":"Bite","floor":25,"key":"SMITH"},{"data":"HandOfGreed","floor":27,"key":"SMITH"},{"floor":32,"key":"REST"},{"data":"Tactician","floor":41,"key":"SMITH"},{"data":"Bite","floor":49,"key":"SMITH"}],"circlet_count":0,"master_deck":["Defend_G","Defend_G+1","Defend_G+1","Survivor","Neutralize","Terror+1","Backflip+1","Flash of Steel","Flying Knee+1","Dagger Throw","Noxious Fumes+1","Leg Sweep","Unload+1","Well Laid Plans+1","Tactician+1","Die Die Die","Malaise+1","Adrenaline+1","Doppelganger+1","Outmaneuver+1","Sucker Punch+1","Eruption","HandOfGreed+1","Footwork+1","Footwork+1","Bite+1","Bite+1","Backflip+1","Underhanded Strike+1","Escape Plan+1","Backstab","Bullet Time","Blur+1","Crippling Poison+1","Backstab+1"],"relics":["Ring of the Snake","Nunchaku","Tiny Chest","Frozen Egg 2","Pocketwatch","MawBank","Astrolabe","DollysMirror","Whetstone","FossilizedHelix","Prayer Wheel","Busted Crown","Akabeko","Potion Belt","Bottled Tornado","Shuriken","Cauldron","Anchor","Pear","Art of War","Incense Burner"],"acts_visited":["Exordium","TheCity","TheBeyond"],"potions_floor_usage":[12,13,33,33,40,40,45,45,50,50,50],"damage_taken":[{"damage":2,"enemies":"Small Slimes","floor":1,"turns":8},{"damage":0,"enemies":"Jaw Worm","floor":3,"turns":4},{"damage":0,"enemies":"2 Louse","floor":5,"turns":3},{"damage":10,"enemies":"3 Sentries","floor":6,"turns":8},{"damage":17,"enemies":"Lagavulin","floor":10,"turns":6},{"damage":0,"enemies":"Blue Slaver","floor":11,"turns":4},{"damage":0,"enemies":"Exordium Wildlife","floor":12,"turns":4},{"damage":1,"enemies":"Gremlin Nob","floor":13,"turns":4},{"damage":3,"enemies":"The Guardian","floor":16,"turns":9},{"damage":0,"enemies":"Spheric Guardian","floor":18,"turns":3},{"damage":4,"enemies":"Shell Parasite","floor":19,"turns":5},{"damage":40,"enemies":"Slavers","floor":29,"turns":4},{"damage":4,"enemies":"Snake Plant","floor":30,"turns":3},{"damage":6,"enemies":"Shelled Parasite and Fungi","floor":31,"turns":5},{"damage":0,"enemies":"Automaton","floor":33,"turns":6},{"damage":0,"enemies":"Orb Walker","floor":35,"turns":2},{"damage":0,"enemies":"3 Shapes","floor":37,"turns":3},{"damage":0,"enemies":"Maw","floor":39,"turns":4},{"damage":0,"enemies":"Reptomancer","floor":40,"turns":5},{"damage":0,"enemies":"Giant Head","floor":44,"turns":6},{"damage":0,"enemies":"4 Shapes","floor":45,"turns":3},{"damage":0,"enemies":"3 Darklings","floor":47,"turns":5},{"damage":61,"enemies":"Awakened One","floor":50,"turns":8}],"seed_played":"1322006265192804170","potions_obtained":[{"floor":1,"key":"GamblersBrew"},{"floor":3,"key":"SmokeBomb"},{"floor":11,"key":"Fire Potion"},{"floor":12,"key":"GhostInAJar"},{"floor":16,"key":"Strength Potion"},{"floor":18,"key":"SpeedPotion"},{"floor":31,"key":"Dexterity Potion"},{"floor":35,"key":"CunningPotion"},{"floor":42,"key":"SpeedPotion"},{"floor":42,"key":"Explosive Potion"},{"floor":42,"key":"Weak Potion"},{"floor":42,"key":"Explosive Potion"},{"floor":42,"key":"DistilledChaos"},{"floor":47,"key":"SpeedPotion"}],"is_trial":false,"path_per_floor":["M","?","M","$","M","E","R","?","T","E","M","M","E","$","R","B",null,"M","M","?","$","?","R","$","R","T","R","T","E","M","M","R","B",null,"M","?","M","T","M","E","R","$","T","E","M","T","M","T","R","B",null],"character_chosen":"THE_SILENT","items_purchased":["Flash of Steel","Flying Knee","HandOfGreed","Footwork+1","DollysMirror","Shuriken","Cauldron"],"campfire_rested":1,"item_purchase_floors":[4,4,21,21,21,42,42],"current_hp_per_floor":[68,57,57,57,57,47,47,33,33,16,16,16,15,15,15,12,70,70,66,66,66,61,61,61,61,61,61,61,26,27,28,46,54,61,61,43,48,48,53,60,60,60,60,71,71,71,71,71,71,19],"gold":179,"neow_bonus":"RANDOM_COMMON_RELIC","is_daily":false,"chose_seed":false,"campfire_upgraded":7,"win_rate":0.0,"timestamp":1609290028,"path_taken":["M","?","M","$","M","E","R","?","T","E","M","M","E","$","R","BOSS","M","M","?","$","?","R","$","R","T","R","?","E","M","M","R","BOSS","M","?","?","?","M","E","R","$","T","E","M","?","M","?","R","BOSS"],"items_purchased_type":["Card","Card","Card","Card","Relic","Relic","Relic"],"build_version":"2020-12-22","purchased_purges":2,"victory":true,"max_hp_per_floor":[70,70,70,70,70,70,70,70,70,70,70,70,70,70,70,70,70,70,70,70,70,61,61,61,61,61,61,61,61,61,61,61,61,61,61,61,61,61,61,61,61,61,61,71,71,71,71,71,71,71],"relic_stats":{"counters":[23,112],"Astrolabe":["Malaise","Adrenaline","Doppelganger"],"Whetstone":["Unload","Flying Knee"],"MawBank":96,"Nunchaku":[28],"Busted Crown":26,"Shuriken":[15],"Tiny Chest":2,"Prayer Wheel":7,"Art of War":[0],"obtain_stats":[{"Potion Belt":38,"Pear":44,"Astrolabe":17,"Incense Burner":48,"Whetstone":26,"Frozen Egg 2":9,"Bottled Tornado":40,"MawBank":13,"Akabeko":36,"Cauldron":42,"Nunchaku":0,"Anchor":43,"Busted Crown":34,"DollysMirror":21,"Shuriken":42,"Tiny Chest":6,"Prayer Wheel":29,"Art of War":46,"FossilizedHelix":28,"Ring of the Snake":0,"Pocketwatch":10},{"Potion Belt":17,"Pear":20,"Astrolabe":9,"Incense Burner":22,"Whetstone":11,"Frozen Egg 2":4,"Bottled Tornado":19,"MawBank":8,"Akabeko":16,"Cauldron":19,"Nunchaku":0,"Anchor":19,"Busted Crown":15,"DollysMirror":11,"Shuriken":19,"Tiny Chest":4,"Prayer Wheel":12,"Art of War":21,"FossilizedHelix":11,"Ring of the Snake":0,"Pocketwatch":5},{"Potion Belt":81,"Pear":96,"Astrolabe":50,"Incense Burner":104,"Whetstone":58,"Frozen Egg 2":23,"Bottled Tornado":90,"MawBank":41,"Akabeko":78,"Cauldron":90,"Nunchaku":0,"Anchor":90,"Busted Crown":76,"DollysMirror":58,"Shuriken":90,"Tiny Chest":23,"Prayer Wheel":62,"Art of War":99,"FossilizedHelix":58,"Ring of the Snake":0,"Pocketwatch":29}],"Ring of the Snake":[46],"Pocketwatch":[36]},"card_choices":[{"not_picked":["Bane","Blade Dance"],"picked":"Terror","floor":1},{"not_picked":["Flying Knee","Skewer"],"picked":"Backflip","floor":3},{"not_picked":["All Out Attack","Deadly Poison"],"picked":"Dagger Throw","floor":5},{"not_picked":["Heel Hook","Deflect"],"picked":"Noxious Fumes","floor":6},{"not_picked":["PiercingWail","Deadly Poison"],"picked":"Leg Sweep","floor":10},{"not_picked":["Accuracy+1","Dagger Spray"],"picked":"Unload","floor":11},{"not_picked":["Heel Hook","Acrobatics"],"picked":"Well Laid Plans+1","floor":12},{"not_picked":["Dagger Spray","Quick Slash"],"picked":"Tactician","floor":13},{"not_picked":["Wraith Form v2+1","Burst"],"picked":"Die Die Die","floor":16},{"not_picked":["Slice","Cloak And Dagger"],"picked":"Outmaneuver+1","floor":18},{"not_picked":["Sucker Punch+1","Endless Agony","Deflect"],"picked":"SKIP","floor":19},{"not_picked":["Endless Agony","Deflect"],"picked":"Sucker Punch+1","floor":19},{"not_picked":["Bane","Acrobatics"],"picked":"Backflip+1","floor":29},{"not_picked":["Blade Dance","Noxious Fumes+1"],"picked":"Underhanded Strike+1","floor":30},{"not_picked":["Skewer","Expertise"],"picked":"Escape Plan+1","floor":30},{"not_picked":["Crippling Poison","Quick Slash"],"picked":"Backstab","floor":31},{"not_picked":["Sucker Punch","All Out Attack","Wraith Form v2+1"],"picked":"SKIP","floor":31},{"not_picked":["Venomology","Malaise"],"picked":"Bullet Time","floor":33},{"not_picked":["Dagger Throw"],"picked":"SKIP","floor":35},{"not_picked":["Slice+1"],"picked":"SKIP","floor":35},{"not_picked":["Backflip"],"picked":"SKIP","floor":37},{"not_picked":["Prepared"],"picked":"SKIP","floor":37},{"not_picked":["Masterful Stab+1"],"picked":"SKIP","floor":39},{"not_picked":["Outmaneuver+1"],"picked":"SKIP","floor":39},{"not_picked":[],"picked":"Blur+1","floor":40},{"not_picked":["Acrobatics+1"],"picked":"SKIP","floor":44},{"not_picked":[],"picked":"Crippling Poison+1","floor":45},{"not_picked":["Escape Plan"],"picked":"SKIP","floor":45},{"not_picked":[],"picked":"Backstab+1","floor":47},{"not_picked":["Dash"],"picked":"SKIP","floor":47}],"player_experience":1651008,"relics_obtained":[{"floor":6,"key":"Tiny Chest"},{"floor":9,"key":"Frozen Egg 2"},{"floor":10,"key":"Pocketwatch"},{"floor":13,"key":"MawBank"},{"floor":26,"key":"Whetstone"},{"floor":28,"key":"FossilizedHelix"},{"floor":29,"key":"Prayer Wheel"},{"floor":38,"key":"Potion Belt"},{"floor":40,"key":"Bottled Tornado"},{"floor":43,"key":"Anchor"},{"floor":44,"key":"Pear"},{"floor":46,"key":"Art of War"},{"floor":48,"key":"Incense Burner"}],"event_choices":[{"damage_healed":0,"gold_gain":75,"player_choice":"Gold","damage_taken":11,"max_hp_gain":0,"max_hp_loss":0,"event_name":"betterThird:BetterGoop","floor":2,"gold_loss":0},{"damage_healed":47,"gold_gain":0,"player_choice":"Upgrade","damage_taken":14,"max_hp_gain":0,"max_hp_loss":70,"event_name":"betterThird:BetterShining","floor":8,"gold_loss":0,"cards_upgraded":["Defend_G","Defend_G"]},{"cards_removed":["Neutralize"],"damage_healed":0,"gold_gain":0,"player_choice":"Take \u0026 Give","damage_taken":0,"max_hp_gain":0,"max_hp_loss":0,"event_name":"betterNote:BetterNote","floor":20,"gold_loss":0,"cards_obtained":["Eruption"]},{"damage_healed":0,"gold_gain":0,"player_choice":"Became a vampire","damage_taken":0,"max_hp_gain":0,"max_hp_loss":9,"event_name":"Vampires","floor":22,"gold_loss":0,"cards_obtained":["Bite","Bite"]},{"damage_healed":0,"gold_gain":114,"player_choice":"RE GO ","damage_taken":21,"relics_obtained":["Akabeko"],"max_hp_gain":0,"max_hp_loss":0,"event_name":"betterSkull:BetterSkull","floor":36,"gold_loss":0,"cards_upgraded":[]}],"is_beta":false,"boss_relics":[{"not_picked":["Pandora\u0027s Box","Tiny House"],"picked":"Astrolabe"},{"not_picked":["Black Star","Coffee Dripper"],"picked":"Busted Crown"}],"items_purged_floors":[4,42],"is_endless":false,"potions_floor_spawned":[1,3,11,12,16,18,31,35,44,47],"ascension_level":1}}