{"host":"5gc11emcm5chfr5t","time":1609354030,"event":{"mods":["2.2 Compatiblity","AchievementEnabler","BaseMod","Bestiary","Better Note","Colored Map","Colored Powertips","Downfall","Googly Eyes","Minty Spire (QoL Compilation)","Rare Cards Sparkle","StSLib"],"gold_per_floor":[99,99,99,99,115,131,157,188,38,49,49,66,216,228,244,381,381,306,392,342,416,416,541,541],"floor_reached":23,"playtime":787,"items_purged":[],"score":382,"play_id":"66efde11-c4c4-45f2-a32c-b5b5954c8f01","local_time":"20201230134710","is_ascension_mode":true,"campfire_choices":[{"floor":1,"key":"RECALL"},{"floor":9,"key":"REST"},{"floor":11,"key":"REST"},{"data":"sneckomod:GlitteringGambit","floor":18,"key":"SMITH"}],"circlet_count":0,"master_deck":["AscendersBane","sneckomod:Defend","sneckomod:Defend","sneckomod:Defend","sneckomod:TailWhip","sneckomod:SnekBite","sneckomod:Unknown","sneckomod:Unknown","sneckomod:ImprovisedGuard","sneckomod:WideSting","sneckomod:UnknownRarePower","sneckomod:SnekBeam","sneckomod:UnknownEthereal","sneckomod:UnknownClassBLUE","sneckomod:Unknown2Cost","sneckomod:UnknownStrength","Doubt","sneckomod:UnknownClassGREEN","hexamod:FirstSeal","sneckomod:GlitteringGambit+1","sneckomod:UnknownColorless","sneckomod:UnknownBlock","sneckomod:SoulRoll","Slimebound:Tackle+1","Slimebound:Tackle+1","Slimebound:Tackle+1"],"relics":["sneckomod:SneckoSoul","downfall:HeartsMalice","Akabeko","downfall:HeartBlessingGreen","downfall:HeartBlessingBlue","Busted Crown","downfall:HeartBlessingRed"],"acts_visited":["Exordium","TheCity"],"potions_floor_usage":[8,8,10,12,21],"damage_taken":[{"damage":0,"enemies":"Cultist","floor":2,"turns":1},{"damage":0,"enemies":"Jaw Worm","floor":3,"turns":1},{"damage":0,"enemies":"downfall:FleeingMerchant","floor":4,"turns":1},{"damage":15,"enemies":"2 Louse","floor":5,"turns":2},{"damage":7,"enemies":"Exordium Wildlife","floor":6,"turns":3},{"damage":7,"enemies":"Gremlin Nob","floor":8,"turns":4},{"damage":9,"enemies":"Large Slime","floor":10,"turns":6},{"damage":6,"enemies":"Red Slaver","floor":12,"turns":4},{"damage":0,"enemies":"3 Louse","floor":14,"turns":2},{"damage":24,"enemies":"2 Fungi Beasts","floor":15,"turns":4},{"damage":71,"enemies":"downfall:Watcher","floor":16,"turns":14},{"damage":19,"enemies":"Chosen","floor":19,"turns":5},{"damage":57,"enemies":"Centurion and Healer","floor":21,"turns":7},{"damage":63,"enemies":"Slavers","floor":23,"turns":4}],"seed_played":"-9011007557179341115","potions_obtained":[{"floor":5,"key":"hexamod:EctoCoolerPotion"},{"floor":6,"key":"Slimebound:ThreeZeroPotion"},{"floor":8,"key":"Block Potion"},{"floor":10,"key":"sneckomod:DiceRollPotion"},{"floor":12,"key":"FairyPotion"},{"floor":16,"key":"champ:CounterPotion"}],"is_trial":false,"path_per_floor":["R","M","M","$","M","M","T","E","R","M","R","M","?","M","M","B",null,"R","M","?","M","?","E"],"character_chosen":"THE_SNECKO","items_purchased":[],"campfire_rested":2,"item_purchase_floors":[],"current_hp_per_floor":[75,75,75,76,61,55,55,49,87,79,97,92,92,93,69,44,86,86,75,101,51,51,0,0],"gold":541,"neow_bonus":"THREE_ENEMY_KILL","is_daily":false,"chose_seed":false,"campfire_upgraded":1,"win_rate":0.0,"timestamp":1609354030,"path_taken":["R","M","M","?","M","M","T","E","R","M","R","?","?","M","M","BOSS","R","M","?","M","?","E"],"items_purchased_type":[],"build_version":"2020-12-22","purchased_purges":0,"victory":false,"max_hp_per_floor":[83,83,83,84,84,85,85,86,96,97,97,98,98,99,99,100,100,100,101,101,101,101,101,101],"card_choices":[{"not_picked":["sneckomod:Nope","sneckomod:RainOfDice"],"picked":"sneckomod:ImprovisedGuard","floor":2},{"not_picked":["sneckomod:ImprovisedGuard","sneckomod:Unknown1Cost"],"picked":"sneckomod:WideSting","floor":3},{"not_picked":["sneckomod:DiceBlock","sneckomod:PureSnecko"],"picked":"sneckomod:UnknownRarePower","floor":4},{"not_picked":["sneckomod:Unknown1Cost","sneckomod:SoulDraw"],"picked":"sneckomod:SnekBeam","floor":5},{"not_picked":["sneckomod:UnknownCommonSkill","sneckomod:QuickMove"],"picked":"sneckomod:UnknownEthereal","floor":6},{"not_picked":["sneckomod:UnknownStrike","sneckomod:Nope"],"picked":"sneckomod:UnknownClassBLUE","floor":8},{"not_picked":["sneckomod:Nope","sneckomod:UnknownCommonAttack"],"picked":"sneckomod:Unknown2Cost","floor":10},{"not_picked":["sneckomod:UnknownCommonAttack","sneckomod:CheapStock"],"picked":"sneckomod:UnknownStrength","floor":12},{"not_picked":["sneckomod:DiceCrush","sneckomod:SoulCleanse"],"picked":"sneckomod:UnknownClassGREEN","floor":14},{"not_picked":["hexamod:FourthSeal","hexamod:ThirdSeal"],"picked":"hexamod:FirstSeal","floor":15},{"not_picked":["sneckomod:Nope","sneckomod:Unknown2Cost"],"picked":"sneckomod:GlitteringGambit","floor":15},{"not_picked":["sneckomod:UnlimitedRolls","sneckomod:MorePower"],"picked":"sneckomod:UnknownColorless","floor":16},{"not_picked":[],"picked":"sneckomod:UnknownBlock","floor":19},{"not_picked":[],"picked":"sneckomod:SoulRoll","floor":21}],"player_experience":504140,"relics_obtained":[{"floor":8,"key":"Akabeko"}],"event_choices":[],"is_beta":false,"boss_relics":[{"not_picked":["Runic Dome","Empty Cage"],"picked":"Busted Crown"}],"items_purged_floors":[],"is_endless":false,"potions_floor_spawned":[5,6,8,10,12,16],"killed_by":"Slavers","ascension_level":20}}