{"host":"56ghxnzsglgdq727","time":1609347722,"event":{"mods":["AchievementEnabler","BaseMod","Minty Spire (QoL Compilation)"],"gold_per_floor":[114,129,144,159,174,174,204,204,504,534,534,549,579,594,594,694,694,709,484,499,249,264,264,279,294,294,309,309,309],"floor_reached":28,"playtime":1014,"items_purged":["Normality","Dualcast"],"score":296,"play_id":"f71c8c0a-873f-474d-a935-d3ecbcee3837","local_time":"20201230120202","daily_mods":["Cursed Run","Diverse","DeadlyEvents"],"is_ascension_mode":false,"campfire_choices":[{"data":"Poisoned Stab","floor":6.0,"key":"SMITH"},{"floor":8.0,"key":"REST"},{"floor":15.0,"key":"REST"},{"data":"Electrodynamics","floor":23.0,"key":"SMITH"}],"circlet_count":0,"master_deck":["Strike_B","Strike_B","Strike_B","Strike_B","Defend_B","Defend_B","Defend_B","Defend_B","Zap","Poisoned Stab+1","Melter","Injury","Devotion","Prostrate","Electrodynamics+1","Loop","Shame"],"relics":["Cursed Key","Darkstone Periapt","Du-Vu Doll","Meat on the Bone","Old Coin","Bottled Flame","Question Card","Philosopher\u0027s Stone","Cauldron","Lee\u0027s Waffle","Pear"],"acts_visited":["Exordium","TheCity"],"potions_floor_usage":[28],"damage_taken":[{"damage":1.0,"enemies":"Cultist","floor":1.0,"turns":3.0},{"damage":5.0,"enemies":"Small Slimes","floor":2.0,"turns":3.0},{"damage":1.0,"enemies":"Jaw Worm","floor":3.0,"turns":2.0},{"damage":18.0,"enemies":"Exordium Thugs","floor":4.0,"turns":4.0},{"damage":0.0,"enemies":"2 Fungi Beasts","floor":5.0,"turns":2.0},{"damage":21.0,"enemies":"3 Sentries","floor":7.0,"turns":7.0},{"damage":30.0,"enemies":"Gremlin Nob","floor":10.0,"turns":4.0},{"damage":10.0,"enemies":"Looter","floor":12.0,"turns":3.0},{"damage":26.0,"enemies":"Lagavulin","floor":13.0,"turns":4.0},{"damage":12.0,"enemies":"Blue Slaver","floor":14.0,"turns":3.0},{"damage":48.0,"enemies":"Hexaghost","floor":16.0,"turns":9.0},{"damage":38.0,"enemies":"Shell Parasite","floor":18.0,"turns":6.0},{"damage":36.0,"enemies":"3 Byrds","floor":20.0,"turns":5.0},{"damage":17.0,"enemies":"Snecko","floor":22.0,"turns":4.0},{"damage":0.0,"enemies":"Sentry and Sphere","floor":24.0,"turns":3.0},{"damage":37.0,"enemies":"Snake Plant","floor":25.0,"turns":4.0},{"damage":26.0,"enemies":"Snecko","floor":27.0,"turns":5.0},{"damage":46,"enemies":"Book of Stabbing","floor":28,"turns":4}],"seed_played":"9091901603564859836","potions_obtained":[{"floor":4.0,"key":"EssenceOfSteel"},{"floor":7.0,"key":"Dexterity Potion"},{"floor":10.0,"key":"FearPotion"},{"floor":12.0,"key":"LiquidMemories"},{"floor":19.0,"key":"AttackPotion"},{"floor":19.0,"key":"DuplicationPotion"},{"floor":19.0,"key":"FearPotion"},{"floor":20.0,"key":"GamblersBrew"},{"floor":22.0,"key":"BlessingOfTheForge"},{"floor":27.0,"key":"PotionOfCapacity"}],"is_trial":false,"path_per_floor":["M","M","M","M","M","R","E","R","T","E","?","M","E","M","R","B",null,"M","$","M","$","M","R","M","M","T","M","E"],"character_chosen":"DEFECT","items_purchased":["Cauldron","Lee\u0027s Waffle"],"campfire_rested":2,"item_purchase_floors":[19,21],"current_hp_per_floor":[74,69,68,50,50,50,29,51,57,39,81,71,45,45,69,39,87,49,49,25,94,77,77,77,52,68,54,8,8],"gold":309,"neow_bonus":"","is_daily":true,"chose_seed":false,"campfire_upgraded":2,"win_rate":0.0,"timestamp":1609347722,"path_taken":["M","M","?","?","M","R","?","R","T","E","?","M","?","M","R","BOSS","M","$","M","$","M","R","M","M","T","M","E"],"items_purchased_type":["Relic","Relic"],"build_version":"2020-12-22","purchased_purges":2,"victory":false,"max_hp_per_floor":[75,75,75,75,75,75,75,75,81,81,81,81,81,81,81,87,87,87,87,87,94,94,94,94,94,110,110,110,110],"card_choices":[{"not_picked":["Compile Driver","PiercingWail"],"picked":"Poisoned Stab","floor":1.0},{"not_picked":["EmptyFist","Havoc","Doom and Gloom"],"picked":"SKIP","floor":2.0},{"not_picked":["Fire Breathing","Outmaneuver"],"picked":"Melter","floor":3.0},{"not_picked":["Redo","PathToVictory","FlyingSleeves"],"picked":"SKIP","floor":4.0},{"not_picked":["Genetic Algorithm","CrushJoints","Second Wind"],"picked":"SKIP","floor":5.0},{"not_picked":["Poisoned Stab","Headbutt","Barrage"],"picked":"SKIP","floor":7.0},{"not_picked":["LikeWater","Malaise","Quick Slash"],"picked":"SKIP","floor":10.0},{"not_picked":["Acrobatics","Heavy Blade","Slice"],"picked":"SKIP","floor":12.0},{"not_picked":["Undo","Tactician","Immolate"],"picked":"SKIP","floor":13.0},{"not_picked":["SashWhip","Halt","Stack","Gash"],"picked":"SKIP","floor":14.0},{"not_picked":["Die Die Die","Doppelganger","Hyperbeam"],"picked":"Devotion","floor":16.0},{"not_picked":["Carnage","Coolheaded","Prepared"],"picked":"Prostrate","floor":18.0},{"not_picked":["Compile Driver","Deflect","Underhanded Strike","Lockon"],"picked":"SKIP","floor":20.0},{"not_picked":["MentalFortress","Go for the Eyes+1","Wallop"],"picked":"Electrodynamics","floor":22.0},{"not_picked":["Deflect","Clash","JustLucky+1"],"picked":"Loop","floor":24.0},{"not_picked":["PathToVictory","Redo+1","WheelKick+1","SashWhip"],"picked":"SKIP","floor":25.0},{"not_picked":["Bloodletting","Underhanded Strike+1","Shrug It Off","SandsOfTime"],"picked":"SKIP","floor":27.0}],"player_experience":57698,"relics_obtained":[{"floor":7.0,"key":"Meat on the Bone"},{"floor":9.0,"key":"Old Coin"},{"floor":10.0,"key":"Bottled Flame"},{"floor":13.0,"key":"Question Card"},{"floor":26.0,"key":"Pear"}],"event_choices":[{"damage_healed":42.0,"max_hp_gain":0.0,"max_hp_loss":0.0,"gold_gain":0.0,"event_name":"Wheel of Change","player_choice":"Full Heal","floor":11.0,"gold_loss":0.0,"damage_taken":0.0}],"is_beta":false,"boss_relics":[{"not_picked":["Calling Bell","Empty Cage"],"picked":"Philosopher\u0027s Stone"}],"items_purged_floors":[19,21],"is_endless":false,"potions_floor_spawned":[4,7,10,12,20,22,27],"killed_by":"Book of Stabbing","ascension_level":0}}