{"host":"5fasz840ryq7obdf","time":1609365459,"event":{"mods":["AchievementEnabler","BaseMod","Bestiary","Better Altar","Better Skull","Better Third Choice","BetterRewards","Block Reminder","Colored Powertips","Curses Come First","Downfall","Highlight Path","Minty Spire (QoL Compilation)","Quick Restart","Relic Sorter","Relic Stats","Shop Mod","Spicy Shops","StSLib","SuperFastMode"],"gold_per_floor":[99,119,137,137,157,157,157,157],"floor_reached":6,"playtime":414,"items_purged":[],"score":38,"play_id":"84e99cf1-2acf-4dba-a106-f0bef8d79e6d","local_time":"20201230215739","is_ascension_mode":true,"campfire_choices":[{"data":"Slimebound:Split","floor":1,"key":"SMITH"}],"circlet_count":0,"master_deck":["Slimebound:Strike_Slimebound","Slimebound:Strike_Slimebound","Slimebound:Strike_Slimebound","Slimebound:Tackle","Slimebound:Defend_Slimebound","Slimebound:Defend_Slimebound","Slimebound:Defend_Slimebound","Slimebound:Defend_Slimebound","Slimebound:Split+1","Slimebound:CorrosiveSpit","Slimebound:HauntingLick","Slimebound:Grow","Slimebound:FormOfPuddle"],"relics":["Slimebound:AbsorbEndCombat","Mango","Girya"],"acts_visited":["Exordium"],"potions_floor_usage":[6],"damage_taken":[{"damage":8,"enemies":"Small Slimes","floor":2,"turns":4},{"damage":12,"enemies":"2 Louse","floor":3,"turns":2},{"damage":10,"enemies":"Cultist","floor":5,"turns":4},{"damage":41,"enemies":"Lagavulin","floor":6,"turns":10}],"seed_played":"1361531854565957711","potions_obtained":[{"floor":2,"key":"hexamod:EctoCoolerPotion"}],"is_trial":false,"path_per_floor":["R","M","M","?","M","E"],"character_chosen":"SLIMEBOUND","items_purchased":[],"campfire_rested":0,"item_purchase_floors":[],"current_hp_per_floor":[56,58,56,23,25,0,0,0],"gold":157,"neow_bonus":"ONE_RARE_RELIC","is_daily":false,"chose_seed":false,"campfire_upgraded":1,"win_rate":0.0,"timestamp":1609365459,"path_taken":["R","M","M","?","M","E"],"items_purchased_type":[],"build_version":"2020-12-22","purchased_purges":0,"victory":false,"max_hp_per_floor":[74,74,74,74,74,74,74,74],"relic_stats":{"counters":[4,18],"obtain_stats":[{"Girya":4,"Mango":0,"Slimebound:AbsorbEndCombat":0},{"Girya":2,"Mango":0,"Slimebound:AbsorbEndCombat":0},{"Girya":4,"Mango":0,"Slimebound:AbsorbEndCombat":0}]},"card_choices":[{"not_picked":["Slimebound:ViciousTackle","Slimebound:SplitBruiser"],"picked":"Slimebound:HauntingLick","floor":2},{"not_picked":["Slimebound:PressTheAttack","Slimebound:GoopSpray"],"picked":"Slimebound:Grow","floor":3},{"not_picked":["Slimebound:SamplingLick","Slimebound:SplitAcid"],"picked":"Slimebound:FormOfPuddle","floor":5}],"player_experience":1316190,"relics_obtained":[],"event_choices":[{"damage_healed":0,"gold_gain":0,"player_choice":"Success","damage_taken":33,"relics_obtained":["Girya"],"max_hp_gain":0,"max_hp_loss":0,"event_name":"Scrap Ooze","floor":4,"gold_loss":0}],"is_beta":false,"boss_relics":[],"items_purged_floors":[],"is_endless":false,"potions_floor_spawned":[2],"killed_by":"Lagavulin","ascension_level":1}}