{"host":"lreod2rejfd0az5i","time":1609311851,"event":{"mods":["AchievementEnabler","Aspiration","BaseMod","Colored Powertips","Conspire","Downfall","Highlight Path","Hubris","Infinite Spire","Mad Scientist","Minty Spire (QoL Compilation)","Rare Cards Sparkle","Relic Stats","Replay The Spire","StSLib","The Bug Knight","The Jungle"],"gold_per_floor":[109,34,52,52,52,83,101,101,172,172,222,222,272,283,283,283,283],"floor_reached":16,"playtime":385,"items_purged":["Strike_R"],"score":196,"play_id":"cda8eedb-d2ea-448a-bd79-b8fa6de7059a","local_time":"20201230000411","is_ascension_mode":true,"campfire_choices":[{"floor":8,"key":"REST"},{"data":"Pummel","floor":10,"key":"SMITH"},{"data":"Bash","floor":12,"key":"SMITH"},{"floor":15,"key":"REST"}],"circlet_count":0,"master_deck":["AscendersBane","Strike_R","Strike_R","Strike_R","Strike_R","Defend_R","Defend_R","Defend_R","Defend_R","Bash+1","Feed+1","Inflame+1","Pummel+1"],"relics":["Burning Blood","SsserpentHead","infinitespire:ShieldingShard","HollowMod:LifeEnderRelic"],"acts_visited":["Exordium"],"potions_floor_usage":[16],"damage_taken":[{"damage":14.0,"enemies":"Jaw Worm","floor":1.0,"turns":4.0},{"damage":7.0,"enemies":"Cultist","floor":3.0,"turns":4.0},{"damage":59.0,"enemies":"Lagavulin","floor":6.0,"turns":9.0},{"damage":2.0,"enemies":"Small Slimes","floor":7.0,"turns":5.0},{"damage":14,"enemies":"Exordium Thugs","floor":14,"turns":4},{"damage":69,"enemies":"Hexaghost","floor":16,"turns":9}],"seed_played":"-50583177315344698","potions_obtained":[{"floor":6.0,"key":"Fire Potion"},{"floor":7,"key":"Weak Potion"}],"is_trial":false,"path_per_floor":["M","$","M","?","$","E","M","R","T","R","?","R","?","M","R","B"],"character_chosen":"IRONCLAD","items_purchased":[],"campfire_rested":2,"item_purchase_floors":[],"current_hp_per_floor":[63,63,62,62,62,12,19,44,44,44,44,44,44,40,66,0,0],"gold":283,"neow_bonus":"ONE_RANDOM_RARE_CARD","is_daily":false,"chose_seed":false,"campfire_upgraded":2,"win_rate":0.0,"timestamp":1609311851,"path_taken":["M","$","M","?","$","E","M","R","T","R","?","R","?","M","R","BOSS"],"items_purchased_type":[],"build_version":"2020-12-22","purchased_purges":1,"victory":false,"max_hp_per_floor":[78,78,78,78,78,81,84,84,84,84,84,84,84,88,88,88,88],"relic_stats":{"SsserpentHead":100,"counters":[6,35],"obtain_stats":[{"SsserpentHead":4,"infinitespire:ShieldingShard":6,"HollowMod:LifeEnderRelic":9,"Burning Blood":0},{"SsserpentHead":2,"infinitespire:ShieldingShard":3,"HollowMod:LifeEnderRelic":4,"Burning Blood":0},{"SsserpentHead":8,"infinitespire:ShieldingShard":17,"HollowMod:LifeEnderRelic":22,"Burning Blood":0}],"Burning Blood":30},"card_choices":[{"not_picked":["Clash","Flex"],"picked":"Inflame","floor":1.0},{"not_picked":["Run Through","Uppercut"],"picked":"Pummel","floor":3.0},{"not_picked":["hubris:ReadiedAction","Iron Wave","Armaments"],"picked":"SKIP","floor":6.0},{"not_picked":["ReplayTheSpireMod:Strike From Hell","Sentinel","Infernal Blade"],"picked":"SKIP","floor":7},{"not_picked":["Bloodletting","Pommel Strike","Clothesline"],"picked":"SKIP","floor":14}],"player_experience":874744,"relics_obtained":[{"floor":6.0,"key":"infinitespire:ShieldingShard"},{"floor":9,"key":"HollowMod:LifeEnderRelic"}],"event_choices":[{"damage_healed":0.0,"max_hp_gain":0.0,"max_hp_loss":0.0,"gold_gain":0.0,"event_name":"FaceTrader","player_choice":"Trade","floor":4.0,"gold_loss":0.0,"damage_taken":0.0,"relics_obtained":["SsserpentHead"]},{"damage_healed":0,"gold_gain":0,"player_choice":"Grow","damage_taken":0,"max_hp_gain":0,"max_hp_loss":0,"event_name":"Living Wall","floor":11,"gold_loss":0,"cards_upgraded":["Inflame"]},{"damage_healed":0,"gold_gain":0,"player_choice":"Upgraded","damage_taken":0,"max_hp_gain":0,"max_hp_loss":0,"event_name":"Upgrade Shrine","floor":13,"gold_loss":0,"cards_upgraded":["Feed"]}],"is_beta":false,"boss_relics":[],"items_purged_floors":[2],"is_endless":false,"potions_floor_spawned":[6,7,14],"killed_by":"Hexaghost","ascension_level":20}}