{"host":"zzf13dk0jcen0ncv","time":1609313076,"event":{"mods":["AchievementEnabler","BaseMod","BetterRewards","Colored Map","Keyboard Shortcuts","Minty Spire (QoL Compilation)","Quick Restart","Shop Mod","StSLib","SuperFastMode","The Dragon Tamer","Waifu the Spire"],"gold_per_floor":[109,109,124,15,15,49,74,103,103,120,120,153,165,183,183,281,281,293,392,392,147,163,163,193,193,219,219,254,266,291,175,175,272,272,286,286,286,304,55,55,88,88,114,114,146,68,94,112,112,112,112,112,60,85,85],"floor_reached":56,"playtime":2141,"items_purged":["DTMod:Strike"],"score":2165,"play_id":"f282ad15-e322-4608-acf8-e2fd01a07699","local_time":"20201230162436","is_ascension_mode":true,"metric_token":799,"campfire_choices":[{"data":"DTMod:HeadStart","floor":11,"key":"SMITH"},{"data":"DTMod:SealedStrike+1","floor":15,"key":"SMITH"},{"data":"DTMod:SealedStrike+2","floor":23,"key":"SMITH"},{"data":"DTMod:SealedStrike+3","floor":27,"key":"SMITH"},{"data":"DTMod:SealedStrike+4","floor":32,"key":"SMITH"},{"floor":40,"key":"RECALL"},{"floor":42,"key":"REST"},{"floor":44,"key":"REST"},{"floor":49,"key":"REST"},{"data":"DTMod:DragonDance","floor":52,"key":"SMITH"}],"dtmod_dragon_data":[34,50,1,1,12,11],"circlet_count":0,"master_deck":["DTMod:Strike+1","DTMod:DoubleHit+1","DTMod:TargetDefense+1","DTMod:TargetDefense+1","DTMod:TargetDefense+1","DTMod:TargetDefense+1","DTMod:SwitchingTactic+1","DTMod:Observe+1","DTMod:TauntingStrike+1","DTMod:BalancedStrike+1","DTMod:LastStand+1","DTMod:Inferno+1","DTMod:CalculatedDefense+1","DTMod:Conduct+1","DTMod:ShieldDrain+1","DTMod:Adaptation+1","DTMod:HeadStart+1","DTMod:Hide+1","DTMod:SneakAttack+1","DTMod:WarmUp+1","DTMod:Coolant+1","DTMod:ForkedFire+1","DTMod:Shift+1","DTMod:Multitask+1","DTMod:WarmUp+1","DTMod:RunningTactic+1","DTMod:BurningEnergy+1","DTMod:CrossStep+1","DTMod:SealedStrike+5","DTMod:ShadowImage+1","DTMod:InvisibleFlame+1","DTMod:RunningTactic+1","DTMod:Weaken+1","DTMod:RunningTactic+1","DTMod:DragonDance+1","DTMod:DragonDance+1","DTMod:Safeguard+1","DTMod:Cover+1","DTMod:Conduct+1","DTMod:LightShield+1","DTMod:BurningEnergy+1","Blind+1","DTMod:Haste+1","DTMod:DarkBreath+1","DTMod:DragonDance+1","DTMod:CrossStep","DTMod:BurningEnergy+1","DTMod:BizarreTactic+1"],"relics":["DTMod:PactStone","Orrery","Ice Cream","Akabeko","Chemical X","DTMod:BasicTextbook","ClockworkSouvenir","Shuriken","Odd Mushroom","Tiny Chest","Anchor","Molten Egg 2","Empty Cage","Toxic Egg 2","Lantern","Turnip","MealTicket","Happy Flower","War Paint","Potion Belt","Runic Pyramid","Bronze Scales","Letter Opener","Art of War","Pen Nib","Nunchaku","Blood Vial"],"acts_visited":["Exordium","TheCity","TheBeyond","TheEnding"],"potions_floor_usage":[55,55],"damage_taken":[{"damage":0,"enemies":"Small Slimes","floor":1,"turns":3},{"damage":0,"enemies":"Jaw Worm","floor":3,"turns":1},{"damage":0,"enemies":"Gremlin Nob","floor":6,"turns":1},{"damage":0,"enemies":"The Mushroom Lair","floor":7,"turns":3},{"damage":13,"enemies":"Lagavulin","floor":8,"turns":3},{"damage":0,"enemies":"2 Louse","floor":10,"turns":1},{"damage":9,"enemies":"Gremlin Nob","floor":12,"turns":3},{"damage":0,"enemies":"Large Slime","floor":13,"turns":3},{"damage":0,"enemies":"Exordium Wildlife","floor":14,"turns":1},{"damage":0,"enemies":"Slime Boss","floor":16,"turns":5},{"damage":0,"enemies":"Chosen","floor":18,"turns":1},{"damage":0,"enemies":"Shell Parasite","floor":22,"turns":4},{"damage":0,"enemies":"Book of Stabbing","floor":24,"turns":1},{"damage":0,"enemies":"Gremlin Leader","floor":28,"turns":4},{"damage":0,"enemies":"Centurion and Healer","floor":29,"turns":1},{"damage":0,"enemies":"Slavers","floor":30,"turns":2},{"damage":0,"enemies":"Automaton","floor":33,"turns":4},{"damage":0,"enemies":"Orb Walker","floor":35,"turns":2},{"damage":0,"enemies":"3 Darklings","floor":38,"turns":3},{"damage":0,"enemies":"Nemesis","floor":41,"turns":3},{"damage":0,"enemies":"Reptomancer","floor":45,"turns":4},{"damage":0,"enemies":"Nemesis","floor":47,"turns":3},{"damage":0,"enemies":"Spire Growth","floor":48,"turns":3},{"damage":0,"enemies":"Donu and Deca","floor":50,"turns":3},{"damage":0,"enemies":"Shield and Spear","floor":54,"turns":2},{"damage":0,"enemies":"The Heart","floor":55,"turns":5}],"seed_played":"-8814716673047560947","potions_obtained":[{"floor":7,"key":"FearPotion"},{"floor":8,"key":"Dexterity Potion"},{"floor":12,"key":"Strength Potion"},{"floor":13,"key":"Dexterity Potion"},{"floor":14,"key":"SkillPotion"},{"floor":16,"key":"Swift Potion"},{"floor":33,"key":"DistilledChaos"},{"floor":35,"key":"Block Potion"},{"floor":38,"key":"EntropicBrew"}],"is_trial":false,"path_per_floor":["M","?","M","$","?","E","?","E","T","M","R","E","M","M","R","B",null,"M","?","T","$","M","R","E","T","T","R","E","M","E","$","R","B",null,"M","T","?","M","$","R","E","R","T","R","E","$","E","M","R","B",null,"R","$","E","B",null],"character_chosen":"THE_DT","items_purchased":["Orrery","Ice Cream","DTMod:Inferno","DTMod:CalculatedDefense","Akabeko","Chemical X","DTMod:Conduct","DTMod:ShieldDrain","DTMod:Adaptation","DTMod:HeadStart","DTMod:BasicTextbook","DTMod:Hide","ClockworkSouvenir","DTMod:SneakAttack","DTMod:ForkedFire","DTMod:Shift","DTMod:RunningTactic+1","Lantern","DTMod:Weaken+1","DTMod:Cover+1","DTMod:Conduct+1","Blind+1","Bronze Scales","DTMod:DragonDance","DTMod:BurningEnergy+1"],"campfire_rested":3,"item_purchase_floors":[0,0,0,0,0,0,0,0,0,0,0,0,0,0,4,4,21,21,21,31,31,39,39,46,53],"current_hp_per_floor":[45,45,45,45,36,36,36,23,23,23,23,14,14,14,14,14,45,45,45,45,45,45,45,45,45,45,45,45,45,45,45,45,45,45,45,45,43,43,43,43,43,43,43,43,43,43,43,43,43,43,43,43,43,43,43],"gold":85,"neow_bonus":"","is_daily":false,"chose_seed":false,"campfire_upgraded":6,"win_rate":0.0,"timestamp":1609313076,"path_taken":["M","?","M","$","?","E","?","E","T","M","R","E","M","M","R","BOSS","M","?","?","$","M","R","E","?","T","R","E","M","E","$","R","BOSS","M","?","?","M","$","R","E","R","T","R","E","$","E","M","R","BOSS","R","$","E","BOSS"],"items_purchased_type":["Relic","Relic","Card","Card","Relic","Relic","Card","Card","Card","Card","Relic","Card","Relic","Card","Card","Card","Card","Relic","Card","Card","Card","Card","Relic","Card","Card"],"build_version":"2020-12-22","purchased_purges":1,"victory":true,"max_hp_per_floor":[45,45,45,45,45,45,45,45,45,45,45,45,45,45,45,45,45,45,45,45,45,45,45,45,45,45,45,45,45,45,45,45,45,45,45,45,43,43,43,43,43,43,43,43,43,43,43,43,43,43,43,43,43,43,43],"card_choices":[{"not_picked":["DTMod:HeatWave","DTMod:Threaten"],"picked":"DTMod:Observe","floor":0},{"not_picked":["DTMod:CleansingStrike","DTMod:Threaten"],"picked":"DTMod:TauntingStrike","floor":0},{"not_picked":["DTMod:BuildUp","DTMod:TauntingStrike"],"picked":"DTMod:BalancedStrike","floor":0},{"not_picked":["DTMod:DeepFocus","DTMod:BurningEnergy"],"picked":"DTMod:LastStand","floor":0},{"not_picked":["DTMod:MaximumCharge","DTMod:HeatWave"],"picked":"DTMod:WarmUp","floor":1},{"not_picked":["DTMod:BuildUp","DTMod:MasterPlan"],"picked":"DTMod:Coolant","floor":3},{"not_picked":["DTMod:Cover","DTMod:RunningTactic"],"picked":"DTMod:Multitask","floor":6},{"not_picked":["DTMod:MaximumCharge","DTMod:TagTeam"],"picked":"DTMod:WarmUp","floor":7},{"not_picked":["DTMod:FlameSlash","DTMod:Punisher"],"picked":"DTMod:RunningTactic","floor":8},{"not_picked":["DTMod:Weaken","DTMod:FlameSlash"],"picked":"DTMod:BurningEnergy","floor":10},{"not_picked":["DTMod:Overwhelm","DTMod:Threaten"],"picked":"DTMod:CrossStep","floor":12},{"not_picked":["DTMod:Training","DTMod:QuickFly+1","DTMod:BlazingStrike+1"],"picked":"SKIP","floor":13},{"not_picked":["DTMod:Weaken","DTMod:BizarreTactic"],"picked":"DTMod:SealedStrike+1","floor":14},{"not_picked":["DTMod:RepeatStrike+1","DTMod:Prediction"],"picked":"DTMod:ShadowImage","floor":16},{"not_picked":["DTMod:Hide","DTMod:BizarreTactic"],"picked":"DTMod:InvisibleFlame","floor":18},{"not_picked":["DTMod:MagicField+1","DTMod:BizarreTactic+1"],"picked":"DTMod:RunningTactic+1","floor":22},{"not_picked":["DTMod:SneakAttack+1","DTMod:Punisher+1","DTMod:HeatWave+1"],"picked":"SKIP","floor":24},{"not_picked":["DTMod:InvisibleFlame+1","DTMod:Training+1"],"picked":"DTMod:DragonDance","floor":28},{"not_picked":["DTMod:BizarreTactic+1","DTMod:BalancedStrike+1"],"picked":"DTMod:DragonDance","floor":29},{"not_picked":["DTMod:MaximumCharge+1","DTMod:Harmonize"],"picked":"DTMod:Safeguard","floor":30},{"not_picked":["DTMod:FierySynthesis+1","DTMod:GearUp+1"],"picked":"DTMod:LightShield+1","floor":33},{"not_picked":["DTMod:ComboAttack+1","DTMod:BuildUp+1","DTMod:HeatWave+1"],"picked":"SKIP","floor":35},{"not_picked":["DTMod:Punisher+1","DTMod:FlameSlash+1"],"picked":"DTMod:BurningEnergy+1","floor":38},{"not_picked":["DTMod:FlameSlash+1","DTMod:BlazingStrike+1"],"picked":"DTMod:Haste+1","floor":41},{"not_picked":["DTMod:CleansingStrike+1","DTMod:RecklessFlurry+1"],"picked":"DTMod:DarkBreath+1","floor":45},{"not_picked":["DTMod:ComboAttack+1","DTMod:Haste+1"],"picked":"DTMod:CrossStep","floor":47},{"not_picked":["DTMod:Haste+1","DTMod:MagicField+1","DTMod:HeatWave+1"],"picked":"SKIP","floor":48},{"not_picked":["DTMod:MasterPlan+1","DTMod:Hide+1"],"picked":"DTMod:BizarreTactic+1","floor":54}],"player_experience":923718,"relics_obtained":[{"floor":6,"key":"Shuriken"},{"floor":7,"key":"Odd Mushroom"},{"floor":8,"key":"Tiny Chest"},{"floor":9,"key":"Anchor"},{"floor":12,"key":"Molten Egg 2"},{"floor":20,"key":"Toxic Egg 2"},{"floor":24,"key":"Turnip"},{"floor":25,"key":"MealTicket"},{"floor":26,"key":"Happy Flower"},{"floor":28,"key":"War Paint"},{"floor":30,"key":"Potion Belt"},{"floor":41,"key":"Letter Opener"},{"floor":43,"key":"Art of War"},{"floor":45,"key":"Pen Nib"},{"floor":47,"key":"Nunchaku"},{"floor":54,"key":"Blood Vial"}],"event_choices":[{"damage_healed":0,"gold_gain":0,"player_choice":"Ignored","damage_taken":0,"max_hp_gain":0,"max_hp_loss":0,"event_name":"Liars Game","floor":2,"gold_loss":0},{"damage_healed":0,"gold_gain":0,"player_choice":"Entered Light","damage_taken":9,"max_hp_gain":0,"max_hp_loss":0,"event_name":"Shining Light","floor":5,"gold_loss":0,"cards_upgraded":["DTMod:ForkedFire","DTMod:SwitchingTactic"]},{"damage_healed":0,"gold_gain":0,"player_choice":"Fought Mushrooms","damage_taken":0,"max_hp_gain":0,"max_hp_loss":0,"event_name":"Mushrooms","floor":7,"gold_loss":0},{"damage_healed":0,"gold_gain":99,"player_choice":"Stole From Cult","damage_taken":0,"max_hp_gain":0,"max_hp_loss":0,"event_name":"Nest","floor":19,"gold_loss":0},{"damage_healed":0,"gold_gain":0,"player_choice":"Max HP","damage_taken":0,"max_hp_gain":0,"max_hp_loss":2,"event_name":"Winding Halls","floor":37,"gold_loss":0}],"is_beta":false,"boss_relics":[{"not_picked":["SlaversCollar","Snecko Eye"],"picked":"Empty Cage"},{"not_picked":["Velvet Choker","Sozu"],"picked":"Runic Pyramid"}],"items_purged_floors":[0],"is_endless":false,"potions_floor_spawned":[7,8,12,13,14,16,18,22,33,35,38,45],"ascension_level":1}}