{"host":"hzhtv7n0nkrnil9f","time":1609341871,"event":{"mods":["AchievementEnabler","BaseMod","Colored Map","Minty Spire (QoL Compilation)","Permanent Neow","Quick Restart"],"gold_per_floor":[114,39,55,130,140,140,173,173,173,173,202,231,248,282,282,380,380,391,406,406,97,97,129,142,155,155,155,155,179,127,152,152,248,248,268,268,21,39,39,66,66,82,105,121,121,121,30,60,60,60,60,60,10,44,44,44],"floor_reached":55,"playtime":4882,"items_purged":["Strike_B","Heatsinks"],"score":894,"play_id":"d46bb664-5192-4177-b834-5c76d97f1960","local_time":"20201230162431","is_ascension_mode":true,"campfire_choices":[{"data":"Hologram","floor":6.0,"key":"SMITH"},{"data":"FTL","floor":8.0,"key":"SMITH"},{"floor":10.0,"key":"REST"},{"data":"Hologram","floor":15.0,"key":"SMITH"},{"data":"Scrape","floor":28,"key":"SMITH"},{"floor":32,"key":"REST"},{"data":"Dualcast","floor":41,"key":"PURGE"},{"floor":49,"key":"RECALL"},{"data":"Deep Breath","floor":52,"key":"SMITH"}],"circlet_count":0,"master_deck":["Zap+1","Hologram+1","Gash+1","FTL+1","Gash","Gash","Self Repair","Hologram+1","Gash+1","Echo Form","Self Repair","Hyperbeam","Melter","Beam Cell+1","Auto Shields","FTL","Hologram","Scrape+1","Madness","Madness","Go for the Eyes+1","Steam+1","Panache","Master of Strategy","Deep Breath+1","Seek","Machine Learning"],"relics":["Cracked Core","Matryoshka","PreservedInsect","Odd Mushroom","Centennial Puzzle","Calipers","Pandora\u0027s Box","Nloth\u0027s Gift","Peace Pipe","Bag of Marbles","Akabeko","Singing Bowl","Whetstone","Vajra","Art of War","Nuclear Battery","Bag of Preparation","Orichalcum","Bronze Scales","FossilizedHelix"],"acts_visited":["Exordium","TheCity","TheBeyond","TheEnding"],"potions_floor_usage":[16,23,33,33,33,40,55,55,55],"damage_taken":[{"damage":6.0,"enemies":"Jaw Worm","floor":1.0,"turns":4.0},{"damage":3.0,"enemies":"2 Louse","floor":3.0,"turns":2.0},{"damage":2.0,"enemies":"Small Slimes","floor":5.0,"turns":3.0},{"damage":16.0,"enemies":"3 Sentries","floor":7.0,"turns":8.0},{"damage":1.0,"enemies":"The Mushroom Lair","floor":11.0,"turns":3.0},{"damage":0.0,"enemies":"Lagavulin","floor":12.0,"turns":4.0},{"damage":10.0,"enemies":"Exordium Thugs","floor":13.0,"turns":4.0},{"damage":6.0,"enemies":"3 Sentries","floor":14.0,"turns":4.0},{"damage":0,"enemies":"Slime Boss","floor":16,"turns":6},{"damage":24,"enemies":"2 Thieves","floor":18,"turns":3},{"damage":10,"enemies":"Spheric Guardian","floor":19,"turns":3},{"damage":32,"enemies":"Gremlin Leader","floor":23,"turns":4},{"damage":31,"enemies":"Cultist and Chosen","floor":24,"turns":5},{"damage":20,"enemies":"Snecko","floor":25,"turns":5},{"damage":12,"enemies":"Book of Stabbing","floor":31,"turns":2},{"damage":4,"enemies":"Champ","floor":33,"turns":5},{"damage":19,"enemies":"3 Shapes","floor":35,"turns":3},{"damage":0,"enemies":"3 Darklings","floor":38,"turns":1},{"damage":28,"enemies":"Reptomancer","floor":40,"turns":4},{"damage":10,"enemies":"Spire Growth","floor":42,"turns":3},{"damage":5,"enemies":"Writhing Mass","floor":44,"turns":4},{"damage":11,"enemies":"Nemesis","floor":48,"turns":3},{"damage":41,"enemies":"Donu and Deca","floor":50,"turns":4},{"damage":23,"enemies":"Shield and Spear","floor":54,"turns":3},{"damage":94,"enemies":"The Heart","floor":55,"turns":5}],"seed_played":"5985455911681667363","potions_obtained":[{"floor":3.0,"key":"Block Potion"},{"floor":5.0,"key":"Fruit Juice"},{"floor":7.0,"key":"FocusPotion"},{"floor":11.0,"key":"EssenceOfDarkness"},{"floor":13.0,"key":"Energy Potion"},{"floor":18,"key":"PotionOfCapacity"},{"floor":23,"key":"Energy Potion"},{"floor":33,"key":"ColorlessPotion"},{"floor":35,"key":"LiquidBronze"},{"floor":38,"key":"LiquidBronze"},{"floor":48,"key":"Fire Potion"}],"is_trial":false,"path_per_floor":["M","$","M","?","M","R","E","R","T","R","?","E","M","E","R","B",null,"M","M","?","$","$","E","M","M","T","?","R","T","?","E","R","B",null,"M","?","$","M","?","E","R","M","T","M","$","?","$","E","R","B",null,"R","$","E","B"],"character_chosen":"DEFECT","items_purchased":["Peace Pipe","Bag of Preparation","Deep Breath","PowerPotion"],"campfire_rested":2,"item_purchase_floors":[21,37,47,53],"current_hp_per_floor":[69,69,66,55,58,58,42,42,42,66,65,65,62,63,63,70,80,70,67,67,67,67,42,25,33,33,33,33,33,33,37,61,73,84,86,75,75,75,86,65,65,85,85,90,90,85,85,74,74,40,90,90,90,81,0,0],"gold":44,"neow_bonus":"UPGRADE_CARD","is_daily":false,"chose_seed":false,"campfire_upgraded":5,"win_rate":0.0,"timestamp":1609341871,"path_taken":["M","$","M","?","M","R","E","R","T","R","?","E","M","E","R","BOSS","M","M","?","?","$","E","?","M","T","?","R","?","?","E","R","BOSS","M","?","$","M","?","E","R","M","T","?","?","?","$","E","R","BOSS","R","$","E","BOSS"],"items_purchased_type":["Relic","Relic","Card","Potion"],"build_version":"2020-12-22","purchased_purges":2,"victory":false,"max_hp_per_floor":[75,75,75,75,80,80,80,80,80,80,80,80,80,80,80,80,80,80,80,80,80,80,80,80,80,80,80,80,80,80,82,82,84,84,86,86,86,86,86,86,86,88,88,90,90,90,90,90,90,90,90,90,90,90,90,90],"card_choices":[{"not_picked":["Stack","Reinforced Body"],"picked":"Hologram","floor":1.0},{"not_picked":["Barrage","Turbo"],"picked":"Gash","floor":3.0},{"not_picked":["Leap","Coolheaded"],"picked":"FTL","floor":5.0},{"not_picked":["Seek","Steam Power"],"picked":"Gash","floor":7.0},{"not_picked":["Self Repair","Leap"],"picked":"Gash","floor":11.0},{"not_picked":["Conserve Battery","Thunder Strike"],"picked":"Self Repair","floor":12.0},{"not_picked":["Streamline","Coolheaded"],"picked":"Hologram","floor":13.0},{"not_picked":["FTL","Beam Cell"],"picked":"Gash","floor":14.0},{"not_picked":["Thunder Strike","Hyperbeam"],"picked":"Echo Form","floor":16},{"not_picked":["Redo","Aggregate+1","Melter"],"picked":"SKIP","floor":18},{"not_picked":["Compile Driver","Sweeping Beam","Ball Lightning"],"picked":"SKIP","floor":19},{"not_picked":["Defragment","Fission"],"picked":"Beam Cell+1","floor":23},{"not_picked":["Coolheaded+1","Barrage+1"],"picked":"Auto Shields","floor":24},{"not_picked":["Undo","Ball Lightning"],"picked":"FTL","floor":25},{"not_picked":["Self Repair+1","Cold Snap","Gash"],"picked":"Singing Bowl","floor":31},{"not_picked":["Core Surge","Thunder Strike","Rainbow"],"picked":"Singing Bowl","floor":33},{"not_picked":["Redo+1","Self Repair","Ball Lightning+1"],"picked":"Singing Bowl","floor":35},{"not_picked":["Tempest+1","Conserve Battery"],"picked":"Go for the Eyes+1","floor":38},{"not_picked":["Coolheaded+1","Static Discharge+1"],"picked":"Steam+1","floor":40},{"not_picked":["Redo+1","Doom and Gloom+1","Gash"],"picked":"Singing Bowl","floor":42},{"not_picked":["Leap","Cold Snap+1","Compile Driver+1"],"picked":"Singing Bowl","floor":44},{"not_picked":["Chrysalis","Panacea"],"picked":"Panache","floor":46},{"not_picked":["Dark Shackles","Mayhem"],"picked":"Master of Strategy","floor":46},{"not_picked":["Go for the Eyes","Hologram"],"picked":"Seek","floor":48},{"not_picked":["Seek","Barrage"],"picked":"Machine Learning","floor":54}],"player_experience":213116,"relics_obtained":[{"floor":7.0,"key":"Matryoshka"},{"floor":9.0,"key":"PreservedInsect"},{"floor":9.0,"key":"Oddly Smooth Stone"},{"floor":11.0,"key":"Odd Mushroom"},{"floor":12.0,"key":"Centennial Puzzle"},{"floor":14.0,"key":"Calipers"},{"floor":23,"key":"Bag of Marbles"},{"floor":26,"key":"Akabeko"},{"floor":26,"key":"Singing Bowl"},{"floor":29,"key":"Whetstone"},{"floor":31,"key":"Art of War"},{"floor":40,"key":"Orichalcum"},{"floor":48,"key":"Bronze Scales"},{"floor":54,"key":"FossilizedHelix"}],"event_choices":[{"damage_healed":0.0,"max_hp_gain":0.0,"max_hp_loss":0.0,"gold_gain":75.0,"event_name":"World of Goop","player_choice":"Gather Gold","floor":4.0,"gold_loss":0.0,"damage_taken":11.0},{"damage_healed":0.0,"max_hp_gain":0.0,"max_hp_loss":0.0,"gold_gain":0.0,"event_name":"Mushrooms","player_choice":"Fought Mushrooms","floor":11.0,"gold_loss":0.0,"damage_taken":0.0},{"damage_healed":0,"gold_gain":0,"player_choice":"Traded Relic","damage_taken":0,"relics_obtained":["Nloth\u0027s Gift"],"max_hp_gain":0,"max_hp_loss":0,"event_name":"N\u0027loth","floor":20,"relics_lost":["Oddly Smooth Stone"],"gold_loss":0},{"damage_healed":0,"gold_gain":0,"cards_transformed":["Thunder Strike","Consume"],"player_choice":"Became Test Subject","damage_taken":0,"max_hp_gain":0,"max_hp_loss":0,"event_name":"Drug Dealer","floor":27,"gold_loss":0,"cards_obtained":["Hologram","Scrape"]},{"damage_healed":0,"gold_gain":0,"player_choice":"Paid Gold","damage_taken":0,"relics_obtained":["Vajra"],"max_hp_gain":0,"max_hp_loss":0,"event_name":"WeMeetAgain","floor":30,"gold_loss":52},{"damage_healed":0,"gold_gain":0,"player_choice":"Embrace Madness","damage_taken":11,"max_hp_gain":0,"max_hp_loss":0,"event_name":"Winding Halls","floor":36,"gold_loss":0,"cards_obtained":["Madness","Madness"]},{"cards_removed":["Recycle"],"damage_healed":11,"gold_gain":0,"player_choice":"Offered Uncommon","damage_taken":0,"max_hp_gain":0,"max_hp_loss":0,"event_name":"Bonfire Elementals","floor":39,"gold_loss":0},{"damage_healed":0,"gold_gain":0,"player_choice":"Memory 2","damage_taken":5,"max_hp_gain":0,"max_hp_loss":0,"event_name":"SensoryStone","floor":46,"gold_loss":0}],"is_beta":false,"boss_relics":[{"not_picked":["Velvet Choker","FrozenCore"],"picked":"Pandora\u0027s Box"},{"not_picked":["Cursed Key","Snecko Eye"],"picked":"Nuclear Battery"}],"items_purged_floors":[2,37],"is_endless":false,"potions_floor_spawned":[3,5,7,11,13,18,23,33,35,38,48],"killed_by":"The Heart","ascension_level":1}}