{"host":"l3h7vlt0ggqh50f5","time":1609345900,"event":{"mods":["BaseMod","Bestiary","Colored Map","Colored Powertips","Minty Spire (QoL Compilation)","Relic Stats","ojb\u0027s Info Mod"],"gold_per_floor":[114,114,182,27,102,137,137,197,275,286,321,341,373,389,389,493,543,557,568,568,71,89,89,89],"floor_reached":23,"playtime":1125,"items_purged":["Defend_P"],"score":412,"play_id":"c90f6f38-11f2-4472-ac0a-2ab51eb7cf51","local_time":"20201230173140","is_ascension_mode":true,"campfire_choices":[{"data":"Conclude","floor":7.0,"key":"SMITH"},{"data":"Wallop","floor":15.0,"key":"SMITH"}],"circlet_count":0,"master_deck":["Strike_P+1","Strike_P","Strike_P","Strike_P+1","Defend_P","Defend_P","Defend_P","Eruption+1","Vigilance+1","Conclude+1","JustLucky+1","Consecrate","Wallop+1","FlurryOfBlows","FlurryOfBlows","JustLucky","Evaluate","Blasphemy","Meditate","EmptyFist","FearNoEvil","Wallop+1","LessonLearned","ThirdEye"],"relics":["PureWater","NeowsBlessing","Omamori","Whetstone","Orichalcum","Boot","Nunchaku","Tiny House","Oddly Smooth Stone","Sling"],"acts_visited":["Exordium","TheCity"],"potions_floor_usage":[23],"damage_taken":[{"damage":0.0,"enemies":"Jaw Worm","floor":1.0,"turns":1.0},{"damage":0.0,"enemies":"Gremlin Nob","floor":6.0,"turns":1.0},{"damage":0.0,"enemies":"Lagavulin Event","floor":8.0,"turns":1.0},{"damage":0.0,"enemies":"2 Louse","floor":10.0,"turns":1.0},{"damage":0.0,"enemies":"3 Sentries","floor":11.0,"turns":3.0},{"damage":0.0,"enemies":"Small Slimes","floor":12.0,"turns":2.0},{"damage":0.0,"enemies":"Lagavulin","floor":13.0,"turns":4.0},{"damage":1.0,"enemies":"Exordium Thugs","floor":14.0,"turns":3.0},{"damage":21.0,"enemies":"Slime Boss","floor":16.0,"turns":7.0},{"damage":0.0,"enemies":"Shell Parasite","floor":18.0,"turns":3.0},{"damage":0.0,"enemies":"2 Thieves","floor":19.0,"turns":1.0},{"damage":0.0,"enemies":"Chosen and Byrds","floor":22.0,"turns":4.0},{"damage":100027,"enemies":"Slavers","floor":23,"turns":3}],"seed_played":"-8673459124130226017","potions_obtained":[{"floor":1.0,"key":"AttackPotion"},{"floor":10.0,"key":"Explosive Potion"},{"floor":11.0,"key":"Ancient Potion"},{"floor":16.0,"key":"SpeedPotion"},{"floor":17.0,"key":"SneckoOil"},{"floor":22.0,"key":"SkillPotion"}],"is_trial":false,"path_per_floor":["M","?","?","$","?","E","R","?","T","M","E","M","E","M","R","B",null,"M","M","?","$","M","E"],"character_chosen":"WATCHER","items_purchased":["Omamori","LessonLearned","Oddly Smooth Stone","Sling","ThirdEye"],"campfire_rested":0,"item_purchase_floors":[4,21,21,21,21],"current_hp_per_floor":[65,65,65,65,54,54,54,54,54,54,54,54,54,53,53,32,67,67,67,67,67,67,0,0],"gold":89,"neow_bonus":"THREE_ENEMY_KILL","is_daily":false,"chose_seed":false,"campfire_upgraded":2,"win_rate":0.0,"timestamp":1609345900,"path_taken":["M","?","?","$","?","E","R","?","T","M","E","M","E","M","R","BOSS","M","M","?","$","M","E"],"items_purchased_type":["Relic","Card","Relic","Relic","Card"],"build_version":"2020-12-22","purchased_purges":1,"victory":false,"max_hp_per_floor":[72,72,72,72,72,72,72,72,72,72,72,72,72,72,72,72,77,77,77,77,77,77,77,77],"relic_stats":{"Nunchaku":[6],"counters":[13,33],"Whetstone":["JustLucky","Strike_P"],"Orichalcum":[18],"Boot":[25],"obtain_stats":[{"Nunchaku":13,"Tiny House":17,"NeowsBlessing":0,"Oddly Smooth Stone":21,"Omamori":4,"Whetstone":6,"PureWater":0,"Orichalcum":8,"Boot":11,"Sling":21},{"Nunchaku":7,"Tiny House":9,"NeowsBlessing":0,"Oddly Smooth Stone":11,"Omamori":1,"Whetstone":2,"PureWater":0,"Orichalcum":2,"Boot":5,"Sling":11},{"Nunchaku":13,"Tiny House":23,"NeowsBlessing":0,"Oddly Smooth Stone":27,"Omamori":1,"Whetstone":2,"PureWater":0,"Orichalcum":2,"Boot":7,"Sling":27}]},"card_choices":[{"not_picked":["Evaluate","ReachHeaven"],"picked":"Conclude","floor":1.0},{"not_picked":["ThirdEye","Halt"],"picked":"JustLucky","floor":6.0},{"not_picked":["ReachHeaven","PathToVictory"],"picked":"Consecrate","floor":8.0},{"not_picked":["Study","Weave"],"picked":"Wallop","floor":10.0},{"not_picked":["SashWhip","Worship"],"picked":"FlurryOfBlows","floor":11.0},{"not_picked":["CrushJoints","Vengeance"],"picked":"FlurryOfBlows","floor":12.0},{"not_picked":["DeusExMachina","Halt"],"picked":"JustLucky","floor":13.0},{"not_picked":["WheelKick","Protect"],"picked":"Evaluate","floor":14.0},{"not_picked":["Judgement","DeusExMachina"],"picked":"Blasphemy","floor":16.0},{"not_picked":["WreathOfFlame","ClearTheMind"],"picked":"Meditate","floor":17.0},{"not_picked":["Perseverance","WindmillStrike"],"picked":"EmptyFist","floor":18.0},{"not_picked":["EmptyMind","JustLucky"],"picked":"FearNoEvil","floor":19.0},{"not_picked":["FlurryOfBlows+1","JustLucky+1","FlyingSleeves"],"picked":"SKIP","floor":22.0}],"player_experience":291604,"relics_obtained":[{"floor":6.0,"key":"Whetstone"},{"floor":11.0,"key":"Boot"},{"floor":13.0,"key":"Nunchaku"}],"event_choices":[{"damage_healed":0.0,"max_hp_gain":0.0,"max_hp_loss":0.0,"gold_gain":0.0,"event_name":"Living Wall","player_choice":"Grow","floor":2.0,"gold_loss":0.0,"damage_taken":0.0,"cards_upgraded":["Eruption"]},{"damage_healed":0.0,"max_hp_gain":0.0,"max_hp_loss":0.0,"gold_gain":68.0,"event_name":"Golden Wing","player_choice":"Gained Gold","floor":3.0,"gold_loss":0.0,"damage_taken":0.0},{"damage_healed":0.0,"max_hp_gain":0.0,"max_hp_loss":0.0,"gold_gain":75.0,"event_name":"World of Goop","player_choice":"Gather Gold","floor":5.0,"gold_loss":0.0,"damage_taken":11.0},{"damage_healed":0.0,"max_hp_gain":0.0,"max_hp_loss":0.0,"gold_gain":0.0,"event_name":"Dead Adventurer","player_choice":"Searched \u00273\u0027 times","floor":8.0,"gold_loss":0.0,"damage_taken":0.0,"relics_obtained":["Orichalcum"]},{"damage_healed":0.0,"max_hp_gain":0.0,"max_hp_loss":0.0,"gold_gain":0.0,"event_name":"Duplicator","player_choice":"Copied","floor":20.0,"gold_loss":0.0,"damage_taken":0.0,"cards_obtained":["Wallop"]}],"is_beta":false,"boss_relics":[{"not_picked":["Cursed Key","Runic Dome"],"picked":"Tiny House"}],"items_purged_floors":[21],"is_endless":false,"potions_floor_spawned":[1,10,11,16,22],"killed_by":"Slavers","ascension_level":9}}