{"host":"ceopyqoizwrgii5g","time":1609291063,"event":{"mods":["ATMod(阿瑾Mod)","Act Like it!","Aspiration","BaseMod","BetterRewards","CapriCore","Conspire","Dota2Spire","GungeonMod","Hallownest","Hermit","Infinite Spire","Luminous","Marisa（霧雨　魔理沙）","Minty Spire (QoL Compilation)","Permanent Neow","Quick Restart","Reimu（博???）","Remilia（蕾米莉?）","Replay The Spire","Robot Space Explorer","RumiaBox-露米?的神秘盒子","SOS（斯巴?之子）","Shop Mod","Spicy Shops","StSLib","SuperFastMode","The Bug Knight","The Cursed","Transform Curses","WarShipGirlsR/??少女R mod","Yakumo Yukari mod","Youmu（魂魄妖?）","【功能Mod】混沌之?修复?丁","【?物卡牌】REMEMod"],"gold_per_floor":[110,128,128,128,141,174,187,187,236,266,266,299,316,156,156,251,251,263,263,296,311,321,346,346,381,381,393,426,341,351,370,370,465,465,484,484,484],"floor_reached":36,"playtime":1074,"items_purged":["Normality"],"score":827,"play_id":"6b0ccb32-28cf-47e8-a181-0f7eb6010415","local_time":"20201230091743","is_ascension_mode":true,"campfire_choices":[{"data":"Bane","floor":8,"key":"SMITH"},{"floor":11,"key":"REST"},{"floor":24,"key":"REST"},{"data":"AT_WindFlip","floor":32,"key":"SMITH"}],"circlet_count":0,"master_deck":["Strike_G","Strike_G","Strike_G","Strike_G","Strike_G","Defend_G","Defend_G","Defend_G","Defend_G","Defend_G","Survivor","Neutralize","AT_IchimonjiDouble+1","UltimateShortwave","Noxious Fumes","Deadly Poison","Bane+1","Slice","Deadly Poison","Dagger Spray","Poisoned Stab","Dagger Spray","Bane","Bane","infinitespire:Collect","AT_WindFlip+1","REME_SpectralBlade","Deadly Poison+1"],"relics":["Ring of the Snake","REME_ComplimentaryCards","AT_ATBox","Basket Of Snakes","AddBug","SecretRecord","SecretRecord","SecretRecord","SecretRecord","SecretRecord","SecretRecord"],"acts_visited":["Exordium","TheCity","TheBeyond"],"potions_floor_usage":[16,28,28,33,33,33],"damage_taken":[{"damage":0,"enemies":"Small Slimes","floor":1,"turns":3},{"damage":0,"enemies":"2 Louse","floor":2,"turns":3},{"damage":0,"enemies":"Cultist","floor":5,"turns":2},{"damage":12,"enemies":"Gremlin Nob","floor":6,"turns":4},{"damage":4,"enemies":"Exordium Thugs","floor":7,"turns":3},{"damage":14,"enemies":"Replay:BlueRogue","floor":10,"turns":3},{"damage":0,"enemies":"HollowMod:MossKnight","floor":12,"turns":2},{"damage":0,"enemies":"Looter","floor":13,"turns":2},{"damage":14,"enemies":"Hexaghost","floor":16,"turns":5},{"damage":0,"enemies":"Chosen","floor":18,"turns":2},{"damage":0,"enemies":"conspire:MimicChest","floor":20,"turns":2},{"damage":10,"enemies":"conspire:FuzzyDice","floor":21,"turns":3},{"damage":0,"enemies":"Sentry and Sphere","floor":22,"turns":3},{"damage":17,"enemies":"HollowMod:Nosk","floor":23,"turns":4},{"damage":0,"enemies":"Replay:Snechameleon","floor":25,"turns":2},{"damage":9,"enemies":"Centurion and Healer","floor":27,"turns":2},{"damage":0,"enemies":"Nightmare","floor":28,"turns":3},{"damage":0,"enemies":"Shelled Parasite and Fungi","floor":30,"turns":2},{"damage":8,"enemies":"Cultist and Chosen","floor":31,"turns":2},{"damage":0,"enemies":"Automaton","floor":33,"turns":4},{"damage":0,"enemies":"3 Shapes","floor":35,"turns":1},{"damage":11,"enemies":"infinitespire:Three Voidlings","floor":36,"turns":2},{"damage":59,"enemies":"Nightmare_Alpha","floor":36,"turns":3}],"seed_played":"2158233631300976234","potions_obtained":[{"floor":2,"key":"FearPotion"},{"floor":7,"key":"FearPotion"},{"floor":13,"key":"Elixir"},{"floor":15,"key":"AttackPotion"},{"floor":27,"key":"Dota2Spire:HealingSalve"},{"floor":30,"key":"Toxic Potion"},{"floor":31,"key":"LifebloodPotion"}],"is_trial":false,"path_per_floor":["M","M","?","?","M","E","M","R","T","E","R","E","M","$","R","B",null,"M","?","?","M","M","E","R","E","T","M","NM","?","M","M","R","B",null,"M","?"],"character_chosen":"THE_SILENT","items_purchased":["Basket Of Snakes","Noxious Fumes","Deadly Poison","BargainBundle","DemoMod:ClearGuonStone","HandDrill","DemoMod:GnawedKey","conspire:TopHat"],"campfire_rested":2,"item_purchase_floors":[0,0,14,14,14,14,14,14],"current_hp_per_floor":[70,70,70,70,70,58,54,54,54,40,61,61,61,61,61,47,70,70,70,70,60,60,43,64,64,64,55,55,55,55,47,47,53,70,70,0,0],"gold":484,"neow_bonus":"","is_daily":false,"chose_seed":false,"campfire_upgraded":2,"win_rate":0.0,"timestamp":1609291063,"path_taken":["M","M","?","?","M","E","M","R","T","E","R","E","?","$","R","BOSS","M","?","?","M","M","E","R","E","T","M","NM","?","?","M","R","BOSS","M","?"],"items_purchased_type":["Relic","Card","Card","Relic","Relic","Relic","Relic","Relic"],"build_version":"2020-12-22","purchased_purges":1,"victory":false,"max_hp_per_floor":[70,70,70,70,70,70,70,70,70,70,70,70,70,70,70,70,70,70,70,70,70,70,70,70,70,70,70,70,70,70,70,70,70,70,70,70,70],"card_choices":[{"not_picked":["AT_ThistleTea","Sneak Up","Flying Knee"],"picked":"SKIP","floor":1},{"not_picked":["Calculated Gamble","Slice"],"picked":"Deadly Poison","floor":2},{"not_picked":["Outmaneuver","PiercingWail","Grand Finale"],"picked":"SKIP","floor":5},{"not_picked":["REME_GreenPollution","Cloak And Dagger","Eviscerate"],"picked":"SKIP","floor":6},{"not_picked":["Leg Sweep","Blade Dance"],"picked":"Bane","floor":7},{"not_picked":["PiercingWail","Acrobatics","Eviscerate"],"picked":"SKIP","floor":10},{"not_picked":["infinitespire:Neurotoxin","Draining Mist"],"picked":"Slice","floor":12},{"not_picked":["Replay:Poison Smokescreen","Flying Knee","Underhanded Strike"],"picked":"SKIP","floor":13},{"not_picked":["Predator","Acrobatics"],"picked":"Dagger Spray","floor":18},{"not_picked":["Cloak And Dagger+1","Setup+1"],"picked":"Poisoned Stab","floor":21},{"not_picked":["Dagger Throw","Riddle With Holes"],"picked":"Dagger Spray","floor":22},{"not_picked":["Poisoned Stab","Dagger Spray"],"picked":"Bane","floor":23},{"not_picked":["Sucker Punch","Deadly Poison"],"picked":"Bane","floor":25},{"not_picked":["ReplayTheSpireMod:Scrap Shanks","Escape Plan","Concentrate"],"picked":"SKIP","floor":27},{"not_picked":["ReplayTheSpireMod:??????????????????????","infinitespire:Fortify"],"picked":"infinitespire:Collect","floor":28},{"not_picked":["AT_FocusSwordFire","Dagger Throw","Prepared+1"],"picked":"SKIP","floor":28},{"not_picked":["AT_FocusSwordFire","Dagger Throw","Prepared+1"],"picked":"SKIP","floor":28},{"not_picked":["Dodge and Roll+1","Backstab","Concentrate"],"picked":"SKIP","floor":30},{"not_picked":["Dagger Spray","Tactician+1"],"picked":"AT_WindFlip","floor":31},{"not_picked":["Malaise","Wraith Form v2"],"picked":"REME_SpectralBlade","floor":33},{"not_picked":["conspire:DoublingDagger+1","ReplayTheSpireMod:Speed Training"],"picked":"Deadly Poison+1","floor":35}],"player_experience":389082,"relics_obtained":[{"floor":1,"key":"AddBug"},{"floor":6,"key":"Dota2Spire:MaskOfMadness"},{"floor":9,"key":"Juzu Bracelet"},{"floor":10,"key":"SecretRecord"},{"floor":10,"key":"Lizard Tail"},{"floor":12,"key":"AT_ImmortalShieldbow"},{"floor":13,"key":"SecretRecord"},{"floor":16,"key":"SecretRecord"},{"floor":20,"key":"infinitespire:Beetle Shell"},{"floor":23,"key":"SecretRecord"},{"floor":23,"key":"infinitespire:ShieldingShard"},{"floor":25,"key":"aspiration:HiddenCompartment"},{"floor":26,"key":"Replay:Ringing Soul"},{"floor":27,"key":"SecretRecord"},{"floor":28,"key":"Shuriken"}],"event_choices":[{"damage_healed":0,"gold_gain":0,"player_choice":"Grow","damage_taken":0,"max_hp_gain":0,"max_hp_loss":0,"event_name":"Living Wall","floor":3,"gold_loss":0,"cards_upgraded":["AT_IchimonjiDouble"]},{"damage_healed":0,"gold_gain":0,"player_choice":"Ignored","damage_taken":0,"max_hp_gain":0,"max_hp_loss":0,"event_name":"Purifier","floor":4,"gold_loss":0},{"damage_healed":0,"gold_gain":0,"player_choice":"Got Potions","damage_taken":0,"max_hp_gain":0,"max_hp_loss":0,"event_name":"Lab","floor":15,"gold_loss":0},{"damage_healed":0,"gold_gain":0,"player_choice":"Ignored","damage_taken":0,"max_hp_gain":0,"max_hp_loss":0,"event_name":"Ghosts","floor":19,"gold_loss":0},{"damage_healed":0,"gold_gain":0,"player_choice":"Obtained Relic","damage_taken":0,"relics_obtained":["Dota2Spire:UrnOfShadows"],"max_hp_gain":0,"max_hp_loss":0,"event_name":"Addict","floor":29,"gold_loss":85}],"is_beta":false,"boss_relics":[{"not_picked":["REME_ChargedStone","ChewingGum"],"picked":"Painkiller Herb"},{"not_picked":["aspiration:RitualDagger","aspiration:IroncladSkillbook"],"picked":"conspire:SpecialSausage"}],"items_purged_floors":[14],"is_endless":true,"potions_floor_spawned":[2,7,13,18,27,30,31,33,36],"killed_by":"Nightmare_Alpha","ascension_level":3}}