{"host":"7mrmd33mpx7q5wx9","time":1609322207,"event":{"mods":["AchievementEnabler","BaseMod","BetterRewards","Colored Map","Defuse TimeMaze Blight","Infinite Spire","Minty Spire (QoL Compilation)","Permanent Neow","Quick Restart","StSLib"],"gold_per_floor":[119,133,146,162,180,180,192,192,192],"floor_reached":8,"playtime":541,"items_purged":[],"score":65,"play_id":"9c07b0a0-731a-4b8c-baaa-81ca7536230a","local_time":"20201230035647","is_ascension_mode":true,"campfire_choices":[{"data":"Adrenaline","floor":6,"key":"SMITH"}],"circlet_count":0,"master_deck":["Strike_G","Strike_G","Strike_G","Strike_G","Strike_G","Defend_G","Defend_G","Defend_G","Defend_G","Defend_G","Survivor","Neutralize","Adrenaline+1","Footwork","Quick Slash","PiercingWail","Noxious Fumes"],"relics":["Ring of the Snake"],"acts_visited":["Exordium"],"potions_floor_usage":[8],"damage_taken":[{"damage":5,"enemies":"Cultist","floor":1,"turns":5},{"damage":0,"enemies":"Small Slimes","floor":2,"turns":3},{"damage":3,"enemies":"Jaw Worm","floor":3,"turns":6},{"damage":16,"enemies":"Large Slime","floor":4,"turns":13},{"damage":1,"enemies":"Blue Slaver","floor":5,"turns":4},{"damage":1,"enemies":"Looter","floor":7,"turns":3},{"damage":9,"enemies":"Gremlin Nob","floor":8,"turns":4}],"seed_played":"1419445767097996232","potions_obtained":[{"floor":1,"key":"GhostInAJar"},{"floor":4,"key":"PowerPotion"},{"floor":5,"key":"CultistPotion"}],"is_trial":false,"path_per_floor":["M","M","M","M","M","R","M","E"],"character_chosen":"THE_SILENT","items_purchased":[],"campfire_rested":0,"item_purchase_floors":[],"current_hp_per_floor":[44,44,41,25,24,24,23,14,14],"gold":192,"neow_bonus":"THREE_RARE_CARDS","is_daily":false,"chose_seed":false,"campfire_upgraded":1,"win_rate":0.0,"timestamp":1609322207,"path_taken":["M","?","M","M","M","R","M","E"],"items_purchased_type":[],"build_version":"2020-12-22","purchased_purges":0,"victory":false,"max_hp_per_floor":[70,70,70,70,70,70,70,70,70],"card_choices":[{"not_picked":["After Image","infinitespire:Neurotoxin"],"picked":"Adrenaline","floor":0},{"not_picked":["Bouncing Flask","Prepared","Setup"],"picked":"SKIP","floor":1},{"not_picked":["Terror","Accuracy"],"picked":"Footwork","floor":2},{"not_picked":["Deflect","Catalyst"],"picked":"Quick Slash","floor":3},{"not_picked":["Catalyst","Underhanded Strike"],"picked":"PiercingWail","floor":4},{"not_picked":["Escape Plan","Underhanded Strike"],"picked":"Noxious Fumes","floor":5},{"not_picked":["Masterful Stab","Flying Knee","Deadly Poison"],"picked":"SKIP","floor":7}],"player_experience":368465,"relics_obtained":[],"event_choices":[],"is_beta":false,"boss_relics":[],"items_purged_floors":[],"is_endless":false,"potions_floor_spawned":[1,4,5,7],"killed_by":"Gremlin Nob","ascension_level":5}}