{"host":"6r341r9cz00j2qc1","time":1609358283,"event":{"mods":["BaseMod","Better Third Choice","Downfall","GungeonMod","Hermit","Lobotomy","LobotomyExtend","Minty Spire (QoL Compilation)","Shop Mod","StSLib"],"gold_per_floor":[112,112,131,131,131,131,157,169,195,225,243,243,172,447,447,546,546,565,20,40,51,51,51,78,78,128,128,128,128,128],"floor_reached":29,"playtime":1523,"items_purged":[],"score":274,"play_id":"3d5eecda-d3d1-43f4-ab8d-b044df0d5256","local_time":"20201230205803","is_ascension_mode":false,"campfire_choices":[{"data":"hermit:HighCaliber","floor":6,"key":"SMITH"},{"floor":12,"key":"REST"},{"floor":15,"key":"REST"},{"floor":23,"key":"REST"},{"floor":27,"key":"REST"}],"circlet_count":0,"master_deck":["hermit:Strike_Hermit","hermit:Strike_Hermit","hermit:Strike_Hermit","hermit:Strike_Hermit","hermit:Defend_Hermit","hermit:Defend_Hermit","hermit:Defend_Hermit","hermit:Defend_Hermit","hermit:Snapshot","hermit:Covet","Wellcheers","Scorched","hermit:HighCaliber+1","Mercenary","hermit:Brawl","OldLady","hermit:Showdown","LongBird","hermit:Maintenance+1","CherryBlossoms","hermit:Roulette","hermit:EyeOfTheStorm+1","Regret","QueenOfHatred","hermit:HighNoon","hermit:LuckOfTheDraw+1","hermit:Dissolve+1","hermit:BodyArmor+1","hermit:HighCaliber","hermit:WideOpen","DespairKnight","hermit:PistolWhip","hermit:Midnight+1","hermit:Grudge+1"],"relics":["hermit:Momento","CogitoBucket","LetterFromLob","RedMistMask","Strawberry","DemoMod:Bottle","PreservedInsect","Toxic Egg 2","Ice Cream","Juzu Bracelet","DemoMod:DecoyRelic","Dream Catcher","MutagenicStrength"],"acts_visited":["Exordium","TheCity"],"potions_floor_usage":[24,24],"damage_taken":[{"damage":1,"enemies":"Jaw Worm","floor":1,"turns":4},{"damage":0,"enemies":"Cultist","floor":3,"turns":3},{"damage":29,"enemies":"Gremlin Nob","floor":7,"turns":4},{"damage":0,"enemies":"Small Slimes","floor":8,"turns":2},{"damage":0,"enemies":"3 Sentries","floor":10,"turns":2},{"damage":28,"enemies":"3 Louse","floor":11,"turns":2},{"damage":52,"enemies":"Hexaghost","floor":16,"turns":5},{"damage":34,"enemies":"3 Byrds","floor":18,"turns":5},{"damage":25,"enemies":"Spheric Guardian","floor":20,"turns":4},{"damage":22,"enemies":"Shelled Parasite and Fungi","floor":21,"turns":6},{"damage":30,"enemies":"Gremlin Leader","floor":24,"turns":3}],"seed_played":"5621171307127237716","potions_obtained":[{"floor":10,"key":"sneckomod:MuddlingPotion"},{"floor":16,"key":"hermit:BlackBile"},{"floor":21,"key":"Swift Potion"}],"is_trial":false,"path_per_floor":["M","?","M","$","?","R","E","M","T","E","M","R","$","?","R","B",null,"M","$","M","M","?","R","E","T","T","R","?","?"],"character_chosen":"HERMIT","items_purchased":["hermit:EyeOfTheStorm+1","Ice Cream","hermit:Dissolve+1","hermit:BodyArmor+1","hermit:HighCaliber"],"campfire_rested":4,"item_purchase_floors":[13,19,19,19,19],"current_hp_per_floor":[74,75,75,75,79,79,53,53,53,59,31,55,55,55,79,30,82,51,51,47,31,31,55,25,25,25,49,49,0,0],"gold":128,"neow_bonus":"","is_daily":false,"chose_seed":false,"campfire_upgraded":1,"win_rate":0.0,"timestamp":1609358283,"path_taken":["M","?","?","$","?","R","E","M","T","E","M","R","$","?","R","BOSS","M","$","M","?","?","R","E","?","T","R","?","?"],"items_purchased_type":["Card","Relic","Card","Card","Card"],"build_version":"2020-12-22","purchased_purges":0,"victory":false,"max_hp_per_floor":[75,75,75,75,82,82,82,82,82,82,82,82,82,82,82,82,82,82,82,82,82,82,82,82,82,82,82,82,82,82],"card_choices":[{"not_picked":["MHz","FairyFestival"],"picked":"Wellcheers","floor":1},{"not_picked":["hermit:Spite","hermit:SprayPray"],"picked":"hermit:Scavenge","floor":1},{"not_picked":["QueenBee","GalaxyChild","WallGazer"],"picked":"Singing Bowl","floor":3},{"not_picked":["Freischutz","NakedNest"],"picked":"Scorched","floor":3},{"not_picked":["hermit:Misfire","hermit:Vantage"],"picked":"hermit:HighCaliber","floor":3},{"not_picked":["FairyFestival","BeautyBeast","SpiderBud"],"picked":"Singing Bowl","floor":7},{"not_picked":["FairyFestival","ShyLook"],"picked":"Mercenary","floor":7},{"not_picked":["hermit:ItchyTrigger","hermit:WideOpen"],"picked":"hermit:Brawl","floor":7},{"not_picked":["PunishingBird","Porccubus"],"picked":"OldLady","floor":8},{"not_picked":["hermit:ShadowCloak","hermit:DeadMansHand"],"picked":"hermit:Showdown","floor":8},{"not_picked":["MeatLantern","BeautyBeast","SpiderBud"],"picked":"Singing Bowl","floor":10},{"not_picked":["OSAHOGD","Porccubus"],"picked":"LongBird","floor":10},{"not_picked":["hermit:Roulette","hermit:HoleUp+1"],"picked":"hermit:Maintenance+1","floor":10},{"not_picked":["RedShoes","CrumblingArmor","HappyTeddy"],"picked":"Singing Bowl","floor":11},{"not_picked":["MHz","FairyFestival"],"picked":"CherryBlossoms","floor":11},{"not_picked":["hermit:Quickdraw","hermit:Ricochet"],"picked":"hermit:Roulette","floor":11},{"not_picked":["DespairKnight","Bloodbath"],"picked":"QueenOfHatred","floor":16},{"not_picked":["hermit:Magnum","hermit:Roughhouse"],"picked":"hermit:HighNoon","floor":16},{"not_picked":["MHz","PunishingBird","Freischutz"],"picked":"Singing Bowl","floor":18},{"not_picked":["hermit:LowProfile+1","hermit:Gestalt+1"],"picked":"hermit:LuckOfTheDraw+1","floor":18},{"not_picked":["QueenBee","Scarecrow","LaLuna"],"picked":"Singing Bowl","floor":20},{"not_picked":["hermit:TrackingShot","hermit:LuckOfTheDraw+1"],"picked":"hermit:WideOpen","floor":20},{"not_picked":["FairyFestival","Murderer","UniverseFragment"],"picked":"Singing Bowl","floor":21},{"not_picked":["ShyLook","WhitesApple"],"picked":"DespairKnight","floor":21},{"not_picked":["hermit:Brawl","hermit:Ricochet"],"picked":"hermit:PistolWhip","floor":21},{"not_picked":["Rudolta","MHz","MeatLantern"],"picked":"Singing Bowl","floor":24},{"not_picked":["hermit:Adapt","hermit:Enervate"],"picked":"hermit:Midnight+1","floor":24},{"not_picked":["hermit:LowProfile+1","hermit:Manifest+1"],"picked":"hermit:Grudge+1","floor":27}],"player_experience":436847,"relics_obtained":[{"floor":1,"key":"LetterFromLob"},{"floor":3,"key":"RedMistMask"},{"floor":7,"key":"DemoMod:Bottle"},{"floor":9,"key":"PreservedInsect"},{"floor":10,"key":"Toxic Egg 2"},{"floor":24,"key":"Juzu Bracelet"},{"floor":25,"key":"DemoMod:DecoyRelic"},{"floor":26,"key":"Dream Catcher"}],"event_choices":[{"cards_removed":["hermit:Scavenge"],"damage_healed":1,"gold_gain":0,"player_choice":"Offered Uncommon","damage_taken":0,"max_hp_gain":0,"max_hp_loss":0,"event_name":"Bonfire Elementals","floor":2,"gold_loss":0},{"damage_healed":0,"gold_gain":0,"player_choice":"Relic ","damage_taken":3,"max_hp_gain":0,"max_hp_loss":0,"event_name":"betterThird:BetterScrap","floor":5,"gold_loss":0,"cards_obtained":["Heel Hook"]},{"damage_healed":0,"gold_gain":275,"player_choice":"Desecrate","damage_taken":0,"max_hp_gain":0,"max_hp_loss":0,"event_name":"Golden Shrine","floor":14,"gold_loss":0,"cards_obtained":["Regret"]},{"damage_healed":0,"gold_gain":0,"player_choice":"Inject Mutagens","damage_taken":0,"relics_obtained":["MutagenicStrength"],"max_hp_gain":0,"max_hp_loss":0,"event_name":"Drug Dealer","floor":28,"gold_loss":0}],"is_beta":false,"boss_relics":[{"not_picked":["Sozu","Coffee Dripper","Runic Dome"]}],"items_purged_floors":[],"is_endless":false,"potions_floor_spawned":[10,16,21],"ascension_level":0}}