{"host":"yp47u74hk6n79vj1","time":1609357975,"event":{"mods":["BaseMod","Colored Map","Highlight Path","Minty Spire (QoL Compilation)"],"gold_per_floor":[111,36,36,55,72,107,107,134,134,165,165,165,165,217,217,217,217],"floor_reached":16,"playtime":386,"items_purged":["Strike_R"],"score":122,"play_id":"6ec90bb7-e136-4b49-b1c5-18b155868503","local_time":"20201230145255","is_ascension_mode":true,"campfire_choices":[{"data":"Whirlwind","floor":7,"key":"SMITH"},{"data":"Shrug It Off","floor":15,"key":"SMITH"}],"circlet_count":0,"master_deck":["Strike_R","Strike_R","Strike_R","Defend_R+1","Defend_R","Defend_R","Bash","Shrug It Off+1","Whirlwind+1","Inflame","Iron Wave+1"],"relics":["Burning Blood","Ginger","Kunai","Frozen Egg 2","Centennial Puzzle","Oddly Smooth Stone"],"acts_visited":["Exordium"],"potions_floor_usage":[6,8,8,10],"damage_taken":[{"damage":1,"enemies":"Jaw Worm","floor":1,"turns":3},{"damage":1,"enemies":"Cultist","floor":4,"turns":3},{"damage":0,"enemies":"2 Louse","floor":5,"turns":1},{"damage":54,"enemies":"Lagavulin","floor":6,"turns":7},{"damage":9,"enemies":"3 Sentries","floor":8,"turns":2},{"damage":6,"enemies":"Gremlin Nob","floor":10,"turns":3},{"damage":22,"enemies":"Hexaghost","floor":16,"turns":9}],"seed_played":"7494289891072704431","potions_obtained":[{"floor":4,"key":"GamblersBrew"},{"floor":5,"key":"LiquidMemories"},{"floor":6,"key":"Swift Potion"},{"floor":8,"key":"SteroidPotion"}],"is_trial":false,"path_per_floor":["M","$","?","M","M","E","R","E","T","E","T","?","?","T","R","B"],"character_chosen":"IRONCLAD","items_purchased":[],"campfire_rested":0,"item_purchase_floors":[],"current_hp_per_floor":[88,88,88,88,88,40,40,37,37,37,37,19,19,19,19,0,0],"gold":217,"neow_bonus":"TEN_PERCENT_HP_BONUS","is_daily":false,"chose_seed":false,"campfire_upgraded":2,"win_rate":0.0,"timestamp":1609357975,"path_taken":["M","$","?","M","?","E","R","E","T","E","?","?","?","?","R","BOSS"],"items_purchased_type":[],"build_version":"2020-12-22","purchased_purges":1,"victory":false,"max_hp_per_floor":[88,88,88,88,88,88,88,88,88,88,88,88,88,88,88,88,88],"card_choices":[{"not_picked":["Clothesline","Warcry"],"picked":"Shrug It Off","floor":1},{"not_picked":["Sword Boomerang","Warcry"],"picked":"Whirlwind","floor":4},{"not_picked":["Intimidate","True Grit","Shockwave"],"picked":"SKIP","floor":5},{"not_picked":["Pommel Strike","Warcry"],"picked":"Inflame","floor":6},{"not_picked":["Berserk","Searing Blow"],"picked":"Iron Wave","floor":8},{"not_picked":["Combust+1","Dual Wield","Anger"],"picked":"SKIP","floor":10}],"player_experience":581419,"relics_obtained":[{"floor":6,"key":"Ginger"},{"floor":8,"key":"Kunai"},{"floor":10,"key":"Frozen Egg 2"},{"floor":11,"key":"Centennial Puzzle"},{"floor":14,"key":"Oddly Smooth Stone"}],"event_choices":[{"cards_removed":["Defend_R"],"damage_healed":0,"gold_gain":0,"player_choice":"Offered Basic","damage_taken":0,"max_hp_gain":0,"max_hp_loss":0,"event_name":"Bonfire Elementals","floor":3,"gold_loss":0},{"damage_healed":0,"gold_gain":0,"player_choice":"Entered Light","damage_taken":18,"max_hp_gain":0,"max_hp_loss":0,"event_name":"Shining Light","floor":12,"gold_loss":0,"cards_upgraded":["Defend_R","Iron Wave"]},{"cards_removed":["Strike_R"],"damage_healed":0,"gold_gain":0,"player_choice":"Forget","damage_taken":0,"max_hp_gain":0,"max_hp_loss":0,"event_name":"Living Wall","floor":13,"gold_loss":0}],"is_beta":false,"boss_relics":[],"items_purged_floors":[2],"is_endless":false,"potions_floor_spawned":[4,5,6,8],"killed_by":"Hexaghost","ascension_level":1}}