{"host":"96bpdudduaq3ttpf","time":1609314834,"event":{"mods":["Act Like it!","Astrologer","Bard","Bartender","BaseMod","BetterRewards","CapriCore","Challenge The Spire","Chen","Downfall","Elementarium","Friendly Minions","GifTheSpireLib","Hallownest","Hermit","Jorbs\u0027s Wanderer Trilogy","KinomotoSakuraMod(????)","Koishi","KomeijiMod","Mari Mod (Legacy)","Mari\u0027s V1 Patch","Marisa????????","Mimic Mod","Minty Spire (QoL Compilation)","Prisma Mod","Replay The Spire","Shade Mod","StSLib","Td1madao Mod","The Administrix","The Animator","The Bug Knight","The Construct","The Cursed","The Factory","The Gatherer","The Hierophant","The Immortal","The IronCluck","The Jungle","The Mystic","The Necromancer","The Runesmith","The Senshi","The Servant 0.9.4","WarShipGirlsR/????R mod","Yohane!","Yuyuko"],"gold_per_floor":[110,214,214,214,232,249,282,357,357,391,406,406,423,441,441,545,545,560,573,584,594,344,373,373,373,373,373,373,373,385,399,399,502,502,513,613,121,139,89,116,131,131,163,163,213,225,272,284,296,330,330],"floor_reached":50,"playtime":2632,"items_purged":[],"score":547,"play_id":"452155ae-1a61-4778-a6c9-8c1b5f1baf0f","local_time":"20201230005354","is_ascension_mode":false,"campfire_choices":[{"floor":12,"key":"REST"},{"floor":15,"key":"REST"},{"floor":24,"key":"REST"},{"data":"GremboGang","floor":28,"key":"SMITH"},{"floor":32,"key":"REST"},{"floor":42,"key":"REST"},{"floor":44,"key":"REST"},{"floor":49,"key":"REST"}],"circlet_count":0,"master_deck":["mysticmod:Strike_Mystic","mysticmod:Strike_Mystic","mysticmod:Strike_Mystic","mysticmod:Strike_Mystic","mysticmod:Defend_Mystic","mysticmod:Defend_Mystic","mysticmod:Defend_Mystic","mysticmod:Defend_Mystic","mysticmod:ArcaneDodge","mysticmod:ShockingGrasp","mysticmod:HeavyStrike","mysticmod:FiveFootStep","mysticmod:Daze","mysticmod:HeavyStrike","mysticmod:BladeMaster","mysticmod:Snowball","mysticmod:Shield","mysticmod:Probe","mysticmod:MagicMissile","mysticmod:LightningBolt","mysticmod:Feint","mysticmod:Natural20","mysticmod:SuddenClarity","mysticmod:CorrosiveTouch","mysticmod:KeenEdge","mysticmod:PowerSlash+1","GremboGang+1","mysticmod:Lunge","mysticmod:Sideswipe+1","mysticmod:TomeOfSpells","mysticmod:MysticalShield","mysticmod:ComponentsPouch+1","Parasite","Secret Weapon+1","mysticmod:Snowball+1","mysticmod:EarthenWall+1","mysticmod:SummonFamiliar+1","mysticmod:ArcaneAccuracy+1","mysticmod:CorrosiveTouch+1"],"relics":["mysticmod:SpellBook","NeowsBlessing","Blue Doll","Iron Hammer","Shuriken","Runic Dome","Counterbalance","Nloth\u0027s Gift","Replay:Bronze Core","ReplayTheSpireMod:CursedCoin","Darkstone Periapt","Omamori","Pen Nib","Runesmith:Locket","Ring of Peace","Ring of Greed","Replay:Bandana","MawBank","theFactory:ChargeChargeCharge","WarpedTongs"],"acts_visited":["Exordium","TheCity","TheCity"],"potions_floor_usage":[16,16,16,23,23,38,47,47],"damage_taken":[{"damage":0,"enemies":"Cultist","floor":1,"turns":1},{"damage":0,"enemies":"Small Slimes","floor":5,"turns":1},{"damage":0,"enemies":"Jaw Worm","floor":6,"turns":1},{"damage":31,"enemies":"3 Sentries","floor":7,"turns":10},{"damage":27,"enemies":"Lagavulin","floor":10,"turns":7},{"damage":1,"enemies":"Gremlin Gang","floor":11,"turns":4},{"damage":0,"enemies":"Large Slime","floor":13,"turns":3},{"damage":4,"enemies":"3 Louse","floor":14,"turns":4},{"damage":42,"enemies":"The Guardian","floor":16,"turns":9},{"damage":0,"enemies":"Spheric Guardian","floor":18,"turns":3},{"damage":5,"enemies":"Chosen","floor":19,"turns":2},{"damage":16,"enemies":"Centurion and Healer","floor":20,"turns":6},{"damage":18,"enemies":"Snake Plant","floor":21,"turns":3},{"damage":12,"enemies":"Book of Stabbing","floor":23,"turns":3},{"damage":0,"enemies":"Snecko","floor":30,"turns":4},{"damage":15,"enemies":"Shelled Parasite and Fungi","floor":31,"turns":5},{"damage":53,"enemies":"Champ","floor":33,"turns":10},{"damage":0,"enemies":"theFactory:BigBot","floor":35,"turns":3},{"damage":4,"enemies":"theFactory:4_Mini-Bots","floor":38,"turns":4},{"damage":35,"enemies":"theFactory:Orbs_and_Orb_Walker","floor":41,"turns":5},{"damage":38,"enemies":"theFactory:Sentries_and_Big_Bot","floor":43,"turns":6},{"damage":2,"enemies":"theFactory:Sentries_and_Big_Bot","floor":47,"turns":8},{"damage":106,"enemies":"theFactory:SPIDER","floor":50,"turns":18}],"seed_played":"2430072076731954251","potions_obtained":[{"floor":6,"key":"AttackPotion"},{"floor":7,"key":"Weak Potion"},{"floor":11,"key":"FearPotion"},{"floor":16,"key":"EssenceOfSteel"},{"floor":19,"key":"Block Potion"},{"floor":21,"key":"Weak Potion"},{"floor":31,"key":"Elixir"},{"floor":33,"key":"FearPotion"},{"floor":35,"key":"ExcitationPotion"},{"floor":41,"key":"FearPotion"},{"floor":47,"key":"CalmPotion"}],"is_trial":false,"path_per_floor":["M","?","?","$","M","M","E","?","T","E","M","R","M","M","R","B",null,"M","M","M","M","?","E","R","?","T","?","R","?","M","M","R","B",null,"M","?","$","M","$","T","M","R","MIM","R","?","?","M","?","R","B"],"character_chosen":"MYSTIC_CLASS","items_purchased":["ReplayTheSpireMod:CursedCoin","FairyPotion","Darkstone Periapt","Omamori","Secret Weapon+1","mysticmod:EarthenWall+1"],"campfire_rested":7,"item_purchase_floors":[37,37,37,37,37,39],"current_hp_per_floor":[77,47,77,77,77,77,46,39,39,12,11,34,34,30,53,11,77,77,72,56,38,38,26,49,49,49,49,49,49,49,34,57,4,77,77,77,77,73,73,73,38,61,23,46,46,46,44,44,67,0,0],"gold":330,"neow_bonus":"THREE_ENEMY_KILL","is_daily":false,"chose_seed":false,"campfire_upgraded":1,"win_rate":0.0,"timestamp":1609314834,"path_taken":["M","?","?","$","?","M","E","?","T","E","M","R","M","M","R","BOSS","M","?","M","M","?","E","R","?","T","?","R","?","?","M","R","BOSS","M","?","$","?","?","?","?","R","MIM","R","?","?","M","?","R","BOSS"],"items_purchased_type":["Relic","Potion","Relic","Relic","Card","Card"],"build_version":"2020-12-22","purchased_purges":0,"victory":false,"max_hp_per_floor":[77,77,77,77,77,77,77,77,77,77,77,77,77,77,77,77,77,77,77,77,77,77,77,77,77,77,77,77,77,77,77,77,77,77,77,77,77,77,77,77,77,77,77,77,77,77,77,77,77,77,77],"card_choices":[{"not_picked":["mysticmod:ComponentsPouch","mysticmod:PreparedCaster"],"picked":"mysticmod:HeavyStrike","floor":1},{"not_picked":["mysticmod:LightningBolt","mysticmod:Fly"],"picked":"mysticmod:FiveFootStep","floor":2},{"not_picked":["mysticmod:KeenEdge","mysticmod:EarthenWall"],"picked":"mysticmod:Daze","floor":2},{"not_picked":["mysticmod:Daze","mysticmod:ComboCaster"],"picked":"mysticmod:HeavyStrike","floor":2},{"not_picked":["mysticmod:Grapple","mysticmod:Shield"],"picked":"mysticmod:BladeMaster","floor":5},{"not_picked":["mysticmod:EarthenWall","mysticmod:DiviningBlow"],"picked":"mysticmod:Snowball","floor":6},{"not_picked":["mysticmod:Dedication","mysticmod:EbbAndFlow"],"picked":"mysticmod:Shield","floor":7},{"not_picked":["mysticmod:PowerSlash","mysticmod:Alacrity"],"picked":"mysticmod:Probe","floor":10},{"not_picked":["mysticmod:Snowball","mysticmod:Dedication"],"picked":"mysticmod:MagicMissile","floor":11},{"not_picked":["mysticmod:PowerSlash","mysticmod:FiveFootStep"],"picked":"mysticmod:LightningBolt","floor":13},{"not_picked":["mysticmod:DiviningBlow","mysticmod:Alacrity"],"picked":"mysticmod:Feint","floor":14},{"not_picked":["mysticmod:Disintegrate","mysticmod:MirrorEntity"],"picked":"mysticmod:Natural20","floor":16},{"not_picked":["mysticmod:LightningBolt","mysticmod:Shield"],"picked":"mysticmod:SuddenClarity","floor":18},{"not_picked":["mysticmod:Disengage","mysticmod:Stoneskin+1"],"picked":"mysticmod:CorrosiveTouch","floor":19},{"not_picked":["mysticmod:Riposte","mysticmod:BladeMaster+1"],"picked":"mysticmod:KeenEdge","floor":20},{"not_picked":["mysticmod:BulkUp","mysticmod:LightningBolt+1"],"picked":"mysticmod:PowerSlash+1","floor":21},{"not_picked":["mysticmod:MagicMissile+1","mysticmod:AllIn","mysticmod:PunishingArmor"],"picked":"SKIP","floor":23},{"not_picked":[],"picked":"mysticmod:Lunge","floor":27},{"not_picked":["mysticmod:Disengage","mysticmod:Alacrity"],"picked":"mysticmod:Sideswipe+1","floor":30},{"not_picked":["mysticmod:SuddenClarity","mysticmod:Snowball"],"picked":"mysticmod:TomeOfSpells","floor":31},{"not_picked":["mysticmod:GeminiForm","mysticmod:Haste"],"picked":"mysticmod:MysticalShield","floor":33},{"not_picked":["mysticmod:Fly","mysticmod:BladeMaster"],"picked":"mysticmod:ComponentsPouch+1","floor":35},{"not_picked":["mysticmod:PureInstinct","mysticmod:Disengage"],"picked":"mysticmod:Snowball+1","floor":38},{"not_picked":["mysticmod:Doublecast","mysticmod:HeavyStrike"],"picked":"mysticmod:SummonFamiliar+1","floor":41},{"not_picked":["mysticmod:EnergizedRift+1","mysticmod:BulkUp+1"],"picked":"mysticmod:ArcaneAccuracy+1","floor":43},{"not_picked":["mysticmod:Snowball","mysticmod:IllusionOfCalm+1"],"picked":"mysticmod:CorrosiveTouch+1","floor":47}],"player_experience":745893,"relics_obtained":[{"floor":7,"key":"Blue Doll"},{"floor":9,"key":"Iron Hammer"},{"floor":10,"key":"Shuriken"},{"floor":23,"key":"Counterbalance"},{"floor":26,"key":"Pantograph"},{"floor":40,"key":"Pen Nib"},{"floor":43,"key":"Runesmith:Locket"},{"floor":45,"key":"Ring of Peace"},{"floor":45,"key":"Ring of Greed"},{"floor":45,"key":"Replay:Bandana"},{"floor":45,"key":"MawBank"}],"event_choices":[{"damage_healed":30,"gold_gain":0,"player_choice":"Full Heal","damage_taken":0,"max_hp_gain":0,"max_hp_loss":0,"event_name":"Wheel of Change","floor":3,"gold_loss":0},{"damage_healed":0,"gold_gain":75,"player_choice":"Touch","damage_taken":7,"max_hp_gain":0,"max_hp_loss":0,"event_name":"FaceTrader","floor":8,"gold_loss":0},{"damage_healed":0,"gold_gain":0,"player_choice":"Ignored","damage_taken":0,"max_hp_gain":0,"max_hp_loss":0,"event_name":"Vampires","floor":25,"gold_loss":0},{"damage_healed":0,"gold_gain":0,"player_choice":"Traded Relic","damage_taken":0,"relics_obtained":["Nloth\u0027s Gift"],"max_hp_gain":0,"max_hp_loss":0,"event_name":"N\u0027loth","floor":29,"relics_lost":["Pantograph"],"gold_loss":0},{"damage_healed":0,"gold_gain":100,"player_choice":"Pray","damage_taken":0,"max_hp_gain":0,"max_hp_loss":0,"event_name":"Golden Shrine","floor":36,"gold_loss":0},{"damage_healed":0,"gold_gain":0,"player_choice":"Rummage","damage_taken":0,"relics_obtained":["WarpedTongs"],"max_hp_gain":0,"max_hp_loss":0,"event_name":"Accursed Blacksmith","floor":48,"gold_loss":0,"cards_obtained":["Pain"]}],"is_beta":false,"boss_relics":[{"not_picked":["Runic Pyramid","Fusion Hammer"],"picked":"Runic Dome"},{"not_picked":["Silver_Glasses","mysticmod:DeckOfManyThings"],"picked":"Replay:Bronze Core"}],"items_purged_floors":[],"is_endless":false,"potions_floor_spawned":[6,7,11,13,16,19,21,31,33,35,41,47],"killed_by":"theFactory:SPIDER","ascension_level":0}}