{"host":"8i4doyxqctgl5qb0","time":1609368379,"event":{"mods":["AchievementEnabler","BaseMod","Block Reminder","Colored Powertips","Downfall","Marisa£®ÏF”Í°°ƒß¿Ì…≥£©","Minty Spire (QoL Compilation)","Permanent Neow","Potion Indicator Mod","Rare Cards Sparkle","StSLib","SuperFastMode"],"gold_per_floor":[112,132,132,307,87,117,136,136,136,9,24,99,115,190,190,288,288,307,327,118,118,130,130,159,0,12,24,36,48,60,2,2,101,101,112,23,34,34,54,54,54,54],"floor_reached":41,"playtime":2121,"items_purged":["Defend_R"],"score":406,"play_id":"13e0b7fe-3421-4582-9c5a-4abc3adc4f64","local_time":"20201231064619","is_ascension_mode":false,"campfire_choices":[{"data":"Demon Form","floor":8.0,"key":"SMITH"},{"floor":15.0,"key":"REST"},{"floor":23.0,"key":"REST"},{"floor":32.0,"key":"REST"},{"floor":40.0,"key":"REST"}],"circlet_count":0,"master_deck":["Strike_R","Strike_R","Strike_R","Defend_R","Defend_R","Defend_R","Bash","Iron Wave","Pommel Strike","Sword Boomerang","Demon Form","Battle Trance","Flame Barrier","Demon Form+1","Cleave","Inflame","Flex+1","Shrug It Off+1","Berserk","Metallicize+1","Armaments+1","Finesse+1","Rampage","Demon Form","Power Through+1","Disarm+1","Double Tap+1","Shrug It Off+1","Infernal Blade+1","Clothesline+1","Finesse+1","Fiend Fire"],"relics":["Burning Blood","Blood Vial","Toxic Egg 2","Runic Cube","Spirit Poop","MawBank","White Beast Statue","Pocketwatch","Velvet Choker"],"acts_visited":["Exordium","TheCity","TheBeyond"],"potions_floor_usage":[],"damage_taken":[{"damage":1.0,"enemies":"Jaw Worm","floor":1.0,"turns":3.0},{"damage":0.0,"enemies":"Small Slimes","floor":2.0,"turns":4.0},{"damage":13.0,"enemies":"Lagavulin","floor":6.0,"turns":5.0},{"damage":10.0,"enemies":"Cultist","floor":7.0,"turns":4.0},{"damage":9.0,"enemies":"Large Slime","floor":11.0,"turns":5.0},{"damage":14.0,"enemies":"Blue Slaver","floor":13.0,"turns":3.0},{"damage":42.0,"enemies":"Hexaghost","floor":16.0,"turns":9.0},{"damage":29.0,"enemies":"Shell Parasite","floor":18.0,"turns":6.0},{"damage":21.0,"enemies":"Spheric Guardian","floor":19.0,"turns":5.0},{"damage":23.0,"enemies":"Shelled Parasite and Fungi","floor":22.0,"turns":5.0},{"damage":32.0,"enemies":"Book of Stabbing","floor":24.0,"turns":5.0},{"damage":16.0,"enemies":"Colosseum Slavers","floor":28.0,"turns":8.0},{"damage":43.0,"enemies":"Automaton","floor":33.0,"turns":8.0},{"damage":34.0,"enemies":"3 Darklings","floor":35.0,"turns":6.0},{"damage":40.0,"enemies":"3 Shapes","floor":37.0,"turns":7.0},{"damage":22.0,"enemies":"Spire Growth","floor":39.0,"turns":8.0},{"damage":0,"enemies":"Jaw Worm Horde","floor":41,"turns":1}],"seed_played":"2194124940177548704","potions_obtained":[{"floor":2.0,"key":"GamblersBrew"},{"floor":13.0,"key":"PowerPotion"},{"floor":18.0,"key":"Energy Potion"},{"floor":19.0,"key":"ElixirPotion"},{"floor":24.0,"key":"BlessingOfTheForge"},{"floor":33.0,"key":"Weak Potion"},{"floor":35.0,"key":"CultistPotion"},{"floor":37.0,"key":"FearPotion"}],"is_trial":false,"path_per_floor":["M","M","?","?","$","E","M","R","T","$","M","?","M","?","R","B",null,"M","M","$","?","M","R","E","?","T","$","?","?","T","$","R","B",null,"M","$","M","?","M","R","M"],"character_chosen":"IRONCLAD","items_purchased":["Demon Form","Battle Trance","Flame Barrier","Inflame","Flex+1","Finesse+1","Rampage","Disarm+1","Infernal Blade+1","BloodPotion"],"campfire_rested":4,"item_purchase_floors":[5,5,5,10,10,20,20,31,36,36],"current_hp_per_floor":[80,80,73,73,73,66,64,64,64,64,63,52,46,38,62,28,80,57,44,44,44,29,53,29,29,29,29,21,21,21,21,45,10,80,52,52,36,36,22,46,48,48],"gold":54,"neow_bonus":"TRANSFORM_CARD","is_daily":false,"chose_seed":false,"campfire_upgraded":1,"win_rate":0.0,"timestamp":1609368379,"path_taken":["M","M","?","?","$","E","M","R","T","?","?","?","M","?","R","BOSS","M","M","$","?","?","R","E","?","T","$","?","?","?","?","R","BOSS","M","$","M","?","M","R","M"],"items_purchased_type":["Card","Card","Card","Card","Card","Card","Card","Card","Card","Potion"],"build_version":"2020-12-22","purchased_purges":1,"victory":false,"max_hp_per_floor":[80,80,80,80,80,80,80,80,80,80,80,80,80,80,80,80,80,80,80,80,80,80,80,80,80,80,80,80,80,80,80,80,80,80,80,80,80,80,80,80,80,80],"card_choices":[{"not_picked":["Twin Strike","Body Slam"],"picked":"Pommel Strike","floor":1.0},{"not_picked":["Dual Wield","Warcry"],"picked":"Sword Boomerang","floor":2.0},{"not_picked":["Shrug It Off","Disarm"],"picked":"Demon Form","floor":6.0},{"not_picked":["Headbutt","Flame Barrier"],"picked":"Cleave","floor":7.0},{"not_picked":["Thunderclap","Body Slam"],"picked":"Shrug It Off+1","floor":11.0},{"not_picked":["Uppercut","Fire Breathing","Warcry+1"],"picked":"SKIP","floor":13.0},{"not_picked":["Brutality","Feed"],"picked":"Berserk","floor":16.0},{"not_picked":["Clothesline+1","True Grit+1"],"picked":"Metallicize+1","floor":18.0},{"not_picked":["Uppercut","Warcry+1"],"picked":"Armaments+1","floor":19.0},{"not_picked":["True Grit+1","Pommel Strike"],"picked":"Demon Form","floor":22.0},{"not_picked":["Sword Boomerang","Warcry+1"],"picked":"Power Through+1","floor":24.0},{"not_picked":["Demon Form","Brutality"],"picked":"Double Tap+1","floor":33.0},{"not_picked":["Warcry+1","Battle Trance+1"],"picked":"Shrug It Off+1","floor":35.0},{"not_picked":["Twin Strike+1","Perfected Strike+1"],"picked":"Clothesline+1","floor":37.0},{"not_picked":["Panacea+1","Mind Blast"],"picked":"Finesse+1","floor":38.0},{"not_picked":["Uppercut+1","Twin Strike"],"picked":"Fiend Fire","floor":39.0}],"player_experience":1283,"relics_obtained":[{"floor":6.0,"key":"Blood Vial"},{"floor":9.0,"key":"Toxic Egg 2"},{"floor":24.0,"key":"MawBank"},{"floor":26.0,"key":"White Beast Statue"},{"floor":30.0,"key":"Pocketwatch"}],"event_choices":[{"cards_removed":["Strike_R"],"damage_healed":0.0,"max_hp_gain":0.0,"max_hp_loss":0.0,"gold_gain":0.0,"event_name":"Golden Wing","player_choice":"Card Removal","floor":3.0,"gold_loss":0.0,"damage_taken":7.0},{"damage_healed":0.0,"max_hp_gain":0.0,"max_hp_loss":0.0,"gold_gain":175.0,"event_name":"Liars Game","player_choice":"AGREE","floor":4.0,"gold_loss":0.0,"damage_taken":0.0,"cards_obtained":["Doubt"]},{"damage_healed":0.0,"max_hp_gain":0.0,"max_hp_loss":0.0,"gold_gain":75.0,"event_name":"World of Goop","player_choice":"Gather Gold","floor":12.0,"gold_loss":0.0,"damage_taken":11.0},{"damage_healed":0.0,"max_hp_gain":0.0,"max_hp_loss":0.0,"gold_gain":75.0,"event_name":"FaceTrader","player_choice":"Touch","floor":14.0,"gold_loss":0.0,"damage_taken":8.0},{"cards_removed":["Doubt"],"damage_healed":0.0,"max_hp_gain":0.0,"max_hp_loss":0.0,"gold_gain":0.0,"event_name":"Bonfire Elementals","player_choice":"Offered Curse","floor":21.0,"gold_loss":0.0,"damage_taken":0.0,"relics_obtained":["Spirit Poop"]},{"damage_healed":0.0,"max_hp_gain":0.0,"max_hp_loss":0.0,"gold_gain":0.0,"event_name":"Masked Bandits","player_choice":"Paid Fearfully","floor":25.0,"gold_loss":171.0,"damage_taken":0.0},{"damage_healed":0.0,"max_hp_gain":0.0,"max_hp_loss":0.0,"gold_gain":0.0,"event_name":"Colosseum","player_choice":"Fight","floor":28.0,"gold_loss":0.0,"damage_taken":0.0},{"damage_healed":0.0,"max_hp_gain":0.0,"max_hp_loss":0.0,"gold_gain":0.0,"event_name":"Colosseum","player_choice":"Fled From Nobs","floor":28.0,"gold_loss":0.0,"damage_taken":0.0},{"damage_healed":0.0,"max_hp_gain":0.0,"max_hp_loss":0.0,"gold_gain":0.0,"event_name":"Ghosts","player_choice":"Ignored","floor":29.0,"gold_loss":0.0,"damage_taken":0.0},{"damage_healed":0.0,"max_hp_gain":0.0,"max_hp_loss":0.0,"gold_gain":0.0,"event_name":"SensoryStone","player_choice":"Memory 1","floor":38.0,"gold_loss":0.0,"damage_taken":0.0}],"is_beta":false,"boss_relics":[{"not_picked":["Cursed Key","Snecko Eye"],"picked":"Runic Cube"},{"not_picked":["Black Star","Busted Crown"],"picked":"Velvet Choker"}],"items_purged_floors":[20],"is_endless":false,"potions_floor_spawned":[2,13,18,19,24,28,33,35,37,39],"killed_by":"Jaw Worm Horde","ascension_level":0}}