{"host":"foq4mrde4mssg7vt","time":1609355532,"event":{"mods":["AchievementEnabler","BaseMod","Colored Map","Colored Powertips","Highlight Path","Minty Spire (QoL Compilation)","Relic Stats","everything is the same but u backflip on backflip"],"gold_per_floor":[117,135,135,148,163,6,17,75,129,162,162,64,77,107,107,183,183,197,197,211,211,229,229,256,275,275,292,292,302,302,320,320,320,320],"floor_reached":33,"playtime":1501,"items_purged":[],"score":478,"play_id":"b43387ea-8c86-49cc-ad49-2f3d24d28245","local_time":"20201231031212","is_ascension_mode":true,"campfire_choices":[{"floor":11,"key":"REST"},{"data":"Disarm","floor":15,"key":"SMITH"},{"floor":23,"key":"REST"},{"floor":28,"key":"REST"},{"data":"Immolate","floor":30,"key":"SMITH"},{"data":"Spot Weakness","floor":32,"key":"SMITH"}],"circlet_count":0,"master_deck":["AscendersBane","Strike_R+1","Strike_R+1","Strike_R+1","Strike_R+1","Strike_R+1","Defend_R+1","Defend_R+1","Defend_R+1","Defend_R+1","Bash","Dropkick","Headbutt","Perfected Strike","Flame Barrier","Anger","Battle Trance","Rage","Disarm+1","Immolate+1","Shrug It Off","Shrug It Off","Impervious","Pommel Strike","Shrug It Off","Spot Weakness+1"],"relics":["Burning Blood","Torii","Shuriken","Pen Nib","Strawberry","Boot","Dead Branch","Snecko Eye","Gambling Chip","InkBottle"],"acts_visited":["Exordium","TheCity"],"potions_floor_usage":[5,8,13,14,18,22,33],"damage_taken":[{"damage":0,"enemies":"Small Slimes","floor":1,"turns":3},{"damage":1,"enemies":"Cultist","floor":2,"turns":3},{"damage":8,"enemies":"Jaw Worm","floor":4,"turns":3},{"damage":8,"enemies":"Exordium Thugs","floor":5,"turns":5},{"damage":15,"enemies":"Lots of Slimes","floor":7,"turns":4},{"damage":11,"enemies":"3 Sentries","floor":8,"turns":8},{"damage":42,"enemies":"Gremlin Nob","floor":10,"turns":5},{"damage":3,"enemies":"Gremlin Gang","floor":13,"turns":3},{"damage":18,"enemies":"Lagavulin","floor":14,"turns":5},{"damage":27,"enemies":"The Guardian","floor":16,"turns":12},{"damage":28,"enemies":"2 Thieves","floor":18,"turns":4},{"damage":23,"enemies":"Spheric Guardian","floor":20,"turns":4},{"damage":38,"enemies":"Snecko","floor":22,"turns":5},{"damage":14,"enemies":"Slavers","floor":24,"turns":3},{"damage":4,"enemies":"Snake Plant","floor":25,"turns":3},{"damage":6,"enemies":"3 Cultists","floor":27,"turns":3},{"damage":0,"enemies":"Sentry and Sphere","floor":29,"turns":3},{"damage":2,"enemies":"Snake Plant","floor":31,"turns":3},{"damage":80,"enemies":"Champ","floor":33,"turns":9}],"seed_played":"1531978911529042777","potions_obtained":[{"floor":1,"key":"Block Potion"},{"floor":7,"key":"HeartOfIron"},{"floor":10,"key":"SteroidPotion"},{"floor":13,"key":"DistilledChaos"},{"floor":16,"key":"Ancient Potion"},{"floor":20,"key":"BloodPotion"},{"floor":24,"key":"BlessingOfTheForge"},{"floor":29,"key":"Block Potion"},{"floor":31,"key":"CultistPotion"}],"is_trial":false,"path_per_floor":["M","M","?","M","M","$","M","?","T","E","R","$","M","E","R","B",null,"M","?","M","T","M","R","E","M","T","M","R","M","R","M","R","B"],"character_chosen":"IRONCLAD","items_purchased":["Anger","Battle Trance","Rage","Shrug It Off","BloodPotion"],"campfire_rested":3,"item_purchase_floors":[6,6,6,12,12],"current_hp_per_floor":[56,61,61,59,57,57,48,43,50,14,38,38,57,45,45,24,68,46,46,29,29,13,37,29,31,31,31,55,61,61,65,65,0,0],"gold":320,"neow_bonus":"ONE_RARE_RELIC","is_daily":false,"chose_seed":false,"campfire_upgraded":3,"win_rate":0.0,"timestamp":1609355532,"path_taken":["M","M","?","?","M","$","M","?","T","E","R","$","M","E","R","BOSS","M","?","M","?","M","R","E","M","T","M","R","M","R","?","R","BOSS"],"items_purchased_type":["Card","Card","Card","Card","Potion"],"build_version":"2020-12-22","purchased_purges":0,"victory":false,"max_hp_per_floor":[75,75,75,75,75,75,75,75,82,82,82,82,82,82,82,82,82,82,82,82,82,82,82,82,82,82,82,82,82,82,82,82,82,82],"relic_stats":{"Torii":51,"counters":[19,88],"Shuriken":[22],"Dead Branch":[16],"Gambling Chip":[37],"Snecko Eye":[75,74,78,91],"Pen Nib":[11],"Boot":[13],"obtain_stats":[{"Torii":0,"Shuriken":3,"Strawberry":9,"Dead Branch":14,"Gambling Chip":21,"Snecko Eye":17,"Pen Nib":8,"Boot":10,"Burning Blood":0,"InkBottle":26},{"Torii":0,"Shuriken":2,"Strawberry":6,"Dead Branch":9,"Gambling Chip":12,"Snecko Eye":10,"Pen Nib":6,"Boot":7,"Burning Blood":0,"InkBottle":15},{"Torii":0,"Shuriken":6,"Strawberry":26,"Dead Branch":39,"Gambling Chip":59,"Snecko Eye":51,"Pen Nib":26,"Boot":31,"Burning Blood":0,"InkBottle":70}],"Burning Blood":108,"InkBottle":[5]},"card_choices":[{"not_picked":["Metallicize","Thunderclap"],"picked":"Dropkick","floor":1},{"not_picked":["Battle Trance","Perfected Strike"],"picked":"Headbutt","floor":2},{"not_picked":["Battle Trance","Clothesline"],"picked":"Perfected Strike","floor":4},{"not_picked":["Clothesline","Warcry"],"picked":"Flame Barrier","floor":5},{"not_picked":["Clothesline","Evolve","Second Wind"],"picked":"SKIP","floor":7},{"not_picked":["Metallicize","Hemokinesis"],"picked":"Disarm","floor":8},{"not_picked":["Clothesline","Twin Strike"],"picked":"Immolate","floor":10},{"not_picked":["Entrench","Warcry","Battle Trance"],"picked":"SKIP","floor":13},{"not_picked":["Armaments","Anger"],"picked":"Shrug It Off","floor":14},{"not_picked":["Brutality","Bludgeon"],"picked":"Impervious","floor":16},{"not_picked":["Dual Wield","Iron Wave"],"picked":"Pommel Strike","floor":18},{"not_picked":["Clothesline","Body Slam","Rage"],"picked":"SKIP","floor":20},{"not_picked":["Warcry+1","Disarm","Headbutt+1"],"picked":"SKIP","floor":22},{"not_picked":["Anger","Feel No Pain"],"picked":"Shrug It Off","floor":24},{"not_picked":["Iron Wave","Shrug It Off"],"picked":"Spot Weakness","floor":25},{"not_picked":["Clothesline","Combust","Berserk"],"picked":"SKIP","floor":27},{"not_picked":["Warcry","Whirlwind","Flex"],"picked":"SKIP","floor":29},{"not_picked":["Twin Strike","Armaments+1","Sword Boomerang+1"],"picked":"SKIP","floor":31}],"player_experience":329967,"relics_obtained":[{"floor":3,"key":"Shuriken"},{"floor":8,"key":"Pen Nib"},{"floor":9,"key":"Strawberry"},{"floor":10,"key":"Boot"},{"floor":14,"key":"Dead Branch"},{"floor":21,"key":"Gambling Chip"},{"floor":26,"key":"InkBottle"}],"event_choices":[{"damage_healed":0,"gold_gain":0,"player_choice":"Relic","damage_taken":0,"max_hp_gain":0,"max_hp_loss":0,"event_name":"Wheel of Change","floor":3,"gold_loss":0},{"damage_healed":0,"gold_gain":0,"player_choice":"Searched \u00272\u0027 times","damage_taken":0,"max_hp_gain":0,"max_hp_loss":0,"event_name":"Dead Adventurer","floor":8,"gold_loss":0},{"damage_healed":0,"gold_gain":0,"player_choice":"Simplicity","damage_taken":0,"max_hp_gain":0,"max_hp_loss":0,"event_name":"Back to Basics","floor":19,"gold_loss":0,"cards_upgraded":["Strike_R","Strike_R","Strike_R","Strike_R","Strike_R","Defend_R","Defend_R","Defend_R","Defend_R"]}],"is_beta":false,"boss_relics":[{"not_picked":["Busted Crown","SacredBark"],"picked":"Snecko Eye"}],"items_purged_floors":[],"is_endless":false,"potions_floor_spawned":[1,7,10,13,16,20,24,29,31],"killed_by":"Champ","ascension_level":14}}