{"host":"7t8rqoeeopyy0nh0","time":1609369792,"event":{"mods":["AchievementEnabler","BaseMod","Better Third Choice","BetterRewards","Colored Map","Colored Powertips","Downfall","Hubris","Infinite Spire","Marisa????????","Minty Spire (QoL Compilation)","Replay The Spire","StSLib","The Animator","The Construct","The Cursed","The Hierophant","The Necromancer"],"gold_per_floor":[112,112,112,142,157,157,168,186,186,186,206,235,235,255,255,255,255],"floor_reached":16,"playtime":589,"items_purged":[],"score":246,"play_id":"d1703d0b-c3ba-490a-a0e9-29022efba573","local_time":"20201230180952","is_ascension_mode":true,"campfire_choices":[{"floor":6,"key":"REST"},{"data":"Neutralize","floor":10,"key":"SMITH"},{"floor":15,"key":"REST"}],"circlet_count":0,"master_deck":["AscendersBane","Strike_G","Strike_G","Strike_G","Strike_G","Strike_G","Defend_G","Defend_G","Defend_G","Defend_G","Defend_G","Survivor","Neutralize+1","Bane+1","Noxious Fumes","Noxious Fumes","Noxious Fumes","Leg Sweep","PiercingWail","Dodge and Roll","Catalyst","infinitespire:Neurotoxin"],"relics":["Ring of the Snake","hubris:64BitClover","Medical Kit","Omamori","Blood Vial","Toolbox","Replay:WaspNest","Pear","ReplayTheSpireMod:Ninjato"],"acts_visited":["Exordium"],"potions_floor_usage":[8,8],"damage_taken":[{"damage":10.0,"enemies":"Jaw Worm","floor":1.0,"turns":5.0},{"damage":0,"enemies":"2 Louse","floor":4,"turns":2},{"damage":0,"enemies":"Cultist","floor":5,"turns":4},{"damage":0,"enemies":"2 Fungi Beasts","floor":7,"turns":4},{"damage":10,"enemies":"Exordium Thugs","floor":8,"turns":6},{"damage":19,"enemies":"3 Louse","floor":11,"turns":3},{"damage":5,"enemies":"Replay:BlueRogue","floor":12,"turns":6},{"damage":19,"enemies":"Gremlin Gang","floor":14,"turns":3},{"damage":48,"enemies":"Fading Forest","floor":16,"turns":8}],"seed_played":"-3628163263784188409","potions_obtained":[{"floor":1.0,"key":"Fire Potion"},{"floor":4,"key":"Explosive Potion"}],"is_trial":false,"path_per_floor":["M","?","?","M","M","R","M","M","T","R","M","E","?","M","R","B"],"character_chosen":"THE_SILENT","items_purchased":["hubris:64BitClover","Medical Kit","Bane+1","Noxious Fumes","Omamori","Blood Vial","Noxious Fumes","Leg Sweep","Toolbox"],"campfire_rested":2,"item_purchase_floors":[0,0,0,0,0,0,0,0,0],"current_hp_per_floor":[13,13,13,15,17,38,40,32,32,32,15,22,22,5,29,0,0],"gold":255,"neow_bonus":"","is_daily":false,"chose_seed":false,"campfire_upgraded":1,"win_rate":0.0,"timestamp":1609369792,"path_taken":["M","?","?","M","?","R","M","M","T","R","M","E","?","M","R","BOSS"],"items_purchased_type":["Relic","Relic","Card","Card","Relic","Relic","Card","Card","Relic"],"build_version":"2020-12-22","purchased_purges":0,"victory":false,"max_hp_per_floor":[70,70,70,70,70,70,70,70,70,70,70,80,80,80,80,80,80],"card_choices":[{"not_picked":["Caltrops","Poisoned Stab"],"picked":"PiercingWail","floor":1.0},{"not_picked":["Tactician","Infinite Blades","Expertise"],"picked":"SKIP","floor":4},{"not_picked":["Acrobatics","Dash"],"picked":"Dodge and Roll","floor":5},{"not_picked":["Hidden Blade","Poison Darts"],"picked":"Catalyst","floor":7},{"not_picked":["Bane","hubris:SlightOfHand","Masterful Stab"],"picked":"SKIP","floor":8},{"not_picked":["Backflip","Dagger Spray","Bane"],"picked":"SKIP","floor":11},{"not_picked":["Quick Slash","Accuracy","Poisoned Stab"],"picked":"SKIP","floor":12},{"not_picked":["Bane","Blade Dance"],"picked":"infinitespire:Neurotoxin","floor":14}],"player_experience":389176,"relics_obtained":[{"floor":9,"key":"Replay:WaspNest"},{"floor":12,"key":"Pear"},{"floor":14,"key":"ReplayTheSpireMod:Ninjato"}],"event_choices":[{"damage_healed":13.0,"max_hp_gain":0.0,"max_hp_loss":70.0,"gold_gain":0.0,"event_name":"betterThird:BetterShining","player_choice":"Leave","floor":2.0,"gold_loss":0.0,"damage_taken":0.0},{"damage_healed":0,"gold_gain":0,"player_choice":"Leave","damage_taken":0,"max_hp_gain":0,"max_hp_loss":0,"event_name":"FaceTrader","floor":3,"gold_loss":0}],"is_beta":false,"boss_relics":[],"items_purged_floors":[],"is_endless":false,"potions_floor_spawned":[1,4,5,7],"killed_by":"Fading Forest","ascension_level":12}}