{"host":"h5acbxt0wmjo1kpm","time":1609313777,"event":{"mods":["2.2 Compatiblity","Act Like it!","AlwaysNeverKeys","Aspiration","Bartender","BaseMod","Better Third Choice","Colored Map","Elementarium","Gensokyo","GifTheSpireLib","Hallownest","Marisa????????","Menagerie","Minty Spire (QoL Compilation)","Permanent Neow","Potionbrewer","Relic Filter","Replay The Spire","Robot Space Explorer","RumiaBox-????????","Shade Mod","Spicy Shops","StSLib","Strawberry Spire","The Blackbeard","The Dragon Tamer","The Forsaken","The Gatherer","The Problem Sleuth","The Servant 0.9.4","Wandering Minibosses","vexMod"],"gold_per_floor":[119,139,152,5,13,47,47,47,47,79,79,114,129,15,15,117,117,136,136,148,116,116,116,142,217,217,117,117,150,150,160,160,267,267,357,58,153,60,60,60,151,259,130,221,221,329,329,173,173,266,266,266,266,266,115,219,219],"floor_reached":58,"playtime":4979,"items_purged":["Doubt","Spreading Infection"],"score":1838,"play_id":"dc3a5fd1-2bd9-47ef-a84e-3cd0a67a8c1f","local_time":"20201229233617","is_ascension_mode":true,"metric_token":2131,"campfire_choices":[{"data":"DTMod:FlameSlash","floor":7.0,"key":"SMITH"},{"data":"Menagerie:Tinker","floor":15.0,"key":"SMITH"},{"data":"DTMod:HeadStart","floor":23,"key":"SMITH"},{"data":"DTMod:WarmUp","floor":28,"key":"SMITH"},{"floor":30,"key":"REST"},{"data":"DTMod:SwitchingTactic","floor":32,"key":"SMITH"},{"floor":47,"key":"RECALL"},{"data":"DTMod:Haste","floor":49,"key":"SMITH"},{"floor":51,"key":"REST"},{"data":"DTMod:HeadStart","floor":54,"key":"SMITH"}],"dtmod_dragon_data":[7,50,1,4,12,7],"circlet_count":0,"master_deck":["DTMod:DoubleHit","DTMod:SwitchingTactic+1","DTMod:FlameSlash+1","DTMod:TauntingStrike","DTMod:Training","DTMod:BlueScale","DTMod:HeadStart+1","Menagerie:WallOfBlossoms","Menagerie:LightningHelix","Menagerie:Tinker+1","DTMod:RecklessFlurry","DTMod:LastStand+1","DTMod:Cover+1","DTMod:QuickFly+1","DTMod:ResonanceForm","DTMod:LightShield","DTMod:BlazingStrike","DTMod:WarmUp+1","DTMod:ForkedFire","DTMod:Haste","DTMod:BurningForce","DTMod:LowKick","DTMod:Weaken","Elementarium:GildedStrike","Elementarium:GildedStrike","Elementarium:GildedStrike","Elementarium:GildedStrike","Elementarium:GildedStrike","DTMod:CalculatedDefense","DTMod:MasterPlan","DTMod:Astonish+1","DTMod:Hide+1","DTMod:Haste+1","DTMod:HeadStart+1","DTMod:WarmUp+1","DTMod:Haste+1","Master of Strategy","DTMod:Shift+1","ReplayTheSpireMod:Uncanny Aura","DTMod:RunningTactic+1","DTMod:BuildUp+1","DTMod:BizarreTactic","DTMod:DragonDance","DTMod:CleansingStrike+1","DTMod:EchoTactic","DTMod:Hide+1"],"relics":["DTMod:PactStone","aspiration:Nostalgia","Cracked Core","vexMod:Spyglass","Regal Pillow","Divine Protection","vexMod:BarristanHead","Replay:Grab Bag","Cursed Key","ReplayTheSpireMod:Onyx Gauntlets","Pandora\u0027s Box","Black Star","MealTicket","Oddly Smooth Stone","vexMod:ConsolationPrize","Elementarium:ElementariumTrophy","strawberrySpire:SolarisEssence","Chameleon Ring","Boot","strawberrySpire:ShipInABottle","wanderingMiniBosses:ThiefScarf","Strawberry","strawberrySpire:KineticCharger","strawberrySpire:InflatableHammer","DTMod:BindingString","Replay:Multitool"],"acts_visited":["Menagerie:Menagerie","Elementarium:Elementarium","Hallownest:KingdomsEdge","TheEnding"],"potions_floor_usage":[33,35,44,46,57],"damage_taken":[{"damage":1.0,"enemies":"Menagerie:WhisperingWraith","floor":1.0,"turns":4.0},{"damage":0.0,"enemies":"Menagerie:2_RABBITS","floor":2.0,"turns":3.0},{"damage":0.0,"enemies":"Menagerie:MonstrousExperiment","floor":3.0,"turns":4.0},{"damage":2.0,"enemies":"Menagerie:KEEPER_AND_YOUNG_SUNEATER","floor":5.0,"turns":6.0},{"damage":4.0,"enemies":"Menagerie:VoidReaper","floor":6.0,"turns":9.0},{"damage":7.0,"enemies":"Menagerie:Hydra","floor":10.0,"turns":6.0},{"damage":6.0,"enemies":"Menagerie:MaskedSummoner","floor":12.0,"turns":8.0},{"damage":0.0,"enemies":"Menagerie:STYGIAN_BOAR_AND_WHISPERING_WRAITH","floor":13.0,"turns":7.0},{"damage":27.0,"enemies":"Menagerie:Chimera","floor":16.0,"turns":13.0},{"damage":0.0,"enemies":"Elementarium:2_ELEMENTALS","floor":18.0,"turns":3.0},{"damage":0.0,"enemies":"Elementarium:Cyclone","floor":20.0,"turns":4.0},{"damage":0,"enemies":"Elementarium:FIRE_NOBILITY","floor":24,"turns":4},{"damage":11,"enemies":"Elementarium:ElementalPortal","floor":29,"turns":6},{"damage":0,"enemies":"Elementarium:3_ELEMENTALS","floor":31,"turns":2},{"damage":9,"enemies":"Elementarium:GolemEmperor","floor":33,"turns":10},{"damage":0,"enemies":"Hallownest:2_Littles","floor":35,"turns":4},{"damage":0,"enemies":"Hallownest:Shield_Heavy","floor":37,"turns":2},{"damage":0,"enemies":"Hallownest:2_Great","floor":41,"turns":1},{"damage":0,"enemies":"Hallownest:eliteCollector","floor":42,"turns":5},{"damage":0,"enemies":"Hallownest:2_Soldiers_and_1_Guardian","floor":44,"turns":6},{"damage":0,"enemies":"Hallownest:eliteHiveKnight","floor":46,"turns":6},{"damage":0,"enemies":"Hallownest:2_Wing_and_1_Kings","floor":50,"turns":3},{"damage":0,"enemies":"Hallownest:BossGreyPrinceZote","floor":52,"turns":5},{"damage":0,"enemies":"Shield and Spear","floor":56,"turns":4},{"damage":0,"enemies":"The Heart","floor":57,"turns":7}],"seed_played":"670686631812557052","potions_obtained":[{"floor":1.0,"key":"Flashbang"},{"floor":2.0,"key":"Dexterity Potion"},{"floor":13.0,"key":"Dexterity Potion"},{"floor":18.0,"key":"Elixir"},{"floor":29,"key":"potionbrewer:QuicksilverPotion"},{"floor":41,"key":"potionbrewer:AcidPotion"},{"floor":50,"key":"AttackPotion"}],"is_trial":false,"path_per_floor":["M","M","M","$","M","E","R","?","T","E","?","E","M","$","R","B",null,"M","?","M","$","?","R","E","T","T","$","R","E","R","M","R","B",null,"M","$","M","$","PTL","PTL","M","E","$","M","T","E","R","$","R","M","R","B",null,"R","$","E","B",null],"character_chosen":"THE_DT","items_purchased":["vexMod:Spyglass","DTMod:QuickFly+1","DTMod:MasterPlan","DTMod:Haste","Master of Strategy","ReplayTheSpireMod:Uncanny Aura","DTMod:BizarreTactic","DTMod:DragonDance","DTMod:EchoTactic","strawberrySpire:InflatableHammer"],"campfire_rested":2,"item_purchase_floors":[4,14,21,36,36,38,43,43,48,55],"current_hp_per_floor":[44,44,44,44,42,38,38,38,38,34,34,31,34,34,34,10,33,36,26,29,29,38,38,41,41,41,41,41,30,41,41,41,32,39,41,41,41,41,41,41,41,41,41,41,41,48,48,48,48,48,48,48,48,48,48,48,48],"gold":219,"neow_bonus":"NOSTALGIA","is_daily":false,"chose_seed":false,"campfire_upgraded":7,"win_rate":0.0,"timestamp":1609313777,"path_taken":["M","M","?","$","M","E","R","?","T","E","?","E","M","?","R","BOSS","M","?","M","$","?","R","E","?","T","$","R","E","R","M","R","BOSS","M","$","M","$","PTL","PTL","M","E","$","M","T","E","R","?","R","M","R","BOSS","R","$","E","BOSS"],"items_purchased_type":["Relic","Card","Card","Card","Card","Card","Card","Card","Card","Relic"],"build_version":"2020-12-22","purchased_purges":2,"victory":true,"max_hp_per_floor":[45,45,45,45,45,45,45,41,41,41,41,41,41,41,41,41,41,41,41,41,41,41,41,41,41,41,41,41,41,41,41,41,41,41,41,41,41,41,41,41,41,41,41,41,41,48,48,48,48,48,48,48,48,48,48,48,48],"card_choices":[{"not_picked":["DTMod:HeatWave","DTMod:BlazingStrike"],"picked":"DTMod:FlameSlash","floor":1.0},{"not_picked":["DTMod:Conduct","DTMod:BuildUp"],"picked":"DTMod:TauntingStrike","floor":2.0},{"not_picked":["DTMod:BalancedStrike","DTMod:RunningTactic"],"picked":"DTMod:Training","floor":3.0},{"not_picked":["DTMod:BizarreTactic","DTMod:BreakAttack"],"picked":"DTMod:BlueScale","floor":5.0},{"not_picked":["DTMod:Cover","DTMod:MagicField"],"picked":"DTMod:HeadStart","floor":6.0},{"not_picked":["Menagerie:Languish","Menagerie:Dismember"],"picked":"Menagerie:WallOfBlossoms","floor":8.0},{"not_picked":["Menagerie:SteelWall","Menagerie:LightningBolt"],"picked":"Menagerie:LightningHelix","floor":8.0},{"not_picked":["Menagerie:RelicOfProgenitus","Menagerie:WallOfBlossoms"],"picked":"Menagerie:Tinker","floor":8.0},{"not_picked":["DTMod:Outburst","DTMod:StarRain"],"picked":"DTMod:RecklessFlurry","floor":10.0},{"not_picked":["DTMod:BuildUp","DTMod:Training"],"picked":"DTMod:LastStand+1","floor":12.0},{"not_picked":["DTMod:BlueScale","DTMod:BizarreTactic"],"picked":"DTMod:Cover+1","floor":13.0},{"not_picked":["DTMod:Outburst","DTMod:LightShield+1"],"picked":"DTMod:ResonanceForm","floor":16.0},{"not_picked":["DTMod:Punisher+1","DTMod:Hide","DTMod:GhostSkin+1"],"picked":"SKIP","floor":18.0},{"not_picked":["DTMod:InvisibleFlame","DTMod:SneakAttack+1"],"picked":"DTMod:CalculatedDefense","floor":20.0},{"not_picked":["DTMod:SneakAttack+1","DTMod:MagicField+1"],"picked":"DTMod:Astonish+1","floor":24},{"not_picked":["DTMod:Adaptation","DTMod:CalculatedDefense"],"picked":"DTMod:Hide+1","floor":29},{"not_picked":["DTMod:TauntingStrike","DTMod:Weaken+1"],"picked":"DTMod:Haste+1","floor":31},{"not_picked":["DTMod:Inferno+1","DTMod:GearUp"],"picked":"DTMod:HeadStart","floor":33},{"not_picked":["DTMod:CleansingStrike+1","DTMod:DarkBreath+1"],"picked":"DTMod:WarmUp+1","floor":35},{"not_picked":["DTMod:Overwhelm+1","DTMod:BreakAttack"],"picked":"DTMod:Shift+1","floor":37},{"not_picked":["DTMod:DarkBreath","DTMod:InvisibleFlame+1"],"picked":"DTMod:RunningTactic+1","floor":41},{"not_picked":["DTMod:Weaken","DTMod:ForkedFire"],"picked":"DTMod:BuildUp+1","floor":42},{"not_picked":["DTMod:MagicField","DTMod:MasterPlan"],"picked":"DTMod:CleansingStrike+1","floor":44},{"not_picked":["DTMod:Training+1","DTMod:Punisher+1","DTMod:DeepFocus+1"],"picked":"SKIP","floor":46},{"not_picked":["DTMod:Observe+1","DTMod:InvisibleFlame+1"],"picked":"DTMod:Hide+1","floor":50},{"not_picked":["DTMod:QuickFly+1","DTMod:MaximumCharge+1","DTMod:CalculatedDefense+1"],"picked":"SKIP","floor":56}],"player_experience":1986146,"relics_obtained":[{"floor":6.0,"key":"Regal Pillow"},{"floor":9.0,"key":"Divine Protection"},{"floor":10.0,"key":"strawberrySpire:ShipInABottle"},{"floor":12.0,"key":"vexMod:BarristanHead"},{"floor":24,"key":"MealTicket"},{"floor":29,"key":"Oddly Smooth Stone"},{"floor":29,"key":"vexMod:ConsolationPrize"},{"floor":42,"key":"Chameleon Ring"},{"floor":42,"key":"Boot"},{"floor":44,"key":"strawberrySpire:ShipInABottle"},{"floor":44,"key":"wanderingMiniBosses:ThiefScarf"},{"floor":46,"key":"Strawberry"},{"floor":46,"key":"strawberrySpire:KineticCharger"},{"floor":56,"key":"DTMod:BindingString"},{"floor":56,"key":"Replay:Multitool"}],"event_choices":[{"damage_healed":0.0,"max_hp_gain":0.0,"max_hp_loss":4.0,"gold_gain":0.0,"event_name":"Menagerie:OvergrownLibrary","player_choice":"Read","floor":8.0,"gold_loss":0.0,"damage_taken":0.0,"cards_obtained":["Doubt"]},{"damage_healed":0.0,"max_hp_gain":0.0,"max_hp_loss":0.0,"gold_gain":0.0,"event_name":"Menagerie:GrandMagusTower","player_choice":"Ignored","floor":11.0,"gold_loss":0.0,"damage_taken":0.0},{"damage_healed":0.0,"max_hp_gain":0.0,"max_hp_loss":0.0,"gold_gain":0.0,"event_name":"Elementarium:OnrushingOffering","player_choice":"Strike","floor":19.0,"gold_loss":0.0,"damage_taken":10.0,"cards_obtained":["Elementarium:GildedStrike","Elementarium:GildedStrike","Elementarium:GildedStrike","Elementarium:GildedStrike","Elementarium:GildedStrike"]},{"damage_healed":9,"gold_gain":0,"player_choice":"Rest","damage_taken":0,"max_hp_gain":0,"max_hp_loss":0,"event_name":"Elementarium:HeartOfTheVoid","floor":22,"gold_loss":0}],"is_beta":false,"boss_relics":[{"not_picked":["aspiration:SecretTechniqueScroll","Replay:Bronze Core"],"picked":"Replay:Grab Bag"},{"not_picked":["theForsaken:PaleLantern","Fusion Hammer"],"picked":"Cursed Key"},{"not_picked":["Replay:Wanted Poster","ReplayTheSpireMod:DimensionalGlitch"],"picked":"ReplayTheSpireMod:Onyx Gauntlets"},{"not_picked":["strawberrySpire:Dictionifier","aspiration:DefectSkillbook"],"picked":"Pandora\u0027s Box"},{"not_picked":["Empty Cage","aspiration:WatcherSkillbook"],"picked":"Black Star"},{"not_picked":["aspiration:IroncladSkillbook","aspiration:PoetsPen"],"picked":"strawberrySpire:SolarisEssence"}],"items_purged_floors":[14,27],"is_endless":false,"potions_floor_spawned":[1,2,13,18,29,31,41,50],"ascension_level":5}}