{"host":"7sni158j623xchr2","time":1609296662,"event":{"mods":["BaseMod","Colored Map","Highlight Path","Minty Spire (QoL Compilation)","Permanent Neow","Potion Indicator Mod","Rare Cards Sparkle","Relic Sorter","Relic Stats","StSLib","everything is the same but u backflip on backflip"],"gold_per_floor":[114,39,57,83,107,146,146,183,237,256,256,292,311,339,339,443,443,464,474,474,496,517,545,566,566,566,596,596,632,659,559,559,663,735,764,785,801,801,248,262,262,278,325,342,377,401,428,442,442,442,442,442,108,152,152,152],"floor_reached":55,"playtime":1845,"items_purged":["Defend_G","Strike_G+1","Accuracy"],"score":926,"play_id":"7c23ee09-cfe2-4430-ac82-84f6c0232e2d","local_time":"20201229205102","is_ascension_mode":true,"campfire_choices":[{"data":"Dagger Throw","floor":7,"key":"SMITH"},{"data":"Dash","floor":11,"key":"SMITH"},{"data":"Glass Knife","floor":15,"key":"SMITH"},{"floor":25,"key":"RECALL"},{"floor":32,"key":"REST"},{"floor":41,"key":"REST"},{"floor":49,"key":"REST"},{"floor":52,"key":"REST"}],"circlet_count":0,"master_deck":["Survivor","Neutralize","Terror","Backstab","Dagger Throw+1","Calculated Gamble+1","Dash+1","Glass Knife+1","Crippling Poison+1","Deflect+1","Phantasmal Killer+1","Backflip+1","Dodge and Roll+1","Backflip+1","Dagger Spray","Deadly Poison+1","Corpse Explosion+1","Adrenaline+1","Bane","Heel Hook","Bane","Adrenaline+1","Dodge and Roll+1","Envenom","Noxious Fumes","Calculated Gamble+1","Footwork","Phantasmal Killer+1","Acrobatics+1","Panacea+1","Bandage Up+1","Master of Strategy+1","Crippling Poison+1","Catalyst+1","Sucker Punch+1"],"relics":["Ring of the Snake","Bag of Preparation","CeramicFish","Darkstone Periapt","Toxic Egg 2","Bronze Scales","Eternal Feather","Fusion Hammer","StrikeDummy","Juzu Bracelet","Nunchaku","Pear","Pandora\u0027s Box","Happy Flower","DollysMirror","Bag of Marbles","Blue Candle","Pantograph","Calipers"],"acts_visited":["Exordium","TheCity","TheBeyond","TheEnding"],"potions_floor_usage":[6,29,42,50,54,55],"damage_taken":[{"damage":3,"enemies":"Cultist","floor":1,"turns":6},{"damage":0,"enemies":"Jaw Worm","floor":3,"turns":4},{"damage":2,"enemies":"2 Louse","floor":5,"turns":3},{"damage":13,"enemies":"3 Sentries","floor":6,"turns":8},{"damage":14,"enemies":"Gremlin Nob","floor":8,"turns":3},{"damage":0,"enemies":"Blue Slaver","floor":10,"turns":3},{"damage":0,"enemies":"Lagavulin","floor":12,"turns":6},{"damage":1,"enemies":"2 Fungi Beasts","floor":13,"turns":3},{"damage":0,"enemies":"Large Slime","floor":14,"turns":3},{"damage":13,"enemies":"Hexaghost","floor":16,"turns":6},{"damage":0,"enemies":"Chosen","floor":18,"turns":4},{"damage":0,"enemies":"2 Thieves","floor":19,"turns":3},{"damage":0,"enemies":"Centurion and Healer","floor":21,"turns":4},{"damage":0,"enemies":"Snake Plant","floor":22,"turns":2},{"damage":3,"enemies":"Gremlin Leader","floor":23,"turns":4},{"damage":0,"enemies":"Cultist and Chosen","floor":24,"turns":3},{"damage":0,"enemies":"Book of Stabbing","floor":27,"turns":4},{"damage":12,"enemies":"Gremlin Leader","floor":29,"turns":5},{"damage":0,"enemies":"Shelled Parasite and Fungi","floor":30,"turns":3},{"damage":62,"enemies":"Automaton","floor":33,"turns":10},{"damage":0,"enemies":"3 Shapes","floor":35,"turns":2},{"damage":0,"enemies":"3 Darklings","floor":36,"turns":1},{"damage":0,"enemies":"4 Shapes","floor":37,"turns":2},{"damage":0,"enemies":"Transient","floor":40,"turns":5},{"damage":0,"enemies":"Maw","floor":42,"turns":3},{"damage":0,"enemies":"Sphere and 2 Shapes","floor":44,"turns":3},{"damage":3,"enemies":"Reptomancer","floor":45,"turns":5},{"damage":11,"enemies":"4 Shapes","floor":46,"turns":2},{"damage":0,"enemies":"Spire Growth","floor":48,"turns":2},{"damage":52,"enemies":"Awakened One","floor":50,"turns":11},{"damage":23,"enemies":"Shield and Spear","floor":54,"turns":3},{"damage":86,"enemies":"The Heart","floor":55,"turns":6}],"seed_played":"8833358018382999043","potions_obtained":[{"floor":5,"key":"Explosive Potion"},{"floor":8,"key":"LiquidBronze"},{"floor":10,"key":"Energy Potion"},{"floor":12,"key":"EssenceOfSteel"},{"floor":24,"key":"AttackPotion"},{"floor":29,"key":"Fruit Juice"},{"floor":33,"key":"DistilledChaos"},{"floor":42,"key":"ColorlessPotion"},{"floor":44,"key":"SkillPotion"}],"is_trial":false,"path_per_floor":["M","$","M","T","M","E","R","E","T","M","R","E","M","M","R","B",null,"M","M","?","M","M","E","M","R","T","E","?","E","M","$","R","B",null,"M","M","M","?","$","M","R","M","T","M","E","M","?","M","R","B",null,"R","$","E","B"],"character_chosen":"THE_SILENT","items_purchased":["Happy Flower","DollysMirror","Bag of Marbles","Crippling Poison+1","Catalyst+1","Pantograph"],"campfire_rested":4,"item_purchase_floors":[39,39,39,53,53,53],"current_hp_per_floor":[67,67,67,67,65,52,52,38,38,38,38,38,37,37,46,33,70,70,70,70,70,70,67,67,70,70,70,70,73,73,73,85,23,85,85,85,85,85,85,85,85,85,85,85,82,71,61,67,85,35,85,85,85,62,0,0],"gold":152,"neow_bonus":"RANDOM_COMMON_RELIC","is_daily":false,"chose_seed":false,"campfire_upgraded":3,"win_rate":0.0,"timestamp":1609296662,"path_taken":["M","$","?","?","M","E","R","E","T","M","R","E","M","M","R","BOSS","M","?","?","M","M","E","M","R","T","E","?","E","M","?","R","BOSS","M","M","M","?","$","M","R","M","T","M","E","M","?","M","R","BOSS","R","$","E","BOSS"],"items_purchased_type":["Relic","Relic","Relic","Card","Card","Relic"],"build_version":"2020-12-22","purchased_purges":3,"victory":false,"max_hp_per_floor":[70,70,70,70,70,70,70,70,70,70,70,70,70,70,70,70,70,70,70,70,70,70,70,70,70,70,70,70,85,85,85,85,85,85,85,85,85,85,85,85,85,85,85,85,85,85,85,85,85,85,85,85,85,85,85,85],"relic_stats":{"Darkstone Periapt":0,"Happy Flower":[13],"counters":[32,132],"CeramicFish":297,"Blue Candle":[0],"Eternal Feather":42,"Bag of Preparation":[64],"Juzu Bracelet":0,"Nunchaku":[14],"Bronze Scales":[349],"Pantograph":23,"Pandora\u0027s Box":["Bane","Heel Hook","Bane","Accuracy","Adrenaline","Dodge and Roll","Envenom","Noxious Fumes"],"obtain_stats":[{"Darkstone Periapt":6,"Pear":29,"Calipers":54,"Happy Flower":39,"CeramicFish":4,"Blue Candle":45,"Eternal Feather":12,"Bag of Preparation":0,"Juzu Bracelet":26,"Nunchaku":27,"DollysMirror":39,"Bronze Scales":9,"Pantograph":53,"Pandora\u0027s Box":34,"Fusion Hammer":17,"Bag of Marbles":39,"Toxic Egg 2":8,"StrikeDummy":23,"Ring of the Snake":0},{"Darkstone Periapt":4,"Pear":18,"Calipers":31,"Happy Flower":23,"CeramicFish":2,"Blue Candle":27,"Eternal Feather":7,"Bag of Preparation":0,"Juzu Bracelet":16,"Nunchaku":17,"DollysMirror":23,"Bronze Scales":5,"Pantograph":30,"Pandora\u0027s Box":20,"Fusion Hammer":10,"Bag of Marbles":23,"Toxic Egg 2":5,"StrikeDummy":15,"Ring of the Snake":0},{"Darkstone Periapt":21,"Pear":74,"Calipers":126,"Happy Flower":92,"CeramicFish":10,"Blue Candle":108,"Eternal Feather":33,"Bag of Preparation":0,"Juzu Bracelet":65,"Nunchaku":69,"DollysMirror":92,"Bronze Scales":24,"Pantograph":123,"Pandora\u0027s Box":87,"Fusion Hammer":45,"Bag of Marbles":92,"Toxic Egg 2":24,"StrikeDummy":62,"Ring of the Snake":0}],"Ring of the Snake":[64]},"card_choices":[{"not_picked":["Underhanded Strike","Accuracy"],"picked":"Terror","floor":1},{"not_picked":["Choke","Outmaneuver","Riddle With Holes"],"picked":"SKIP","floor":3},{"not_picked":["Escape Plan","Dagger Throw"],"picked":"Backstab","floor":5},{"not_picked":["Escape Plan","Acrobatics"],"picked":"Dagger Throw","floor":6},{"not_picked":["Setup+1","Infinite Blades"],"picked":"Calculated Gamble+1","floor":8},{"not_picked":["Dodge and Roll+1","Expertise+1"],"picked":"Dash","floor":10},{"not_picked":["Footwork","PiercingWail+1"],"picked":"Glass Knife","floor":12},{"not_picked":["Sucker Punch","Reflex+1"],"picked":"Crippling Poison+1","floor":13},{"not_picked":["Slice","Distraction+1"],"picked":"Deflect+1","floor":14},{"not_picked":["Envenom","Glass Knife"],"picked":"Phantasmal Killer+1","floor":16},{"not_picked":["Acrobatics+1","Bane+1"],"picked":"Backflip+1","floor":18},{"not_picked":["Sucker Punch","Deflect+1","Slice+1"],"picked":"SKIP","floor":19},{"not_picked":["All Out Attack","Dash"],"picked":"Dodge and Roll+1","floor":21},{"not_picked":["Prepared+1","Predator"],"picked":"Backflip+1","floor":22},{"not_picked":["Dodge and Roll+1","Backflip+1","Bane"],"picked":"SKIP","floor":23},{"not_picked":["Well Laid Plans","Flying Knee+1"],"picked":"Dagger Spray","floor":24},{"not_picked":["Dodge and Roll+1","Flying Knee+1","Flechettes"],"picked":"SKIP","floor":27},{"not_picked":["Setup+1","Slice+1"],"picked":"Deadly Poison+1","floor":29},{"not_picked":["Masterful Stab","Accuracy"],"picked":"Corpse Explosion+1","floor":30},{"not_picked":["Night Terror+1","Unload"],"picked":"Adrenaline+1","floor":33},{"not_picked":["Distraction+1","Dagger Throw+1"],"picked":"Calculated Gamble+1","floor":35},{"not_picked":["Dagger Throw+1","Poisoned Stab"],"picked":"Footwork","floor":36},{"not_picked":["Accuracy+1","Expertise+1","Sucker Punch"],"picked":"SKIP","floor":37},{"not_picked":["Accuracy+1","Underhanded Strike","Flechettes+1"],"picked":"SKIP","floor":40},{"not_picked":["Dodge and Roll+1","Sucker Punch","Calculated Gamble+1"],"picked":"SKIP","floor":42},{"not_picked":["Finisher","Sucker Punch","Dodge and Roll+1"],"picked":"SKIP","floor":44},{"not_picked":["All Out Attack+1","Deadly Poison+1","Flechettes"],"picked":"SKIP","floor":45},{"not_picked":["Prepared+1","Accuracy+1"],"picked":"Acrobatics+1","floor":46},{"not_picked":["Jack Of All Trades+1","Flash of Steel"],"picked":"Panacea+1","floor":47},{"not_picked":["Purity+1","Impatience+1"],"picked":"Bandage Up+1","floor":47},{"not_picked":["Bandage Up+1","Thinking Ahead+1"],"picked":"Master of Strategy+1","floor":47},{"not_picked":["All Out Attack+1","Blade Dance+1","Terror+1"],"picked":"SKIP","floor":48},{"not_picked":["Flechettes+1","Cloak And Dagger+1"],"picked":"Sucker Punch+1","floor":54}],"player_experience":1551895,"relics_obtained":[{"floor":4,"key":"CeramicFish"},{"floor":6,"key":"Darkstone Periapt"},{"floor":8,"key":"Toxic Egg 2"},{"floor":9,"key":"Bronze Scales"},{"floor":12,"key":"Eternal Feather"},{"floor":23,"key":"StrikeDummy"},{"floor":26,"key":"Juzu Bracelet"},{"floor":27,"key":"Nunchaku"},{"floor":29,"key":"Pear"},{"floor":45,"key":"Blue Candle"},{"floor":54,"key":"Calipers"}],"event_choices":[{"damage_healed":0,"gold_gain":0,"player_choice":"Simplicity","damage_taken":0,"max_hp_gain":0,"max_hp_loss":0,"event_name":"Back to Basics","floor":20,"gold_loss":0,"cards_upgraded":["Strike_G","Strike_G","Strike_G","Strike_G","Strike_G","Defend_G","Defend_G","Defend_G","Defend_G"]},{"damage_healed":0,"gold_gain":0,"player_choice":"Ignored","damage_taken":0,"max_hp_gain":0,"max_hp_loss":0,"event_name":"Vampires","floor":28,"gold_loss":0},{"damage_healed":0,"gold_gain":0,"player_choice":"Ignored","damage_taken":0,"max_hp_gain":0,"max_hp_loss":0,"event_name":"Tomb of Lord Red Mask","floor":38,"gold_loss":0},{"damage_healed":0,"gold_gain":0,"player_choice":"Memory 3","damage_taken":10,"max_hp_gain":0,"max_hp_loss":0,"event_name":"SensoryStone","floor":47,"gold_loss":0}],"is_beta":false,"boss_relics":[{"not_picked":["Ectoplasm","Runic Pyramid"],"picked":"Fusion Hammer"},{"not_picked":["Tiny House","WristBlade"],"picked":"Pandora\u0027s Box"}],"items_purged_floors":[2,31,39],"is_endless":false,"potions_floor_spawned":[5,8,10,12,14,21,24,27,29,33,37,42,44,46],"killed_by":"The Heart","ascension_level":1}}