{"host":"i0avyit1s6jb1siw","time":1609326126,"event":{"mods":["BaseMod","DeckTracker","Dota2Spire","Highlight Path","Minty Spire (QoL Compilation)","Quick Restart","Replay The Spire","StSLib","SuperFastMode"],"gold_per_floor":[113,113,123,273,198,226,226,252,277,277,306,381,381,394,394,472,472,489,489,489,489],"floor_reached":20,"playtime":325,"items_purged":["Doubt"],"score":426,"play_id":"44980b82-36ae-4666-a1d9-c08544a32cbd","local_time":"20201230120206","is_ascension_mode":true,"campfire_choices":[{"data":"Bash","floor":7,"key":"SMITH"},{"data":"Rampage","floor":10,"key":"SMITH"},{"floor":15,"key":"REST"}],"circlet_count":0,"master_deck":["AscendersBane","Strike_R","Strike_R","Strike_R","Strike_R+1","Strike_R+1","Defend_R","Defend_R","Defend_R","Defend_R","Bash+1","Rampage+1","Anger","Pommel Strike","Disarm","Feed","Shrug It Off"],"relics":["Burning Blood","NeowsBlessing","Tiny Chest","Chameleon Ring","Blue Candle","PreservedInsect","Dota2Spire:RefresherOrb","Dota2Spire:DivineRapier"],"acts_visited":["Exordium","TheCity"],"potions_floor_usage":[8,11,16],"damage_taken":[{"damage":0,"enemies":"Small Slimes","floor":1,"turns":1},{"damage":0,"enemies":"2 Louse","floor":3,"turns":1},{"damage":0,"enemies":"Gremlin Nob","floor":6,"turns":1},{"damage":20,"enemies":"Lagavulin","floor":8,"turns":6},{"damage":28,"enemies":"Replay:BlueRogue","floor":11,"turns":5},{"damage":4,"enemies":"Jaw Worm","floor":14,"turns":3},{"damage":22,"enemies":"Hexaghost","floor":16,"turns":9},{"damage":24,"enemies":"3 Byrds","floor":18,"turns":7},{"damage":48,"enemies":"Shell Parasite","floor":20,"turns":3}],"seed_played":"7358665605797437235","potions_obtained":[{"floor":1,"key":"Adrenaline Potion"},{"floor":3,"key":"Weak Potion"},{"floor":11,"key":"Elixir"},{"floor":16,"key":"Energy Potion"},{"floor":18,"key":"Toxic Potion"}],"is_trial":false,"path_per_floor":["M","?","M","?","$","E","R","E","T","R","E","?","?","M","R","B",null,"M","T","M"],"character_chosen":"IRONCLAD","items_purchased":[],"campfire_rested":1,"item_purchase_floors":[],"current_hp_per_floor":[74,69,75,75,75,75,75,61,61,61,39,28,5,7,29,13,60,45,45,0,0],"gold":489,"neow_bonus":"THREE_ENEMY_KILL","is_daily":false,"chose_seed":false,"campfire_upgraded":2,"win_rate":0.0,"timestamp":1609326126,"path_taken":["M","?","M","?","$","E","R","E","T","R","E","?","?","M","R","BOSS","M","?","?"],"items_purchased_type":[],"build_version":"2020-12-22","purchased_purges":1,"victory":false,"max_hp_per_floor":[75,75,75,75,75,75,75,75,75,75,75,75,75,75,75,75,75,78,78,78,78],"card_choices":[{"not_picked":["ReplayTheSpireMod:LeadingStrike","Feel No Pain"],"picked":"Rampage","floor":1},{"not_picked":["True Grit","Seeing Red"],"picked":"Anger","floor":3},{"not_picked":["Sever Soul","Sword Boomerang"],"picked":"Pommel Strike","floor":6},{"not_picked":["Havoc","Massacre","True Grit"],"picked":"SKIP","floor":8},{"not_picked":["Dropkick","Clothesline","Feel No Pain"],"picked":"SKIP","floor":11},{"not_picked":["Abandon","Pommel Strike"],"picked":"Disarm","floor":14},{"not_picked":["Exhume","Hemogenesis"],"picked":"Feed","floor":16},{"not_picked":["Evolve","True Grit"],"picked":"Shrug It Off","floor":18}],"player_experience":2140361,"relics_obtained":[{"floor":6,"key":"Chameleon Ring"},{"floor":8,"key":"Blue Candle"},{"floor":11,"key":"PreservedInsect"},{"floor":19,"key":"Dota2Spire:DivineRapier"}],"event_choices":[{"damage_healed":0,"gold_gain":0,"player_choice":"Success","damage_taken":5,"relics_obtained":["Tiny Chest"],"max_hp_gain":0,"max_hp_loss":0,"event_name":"Scrap Ooze","floor":2,"gold_loss":0},{"damage_healed":0,"gold_gain":150,"player_choice":"AGREE","damage_taken":0,"max_hp_gain":0,"max_hp_loss":0,"event_name":"Liars Game","floor":4,"gold_loss":0,"cards_obtained":["Doubt"]},{"damage_healed":0,"gold_gain":75,"player_choice":"Gather Gold","damage_taken":11,"max_hp_gain":0,"max_hp_loss":0,"event_name":"World of Goop","floor":12,"gold_loss":0},{"damage_healed":0,"gold_gain":0,"player_choice":"Entered Light","damage_taken":23,"max_hp_gain":0,"max_hp_loss":0,"event_name":"Shining Light","floor":13,"gold_loss":0,"cards_upgraded":["Strike_R","Strike_R"]}],"is_beta":false,"boss_relics":[{"not_picked":["Kintsugi","Replay:Ancient Bell"],"picked":"Dota2Spire:RefresherOrb"}],"items_purged_floors":[5],"is_endless":false,"potions_floor_spawned":[1,3,11,16,18],"killed_by":"Shell Parasite","ascension_level":20}}