{"host":"qc268ltokmxwqyrx","time":1609368840,"event":{"mods":["BaseMod","Colored Map","Colored Powertips","Minty Spire (QoL Compilation)","Relic Stats","Slay the Relics Exporter","StSLib","ojb\u0027s Info Mod"],"gold_per_floor":[117,117,32,48,67,67,101,101,124,89,107,125,125,146,146,244,244,258,281,281,31,31,31,31,55,55,98,98,112,136,169,169,263,263,283,283,299,189,205,205,205,241,253,283,309,9,9,24,24,24,24,24,24,24,55,55],"floor_reached":57,"playtime":7436,"items_purged":["Parasite"],"score":2673,"play_id":"4d109a25-1fb3-48bc-84cd-889ee1500c5b","local_time":"20201230165400","is_ascension_mode":true,"campfire_choices":[{"data":"Bouncing Flask","floor":6.0,"key":"SMITH"},{"data":"Catalyst","floor":13,"key":"SMITH"},{"data":"Venomology","floor":15,"key":"SMITH"},{"data":"Adrenaline","floor":24,"key":"SMITH"},{"floor":28,"key":"REST"},{"data":"Noxious Fumes","floor":32,"key":"SMITH"},{"data":"Wraith Form v2","floor":40,"key":"SMITH"},{"floor":47,"key":"RECALL"},{"data":"Calculated Gamble","floor":49,"key":"SMITH"},{"data":"Well Laid Plans","floor":53,"key":"SMITH"}],"circlet_count":0,"master_deck":["AscendersBane","Strike_G","Defend_G","Defend_G","Defend_G","Defend_G","Survivor","Neutralize+1","Bouncing Flask+1","Well Laid Plans+1","Dagger Throw+1","Backstab+1","Venomology+1","Catalyst+1","Deflect","PiercingWail","Adrenaline+1","Cloak And Dagger+1","Burst+1","Malaise+1","Noxious Fumes+1","Leg Sweep","Footwork","PiercingWail","Predator","Reflex","Wraith Form v2+1","Deflect+1","Outmaneuver+1","PanicButton","Night Terror","Backflip+1","Setup+1","Calculated Gamble+1","Prepared"],"relics":["Ring of the Snake","NeowsBlessing","Golden Idol","Prayer Wheel","Art of War","Astrolabe","OrangePellets","Sundial","Whetstone","MealTicket","SlaversCollar","Bottled Tornado","MawBank","Calipers","Frozen Eye","The Specimen"],"acts_visited":["Exordium","TheCity","TheBeyond","TheEnding"],"potions_floor_usage":[7,12,16,18,19,19,27,29,30,31,33,35,35,39,42,44,51,51,56,56,56],"damage_taken":[{"damage":0.0,"enemies":"Cultist","floor":1.0,"turns":1.0},{"damage":0.0,"enemies":"Jaw Worm","floor":4.0,"turns":1.0},{"damage":0.0,"enemies":"2 Louse","floor":5.0,"turns":1.0},{"damage":32,"enemies":"3 Sentries","floor":7,"turns":10},{"damage":5,"enemies":"2 Fungi Beasts","floor":11,"turns":4},{"damage":4,"enemies":"3 Louse","floor":12,"turns":4},{"damage":1,"enemies":"Red Slaver","floor":14,"turns":2},{"damage":9,"enemies":"Hexaghost","floor":16,"turns":8},{"damage":11,"enemies":"Chosen","floor":18,"turns":6},{"damage":0,"enemies":"2 Thieves","floor":19,"turns":4},{"damage":0,"enemies":"Centurion and Healer","floor":25,"turns":12},{"damage":17,"enemies":"Gremlin Leader","floor":27,"turns":6},{"damage":9,"enemies":"Shelled Parasite and Fungi","floor":29,"turns":5},{"damage":0,"enemies":"Sentry and Sphere","floor":30,"turns":6},{"damage":0,"enemies":"Book of Stabbing","floor":31,"turns":4},{"damage":65,"enemies":"Collector","floor":33,"turns":8},{"damage":18,"enemies":"3 Darklings","floor":35,"turns":9},{"damage":2,"enemies":"3 Shapes","floor":37,"turns":10},{"damage":3,"enemies":"Writhing Mass","floor":39,"turns":5},{"damage":2,"enemies":"Nemesis","floor":42,"turns":9},{"damage":0,"enemies":"Maw","floor":44,"turns":6},{"damage":0,"enemies":"4 Shapes","floor":45,"turns":8},{"damage":4,"enemies":"Sphere and 2 Shapes","floor":48,"turns":10},{"damage":2,"enemies":"Donu and Deca","floor":50,"turns":10},{"damage":22,"enemies":"Time Eater","floor":51,"turns":6},{"damage":2,"enemies":"Shield and Spear","floor":55,"turns":10},{"damage":44,"enemies":"The Heart","floor":56,"turns":10}],"seed_played":"3112042304509054838","potions_obtained":[{"floor":1.0,"key":"DuplicationPotion"},{"floor":11,"key":"DistilledChaos"},{"floor":16,"key":"CunningPotion"},{"floor":27,"key":"AttackPotion"},{"floor":33,"key":"ColorlessPotion"},{"floor":44,"key":"Swift Potion"},{"floor":55,"key":"DuplicationPotion"}],"is_trial":false,"path_per_floor":["M","?","$","M","M","R","E","T","T","?","M","M","R","M","R","B",null,"M","M","?","$","?","?","R","M","T","E","R","M","M","E","R","B",null,"M","?","M","?","M","R","T","E","T","M","M","$","R","M","R","B","B",null,"R","$","E","B",null],"character_chosen":"THE_SILENT","items_purchased":["Well Laid Plans","OrangePellets","Leg Sweep","Frozen Eye","Calculated Gamble"],"campfire_rested":1,"item_purchase_floors":[3,21,21,46,46],"current_hp_per_floor":[59,59,59,59,59,59,27,27,27,42,37,33,33,32,32,23,51,40,40,40,40,40,40,40,40,40,23,41,32,32,32,32,12,48,30,30,28,28,25,25,25,23,23,23,23,38,38,34,34,32,10,45,45,57,55,11],"gold":55,"neow_bonus":"THREE_ENEMY_KILL","is_daily":false,"chose_seed":false,"campfire_upgraded":8,"win_rate":0.0,"timestamp":1609368840,"path_taken":["M","?","?","M","?","R","E","?","T","?","M","M","R","M","R","BOSS","M","M","?","$","?","?","R","M","T","E","R","?","M","E","R","BOSS","M","?","M","?","?","R","?","E","T","?","M","$","R","M","R","BOSS","BOSS","R","$","E","BOSS"],"items_purchased_type":["Card","Relic","Card","Relic","Card"],"build_version":"2020-12-22","purchased_purges":1,"victory":true,"max_hp_per_floor":[66,60,60,60,60,60,60,60,60,60,60,60,60,60,60,60,60,60,60,60,60,60,60,60,60,60,60,60,60,60,60,60,60,60,60,60,60,60,60,60,60,60,60,60,60,57,57,57,57,57,57,57,57,57,57,57],"relic_stats":{"OrangePellets":[37],"counters":[27,175],"Golden Idol":191,"Sundial":[14],"Astrolabe":["Cloak And Dagger","Burst","Malaise"],"Prayer Wheel":14,"MealTicket":27,"Art of War":[55],"Whetstone":["Dagger Throw","Backstab"],"MawBank":48,"obtain_stats":[{"Calipers":43,"NeowsBlessing":0,"The Specimen":55,"Golden Idol":2,"Astrolabe":17,"Whetstone":27,"Bottled Tornado":41,"MawBank":42,"OrangePellets":21,"SlaversCollar":34,"Frozen Eye":46,"Sundial":26,"Prayer Wheel":7,"MealTicket":31,"Art of War":9,"Ring of the Snake":0},{"Calipers":20,"NeowsBlessing":0,"The Specimen":26,"Golden Idol":1,"Astrolabe":8,"Whetstone":12,"Bottled Tornado":19,"MawBank":20,"OrangePellets":10,"SlaversCollar":16,"Frozen Eye":22,"Sundial":11,"Prayer Wheel":4,"MealTicket":15,"Art of War":4,"Ring of the Snake":0},{"Calipers":115,"NeowsBlessing":0,"The Specimen":165,"Golden Idol":1,"Astrolabe":31,"Whetstone":59,"Bottled Tornado":106,"MawBank":115,"OrangePellets":41,"SlaversCollar":82,"Frozen Eye":129,"Sundial":53,"Prayer Wheel":13,"MealTicket":74,"Art of War":13,"Ring of the Snake":0}],"Ring of the Snake":[54]},"card_choices":[{"not_picked":["Concentrate","Reflex"],"picked":"Bouncing Flask","floor":1.0},{"not_picked":["Outmaneuver","Expertise"],"picked":"Dagger Throw","floor":4.0},{"not_picked":["Quick Slash","Underhanded Strike"],"picked":"Backstab","floor":5.0},{"not_picked":["Flying Knee","Distraction"],"picked":"Venomology","floor":7},{"not_picked":["Backflip","PiercingWail"],"picked":"Catalyst","floor":11},{"not_picked":["Distraction","Blade Dance"],"picked":"Deflect","floor":11},{"not_picked":["Flying Knee","Distraction","Bouncing Flask"],"picked":"SKIP","floor":12},{"not_picked":["Riddle With Holes","Distraction","Poisoned Stab"],"picked":"SKIP","floor":12},{"not_picked":["Underhanded Strike","Slice"],"picked":"PiercingWail","floor":14},{"not_picked":["Choke","Masterful Stab","Outmaneuver"],"picked":"SKIP","floor":14},{"not_picked":["After Image","Malaise"],"picked":"Adrenaline","floor":16},{"not_picked":["Bane","Cloak And Dagger","Prepared"],"picked":"SKIP","floor":18},{"not_picked":["Slice","Backstab","Poisoned Stab"],"picked":"SKIP","floor":18},{"not_picked":["Concentrate","Venomology"],"picked":"Noxious Fumes","floor":19},{"not_picked":["Flechettes","Escape Plan","Underhanded Strike"],"picked":"SKIP","floor":19},{"not_picked":["Quick Slash","Flying Knee+1","Reflex"],"picked":"SKIP","floor":25},{"not_picked":["Distraction","Deadly Poison","Tactician"],"picked":"SKIP","floor":25},{"not_picked":["Underhanded Strike","Slice"],"picked":"PiercingWail","floor":27},{"not_picked":["Deflect+1","Storm of Steel","Backstab+1"],"picked":"SKIP","floor":29},{"not_picked":["Accuracy","Skewer","Heel Hook"],"picked":"SKIP","floor":29},{"not_picked":["Poisoned Stab","Prepared"],"picked":"Predator","floor":30},{"not_picked":["Concentrate","Footwork","Prepared"],"picked":"SKIP","floor":30},{"not_picked":["Deflect","Finisher"],"picked":"Reflex","floor":31},{"not_picked":["Night Terror","Malaise"],"picked":"Wraith Form v2","floor":33},{"not_picked":["Dagger Spray","Bane+1"],"picked":"Deflect+1","floor":35},{"not_picked":["Skewer","Deflect"],"picked":"Outmaneuver+1","floor":35},{"not_picked":["Deep Breath","Secret Technique"],"picked":"PanicButton","floor":36},{"not_picked":["Sucker Punch","Dagger Throw","Expertise"],"picked":"SKIP","floor":37},{"not_picked":["Eviscerate","Bouncing Flask","Caltrops"],"picked":"SKIP","floor":37},{"not_picked":["Sucker Punch","Dagger Throw","Expertise"],"picked":"SKIP","floor":37},{"not_picked":["Eviscerate","Bouncing Flask","Caltrops"],"picked":"SKIP","floor":37},{"not_picked":["Heel Hook+1","Blade Dance","Escape Plan"],"picked":"SKIP","floor":39},{"not_picked":["Blade Dance","Backstab","Heel Hook"],"picked":"SKIP","floor":39},{"not_picked":["Outmaneuver","Slice+1","Finisher"],"picked":"SKIP","floor":42},{"not_picked":["Terror","Dodge and Roll+1"],"picked":"Night Terror","floor":44},{"not_picked":["Deadly Poison","Slice"],"picked":"Backflip+1","floor":44},{"not_picked":["Deflect","Quick Slash"],"picked":"Setup+1","floor":45},{"not_picked":["Riddle With Holes","Flying Knee+1","Deadly Poison"],"picked":"SKIP","floor":45},{"not_picked":["Noxious Fumes","Flechettes"],"picked":"Prepared","floor":48},{"not_picked":["Deflect","Blade Dance+1","Slice"],"picked":"SKIP","floor":48},{"not_picked":["Sucker Punch+1","Storm of Steel","Slice"],"picked":"SKIP","floor":55}],"player_experience":1757997,"relics_obtained":[{"floor":7,"key":"Prayer Wheel"},{"floor":9,"key":"Art of War"},{"floor":26,"key":"Sundial"},{"floor":27,"key":"Whetstone"},{"floor":31,"key":"MealTicket"},{"floor":41,"key":"Bottled Tornado"},{"floor":42,"key":"MawBank"},{"floor":43,"key":"Calipers"},{"floor":55,"key":"The Specimen"}],"event_choices":[{"damage_healed":0.0,"max_hp_gain":0.0,"max_hp_loss":6.0,"gold_gain":0.0,"event_name":"Golden Idol","player_choice":"Lose Max HP","floor":2.0,"gold_loss":0.0,"damage_taken":0.0,"relics_obtained":["Golden Idol"]},{"damage_healed":15,"gold_gain":0,"player_choice":"Healed","damage_taken":0,"max_hp_gain":0,"max_hp_loss":0,"event_name":"The Cleric","floor":10,"gold_loss":35},{"damage_healed":0,"gold_gain":0,"player_choice":"Ignored","damage_taken":0,"max_hp_gain":0,"max_hp_loss":0,"event_name":"Cursed Tome","floor":20,"gold_loss":0},{"damage_healed":0,"gold_gain":0,"cards_transformed":["Strike_G"],"player_choice":"Transformed","damage_taken":0,"max_hp_gain":0,"max_hp_loss":0,"event_name":"Transmorgrifier","floor":23,"gold_loss":0,"cards_obtained":["Footwork"]},{"damage_healed":0,"gold_gain":0,"player_choice":"Memory 1","damage_taken":0,"max_hp_gain":0,"max_hp_loss":0,"event_name":"SensoryStone","floor":36,"gold_loss":0},{"cards_removed":["Defend_G"],"damage_healed":0,"gold_gain":0,"player_choice":"Upgrade and Remove","damage_taken":0,"max_hp_gain":0,"max_hp_loss":0,"event_name":"Designer","floor":38,"gold_loss":110,"cards_upgraded":["Neutralize"]}],"is_beta":false,"boss_relics":[{"not_picked":["Black Star","Calling Bell"],"picked":"Astrolabe"},{"not_picked":["Sozu","Ring of the Serpent"],"picked":"SlaversCollar"}],"items_purged_floors":[46],"is_endless":false,"potions_floor_spawned":[1,11,16,27,29,30,33,37,39,44,45,55],"ascension_level":20}}