{"host":"vddkjx04kiwje1tk","time":1609318425,"event":{"mods":["AchievementEnabler","BaseMod","Colored Map","Minty Spire (QoL Compilation)","Quick Restart","SuperFastMode"],"gold_per_floor":[114,114,128,138,65,94,94,121,121,132,187,205,216,250,250,349,349,369,382,236,236,146,175,175,175],"floor_reached":24,"playtime":603,"items_purged":["Strike_G"],"score":295,"play_id":"99cc2f18-df2d-4b24-bb20-c8b22ccc55c1","local_time":"20201230175345","is_ascension_mode":true,"campfire_choices":[{"data":"Accuracy","floor":7,"key":"SMITH"},{"floor":15,"key":"REST"}],"circlet_count":0,"master_deck":["Strike_G","Strike_G","Strike_G","Defend_G","Defend_G","Defend_G","Survivor","Neutralize","Infinite Blades+1","Blade Dance","Accuracy+1","Storm of Steel","Terror+1","Accuracy","Deadly Poison","Quick Slash+1","Acrobatics+1"],"relics":["Ring of the Serpent","NeowsBlessing","Eternal Feather","Letter Opener","Darkstone Periapt","StoneCalendar","Ancient Tea Set","Bag of Preparation"],"acts_visited":["Exordium","TheCity"],"potions_floor_usage":[11,13,14,24],"damage_taken":[{"damage":0,"enemies":"Jaw Worm","floor":1,"turns":1},{"damage":0,"enemies":"2 Louse","floor":3,"turns":1},{"damage":0,"enemies":"Small Slimes","floor":4,"turns":1},{"damage":20,"enemies":"3 Sentries","floor":6,"turns":6},{"damage":24,"enemies":"Gremlin Nob","floor":8,"turns":4},{"damage":8,"enemies":"Blue Slaver","floor":10,"turns":2},{"damage":13,"enemies":"Gremlin Nob","floor":11,"turns":3},{"damage":4,"enemies":"Exordium Thugs","floor":12,"turns":5},{"damage":0,"enemies":"2 Fungi Beasts","floor":13,"turns":2},{"damage":30,"enemies":"3 Sentries","floor":14,"turns":5},{"damage":26,"enemies":"The Guardian","floor":16,"turns":8},{"damage":10,"enemies":"Chosen","floor":18,"turns":6},{"damage":1,"enemies":"3 Byrds","floor":19,"turns":5},{"damage":35,"enemies":"Book of Stabbing","floor":23,"turns":4},{"damage":12,"enemies":"Snake Plant","floor":24,"turns":1}],"seed_played":"6401356864938293257","potions_obtained":[{"floor":4,"key":"SkillPotion"},{"floor":6,"key":"FairyPotion"},{"floor":8,"key":"DistilledChaos"},{"floor":13,"key":"Strength Potion"},{"floor":23,"key":"EssenceOfSteel"}],"is_trial":false,"path_per_floor":["M","?","M","M","$","E","R","E","T","M","?","M","M","E","R","B",null,"M","M","$","?","?","E","M"],"character_chosen":"THE_SILENT","items_purchased":["Accuracy","Accuracy"],"campfire_rested":1,"item_purchase_floors":[5,20],"current_hp_per_floor":[70,70,70,70,70,50,59,35,35,27,14,10,10,1,31,5,54,44,43,43,43,43,8,0,0],"gold":175,"neow_bonus":"THREE_ENEMY_KILL","is_daily":false,"chose_seed":false,"campfire_upgraded":1,"win_rate":0.0,"timestamp":1609318425,"path_taken":["M","?","M","M","$","E","R","E","T","M","?","?","M","E","R","BOSS","M","M","$","?","?","E","M"],"items_purchased_type":["Card","Card"],"build_version":"2020-12-22","purchased_purges":1,"victory":false,"max_hp_per_floor":[70,70,70,70,70,70,70,70,70,70,70,70,70,70,70,70,70,70,70,70,70,70,70,70,70],"card_choices":[{"not_picked":["Backflip","Expertise"],"picked":"Infinite Blades","floor":1},{"not_picked":["Reflex","Dagger Spray","Dagger Throw"],"picked":"SKIP","floor":3},{"not_picked":["Deflect","Deadly Poison"],"picked":"Blade Dance","floor":4},{"not_picked":["Dagger Throw","Doppelganger","Prepared"],"picked":"SKIP","floor":6},{"not_picked":["Flechettes","Deflect","Acrobatics"],"picked":"SKIP","floor":8},{"not_picked":["Dagger Spray","Quick Slash","Acrobatics"],"picked":"SKIP","floor":10},{"not_picked":["Acrobatics","Underhanded Strike","Escape Plan"],"picked":"SKIP","floor":12},{"not_picked":["Bane","Tactician","Flying Knee"],"picked":"SKIP","floor":13},{"not_picked":["Dash","Dagger Spray","Deflect"],"picked":"SKIP","floor":14},{"not_picked":["Adrenaline","Venomology"],"picked":"Storm of Steel","floor":16},{"not_picked":["Riddle With Holes","Deadly Poison+1","Flying Knee"],"picked":"SKIP","floor":18},{"not_picked":["Dagger Spray+1","Dagger Throw"],"picked":"Terror+1","floor":19},{"not_picked":["Storm of Steel","Well Laid Plans"],"picked":"Acrobatics+1","floor":23}],"player_experience":229643,"relics_obtained":[{"floor":6,"key":"Eternal Feather"},{"floor":8,"key":"Letter Opener"},{"floor":9,"key":"Darkstone Periapt"},{"floor":11,"key":"StoneCalendar"},{"floor":14,"key":"Ancient Tea Set"},{"floor":23,"key":"Bag of Preparation"}],"event_choices":[{"damage_healed":0,"gold_gain":0,"player_choice":"Grow","damage_taken":0,"max_hp_gain":0,"max_hp_loss":0,"event_name":"Living Wall","floor":2,"gold_loss":0,"cards_upgraded":["Infinite Blades"]},{"damage_healed":0,"gold_gain":0,"player_choice":"Searched \u00271\u0027 times","damage_taken":0,"max_hp_gain":0,"max_hp_loss":0,"event_name":"Dead Adventurer","floor":11,"gold_loss":0},{"damage_healed":0,"gold_gain":0,"cards_transformed":["Defend_G","Defend_G"],"player_choice":"Became Test Subject","damage_taken":0,"max_hp_gain":0,"max_hp_loss":0,"event_name":"Drug Dealer","floor":21,"gold_loss":0,"cards_obtained":["Deadly Poison","Quick Slash"]},{"cards_removed":["Strike_G"],"damage_healed":0,"gold_gain":0,"player_choice":"Upgrade and Remove","damage_taken":0,"max_hp_gain":0,"max_hp_loss":0,"event_name":"Designer","floor":22,"gold_loss":90,"cards_upgraded":["Quick Slash"]}],"is_beta":false,"boss_relics":[{"not_picked":["Fusion Hammer","Pandora\u0027s Box"],"picked":"Ring of the Serpent"}],"items_purged_floors":[20],"is_endless":false,"potions_floor_spawned":[4,6,8,10,13,23],"killed_by":"Snake Plant","ascension_level":5}}