{"host":"s9n53dspxjwkh5no","time":1609361309,"event":{"mods":["AchievementEnabler","Aspiration","Bard","BaseMod","Beaked The Cultist","Better Altar","Better Match","Better Note","Better Sensory Stone","Better Skull","Better Third Choice","BetterRewards","Colored Map","Colored Powertips","Conspire","Dio Mod","Disable Question Mark Monsters","Downfall","Energized Spire","Halation","Hermit","Hubris","Marisa????????","Marked Mod","Melee Mod","Minty Spire (QoL Compilation)","Quick Restart","Random Character Button","Rare Cards Sparkle","Reimu??????","Relic Stats","Remilia??????","Replay The Spire","Shade Mod","Small Relic Pack","Spicy Shops","StSLib","The Animator","The Bug Knight","The Construct","The Disciple","The Hierophant","The Problem Sleuth","The Runesmith","The Servant 0.9.4","The Valiant","The Wild Card","TheArtist","TheBandit","TheVacant","Wandering Minibosses","vexMod"],"gold_per_floor":[113,38,48,48,48,78,108,120,120,120,120,120,120,44,44,149,149,163,163,197,207,222,222,6,6,6,6,6],"floor_reached":27,"playtime":1032,"items_purged":[],"score":234,"play_id":"659fd41f-d447-437e-a50b-0f0bdd014933","local_time":"20201230134829","is_ascension_mode":false,"campfire_choices":[{"floor":11,"key":"REST"},{"floor":15,"key":"REST"},{"floor":23,"key":"REST"},{"floor":25,"key":"REST"}],"circlet_count":0,"master_deck":["animator:Strike_Overlord","animator:Defend_Overlord","animator:Strike","animator:Strike","animator:Strike","animator:Defend","animator:Defend","animator:Defend","animator:Cocytus","animator:Demiurge","animator:CrowleyEusford","animator:Lu","animator:Canti","animator:Millim","CommonCold","animator:Mitsuba","animator:PandorasActor","animator:Vanir","animator:Kuroyukihime","animator:Mitsurugi","animator:GoblinSlayer","animator:Vesta","animator:Strike_Overlord","animator:Verdia","animator:Spearman","animator:Assassin","animator:Urushihara+1"],"relics":["animator:LivingPicture","animator:TheMissingPiece","animator:PurgingStone","NeowsBlessing","Ring of Peace","ScarletDevilRocket","Oddly Smooth Stone","aspiration:BabyByrd","halation:PinkSoulGem","hubris:ScarierMask","Blue Doll","Replay:Baseball"],"acts_visited":["Exordium","TheCity"],"potions_floor_usage":[16,20],"damage_taken":[{"damage":0,"enemies":"2 Louse","floor":1,"turns":1},{"damage":0,"enemies":"Cultist","floor":3,"turns":1},{"damage":0,"enemies":"3 Sentries","floor":6,"turns":2},{"damage":5,"enemies":"Jaw Worm","floor":7,"turns":3},{"damage":5,"enemies":"Blue Slaver","floor":8,"turns":3},{"damage":23,"enemies":"Slime Boss","floor":16,"turns":10},{"damage":0,"enemies":"2 Thieves","floor":18,"turns":3},{"damage":23,"enemies":"conspire:MimicChest","floor":20,"turns":6},{"damage":0,"enemies":"Chosen","floor":21,"turns":6},{"damage":19,"enemies":"Snake Plant","floor":22,"turns":4},{"damage":63,"enemies":"Gremlin Leader","floor":27,"turns":7}],"seed_played":"5517036520907382686","potions_obtained":[{"floor":7,"key":"Fire Potion"},{"floor":8,"key":"Adrenaline Potion"},{"floor":16,"key":"PowerPotion"},{"floor":21,"key":"Explosive Potion"},{"floor":22,"key":"Block Potion"}],"is_trial":false,"path_per_floor":["M","?","M","?","?","E","M","M","T","?","R","?","?","$","R","B",null,"M","?","?","M","M","R","$","R","T","E"],"character_chosen":"THE_ANIMATOR","items_purchased":["animator:Mitsurugi","animator:Urushihara+1","Replay:Baseball"],"campfire_rested":4,"item_purchase_floors":[14,24,24],"current_hp_per_floor":[66,66,66,66,66,66,61,56,56,56,66,66,66,66,66,43,66,66,66,43,43,24,43,43,62,62,0,0],"gold":6,"neow_bonus":"THREE_ENEMY_KILL","is_daily":false,"chose_seed":false,"campfire_upgraded":0,"win_rate":0.0,"timestamp":1609361309,"path_taken":["M","?","M","?","?","E","?","M","T","?","R","?","?","?","R","BOSS","M","?","?","M","?","R","$","R","T","E"],"items_purchased_type":["Card","Card","Relic"],"build_version":"2020-12-22","purchased_purges":0,"victory":false,"max_hp_per_floor":[66,66,66,66,66,66,66,66,66,66,66,66,66,66,66,66,66,66,66,66,66,66,66,66,66,66,66,66],"relic_stats":{"counters":[11,46],"obtain_stats":[{"Replay:Baseball":24,"ScarletDevilRocket":6,"animator:PurgingStone":0,"NeowsBlessing":0,"aspiration:BabyByrd":10,"animator:TheMissingPiece":0,"Ring of Peace":5,"Oddly Smooth Stone":9,"hubris:ScarierMask":17,"Blue Doll":20,"animator:LivingPicture":0,"halation:PinkSoulGem":12},{"Replay:Baseball":10,"ScarletDevilRocket":3,"animator:PurgingStone":0,"NeowsBlessing":0,"aspiration:BabyByrd":5,"animator:TheMissingPiece":0,"Ring of Peace":2,"Oddly Smooth Stone":5,"hubris:ScarierMask":6,"Blue Doll":8,"animator:LivingPicture":0,"halation:PinkSoulGem":5},{"Replay:Baseball":39,"ScarletDevilRocket":4,"animator:PurgingStone":0,"NeowsBlessing":0,"aspiration:BabyByrd":10,"animator:TheMissingPiece":0,"Ring of Peace":2,"Oddly Smooth Stone":10,"hubris:ScarierMask":20,"Blue Doll":29,"animator:LivingPicture":0,"halation:PinkSoulGem":10}]},"card_choices":[{"not_picked":["animator:ShinjiMatou","animator:Berserker"],"picked":"animator:CrowleyEusford","floor":1},{"not_picked":["animator:Geryuganshoop","animator:GazelDwargon"],"picked":"animator:Lu","floor":2},{"not_picked":["animator:MamizouFutatsuiwa","animator:Cirno"],"picked":"animator:Canti","floor":2},{"not_picked":["animator:CrowleyEusford","animator:LizardPriest"],"picked":"animator:Millim","floor":3},{"not_picked":["animator:TukaLunaMarceau","animator:SwordMaiden"],"picked":"animator:Mitsuba","floor":6},{"not_picked":["animator:Demiurge","animator:Cocytus"],"picked":"animator:PandorasActor","floor":7},{"not_picked":["animator:UneriGinkaku","animator:TukaLunaMarceau"],"picked":"animator:Vanir","floor":8},{"not_picked":["animator:NononJakuzure","animator:KotoriKanbe"],"picked":"animator:Kuroyukihime","floor":13},{"not_picked":["animator:ItamiYouji","animator:Shizu"],"picked":"animator:GoblinSlayer","floor":16},{"not_picked":["animator:Assassin","animator:Ain"],"picked":"animator:Vesta","floor":18},{"not_picked":["animator:Yoichi+1","animator:Demiurge+1"],"picked":"animator:Verdia","floor":20},{"not_picked":["animator:Shigure","animator:Raven+1"],"picked":"animator:Spearman","floor":21},{"not_picked":["animator:ShinjiMatou","animator:Illya"],"picked":"animator:Assassin","floor":22}],"player_experience":361527,"relics_obtained":[{"floor":5,"key":"Ring of Peace"},{"floor":6,"key":"ScarletDevilRocket"},{"floor":9,"key":"Oddly Smooth Stone"},{"floor":20,"key":"Blue Doll"}],"event_choices":[{"damage_healed":0,"gold_gain":0,"player_choice":"1","damage_taken":0,"max_hp_gain":0,"max_hp_loss":0,"event_name":"betterMatch:BetterMatch","floor":2,"gold_loss":0,"cards_obtained":["betterMatch:UncommonCard","betterMatch:ColorlessUncommonCard"]},{"damage_healed":0,"gold_gain":0,"player_choice":"Leave","damage_taken":0,"max_hp_gain":0,"max_hp_loss":0,"event_name":"conspire:Investor","floor":4,"gold_loss":0},{"damage_healed":0,"gold_gain":1,"player_choice":"1","damage_taken":0,"max_hp_gain":0,"max_hp_loss":0,"event_name":"betterStone:BetterStone","floor":13,"gold_loss":0},{"damage_healed":0,"gold_gain":0,"player_choice":"Take","damage_taken":0,"max_hp_gain":0,"max_hp_loss":0,"event_name":"betterNote:BetterNote","floor":19,"gold_loss":0,"cards_obtained":["animator:Strike_Overlord"]}],"is_beta":false,"boss_relics":[{"not_picked":["halation:ForbiddenBikini","halation:CatFaceCupcake"],"picked":"hubris:ScarierMask"}],"items_purged_floors":[],"is_endless":false,"potions_floor_spawned":[7,8,16,21,22],"killed_by":"Gremlin Leader","ascension_level":0}}