{"host":"l8lkgdumzpe3823a","time":1609356935,"event":{"mods":["Always Whale","Aspiration","BaseMod","Beaked The Cultist","Better Note","Clockwork Mod","Colored Powertips","Curses Come First","Custom Start","DeckTracker","Defuse TimeMaze Blight","Highlight Path","Hubris","Infinite Spire","Minty Spire (QoL Compilation)","Quick Restart","Replay The Spire","Shop Mod","StSLib","SuperFastMode","The Construct","The Cursed","The Dragon Tamer","The Servant 0.9.4","vexMod"],"gold_per_floor":[113,113,113,113,31,31,65,83,134,150,161,161,190,160,160,160,160],"floor_reached":16,"playtime":918,"items_purged":[],"score":113,"play_id":"b77cb7bd-ba73-4c56-958c-f8e432acab44","local_time":"20201230133535","is_ascension_mode":true,"campfire_choices":[{"data":"TheCursedMod:HellsGateOpen","floor":6,"key":"SMITH"},{"data":"TheCursedMod:ManaBullet","floor":12,"key":"SMITH"},{"floor":15,"key":"REST"}],"circlet_count":0,"master_deck":["TheCursedMod:Strike_TheCursed","TheCursedMod:Strike_TheCursed","TheCursedMod:Strike_TheCursed","TheCursedMod:Defend_TheCursed","TheCursedMod:Defend_TheCursed","TheCursedMod:Defend_TheCursed","TheCursedMod:Defend_TheCursed","TheCursedMod:CursedWand","TheCursedMod:CleanUpWorkshop","TheCursedMod:Dregs","TheCursedMod:HellsGateOpen+1","TheCursedMod:ManaBullet+1","TheCursedMod:AshesToAshes","TheCursedMod:AbyssShockwave","TheCursedMod:BlessingInDisguise","TheCursedMod:FleshFromBone"],"relics":["TheCursedMod:BlackMagic101","Oddly Smooth Stone","aspiration:DSix","Ancient Tea Set","TheCursedMod:SoulVessel"],"acts_visited":["Exordium"],"potions_floor_usage":[16],"damage_taken":[{"damage":0,"enemies":"Small Slimes","floor":1,"turns":3},{"damage":14,"enemies":"Lagavulin","floor":7,"turns":6},{"damage":2,"enemies":"2 Louse","floor":8,"turns":3},{"damage":5,"enemies":"Cultist","floor":10,"turns":5},{"damage":10,"enemies":"Exordium Thugs","floor":11,"turns":4},{"damage":17,"enemies":"3 Sentries","floor":13,"turns":5},{"damage":10,"enemies":"Looter","floor":14,"turns":4},{"damage":46,"enemies":"Slime Boss","floor":16,"turns":13}],"seed_played":"2979381203872882443","potions_obtained":[{"floor":8,"key":"Elixir"},{"floor":11,"key":"SmokeBomb"}],"is_trial":false,"path_per_floor":["M","?","?","?","$","R","E","M","T","M","M","R","E","M","R","B"],"character_chosen":"THE_CURSED","items_purchased":["TheCursedMod:HellsGateOpen"],"campfire_rested":1,"item_purchase_floors":[5],"current_hp_per_floor":[75,75,68,68,68,68,54,52,52,47,37,37,20,15,37,0,0],"gold":160,"neow_bonus":"RANDOM_COMMON_RELIC","is_daily":false,"chose_seed":false,"campfire_upgraded":2,"win_rate":0.0,"timestamp":1609356935,"path_taken":["M","?","?","?","$","R","E","M","T","M","M","R","E","?","R","BOSS"],"items_purchased_type":["Card"],"build_version":"2020-12-22","purchased_purges":0,"victory":false,"max_hp_per_floor":[75,75,75,75,75,75,75,75,75,75,75,75,75,75,75,75,75],"card_choices":[{"not_picked":["TheCursedMod:CursedAmulet","TheCursedMod:TroublousMinions","TheCursedMod:Wield"],"picked":"SKIP","floor":1},{"not_picked":["TheCursedMod:Wield","TheCursedMod:CircleOfCorruption"],"picked":"TheCursedMod:ManaBullet","floor":7},{"not_picked":["TheCursedMod:CursedBoomerang","TheCursedMod:StingEye","TheCursedMod:Obscuration"],"picked":"SKIP","floor":8},{"not_picked":["TheCursedMod:SpitefulStrike","TheCursedMod:RavingStaff"],"picked":"TheCursedMod:AshesToAshes","floor":10},{"not_picked":["TheCursedMod:Torture","TheCursedMod:VitalStrike"],"picked":"TheCursedMod:AbyssShockwave","floor":11},{"not_picked":["TheCursedMod:CircleOfFlame","TheCursedMod:SurpriseAttack"],"picked":"TheCursedMod:BlessingInDisguise","floor":13},{"not_picked":["TheCursedMod:AbyssShockwave","TheCursedMod:BloodBarrier"],"picked":"TheCursedMod:FleshFromBone","floor":14}],"player_experience":731378,"relics_obtained":[{"floor":7,"key":"aspiration:DSix"},{"floor":9,"key":"Ancient Tea Set"},{"floor":13,"key":"TheCursedMod:SoulVessel"}],"event_choices":[{"cards_removed":["TheCursedMod:Strike_TheCursed"],"damage_healed":0,"gold_gain":0,"player_choice":"Card Removal","damage_taken":7,"max_hp_gain":0,"max_hp_loss":0,"event_name":"Golden Wing","floor":3,"gold_loss":0},{"damage_healed":0,"gold_gain":0,"player_choice":"Ignored","damage_taken":0,"max_hp_gain":0,"max_hp_loss":0,"event_name":"Fountain of Cleansing","floor":4,"gold_loss":0}],"is_beta":false,"boss_relics":[],"items_purged_floors":[],"is_endless":false,"potions_floor_spawned":[8,11],"killed_by":"Slime Boss","ascension_level":1}}