{"host":"g520aj7wy7fyc13m","time":1609329647,"event":{"mods":["2.2 Compatiblity","AlwaysNeverKeys","Aspiration","BaseMod","Better Sensory Stone","Better Third Choice","Colored Powertips","Downfall","Hermit","Jorbs\u0027s Wanderer Trilogy","Minty Spire (QoL Compilation)","Permanent Neow","Quick Restart","Random Character Button","StSLib","The Disciple","The Runesmith","egg"],"gold_per_floor":[24,41,141,154,2,2,2,2,2,15,45,64,49,67,80,178,178,103,118,130,69,69,69,69,69,81,81,81,92,2,20,40,40,40,40],"floor_reached":33,"playtime":2193,"items_purged":["champ:Strike"],"score":249,"play_id":"876297b3-718a-46ad-ac91-22fa35a64341","local_time":"20201230120047","is_ascension_mode":false,"campfire_choices":[{"data":"champ:Taunt","floor":1.0,"key":"SMITH"},{"data":"champ:DancingMaster","floor":9.0,"key":"SMITH"},{"data":"champ:FanOfKnives","floor":18.0,"key":"SMITH"},{"data":"champ:FlashCut","floor":23.0,"key":"SMITH"},{"floor":25.0,"key":"REST"},{"data":"champ:StanceDance","floor":27.0,"key":"SMITH"}],"circlet_count":0,"master_deck":["champ:Strike","champ:Strike","champ:Strike+1","champ:Defend","champ:Defend","champ:Defend","champ:Defend","champ:Execute","champ:Taunt+1","champ:Haymaker+1","champ:GladiatorsShout","champ:DancingMaster+1","champ:GutPunch","champ:StanceDance+1","champ:FanOfKnives+1","champ:PreciseThrust+1","champ:FlashCut+1","champ:StanceDance","champ:StrikeOfGenius"],"relics":["champ:ChampionCrown","downfall:HeartBlessingRed","Whetstone","Toy Ornithopter","Philosopher\u0027s Stone","downfall:HeartBlessingGreen","Runesmith:Nanobots"],"acts_visited":["Exordium","TheCity"],"potions_floor_usage":[32,33],"damage_taken":[{"damage":2.0,"enemies":"2 Louse","floor":2.0,"turns":3.0},{"damage":0.0,"enemies":"Small Slimes","floor":4.0,"turns":5.0},{"damage":0.0,"enemies":"downfall:FleeingMerchant","floor":5.0,"turns":4.0},{"damage":8.0,"enemies":"Jaw Worm","floor":10.0,"turns":2.0},{"damage":27.0,"enemies":"Lagavulin","floor":11.0,"turns":8.0},{"damage":10.0,"enemies":"2 Fungi Beasts","floor":12.0,"turns":4.0},{"damage":23.0,"enemies":"downfall:FleeingMerchant","floor":13.0,"turns":4.0},{"damage":6.0,"enemies":"Exordium Wildlife","floor":14.0,"turns":3.0},{"damage":3.0,"enemies":"Gremlin Gang","floor":15.0,"turns":2.0},{"damage":75.0,"enemies":"downfall:Ironclad","floor":16.0,"turns":8.0},{"damage":36.0,"enemies":"Spheric Guardian","floor":19.0,"turns":4.0},{"damage":13.0,"enemies":"Chosen","floor":20.0,"turns":3.0},{"damage":40.0,"enemies":"downfall:FleeingMerchant","floor":21.0,"turns":4.0},{"damage":18.0,"enemies":"Sentry and Sphere","floor":26.0,"turns":3.0},{"damage":3.0,"enemies":"3 Cultists","floor":29.0,"turns":3.0},{"damage":50.0,"enemies":"downfall:FleeingMerchant","floor":30.0,"turns":4.0},{"damage":38.0,"enemies":"Snake Plant","floor":31.0,"turns":4.0},{"damage":17,"enemies":"Chosen and Byrds","floor":32,"turns":5},{"damage":70,"enemies":"downfall:Watcher","floor":33,"turns":8}],"seed_played":"3185692565306862727","potions_obtained":[{"floor":0.0,"key":"hexamod:EctoCoolerPotion"},{"floor":0.0,"key":"LiquidBronze"},{"floor":0.0,"key":"FairyPotion"},{"floor":4.0,"key":"FairyPotion"},{"floor":16.0,"key":"Strength Potion"},{"floor":26.0,"key":"BlessingOfTheForge"},{"floor":28.0,"key":"DuplicationPotion"},{"floor":28.0,"key":"SkillPotion"},{"floor":31.0,"key":"PowerPotion"},{"floor":32,"key":"GamblersBrew"}],"is_trial":false,"path_per_floor":["R","M","?","M","$","?","T","?","R","M","E","M","$","M","M","B",null,"R","M","M","$","?","R","T","R","M","R","?","M","$","M","M","B"],"character_chosen":"THE_CHAMP","items_purchased":["champ:DancingMaster","champ:FlashCut"],"campfire_rested":1,"item_purchase_floors":[5,21],"current_hp_per_floor":[90,88,88,88,88,88,88,88,88,80,58,58,48,48,45,40,90,90,65,57,38,38,38,38,65,60,60,60,60,52,27,28,0,0,0],"gold":40,"neow_bonus":"THREE_SMALL_POTIONS","is_daily":false,"chose_seed":false,"campfire_upgraded":5,"win_rate":0.0,"timestamp":1609329647,"path_taken":["R","M","?","M","$","?","T","?","R","M","E","?","$","M","M","BOSS","R","M","M","$","?","R","T","R","M","R","?","M","$","?","M","BOSS"],"items_purchased_type":["Card","Card"],"build_version":"2020-12-22","purchased_purges":1,"victory":false,"max_hp_per_floor":[90,90,90,90,90,90,90,90,90,90,90,90,90,90,90,90,90,90,90,90,90,90,90,90,90,90,90,90,90,90,90,90,90,90,90],"card_choices":[{"not_picked":["champ:AdrenalArmor","champ:BerserkersShout"],"picked":"champ:Haymaker","floor":2.0},{"not_picked":["champ:BerserkersShout","champ:BringItOn"],"picked":"champ:GladiatorsShout","floor":4.0},{"not_picked":["champ:PerfectedStrike","champ:FaceSlap","champ:Backstep"],"picked":"SKIP","floor":5.0},{"not_picked":["champ:RisingSlash","champ:DeathBlow","champ:CrookedStrike"],"picked":"SKIP","floor":10.0},{"not_picked":["champ:CrookedStrike","champ:SteelEdge"],"picked":"champ:GutPunch","floor":11.0},{"not_picked":["champ:BladeFlurry","champ:ArenaPreparation"],"picked":"champ:StanceDance","floor":12.0},{"not_picked":["champ:Circumvent","champ:FightOn"],"picked":"champ:FanOfKnives","floor":13.0},{"not_picked":["champ:AdrenalArmor","champ:ArenaPreparation","champ:Haymaker"],"picked":"SKIP","floor":14.0},{"not_picked":["champ:EnragedBash","champ:Duel","champ:GutPunch"],"picked":"SKIP","floor":15.0},{"not_picked":["champ:HeartStrike","champ:Shatter+1","champ:RisingSlash"],"picked":"SKIP","floor":19.0},{"not_picked":["champ:ArenaPreparation+1","champ:Backstep+1"],"picked":"champ:PreciseThrust+1","floor":20.0},{"not_picked":["champ:EnragedBash","champ:TornadoPunch","champ:GladiatorsShout+1"],"picked":"SKIP","floor":21.0},{"not_picked":["champ:EnragedBash+1","champ:ViciousMockery"],"picked":"champ:StanceDance","floor":26.0},{"not_picked":["champ:Backstep","champ:HeartStrike","champ:DefensiveShout"],"picked":"SKIP","floor":29.0},{"not_picked":["champ:BladeFlurry","champ:ArenaPreparation"],"picked":"champ:StrikeOfGenius","floor":30.0},{"not_picked":["champ:BerserkersShout","champ:FocusedDefense+1","champ:DefensiveShout"],"picked":"SKIP","floor":31.0},{"not_picked":["champ:PerfectedStrike","champ:GladiatorsShout","champ:StanceDance"],"picked":"SKIP","floor":32}],"player_experience":580735,"relics_obtained":[{"floor":7.0,"key":"Whetstone"},{"floor":11.0,"key":"Toy Ornithopter"},{"floor":24.0,"key":"Runesmith:Nanobots"}],"event_choices":[{"damage_healed":0.0,"max_hp_gain":0.0,"max_hp_loss":0.0,"gold_gain":0.0,"event_name":"Ghosts","player_choice":"Ignored","floor":22.0,"gold_loss":0.0,"damage_taken":0.0},{"damage_healed":0.0,"max_hp_gain":0.0,"max_hp_loss":0.0,"gold_gain":0.0,"event_name":"Lab","player_choice":"Got Potions","floor":28.0,"gold_loss":0.0,"damage_taken":0.0}],"is_beta":false,"boss_relics":[{"not_picked":["Snecko Eye","SlaversCollar"],"picked":"Philosopher\u0027s Stone"}],"items_purged_floors":[30],"is_endless":false,"potions_floor_spawned":[4,10,12,16,26,29,31,32],"killed_by":"downfall:Watcher","ascension_level":0}}