{"host":"idmgg8r816nmas40","time":1609314579,"event":{"mods":["AchievementEnabler","AlwaysNeverKeys","BaseMod","BetterRewards","Block Reminder","Colored Map","Colored Powertips","DeckTracker","Googly Eyes","Highlight Path","Hubris","Infinite Spire","Minty Spire (QoL Compilation)","Quick Restart","Relic Stats","Replay The Spire","Shop Mod","StSLib","SuperFastMode","Synergy Search","Transform Curses"],"gold_per_floor":[112,112,112,82,100,132,143,143,143],"floor_reached":8,"playtime":364,"items_purged":[],"score":106,"play_id":"75f74e37-1ebf-423b-9069-95183b14bf19","local_time":"20201230004939","is_ascension_mode":true,"campfire_choices":[],"circlet_count":0,"master_deck":["AscendersBane","Strike_B","Strike_B","Strike_B","Strike_B","Defend_B","Defend_B","Defend_B","Defend_B","Zap","Dualcast","ReplayGash","Regret","Loop","Madness","infinitespire:Collect","Hello World","Chill","Melter"],"relics":["Cracked Core","hubris:OldNail","Thread and Needle","Ring of Hypnosis","Solar Panel"],"acts_visited":["Exordium"],"potions_floor_usage":[8],"damage_taken":[{"damage":1.0,"enemies":"Small Slimes","floor":1.0,"turns":3.0},{"damage":11.0,"enemies":"2 Louse","floor":5.0,"turns":3.0},{"damage":13.0,"enemies":"3 Sentries","floor":6.0,"turns":5.0},{"damage":3,"enemies":"Jaw Worm","floor":7,"turns":3},{"damage":29,"enemies":"Gremlin Nob","floor":8,"turns":3}],"seed_played":"8910864225735942382","potions_obtained":[{"floor":4.0,"key":"Cursed Concoction"},{"floor":4.0,"key":"FocusPotion"},{"floor":6.0,"key":"Swift Potion"}],"is_trial":false,"path_per_floor":["M","?","?","?","M","E","M","E"],"character_chosen":"DEFECT","items_purchased":["hubris:OldNail","ReplayGash"],"campfire_rested":0,"item_purchase_floors":[0,0],"current_hp_per_floor":[63,63,45,45,34,21,22,0,0],"gold":143,"neow_bonus":"","is_daily":false,"chose_seed":false,"campfire_upgraded":0,"win_rate":0.0,"timestamp":1609314579,"path_taken":["M","?","?","?","?","E","?","E"],"items_purchased_type":["Relic","Card"],"build_version":"2020-12-22","purchased_purges":0,"victory":false,"max_hp_per_floor":[71,71,71,71,71,71,71,71,71],"relic_stats":{"counters":[46,227],"obtain_stats":[{"Replay:Accelerometer":0,"Boot":53,"Sling":0,"Blood Vial":28,"Sundial":2,"Strawberry":46,"infinitespire:Golems Mask":0,"Prayer Wheel":16,"Kunai":54,"Pear":21,"Ring of Hypnosis":2,"Blue Candle":27,"Oddly Smooth Stone":0,"hubris:SphereOfDissonance":26,"Replay:Kaleidoscope":6,"Question Card":0,"Cables":17,"WarpedTongs":36,"OrangePellets":0,"SlaversCollar":34,"Shuriken":0,"hubris:TenFootPole":0,"Solar Panel":6,"Lantern":12,"StoneCalendar":17,"Juzu Bracelet":17,"Replay:Multitool":0,"Dream Catcher":26,"Replay:Bandana":5,"Pantograph":42,"Tiny Chest":24,"Cracked Core":0,"Potion Belt":9,"Lee\u0027s Waffle":0,"Inserter":17,"Golden Idol":3,"Thread and Needle":0,"Geode":3,"infinitespire:Lucky Rock":30,"Orichalcum":10,"MawBank":40,"Calling Bell":0,"Peace Pipe":0,"Cauldron":53,"Orrery":46,"Art of War":43,"Durian":14,"Membership Card":22,"Toy Ornithopter":6,"hubris:OldNail":9},{"Replay:Accelerometer":26,"Boot":24,"Sling":26,"Blood Vial":15,"Sundial":1,"Strawberry":23,"infinitespire:Golems Mask":26,"Prayer Wheel":33,"Kunai":25,"Pear":35,"Ring of Hypnosis":42,"Blue Candle":15,"Oddly Smooth Stone":0,"hubris:SphereOfDissonance":37,"Replay:Kaleidoscope":29,"Question Card":0,"Cables":11,"WarpedTongs":18,"OrangePellets":3,"SlaversCollar":17,"Shuriken":3,"hubris:TenFootPole":26,"Solar Panel":44,"Lantern":9,"StoneCalendar":11,"Juzu Bracelet":11,"Replay:Multitool":26,"Dream Catcher":14,"Replay:Bandana":28,"Pantograph":22,"Tiny Chest":37,"Cracked Core":0,"Potion Belt":7,"Lee\u0027s Waffle":3,"Inserter":33,"Golden Idol":5,"Thread and Needle":41,"Geode":27,"infinitespire:Lucky Rock":39,"Orichalcum":8,"MawBank":20,"Calling Bell":0,"Peace Pipe":0,"Cauldron":24,"Orrery":23,"Art of War":22,"Durian":32,"Membership Card":13,"Toy Ornithopter":7,"hubris:OldNail":30},{"Replay:Accelerometer":152,"Boot":141,"Sling":152,"Blood Vial":78,"Sundial":4,"Strawberry":132,"infinitespire:Golems Mask":152,"Prayer Wheel":176,"Kunai":146,"Pear":188,"Ring of Hypnosis":213,"Blue Candle":78,"Oddly Smooth Stone":0,"hubris:SphereOfDissonance":194,"Replay:Kaleidoscope":161,"Question Card":0,"Cables":57,"WarpedTongs":101,"OrangePellets":20,"SlaversCollar":94,"Shuriken":20,"hubris:TenFootPole":152,"Solar Panel":221,"Lantern":45,"StoneCalendar":57,"Juzu Bracelet":57,"Replay:Multitool":152,"Dream Catcher":71,"Replay:Bandana":157,"Pantograph":125,"Tiny Chest":194,"Cracked Core":0,"Potion Belt":35,"Lee\u0027s Waffle":20,"Inserter":181,"Golden Idol":28,"Thread and Needle":210,"Geode":155,"infinitespire:Lucky Rock":202,"Orichalcum":41,"MawBank":113,"Calling Bell":0,"Peace Pipe":0,"Cauldron":141,"Orrery":132,"Art of War":125,"Durian":172,"Membership Card":66,"Toy Ornithopter":35,"hubris:OldNail":164}]},"card_choices":[{"not_picked":["Compile Driver","Time Bomb"],"picked":"Loop","floor":1.0},{"not_picked":["infinitespire:Starlight","infinitespire:Fortify"],"picked":"infinitespire:Collect","floor":3.0},{"not_picked":["ReplaySort","Stack"],"picked":"Hello World","floor":5.0},{"not_picked":["Streamline","Leap"],"picked":"Chill","floor":6.0},{"not_picked":["Streamline","Aggregate"],"picked":"Melter","floor":7}],"player_experience":1011015,"relics_obtained":[{"floor":2.0,"key":"Ring of Hypnosis"},{"floor":6.0,"key":"Solar Panel"}],"event_choices":[{"damage_healed":0.0,"max_hp_gain":0.0,"max_hp_loss":0.0,"gold_gain":0.0,"event_name":"The Woman in Blue","player_choice":"Bought 2 Potions","floor":4.0,"gold_loss":0.0,"damage_taken":0.0}],"is_beta":false,"boss_relics":[],"items_purged_floors":[],"is_endless":false,"potions_floor_spawned":[5,6],"killed_by":"Gremlin Nob","ascension_level":18}}