{"host":"mc4amcm0108w7k6t","time":1609372052,"event":{"mods":["BaseMod","Minty Spire (QoL Compilation)","StSLib","The Bug Knight"],"gold_per_floor":[118,134,145,157,167,198,198,216,216,216,236,5,32,67,67,170,170,170,170],"floor_reached":18,"playtime":1121,"items_purged":["HollowMod:CycloneSlash"],"score":199,"play_id":"a135c8fd-b19c-484c-a08f-654b4b85fb3a","local_time":"20201230184732","is_ascension_mode":false,"campfire_choices":[{"data":"HollowMod:CycloneSlash","floor":7,"key":"SMITH"},{"data":"HollowMod:FocusHealStart","floor":10,"key":"SMITH"},{"floor":15,"key":"REST"}],"circlet_count":0,"master_deck":["HollowMod:NailStrikeStart","HollowMod:NailStrikeStart","HollowMod:NailStrikeStart","HollowMod:NailStrikeStart","HollowMod:QuickDashStart","HollowMod:QuickDashStart","HollowMod:QuickDashStart","HollowMod:QuickDashStart","HollowMod:FocusHealStart+1","HollowMod:PogoStrike","HollowMod:HeavyBlow","HollowMod:CycloneSlash+1","HollowMod:GreatSlash","HollowMod:AbyssShriek","HollowMod:MantisMark","HollowMod:InfectedCysts+1","HollowMod:SoulShaman","HollowMod:MidwifesHunger+1"],"relics":["HollowMod:VesselMask","Question Card","Molten Egg 2","HollowMod:PaleOreRelic","Odd Mushroom","Pear","Sozu"],"acts_visited":["Exordium","TheCity"],"potions_floor_usage":[14,16,16],"damage_taken":[{"damage":4,"enemies":"Cultist","floor":1,"turns":4},{"damage":8,"enemies":"Jaw Worm","floor":2,"turns":3},{"damage":7,"enemies":"Small Slimes","floor":3,"turns":3},{"damage":1,"enemies":"2 Fungi Beasts","floor":4,"turns":2},{"damage":11,"enemies":"Blue Slaver","floor":5,"turns":5},{"damage":18,"enemies":"3 Sentries","floor":6,"turns":3},{"damage":4,"enemies":"Exordium Thugs","floor":8,"turns":4},{"damage":10,"enemies":"Looter","floor":11,"turns":3},{"damage":13,"enemies":"The Mushroom Lair","floor":13,"turns":3},{"damage":9,"enemies":"HollowMod:MossKnight","floor":14,"turns":6},{"damage":42,"enemies":"Hexaghost","floor":16,"turns":9},{"damage":0,"enemies":"Shell Parasite","floor":18,"turns":1}],"seed_played":"-2318428469864494600","potions_obtained":[{"floor":3,"key":"Weak Potion"},{"floor":4,"key":"Swift Potion"},{"floor":8,"key":"ColorlessPotion"},{"floor":11,"key":"AttackPotion"},{"floor":16,"key":"Weak Potion"}],"is_trial":false,"path_per_floor":["M","M","M","M","M","E","R","M","T","R","M","$","?","E","R","B",null,"M"],"character_chosen":"THE_BUGKNIGHT","items_purchased":["HollowMod:PaleOreRelic"],"campfire_rested":1,"item_purchase_floors":[12],"current_hp_per_floor":[82,80,79,78,77,59,59,55,55,55,45,45,38,39,66,34,92,92,92],"gold":170,"neow_bonus":"TEN_PERCENT_HP_BONUS","is_daily":false,"chose_seed":false,"campfire_upgraded":2,"win_rate":0.0,"timestamp":1609372052,"path_taken":["M","M","M","M","M","E","R","M","T","R","M","$","?","E","R","BOSS","M"],"items_purchased_type":["Relic"],"build_version":"2020-12-22","purchased_purges":1,"victory":false,"max_hp_per_floor":[82,82,82,82,82,82,82,82,82,82,82,82,82,92,92,92,92,92,92],"card_choices":[{"not_picked":["HollowMod:FallenFury","HollowMod:TaintedHusks"],"picked":"HollowMod:HeavyBlow","floor":1},{"not_picked":["HollowMod:SiblingsSouls","HollowMod:NewGlowingWomb"],"picked":"HollowMod:CycloneSlash","floor":2},{"not_picked":["HollowMod:LifebloodCocoon","HollowMod:CoiledNail"],"picked":"HollowMod:CycloneSlash","floor":3},{"not_picked":["HollowMod:SoulStrike","HollowMod:DashSlash"],"picked":"HollowMod:GreatSlash","floor":4},{"not_picked":["HollowMod:HeavyBlow","HollowMod:SiblingsSouls"],"picked":"HollowMod:AbyssShriek","floor":5},{"not_picked":["HollowMod:DescendingDark","HollowMod:SoulStrike","HollowMod:LifebloodCore"],"picked":"SKIP","floor":6},{"not_picked":["HollowMod:NewLittleFool","HollowMod:InfectedCysts","HollowMod:ShadowDash"],"picked":"HollowMod:MantisMark","floor":8},{"not_picked":["HollowMod:CycloneSlash+1","HollowMod:QuirrelsAssistance+1","HollowMod:DoubleDash"],"picked":"HollowMod:InfectedCysts+1","floor":11},{"not_picked":["HollowMod:MawleksShell","HollowMod:DescendingDark+1","HollowMod:VengefulVoid+1"],"picked":"HollowMod:SoulShaman","floor":13},{"not_picked":["HollowMod:NewJinnsSoul","HollowMod:DashSlash+1","HollowMod:SiblingsShadow","HollowMod:BlackTendrils+1"],"picked":"SKIP","floor":14},{"not_picked":["HollowMod:LifebloodCore","HollowMod:SoulMaster","HollowMod:AwokenDreamNail+1"],"picked":"HollowMod:MidwifesHunger+1","floor":16}],"player_experience":346332,"relics_obtained":[{"floor":6,"key":"Question Card"},{"floor":9,"key":"Molten Egg 2"},{"floor":13,"key":"Odd Mushroom"},{"floor":14,"key":"Pear"}],"event_choices":[{"damage_healed":0,"gold_gain":0,"player_choice":"Fought Mushrooms","damage_taken":0,"max_hp_gain":0,"max_hp_loss":0,"event_name":"Mushrooms","floor":13,"gold_loss":0}],"is_beta":false,"boss_relics":[{"not_picked":["Philosopher\u0027s Stone","Runic Pyramid"],"picked":"Sozu"}],"items_purged_floors":[12],"is_endless":false,"potions_floor_spawned":[3,4,8,11,16],"killed_by":"Shell Parasite","ascension_level":0}}