{"host":"2461dio7vetlq1z3","time":1609344914,"event":{"mods":["2.2 Compatiblity","AchievementEnabler","Aspiration","BaseMod","Better Third Choice","Friendly Minions","Hermit","Minty Spire (QoL Compilation)","Relic Stats","Spicy Shops","StSLib","The Hierophant","Waifu the Spire"],"gold_per_floor":[119,132,102,115,130,130,156,156,156,189,189,14,14,45,45,122,122,139,139,54,89,89,89,89],"floor_reached":23,"playtime":821,"items_purged":["Defend_P","Defend_P"],"score":510,"play_id":"9cd9690a-d26a-4c55-9837-3d31f7b38292","local_time":"20201230171514","is_ascension_mode":true,"campfire_choices":[{"data":"Wallop","floor":6.0,"key":"SMITH"},{"floor":11.0,"key":"REST"},{"floor":13.0,"key":"REST"},{"data":"Worship","floor":15,"key":"SMITH"}],"circlet_count":0,"master_deck":["AscendersBane","Strike_P","Strike_P","Strike_P","Strike_P","Defend_P","Defend_P","Eruption","Vigilance","Wallop+1","Worship+1","EmptyBody","Prostrate","MentalFortress","LikeWater","Pray","Wish","CrushJoints","LikeWater","Prostrate","Ghostly","Ghostly","Ghostly"],"relics":["PureWater","Juzu Bracelet","StoneCalendar","Pantograph","Bag of Preparation","Matryoshka","Black Star","Red Mask"],"acts_visited":["Exordium","TheCity"],"potions_floor_usage":[14,16,21],"damage_taken":[{"damage":2.0,"enemies":"Jaw Worm","floor":1.0,"turns":4.0},{"damage":2.0,"enemies":"Cultist","floor":2.0,"turns":3.0},{"damage":1.0,"enemies":"Small Slimes","floor":4.0,"turns":4.0},{"damage":0.0,"enemies":"Looter","floor":5.0,"turns":2.0},{"damage":6.0,"enemies":"3 Sentries","floor":7.0,"turns":4.0},{"damage":43.0,"enemies":"Gremlin Nob","floor":10.0,"turns":4.0},{"damage":21,"enemies":"3 Sentries","floor":14,"turns":7},{"damage":0,"enemies":"Slime Boss","floor":16,"turns":3},{"damage":20,"enemies":"Shell Parasite","floor":18,"turns":7},{"damage":0,"enemies":"Masked Bandits","floor":21,"turns":3},{"damage":34,"enemies":"Slavers","floor":23,"turns":3}],"seed_played":"-354786353940395129","potions_obtained":[{"floor":2.0,"key":"Energy Potion"},{"floor":3.0,"key":"AttackPotion"},{"floor":3.0,"key":"FearPotion"},{"floor":7.0,"key":"BlessingOfTheForge"},{"floor":10.0,"key":"FearPotion"},{"floor":18,"key":"DuplicationPotion"}],"is_trial":false,"path_per_floor":["M","M","?","M","M","R","E","T","T","E","R","$","R","E","R","B",null,"M","?","$","?","?","E"],"character_chosen":"WATCHER","items_purchased":["LikeWater"],"campfire_rested":2,"item_purchase_floors":[20],"current_hp_per_floor":[65,63,63,62,62,62,56,56,56,13,35,35,57,36,36,61,71,51,30,30,30,30,0,0],"gold":89,"neow_bonus":"TEN_PERCENT_HP_BONUS","is_daily":false,"chose_seed":false,"campfire_upgraded":2,"win_rate":0.0,"timestamp":1609344914,"path_taken":["M","M","?","?","M","R","E","?","T","E","R","$","R","E","R","BOSS","M","?","$","?","?","E"],"items_purchased_type":["Card"],"build_version":"2020-12-22","purchased_purges":2,"victory":false,"max_hp_per_floor":[74,74,74,74,74,74,74,74,74,74,74,74,74,74,74,74,74,74,79,79,79,39,39,39],"relic_stats":{"counters":[11,44],"Pantograph":25,"StoneCalendar":[77],"Juzu Bracelet":0,"Bag of Preparation":[10],"Black Star":0,"obtain_stats":[{"Matryoshka":14,"Pantograph":9,"StoneCalendar":8,"Juzu Bracelet":7,"Bag of Preparation":10,"Black Star":17,"Red Mask":21,"PureWater":0},{"Matryoshka":7,"Pantograph":5,"StoneCalendar":5,"Juzu Bracelet":5,"Bag of Preparation":6,"Black Star":8,"Red Mask":10,"PureWater":0},{"Matryoshka":28,"Pantograph":17,"StoneCalendar":17,"Juzu Bracelet":17,"Bag of Preparation":21,"Black Star":31,"Red Mask":41,"PureWater":0}]},"card_choices":[{"not_picked":["FlurryOfBlows","Study"],"picked":"Wallop","floor":1.0},{"not_picked":["BowlingBash","Indignation"],"picked":"Worship","floor":2.0},{"not_picked":["Protect","Prostrate"],"picked":"EmptyBody","floor":4.0},{"not_picked":["Weave","EmptyFist"],"picked":"Prostrate","floor":5.0},{"not_picked":["Halt","Sanctity"],"picked":"MentalFortress","floor":7.0},{"not_picked":["Evaluate","Conclude"],"picked":"LikeWater","floor":10.0},{"not_picked":["JustLucky","FlurryOfBlows"],"picked":"Pray","floor":14},{"not_picked":["Vault","DeusExMachina"],"picked":"Wish","floor":16},{"not_picked":["BowlingBash","Swivel"],"picked":"CrushJoints","floor":18},{"not_picked":["Halt","PathToVictory"],"picked":"Prostrate","floor":21}],"player_experience":1009024,"relics_obtained":[{"floor":7.0,"key":"Juzu Bracelet"},{"floor":8.0,"key":"StoneCalendar"},{"floor":9.0,"key":"Pantograph"},{"floor":10.0,"key":"Bag of Preparation"},{"floor":14,"key":"Matryoshka"},{"floor":21,"key":"Red Mask"}],"event_choices":[{"damage_healed":0.0,"max_hp_gain":0.0,"max_hp_loss":0.0,"gold_gain":0.0,"event_name":"The Woman in Blue","player_choice":"Bought 2 Potions","floor":3.0,"gold_loss":0.0,"damage_taken":0.0},{"damage_healed":0,"gold_gain":0,"player_choice":"Shed Blood","damage_taken":26,"max_hp_gain":5,"max_hp_loss":0,"event_name":"Forgotten Altar","floor":19,"gold_loss":0},{"damage_healed":0,"gold_gain":0,"player_choice":"Fought Bandits","damage_taken":0,"max_hp_gain":0,"max_hp_loss":0,"event_name":"Masked Bandits","floor":21,"gold_loss":0},{"damage_healed":0,"gold_gain":0,"player_choice":"Became a Ghost","damage_taken":0,"max_hp_gain":0,"max_hp_loss":40,"event_name":"Ghosts","floor":22,"gold_loss":0,"cards_obtained":["Ghostly","Ghostly","Ghostly"]}],"is_beta":false,"boss_relics":[{"not_picked":["SacredBark","Calling Bell"],"picked":"Black Star"}],"items_purged_floors":[12,12],"is_endless":false,"potions_floor_spawned":[2,7,10,18],"killed_by":"Slavers","ascension_level":20}}