{"host":"55yei7x27djrlaep","time":1609359840,"event":{"mods":["Act Like it!","Aspiration","BaseMod","Better Altar","Better Match","Better Note","Better Sensory Stone","Better Skull","Better Third Choice","BetterRewards","Colored Map","Conspire","Friendly Minions","GifTheSpireLib","Gremlin Mod","Halation","Hermit","Hubris","Marisa????????","Minty Spire (QoL Compilation)","Pale of the Ancients","Replay The Spire","StSLib","Stuff the Spire"],"gold_per_floor":[116,35,46,46,97,123,123,148,171,171,187,202,231,181,181,296,296,329,329,359,388,72,72,104,104,104,104,143,184,234,277,277,373,373,406,211,171,190,190,190,207,207,234,234,283,140,155,183,183,183,183,203,230,245,245,269,269,288,288,46,46,46],"floor_reached":63,"playtime":3389,"items_purged":["conspire:GhostlyStrike","StuffTheSpire:BrimstoneBlast"],"score":1784,"play_id":"31f63d12-73cf-4c7e-a6c0-bb41bc0635e4","local_time":"20201230232400","is_ascension_mode":true,"campfire_choices":[{"data":"Footwork","floor":7,"key":"SMITH"},{"data":"Replay:Poison Smokescreen","floor":10,"key":"SMITH"},{"data":"Catalyst","floor":15,"key":"SMITH"},{"floor":23,"key":"REST"},{"floor":25,"key":"REST"},{"data":"hubris:DuctTapeCard","floor":27,"key":"SMITH"},{"floor":32,"key":"REST"},{"floor":42,"key":"RECALL"},{"data":"Draining Mist","floor":44,"key":"SMITH"},{"floor":49,"key":"REST"},{"data":"Crow Ritual","floor":51,"key":"SMITH"},{"data":"Cloak And Dagger","floor":57,"key":"SMITH"},{"data":"Adrenaline","floor":59,"key":"SMITH"}],"circlet_count":0,"master_deck":["conspire:GhostlyStrike","conspire:GhostlyStrike","conspire:GhostlyStrike+1","conspire:GhostlyDefend","conspire:GhostlyDefend","conspire:GhostlyDefend+1","conspire:GhostlyDefend","conspire:GhostlyDefend","Survivor","Neutralize+1","Cloak And Dagger+1","Footwork+1","Replay:Poison Smokescreen+1","StuffTheSpire:Incantation","Catalyst+1","Backflip","Poison Darts","PiercingWail","Footwork+1","PiercingWail+1","hubris:DuctTapeCard+2","Poisoned Stab+1","Draining Mist+1","Toxin Wave+1","Backflip+1","Adrenaline+1","Backflip+1","ReplayTheSpireMod:The Works+1","Die Die Die","Crow Ritual+1","Blur","Bouncing Flask+1","Footwork+1","Deflect+1","Apotheosis"],"relics":["Ring of the Snake","NeowsBlessing","StuffTheSpire:Rhapsscallions","hubris:TenFootPole","Whetstone","StuffTheSpire:Gunfinga","Toy Ornithopter","conspire:RunicOctahedron","Membership Card","hubris:DuctTape","Replay:Mystery Machine","StuffTheSpire:Tea","conspire:DecoderRing","Replay:Bronze Core","Iron Hammer","aspiration:Nostalgia","Gremlin:GremlinKnob","Replay:Bottled Steam","Replay:Rubber Ducky","halation:PapillonHeart","paleoftheancients:Timepiece","paleoftheancients:KeyRelic","Letter Opener","CultistMask","paleoftheancients:SoulOfTheSilent","aspiration:HatOfInfinitePower"],"acts_visited":["Exordium","TheCity","TheBeyond","paleoftheancients:PaleOfTheAncients"],"potions_floor_usage":[13,21,21,29,31,52,62],"damage_taken":[{"damage":0,"enemies":"2 Louse","floor":1,"turns":1},{"damage":0,"enemies":"Jaw Worm","floor":3,"turns":1},{"damage":0,"enemies":"3 Sentries","floor":6,"turns":1},{"damage":3,"enemies":"Lagavulin","floor":8,"turns":7},{"damage":0,"enemies":"Cultist","floor":11,"turns":3},{"damage":0,"enemies":"2 Fungi Beasts","floor":12,"turns":5},{"damage":9,"enemies":"Gremlin Nob","floor":13,"turns":3},{"damage":12,"enemies":"The Guardian","floor":16,"turns":8},{"damage":29,"enemies":"Chosen","floor":18,"turns":5},{"damage":6,"enemies":"Spheric Guardian","floor":20,"turns":5},{"damage":16,"enemies":"Snecko","floor":21,"turns":6},{"damage":37,"enemies":"Slavers","floor":24,"turns":6},{"damage":2,"enemies":"Centurion and Healer","floor":28,"turns":9},{"damage":20,"enemies":"3 Cultists","floor":29,"turns":4},{"damage":3,"enemies":"Gremlin Leader","floor":30,"turns":7},{"damage":0,"enemies":"Snake Plant","floor":31,"turns":6},{"damage":26,"enemies":"hubris:MusketHawk","floor":33,"turns":10},{"damage":1,"enemies":"3 Shapes","floor":35,"turns":4},{"damage":0,"enemies":"Orb Walker","floor":38,"turns":4},{"damage":0,"enemies":"Writhing Mass","floor":41,"turns":7},{"damage":0,"enemies":"Giant Head","floor":43,"turns":6},{"damage":0,"enemies":"Spire Growth","floor":47,"turns":4},{"damage":36,"enemies":"4 Shapes","floor":48,"turns":5},{"damage":7,"enemies":"Donu and Deca","floor":52,"turns":8},{"damage":8,"enemies":"Donu and Deca","floor":53,"turns":4},{"damage":0,"enemies":"Donu and Deca","floor":54,"turns":4},{"damage":0,"enemies":"Donu and Deca","floor":58,"turns":4},{"damage":64,"enemies":"paleoftheancients:N","floor":62,"turns":9}],"seed_played":"-7879392556769761028","potions_obtained":[{"floor":5,"key":"FairyPotion"},{"floor":6,"key":"Poison Potion"},{"floor":11,"key":"Block Potion"},{"floor":13,"key":"Strength Potion"},{"floor":24,"key":"Explosive Potion"},{"floor":30,"key":"Adrenaline Potion"},{"floor":35,"key":"Dexterity Potion"},{"floor":43,"key":"SmokeBomb"},{"floor":47,"key":"Poison Potion"},{"floor":54,"key":"Cursed Concoction"},{"floor":58,"key":"Poison Potion"}],"is_trial":false,"path_per_floor":["M","$","M","?","?","E","R","E","T","R","M","M","E","?","R","B",null,"M","?","M","M","$","R","E","R","T","R","M","M","E","M","R","B",null,"M","$","?","M","PTL","PTL","M","R","E","R","T","$","M","M","R","?","R","B","M","M","?","T","R","M","R","$","?","B",null],"character_chosen":"THE_SILENT","items_purchased":["Footwork","Membership Card","hubris:DuctTape","Iron Hammer","aspiration:Nostalgia","Crow Ritual","aspiration:HatOfInfinitePower","Apotheosis"],"campfire_rested":4,"item_purchase_floors":[2,22,22,36,36,46,60,60],"current_hp_per_floor":[70,70,70,70,57,57,57,54,54,54,54,54,45,45,45,33,64,35,35,29,23,23,45,8,30,30,30,28,13,10,15,37,11,58,57,57,57,57,57,57,57,57,57,57,57,57,57,21,43,43,43,63,64,68,68,68,68,70,70,70,70,41],"gold":46,"neow_bonus":"THREE_ENEMY_KILL","is_daily":false,"chose_seed":false,"campfire_upgraded":8,"win_rate":0.0,"timestamp":1609359840,"path_taken":["M","$","M","?","?","E","R","E","T","R","?","M","E","?","R","BOSS","M","?","M","M","$","R","E","R","T","R","?","M","E","M","R","BOSS","M","$","?","M","PTL","PTL","?","R","E","R","T","?","?","M","R","?","R","BOSS","M","M","?","T","R","M","R","$","?","BOSS"],"items_purchased_type":["Card","Relic","Relic","Relic","Relic","Card","Relic","Card"],"build_version":"2020-12-22","purchased_purges":2,"victory":true,"max_hp_per_floor":[70,70,70,70,74,74,74,74,74,74,74,74,74,74,74,74,74,74,74,74,74,74,74,74,74,74,74,74,74,74,74,74,74,74,74,74,74,74,74,74,74,74,74,74,74,74,74,74,74,70,70,70,70,70,70,70,70,70,70,70,70,70],"card_choices":[{"not_picked":["Dagger Spray","hubris:Counter"],"picked":"Cloak And Dagger","floor":1},{"not_picked":["Hidden Blade","Choke"],"picked":"Replay:Poison Smokescreen","floor":3},{"not_picked":["StuffTheSpire:ClusterCrunch","Accuracy"],"picked":"StuffTheSpire:Incantation","floor":5},{"not_picked":["Slice","StuffTheSpire:Injection"],"picked":"Deflect","floor":6},{"not_picked":["StuffTheSpire:Repulse","Reflex"],"picked":"Catalyst","floor":8},{"not_picked":["StuffTheSpire:Incursion","Bane","Underhanded Strike"],"picked":"SKIP","floor":11},{"not_picked":["StuffTheSpire:BumpUp","Hidden Blade"],"picked":"StuffTheSpire:BrimstoneBlast","floor":12},{"not_picked":["StuffTheSpire:Injection","Sucker Punch"],"picked":"Backflip","floor":13},{"not_picked":["ReplayTheSpireMod:From All Sides","Storm of Steel"],"picked":"Poison Darts","floor":16},{"not_picked":["Expertise+1","conspire:DoublingDagger"],"picked":"PiercingWail","floor":18},{"not_picked":["StuffTheSpire:Repulse","Acrobatics+1"],"picked":"PiercingWail","floor":20},{"not_picked":["Quick Slash+1","Outmaneuver+1"],"picked":"StuffTheSpire:ReptileScales","floor":21},{"not_picked":["Dash","StuffTheSpire:BrimstoneBlast","Bane"],"picked":"SKIP","floor":24},{"not_picked":["Accuracy","Sucker Punch+1"],"picked":"Poisoned Stab+1","floor":28},{"not_picked":["aspiration:Lunge","Sucker Punch"],"picked":"Draining Mist","floor":29},{"not_picked":["Dagger Throw","A Thousand Cuts"],"picked":"Toxin Wave+1","floor":30},{"not_picked":["Skewer+1","Deadly Poison+1"],"picked":"Backflip+1","floor":31},{"not_picked":["A Thousand Cuts","Bullet Time"],"picked":"Adrenaline","floor":33},{"not_picked":["Dagger Spray","Prepared"],"picked":"Backflip+1","floor":35},{"not_picked":["Deflect+1","Predator"],"picked":"ReplayTheSpireMod:The Works+1","floor":38},{"not_picked":["PiercingWail","Dagger Spray","Sucker Punch+1"],"picked":"SKIP","floor":41},{"not_picked":["Dash","StuffTheSpire:Repulse+1"],"picked":"Die Die Die","floor":43},{"not_picked":["Dagger Spray+1","Quick Slash+1"],"picked":"Blur","floor":47},{"not_picked":["ReplayTheSpireMod:Exploit Weakness+1","hubris:SlightOfHand"],"picked":"Bouncing Flask+1","floor":48},{"not_picked":["Deadly Poison+1","Hidden Blade"],"picked":"Footwork+1","floor":53},{"not_picked":["Expertise","StuffTheSpire:BrimstoneBlast"],"picked":"Deflect+1","floor":54},{"not_picked":["Quick Slash","PiercingWail","StuffTheSpire:ClusterCrunch"],"picked":"SKIP","floor":58},{"not_picked":["Quick Slash","PiercingWail","StuffTheSpire:ClusterCrunch"],"picked":"SKIP","floor":58}],"player_experience":366792,"relics_obtained":[{"floor":5,"key":"StuffTheSpire:Rhapsscallions"},{"floor":6,"key":"hubris:TenFootPole"},{"floor":8,"key":"Whetstone"},{"floor":9,"key":"StuffTheSpire:Gunfinga"},{"floor":13,"key":"Toy Ornithopter"},{"floor":24,"key":"Replay:Mystery Machine"},{"floor":26,"key":"StuffTheSpire:Tea"},{"floor":30,"key":"conspire:DecoderRing"},{"floor":43,"key":"Replay:Bottled Steam"},{"floor":45,"key":"Replay:Rubber Ducky"},{"floor":53,"key":"paleoftheancients:SoulOfTheSilent"},{"floor":54,"key":"paleoftheancients:SoulOfTheCollector"},{"floor":58,"key":"paleoftheancients:SoulOfTheHexaghost"}],"event_choices":[{"damage_healed":0,"gold_gain":0,"player_choice":"Agree","damage_taken":0,"max_hp_gain":0,"max_hp_loss":0,"event_name":"conspire:LoneGhost","floor":4,"gold_loss":0},{"damage_healed":0,"gold_gain":0,"player_choice":"Invest 1","damage_taken":0,"max_hp_gain":0,"max_hp_loss":0,"event_name":"conspire:Investor","floor":14,"gold_loss":0},{"damage_healed":0,"gold_gain":0,"player_choice":"Copied","damage_taken":0,"max_hp_gain":0,"max_hp_loss":0,"event_name":"Duplicator","floor":19,"gold_loss":0,"cards_obtained":["Footwork"]},{"damage_healed":0,"gold_gain":0,"player_choice":"Upgraded Two","damage_taken":0,"max_hp_gain":0,"max_hp_loss":0,"event_name":"Designer","floor":37,"gold_loss":40,"cards_upgraded":["PiercingWail","conspire:GhostlyDefend"]},{"cards_removed":["conspire:SpireCoStock"],"damage_healed":0,"gold_gain":0,"player_choice":"Purged","damage_taken":0,"max_hp_gain":0,"max_hp_loss":0,"event_name":"Purifier","floor":55,"gold_loss":0}],"is_beta":false,"boss_relics":[{"not_picked":["Empty Cage","hubris:BlackHole"],"picked":"conspire:RunicOctahedron"},{"not_picked":["StuffTheSpire:Kangaroo","halation:PinkAlligatorPlush"],"picked":"Replay:Bronze Core"}],"items_purged_floors":[22,46],"is_endless":false,"potions_floor_spawned":[6,11,13,18,20,24,30,35,43,47,54,58],"ascension_level":5}}