{"host":"mrvy4s3ibfhe5e8o","time":1609361522,"event":{"mods":["AchievementEnabler","BaseMod","Colored Map","Downfall","Googly Eyes","Hermit","Highlight Path","Marisa????????","Minty Spire (QoL Compilation)","Shop Mod","StSLib","The Cursed","The Servant 0.9.4"],"gold_per_floor":[99,112,112,128,148,148,171,171,182,92,92,104,89,89,107,204,204,204,224,324,344,358,374,399,399,416,416,416,429,429,447,466,466,466,466],"floor_reached":33,"playtime":1888,"items_purged":["Slimebound:LeechEnergy"],"score":243,"play_id":"804f1f4b-72dd-4548-a445-667c6a1242ec","local_time":"20201230155202","is_ascension_mode":false,"campfire_choices":[{"data":"Slimebound:CorrosiveSpit","floor":1,"key":"SMITH"},{"floor":8,"key":"REST"},{"data":"Slimebound:Split","floor":18,"key":"SMITH"},{"data":"Slimebound:GoopSpray","floor":27,"key":"SMITH"},{"data":"Slimebound:Equalize","floor":30,"key":"SMITH"}],"circlet_count":0,"master_deck":["Slimebound:Strike_Slimebound","Slimebound:Strike_Slimebound","Slimebound:Tackle","Slimebound:Defend_Slimebound","Slimebound:Defend_Slimebound","Slimebound:Defend_Slimebound","Slimebound:Split+1","Slimebound:CorrosiveSpit+1","Slimebound:ProtectTheBoss","Slimebound:Equalize+1","Slimebound:ComboTackle","Slimebound:SplitBruiser","Slimebound:Prepare","Slimebound:GoopSpray+1","Slimebound:Teamwork","Slimebound:FirmFortitude+1","Slimebound:SlimeSpikes","Slimebound:RollThrough","Slimebound:PressTheAttack+1","Slimebound:FinishingTackle"],"relics":["Slimebound:AbsorbEndCombat","Orichalcum","Centennial Puzzle","Velvet Choker","downfall:GremlinWheel","Anchor","Thread and Needle","NlothsMask"],"acts_visited":["Exordium","TheCity"],"potions_floor_usage":[16,20,26,33,33],"damage_taken":[{"damage":4,"enemies":"2 Louse","floor":2,"turns":3},{"damage":4,"enemies":"Cultist","floor":4,"turns":3},{"damage":13,"enemies":"Jaw Worm","floor":5,"turns":4},{"damage":17,"enemies":"Exordium Thugs","floor":9,"turns":4},{"damage":14,"enemies":"downfall:FleeingMerchant","floor":10,"turns":4},{"damage":21,"enemies":"Lots of Slimes","floor":12,"turns":3},{"damage":16,"enemies":"downfall:FleeingMerchant","floor":13,"turns":4},{"damage":12,"enemies":"3 Louse","floor":15,"turns":3},{"damage":67,"enemies":"downfall:Ironclad","floor":16,"turns":7},{"damage":12,"enemies":"Shell Parasite","floor":19,"turns":5},{"damage":25,"enemies":"Shell Parasite","floor":20,"turns":4},{"damage":10,"enemies":"Spheric Guardian","floor":21,"turns":3},{"damage":29,"enemies":"Shelled Parasite and Fungi","floor":22,"turns":6},{"damage":10,"enemies":"Snecko","floor":23,"turns":4},{"damage":13,"enemies":"Centurion and Healer","floor":26,"turns":4},{"damage":20,"enemies":"Shelled Parasite and Fungi","floor":29,"turns":4},{"damage":10,"enemies":"Snecko","floor":31,"turns":6},{"damage":10,"enemies":"Centurion and Healer","floor":32,"turns":4},{"damage":73,"enemies":"downfall:Watcher","floor":33,"turns":8}],"seed_played":"4955920514871128873","potions_obtained":[{"floor":2,"key":"Swift Potion"},{"floor":4,"key":"FearPotion"},{"floor":12,"key":"Slimebound:ThreeZeroPotion"},{"floor":16,"key":"ColorlessPotion"},{"floor":19,"key":"Slimebound:SlimyTonguePotion"},{"floor":20,"key":"SteroidPotion"},{"floor":22,"key":"Block Potion"}],"is_trial":false,"path_per_floor":["R","M","?","M","M","?","T","R","M","$","?","M","$","?","M","B",null,"R","M","?","M","M","M","T","?","M","R","?","M","R","M","M","B"],"character_chosen":"SLIMEBOUND","items_purchased":[],"campfire_rested":1,"item_purchase_floors":[],"current_hp_per_floor":[60,60,60,60,57,45,45,60,56,56,61,50,50,50,50,5,65,65,65,54,58,49,61,61,61,60,60,60,57,57,65,65,0,0,0],"gold":466,"neow_bonus":"TRANSFORM_CARD","is_daily":false,"chose_seed":false,"campfire_upgraded":4,"win_rate":0.0,"timestamp":1609361522,"path_taken":["R","M","?","?","M","?","T","R","M","$","?","?","?","?","M","BOSS","R","M","?","M","?","M","T","?","M","R","?","?","R","M","M","BOSS"],"items_purchased_type":[],"build_version":"2020-12-22","purchased_purges":1,"victory":false,"max_hp_per_floor":[60,60,60,60,60,60,60,60,60,60,65,65,65,65,65,65,65,65,65,65,65,65,65,65,65,65,65,65,65,65,65,65,65,65,65],"card_choices":[{"not_picked":["Slimebound:Chomp","Slimebound:Replication"],"picked":"Slimebound:Equalize","floor":2},{"not_picked":["Slimebound:Dissolve","Slimebound:ItLooksTasty"],"picked":"Slimebound:ComboTackle","floor":4},{"not_picked":["Slimebound:DisruptingSlam","Slimebound:LeechEnergy"],"picked":"Slimebound:SplitBruiser","floor":5},{"not_picked":["Slimebound:LevelUp","Slimebound:Schlurp"],"picked":"Slimebound:LeechEnergy","floor":9},{"not_picked":["Slimebound:ItLooksTasty","Slimebound:GoopSpray","Slimebound:SlimeSpikes"],"picked":"SKIP","floor":10},{"not_picked":["Slimebound:SplitMire","Slimebound:SplitBruiser"],"picked":"Slimebound:Prepare","floor":12},{"not_picked":["Slimebound:SlimeBrawl","Slimebound:ProtectTheBoss","Slimebound:ForwardTackle"],"picked":"SKIP","floor":13},{"not_picked":["Slimebound:FinishingTackle","Slimebound:SamplingLick"],"picked":"Slimebound:GoopSpray","floor":15},{"not_picked":["Slimebound:SlimeSlap","Slimebound:SelfFormingGoo"],"picked":"Slimebound:Teamwork","floor":16},{"not_picked":["Slimebound:GrowthPunch+1","Slimebound:SamplingLick+1"],"picked":"Slimebound:FirmFortitude+1","floor":19},{"not_picked":["Slimebound:SplitAcid","Slimebound:BestDefense"],"picked":"Slimebound:SlimeSpikes","floor":21},{"not_picked":["Slimebound:Dissolve","Slimebound:Prepare","Slimebound:SplitLeeching+1"],"picked":"SKIP","floor":22},{"not_picked":["Slimebound:SplitBruiser","Slimebound:TongueLash"],"picked":"Slimebound:RollThrough","floor":23},{"not_picked":["Slimebound:FinishingTackle+1","Slimebound:ViciousTackle"],"picked":"Slimebound:PressTheAttack+1","floor":26},{"not_picked":["Slimebound:SlimeTap","Slimebound:LeadByExample","Slimebound:Schlurp"],"picked":"SKIP","floor":29},{"not_picked":["Slimebound:Schlurp+1","Slimebound:BestDefense"],"picked":"Slimebound:FinishingTackle","floor":31},{"not_picked":["Slimebound:GoopSpray","Slimebound:ComboTackle","Slimebound:LeechEnergy+1"],"picked":"SKIP","floor":32}],"player_experience":207666,"relics_obtained":[{"floor":7,"key":"Centennial Puzzle"},{"floor":20,"key":"downfall:GremlinWheel"},{"floor":24,"key":"Anchor"},{"floor":27,"key":"Thread and Needle"}],"event_choices":[{"cards_removed":["Slimebound:Defend_Slimebound"],"damage_healed":0,"gold_gain":0,"player_choice":"Purged","damage_taken":0,"max_hp_gain":0,"max_hp_loss":0,"event_name":"Purifier","floor":3,"gold_loss":0},{"damage_healed":0,"gold_gain":0,"player_choice":"Success","damage_taken":12,"relics_obtained":["Orichalcum"],"max_hp_gain":0,"max_hp_loss":0,"event_name":"Scrap Ooze","floor":6,"gold_loss":0},{"damage_healed":0,"gold_gain":0,"player_choice":"Donut","damage_taken":0,"max_hp_gain":5,"max_hp_loss":0,"event_name":"Big Fish","floor":11,"gold_loss":0},{"damage_healed":0,"gold_gain":0,"player_choice":"Relic","damage_taken":0,"max_hp_gain":0,"max_hp_loss":0,"event_name":"Wheel of Change","floor":27,"gold_loss":0},{"damage_healed":0,"gold_gain":0,"player_choice":"Trade","damage_taken":0,"relics_obtained":["NlothsMask"],"max_hp_gain":0,"max_hp_loss":0,"event_name":"FaceTrader","floor":28,"gold_loss":0}],"is_beta":false,"boss_relics":[{"not_picked":["Coffee Dripper","downfall:Hecktoplasm"],"picked":"Velvet Choker"}],"items_purged_floors":[10],"is_endless":false,"potions_floor_spawned":[2,4,12,15,16,19,20,22,23],"killed_by":"downfall:Watcher","ascension_level":0}}