{"host":"9qh03gjyvt0jixwo","time":1609308148,"event":{"mods":["Act Like it!","BaseMod","CapriCore","Colored Map","Colored Powertips","Dota2Spire","Friendly Minions","Gensokyo","GifTheSpireLib","Highlight Path","Marisa£®ÏF”Í°°ƒß¿Ì…≥£©","Minty Spire (QoL Compilation)","Replay The Spire","StSLib"],"gold_per_floor":[112,147,147,147,147,164,164,164,164,178,191,191,279,297,297,393,393,407,407,434,35,96,96,1,1,1,1,1,1,27,27,27,162,162,178,189,44,44,44,44,12,12,12,12,35,52,105,115,64,64,64,84],"floor_reached":53,"playtime":3874,"items_purged":[],"score":670,"play_id":"939f4ff6-82ea-4404-ba35-5891d64389ea","local_time":"20201230140228","is_ascension_mode":false,"campfire_choices":[{"floor":7,"key":"REST"},{"floor":23,"key":"REST"},{"floor":28,"key":"REST"},{"floor":32,"key":"REST"},{"floor":40,"key":"REST"},{"data":"OrrerysSun","floor":44,"key":"SMITH"},{"floor":51,"key":"DIG"}],"circlet_count":0,"master_deck":["Strike_MRS","Strike_MRS","Strike_MRS","Strike_MRS","Defend_MRS","Defend_MRS","Defend_MRS","Defend_MRS","MasterSpark","UpSweep","StarBarrage+1","MilkyWay","SuperPerseids","Acceleration","AlicesGift+1","EarthLightRay","OrrerysSun+1","ManaRampage","Robbery","MillisecondPulsars","AsteroidBelt+1","EnergyRecoil+1","CasketOfStar+1","PowerUp+1","Gensokyo:RPG","AsteroidBelt","UnstableBomb+1","ShootTheMoon+1"],"relics":["MiniHakkero","Gensokyo:MarisaImprobabilityPotion","Gensokyo:CelestialsFlawlessClothing","Bottled Flame","Ancient Tea Set","SlaversCollar","Gensokyo:ConquerorOfFear","AmplifyWand","Golden Egg","Boot","Philosopher\u0027s Stone","ClockworkSouvenir","Toy Ornithopter","Gensokyo:Companionship","White Beast Statue","Onion Ring"],"acts_visited":["Gensokyo:Gensokyo","Gensokyo:Gensokyoer","Gensokyo:Gensokyoest"],"potions_floor_usage":[10,10,18,20,22,30,33,46,52,52],"damage_taken":[{"damage":7,"enemies":"Gensokyo:Gryphon","floor":1,"turns":3},{"damage":6,"enemies":"Gensokyo:2_Kodama","floor":2,"turns":5},{"damage":1,"enemies":"Gensokyo:Python","floor":6,"turns":3},{"damage":1,"enemies":"Gensokyo:Kitsune","floor":10,"turns":2},{"damage":2,"enemies":"Gensokyo:2_Rabbits","floor":11,"turns":5},{"damage":3,"enemies":"Gensokyo:VengefulSpirit","floor":14,"turns":3},{"damage":12,"enemies":"Gensokyo:Reimu","floor":16,"turns":7},{"damage":10,"enemies":"Gensokyo:AngelMirror","floor":18,"turns":2},{"damage":38,"enemies":"Gensokyo:2_Gloops","floor":20,"turns":7},{"damage":37,"enemies":"Gensokyo:Slime_Group","floor":22,"turns":5},{"damage":27,"enemies":"Gensokyo:Swordslinger","floor":30,"turns":6},{"damage":27,"enemies":"Gensokyo:Eiki","floor":33,"turns":8},{"damage":43,"enemies":"Gensokyo:3_Boulders","floor":35,"turns":6},{"damage":0,"enemies":"Gensokyo:AncientGuardian","floor":36,"turns":4},{"damage":5,"enemies":"Gensokyo:4_Bats","floor":46,"turns":3},{"damage":19,"enemies":"Gensokyo:Dusk_and_Dawn","floor":47,"turns":4},{"damage":0,"enemies":"Gensokyo:Rafflesia","floor":48,"turns":5},{"damage":3,"enemies":"Gensokyo:Yuyuko","floor":52,"turns":7}],"seed_played":"1379621193419326984","potions_obtained":[{"floor":0,"key":"Adrenaline Potion"},{"floor":0,"key":"Doom Potion"},{"floor":0,"key":"Swift Potion"},{"floor":2,"key":"Languid Potion"},{"floor":6,"key":"Adrenaline Potion"},{"floor":10,"key":"Ancient Potion"},{"floor":14,"key":"Energy Potion"},{"floor":18,"key":"Regen Potion"},{"floor":30,"key":"FearPotion"},{"floor":36,"key":"Adrenaline Potion"},{"floor":46,"key":"SneckoOil"},{"floor":48,"key":"SteroidPotion"}],"is_trial":false,"path_per_floor":["M","M","?","?","?","M","R","?","T","M","M","?","?","M","R","B",null,"M","?","M","$","M","R","COS","?","T","?","R","?","M","$","R","B",null,"M","M","$","?","?","R","COS","PTL","PTL","R","T","M","M","M","$","T","R_BF","B",null],"character_chosen":"MARISA","items_purchased":["AmplifyWand","MillisecondPulsars","ClockworkSouvenir","Dexterity Potion"],"campfire_rested":5,"item_purchase_floors":[21,21,37,49],"current_hp_per_floor":[68,62,62,62,44,43,65,65,65,64,62,62,32,33,33,25,75,65,65,31,31,12,34,34,34,34,34,56,56,33,33,55,32,75,36,40,40,40,40,62,62,62,62,62,62,66,47,51,51,51,51,51],"gold":84,"neow_bonus":"THREE_SMALL_POTIONS","is_daily":false,"chose_seed":false,"campfire_upgraded":1,"win_rate":0.0,"timestamp":1609308148,"path_taken":["M","M","?","?","?","M","R","?","T","M","?","?","?","M","R","BOSS","M","?","M","?","?","R","COS","?","T","?","R","?","M","?","R","BOSS","M","M","$","?","?","R","COS","PTL","PTL","R","T","M","?","M","$","?","R_BF","BOSS"],"items_purchased_type":["Relic","Card","Relic","Potion"],"build_version":"2020-12-22","purchased_purges":0,"victory":true,"max_hp_per_floor":[75,75,75,75,75,75,75,75,75,75,75,75,75,75,75,75,75,75,75,75,75,75,75,75,75,75,75,75,75,75,75,75,75,75,75,75,75,75,75,75,75,75,75,75,75,75,75,75,75,75,75,75],"card_choices":[{"not_picked":["LuminesStrike","GalacticHalo"],"picked":"WitchOfGreed","floor":1},{"not_picked":["UnstableBomb","DeepEcoloBomb"],"picked":"StarBarrage","floor":2},{"not_picked":["GasGiant","UnstableBomb"],"picked":"MilkyWay","floor":6},{"not_picked":["Acceleration","StarlightTyphoon"],"picked":"SuperPerseids","floor":10},{"not_picked":["AsteroidBelt","ShootingEcho"],"picked":"Acceleration","floor":11},{"not_picked":["EventHorizon","StarDustReverie"],"picked":"EarthLightRay","floor":13},{"not_picked":["Orbital","ManaConvection"],"picked":"OrrerysSun","floor":14},{"not_picked":["BigCrunch","EscapeVelocity"],"picked":"ManaRampage","floor":16},{"not_picked":["EarthLightRay","Acceleration"],"picked":"Robbery","floor":18},{"not_picked":["WitchOfGreed","FairyDestructionRay","UnstableBomb"],"picked":"SKIP","floor":20},{"not_picked":["GasGiant","DoubleSpark+1"],"picked":"AsteroidBelt+1","floor":22},{"not_picked":["GalacticHalo","MilkyWay"],"picked":"EnergyRecoil+1","floor":30},{"not_picked":["ManaRampage","FinalSpark"],"picked":"CasketOfStar","floor":33},{"not_picked":["DoubleSpark","MysteriousBeam","DragonMeteor+1"],"picked":"SKIP","floor":35},{"not_picked":["DoubleSpark+1","PulseMagic+1"],"picked":"PowerUp+1","floor":36},{"not_picked":["DarkSpark+1","WitchLeyline+1"],"picked":"AsteroidBelt","floor":46},{"not_picked":["Orbital","ChargeUpSpray"],"picked":"UnstableBomb+1","floor":47},{"not_picked":["6A+1","MysteriousBeam"],"picked":"ShootTheMoon+1","floor":48}],"player_experience":209635,"relics_obtained":[{"floor":9,"key":"Bottled Flame"},{"floor":13,"key":"Ancient Tea Set"},{"floor":20,"key":"Gensokyo:ConquerorOfFear"},{"floor":26,"key":"Golden Egg"},{"floor":45,"key":"Toy Ornithopter"},{"floor":50,"key":"White Beast Statue"},{"floor":51,"key":"Onion Ring"}],"event_choices":[],"is_beta":false,"boss_relics":[{"not_picked":["Replay:Drink Me","ChewingGum"],"picked":"SlaversCollar"},{"not_picked":["Busted Crown","Black Star"],"picked":"Philosopher\u0027s Stone"}],"items_purged_floors":[],"is_endless":false,"potions_floor_spawned":[6,10,14,18,30,36,46,48],"ascension_level":0}}