{"host":"ssbj2e5691x5ub3h","time":1609296064,"event":{"mods":["BaseMod","Duelist Mod","Minty Spire (QoL Compilation)","StSLib"],"gold_per_floor":[242,253,271,289,308,308,335,335,383,396,396,415,441,455,455,532,532,543,556,576,576,611,611,641,173,173,183,183,194,211,224,224,224,224],"floor_reached":33,"playtime":1562,"items_purged":["theDuelist:Sparks"],"score":586,"play_id":"cbcd054e-5e76-4f04-aaa3-903079f3e77f","local_time":"20201230004104","is_ascension_mode":true,"campfire_choices":[{"floor":6,"key":"REST"},{"data":"theDuelist:MetalDragon","floor":8,"key":"SMITH"},{"data":"theDuelist:DragonMirror","floor":15,"key":"SMITH"},{"floor":23,"key":"REST"},{"floor":28,"key":"REST"},{"floor":32,"key":"REST"}],"circlet_count":0,"master_deck":["AscendersBane","theDuelist:BabyDragon","theDuelist:CastleWalls","theDuelist:CastleWalls","theDuelist:CaveDragon","theDuelist:CaveDragon","theDuelist:LesserDragon","theDuelist:LesserDragon","theDuelist:Sparks","theDuelist:YamataDragon","theDuelist:HazyFlameHydra","theDuelist:MetalDragon+1","theDuelist:CurseDragon","theDuelist:SnowDragon","theDuelist:MaskedDragon","theDuelist:DragonMirror+1","theDuelist:ArmedDragon3","theDuelist:MirageDragon","theDuelist:BerserkScales","theDuelist:TwinBarrelDragon+1","theDuelist:Freezadon","theDuelist:BlackBrutdrago+1","Decay","theDuelist:TwinHeadedFire","theDuelist:ThunderDragon","theDuelist:Duoterion","theDuelist:ThunderDragon+1","theDuelist:Freezadon","theDuelist:SilverDragon"],"relics":["theDuelist:MillenniumPuzzle","theDuelist:CardPoolRelic","theDuelist:CardPoolBasicRelic","theDuelist:BoosterPackPoolRelic","theDuelist:CardPoolAddRelic","theDuelist:CardPoolMinusRelic","theDuelist:CardPoolSaveRelic","theDuelist:CardPoolOptionsRelic","Dream Catcher","Strawberry","Question Card","theDuelist:MillenniumKey","Red Mask","Nunchaku","Vajra","Meat on the Bone","theDuelist:DragonRelic"],"acts_visited":["Exordium","TheCity"],"potions_floor_usage":[7,13,20,22,24,33],"damage_taken":[{"damage":0,"enemies":"Small Slimes","floor":1,"turns":3},{"damage":1,"enemies":"2 Louse","floor":2,"turns":2},{"damage":3,"enemies":"Jaw Worm","floor":3,"turns":4},{"damage":19,"enemies":"Exordium Thugs","floor":4,"turns":4},{"damage":5,"enemies":"Looter","floor":5,"turns":2},{"damage":0,"enemies":"Lagavulin","floor":7,"turns":1},{"damage":0,"enemies":"Blue Slaver","floor":10,"turns":2},{"damage":1,"enemies":"Exordium Wildlife","floor":12,"turns":4},{"damage":0,"enemies":"Gremlin Nob","floor":13,"turns":2},{"damage":1,"enemies":"Red Slaver","floor":14,"turns":3},{"damage":25,"enemies":"Slime Boss","floor":16,"turns":9},{"damage":7,"enemies":"Chosen","floor":18,"turns":4},{"damage":0,"enemies":"3 Byrds","floor":19,"turns":4},{"damage":0,"enemies":"Snecko","floor":20,"turns":2},{"damage":24,"enemies":"Masked Bandits","floor":22,"turns":5},{"damage":48,"enemies":"Slavers","floor":24,"turns":6},{"damage":7,"enemies":"Snake Plant","floor":27,"turns":2},{"damage":9,"enemies":"Centurion and Healer","floor":29,"turns":3},{"damage":0,"enemies":"3 Cultists","floor":30,"turns":5},{"damage":20,"enemies":"Snake Plant","floor":31,"turns":2},{"damage":67,"enemies":"Collector","floor":33,"turns":5}],"seed_played":"807581406028337769","potions_obtained":[{"floor":3,"key":"SkillPotion"},{"floor":4,"key":"Dexterity Potion"},{"floor":12,"key":"SneckoOil"},{"floor":13,"key":"Swift Potion"},{"floor":20,"key":"Fire Potion"},{"floor":31,"key":"theDuelist:OrbBottle"}],"is_trial":false,"path_per_floor":["M","M","M","M","M","R","E","R","T","M","?","M","E","M","R","B",null,"M","M","M","?","?","R","E","$","T","M","R","M","M","M","R","B"],"character_chosen":"THE_DUELIST","items_purchased":["Vajra","Meat on the Bone"],"campfire_rested":4,"item_purchase_floors":[25,25],"current_hp_per_floor":[63,62,59,40,35,56,56,56,63,63,63,62,62,61,61,36,67,60,60,60,60,36,59,11,11,11,16,39,42,42,34,57,0,0],"gold":224,"neow_bonus":"HUNDRED_GOLD","is_daily":false,"chose_seed":false,"campfire_upgraded":2,"win_rate":0.0,"timestamp":1609296064,"path_taken":["M","M","M","M","M","R","E","R","T","M","?","M","E","M","R","BOSS","M","M","M","?","?","R","E","$","T","M","R","M","?","M","R","BOSS"],"items_purchased_type":["Relic","Relic"],"build_version":"2020-12-22","purchased_purges":1,"victory":false,"max_hp_per_floor":[70,70,70,70,70,70,70,70,77,77,77,77,77,77,77,77,77,77,77,77,77,77,77,77,77,77,77,77,77,77,77,77,77,77],"card_choices":[{"not_picked":["theDuelist:TrihornedDragon","theDuelist:GiantRex","theDuelist:BlackTyranno","theDuelist:MadSwordBeast","theDuelist:BlackStego"],"picked":"SKIP","floor":1},{"not_picked":["theDuelist:MythicWaterDragon","theDuelist:GiantRex","theDuelist:SauropodBrachion","theDuelist:ArmedDragon5"],"picked":"theDuelist:HazyFlameHydra","floor":2},{"not_picked":["theDuelist:MythicWaterDragon","theDuelist:DragonZombie","theDuelist:BlueEyes","theDuelist:SeismicShockwave"],"picked":"theDuelist:MetalDragon","floor":3},{"not_picked":["theDuelist:ViceDragon","theDuelist:SafeZone","theDuelist:CloudianGhost","theDuelist:BackupSoldier"],"picked":"theDuelist:CurseDragon","floor":4},{"not_picked":["theDuelist:MadSwordBeast","theDuelist:Anthrosaurus","theDuelist:Earthquake","theDuelist:Kabazauls"],"picked":"theDuelist:SnowDragon","floor":5},{"not_picked":["theDuelist:YamataDragon","theDuelist:DarkHorus","theDuelist:CurseDragon","theDuelist:Beatraptor"],"picked":"theDuelist:MaskedDragon","floor":7},{"not_picked":["theDuelist:WhiteHornDragon","theDuelist:GalaxySoldier","theDuelist:ArtifactSanctum","theDuelist:DragonTreasure"],"picked":"theDuelist:DragonMirror","floor":10},{"not_picked":["theDuelist:Sabersaurus","theDuelist:Pyrorex","theDuelist:GiantRex","theDuelist:Frostosaurus","theDuelist:BlackPtera"],"picked":"SKIP","floor":12},{"not_picked":["theDuelist:ViceDragon","theDuelist:SilverDragon","theDuelist:DarkfireDragon","theDuelist:AutorokketDragon"],"picked":"theDuelist:ArmedDragon3","floor":13},{"not_picked":["theDuelist:DarkHorus","theDuelist:CyberDragon","theDuelist:CyberDinosaur","theDuelist:BlackTyranno"],"picked":"theDuelist:MirageDragon","floor":14},{"not_picked":["theDuelist:VoidOgreDragon","theDuelist:TailSwipe","theDuelist:LostWorld","theDuelist:GaiaDragonChamp"],"picked":"theDuelist:BerserkScales","floor":16},{"not_picked":["theDuelist:DarkHorus","theDuelist:CyberValley","theDuelist:CurseDragon","theDuelist:SnowdustDragon"],"picked":"theDuelist:TwinBarrelDragon+1","floor":18},{"not_picked":["theDuelist:CurseDragon","theDuelist:BlackPtera","theDuelist:CaveDragon","theDuelist:MaskedDragon"],"picked":"theDuelist:Freezadon","floor":19},{"not_picked":["theDuelist:CyberValley","theDuelist:Anthrosaurus","theDuelist:AncientPixieDragon","theDuelist:BlackVeloci"],"picked":"theDuelist:BlackBrutdrago+1","floor":20},{"not_picked":["theDuelist:HazyFlameHydra","theDuelist:BlackBrutdrago","theDuelist:MaskedDragon","theDuelist:ArtifactIgnition"],"picked":"theDuelist:TwinHeadedFire","floor":22},{"not_picked":["theDuelist:Hydrogeddon","theDuelist:CyberDragonDrei","theDuelist:RedRisingDragon"],"picked":"theDuelist:ThunderDragon","floor":23},{"not_picked":["theDuelist:MadSwordBeast","theDuelist:BlackTyranno","theDuelist:BlackStego+1","theDuelist:MadFlameKaiju","theDuelist:BarrelDragon"],"picked":"SKIP","floor":24},{"not_picked":["theDuelist:SilverDragon","theDuelist:ExploderDragon","theDuelist:CyberDragonVier","theDuelist:BusterDrake"],"picked":"theDuelist:Duoterion","floor":27},{"not_picked":["theDuelist:Kabazauls","theDuelist:DefenseDraw","theDuelist:SphereChaos","theDuelist:Anthrosaurus+1","theDuelist:WaterDragonCluster"],"picked":"SKIP","floor":29},{"not_picked":["theDuelist:Pyrorex","theDuelist:Earthquake","theDuelist:CurseDragon","theDuelist:BlackPtera+1"],"picked":"theDuelist:ThunderDragon+1","floor":30},{"not_picked":["theDuelist:Hydrogeddon","theDuelist:Anthrosaurus","theDuelist:CloudianGhost","theDuelist:LeviaDragon"],"picked":"theDuelist:Freezadon","floor":31},{"not_picked":["theDuelist:CyberDragonDrei","theDuelist:Carboneddon","theDuelist:BlackStego"],"picked":"theDuelist:SilverDragon","floor":32}],"player_experience":271894,"relics_obtained":[{"floor":7,"key":"Dream Catcher"},{"floor":9,"key":"Strawberry"},{"floor":13,"key":"Question Card"},{"floor":22,"key":"Red Mask"},{"floor":24,"key":"Nunchaku"},{"floor":26,"key":"theDuelist:DragonRelic"}],"event_choices":[{"damage_healed":0,"gold_gain":0,"player_choice":"Leave","duelist":true,"damage_taken":0,"max_hp_gain":0,"max_hp_loss":0,"event_name":"Relic Duplicator","floor":11,"gold_loss":0},{"damage_healed":0,"gold_gain":0,"player_choice":"Smashed Altar","damage_taken":0,"max_hp_gain":0,"max_hp_loss":0,"event_name":"Forgotten Altar","floor":21,"gold_loss":0,"cards_obtained":["Decay"]},{"damage_healed":0,"gold_gain":0,"player_choice":"Fought Bandits","damage_taken":0,"max_hp_gain":0,"max_hp_loss":0,"event_name":"Masked Bandits","floor":22,"gold_loss":0}],"is_beta":false,"boss_relics":[{"not_picked":["Runic Pyramid","Inserter"],"picked":"theDuelist:MillenniumKey"}],"items_purged_floors":[25],"is_endless":false,"potions_floor_spawned":[3,4,5,12,13,16,18,19,20,31],"killed_by":"Collector","ascension_level":15}}