{"host":"9tzam4717zt8ei1o","time":1609330425,"event":{"mods":["BaseMod","Colored Map","Keyboard Shortcuts","Minty Spire (QoL Compilation)","Quick Restart","StSLib","SuperFastMode"],"gold_per_floor":[121,152,182,194,206,218,242,279,337,349,349],"floor_reached":10,"playtime":206,"items_purged":[],"score":136,"play_id":"9cf628a1-5696-48bc-bf4c-7a15e12d087f","local_time":"20201230211345","is_ascension_mode":true,"campfire_choices":[{"data":"Deadly Poison","floor":6,"key":"SMITH"}],"circlet_count":0,"master_deck":["AscendersBane","Strike_G","Strike_G","Strike_G","Strike_G","Defend_G","Defend_G","Defend_G","Defend_G","Defend_G","Survivor","Neutralize","Escape Plan","Dagger Spray","Deadly Poison+1","Escape Plan","Footwork"],"relics":["Ring of the Snake","MawBank","Eternal Feather","Tiny Chest"],"acts_visited":["Exordium"],"potions_floor_usage":[8,8],"damage_taken":[{"damage":1,"enemies":"2 Louse","floor":1,"turns":4},{"damage":14,"enemies":"Cultist","floor":2,"turns":5},{"damage":4,"enemies":"Jaw Worm","floor":3,"turns":5},{"damage":5,"enemies":"Exordium Thugs","floor":7,"turns":6},{"damage":27,"enemies":"3 Sentries","floor":8,"turns":8},{"damage":27,"enemies":"Lagavulin","floor":10,"turns":7}],"seed_played":"-5628886395312082694","potions_obtained":[{"floor":2,"key":"SkillPotion"},{"floor":3,"key":"DistilledChaos"}],"is_trial":false,"path_per_floor":["M","M","M","?","$","R","M","E","T","E"],"character_chosen":"THE_SILENT","items_purchased":[],"campfire_rested":0,"item_purchase_floors":[],"current_hp_per_floor":[58,44,40,40,40,40,35,8,8,0,0],"gold":349,"neow_bonus":"RANDOM_COMMON_RELIC","is_daily":false,"chose_seed":false,"campfire_upgraded":1,"win_rate":0.0,"timestamp":1609330425,"path_taken":["M","M","M","?","$","R","M","E","T","E"],"items_purchased_type":[],"build_version":"2020-12-22","purchased_purges":0,"victory":false,"max_hp_per_floor":[66,66,66,66,66,66,66,66,66,66,66],"card_choices":[{"not_picked":["Outmaneuver","Heel Hook"],"picked":"Escape Plan","floor":1},{"not_picked":["Expertise","Acrobatics"],"picked":"Dagger Spray","floor":2},{"not_picked":["Leg Sweep","Flying Knee"],"picked":"Deadly Poison","floor":3},{"not_picked":["Quick Slash","Masterful Stab"],"picked":"Escape Plan","floor":7},{"not_picked":["Dash","Dagger Spray"],"picked":"Footwork","floor":8}],"player_experience":131947,"relics_obtained":[{"floor":8,"key":"Eternal Feather"},{"floor":9,"key":"Tiny Chest"}],"event_choices":[{"cards_removed":["Strike_G"],"damage_healed":0,"gold_gain":0,"player_choice":"Purged","damage_taken":0,"max_hp_gain":0,"max_hp_loss":0,"event_name":"Purifier","floor":4,"gold_loss":0}],"is_beta":false,"boss_relics":[],"items_purged_floors":[],"is_endless":false,"potions_floor_spawned":[2,3],"killed_by":"Lagavulin","ascension_level":20}}