{"host":"zxkjcgzis4pm3za5","time":1609345893,"event":{"mods":["AchievementEnabler","BaseMod","Colored Map","Colored Powertips","Minty Spire (QoL Compilation)","Quick Restart","RNG Fix","Random Character Button","StSLib"],"gold_per_floor":[119,119,132,146,71,71,105,117,129,141,153,165,220,257,269,407,419,454,479,515,527,539,584,596,596],"floor_reached":24,"playtime":817,"items_purged":["Regret"],"score":386,"play_id":"68a7ee17-bdc8-405e-af92-3578d8f3530c","local_time":"20201230220133","is_ascension_mode":true,"campfire_choices":[{"data":"Loop","floor":6,"key":"SMITH"},{"data":"Buffer","floor":10,"key":"SMITH"},{"data":"Chaos","floor":15,"key":"SMITH"}],"circlet_count":0,"master_deck":["AscendersBane","Defend_B","Defend_B","Defend_B","Zap","Dualcast","Loop+1","Chaos+1","Conserve Battery","Buffer+1","Leap","Defragment+1","Electrodynamics+1","Skim","Coolheaded","Rainbow","Meteor Strike"],"relics":["Cracked Core","Darkstone Periapt","MawBank","Frozen Egg 2","Golden Idol","Pantograph","Runic Pyramid","Pocketwatch"],"acts_visited":["Exordium","TheCity"],"potions_floor_usage":[16,18,23],"damage_taken":[{"damage":10,"enemies":"2 Louse","floor":1,"turns":3},{"damage":14,"enemies":"Jaw Worm","floor":3,"turns":3},{"damage":3,"enemies":"Cultist","floor":4,"turns":4},{"damage":21,"enemies":"3 Sentries","floor":7,"turns":7},{"damage":0,"enemies":"Lagavulin","floor":13,"turns":7},{"damage":2,"enemies":"Exordium Wildlife","floor":14,"turns":4},{"damage":9,"enemies":"The Guardian","floor":16,"turns":14},{"damage":15,"enemies":"2 Thieves","floor":18,"turns":3},{"damage":2,"enemies":"Spheric Guardian","floor":19,"turns":4},{"damage":5,"enemies":"Snecko","floor":20,"turns":4},{"damage":18,"enemies":"Gremlin Leader","floor":23,"turns":5},{"damage":23,"enemies":"Cultist and Chosen","floor":24,"turns":4}],"seed_played":"-2472788764805850873","potions_obtained":[{"floor":3,"key":"Strength Potion"},{"floor":14,"key":"Block Potion"},{"floor":16,"key":"DuplicationPotion"},{"floor":19,"key":"PotionOfCapacity"},{"floor":20,"key":"AttackPotion"}],"is_trial":false,"path_per_floor":["M","?","M","M","$","R","E","$","T","R","$","?","E","M","R","B",null,"M","M","M","?","?","E","M"],"character_chosen":"DEFECT","items_purchased":[],"campfire_rested":0,"item_purchase_floors":[],"current_hp_per_floor":[58,64,50,47,47,47,26,26,26,26,26,26,26,24,24,40,62,47,45,40,40,40,22,0,0],"gold":596,"neow_bonus":"REMOVE_TWO","is_daily":false,"chose_seed":false,"campfire_upgraded":3,"win_rate":0.0,"timestamp":1609345893,"path_taken":["M","?","M","?","$","R","E","?","T","R","?","?","E","M","R","BOSS","M","M","M","?","?","E","M"],"items_purchased_type":[],"build_version":"2020-12-22","purchased_purges":1,"victory":false,"max_hp_per_floor":[68,74,74,74,74,74,74,74,74,74,74,69,69,69,69,69,69,69,69,69,69,69,69,69,69],"card_choices":[{"not_picked":["Heatsinks","Hologram"],"picked":"Loop","floor":1},{"not_picked":["Streamline","Gash"],"picked":"Chaos","floor":3},{"not_picked":["Heatsinks","Consume"],"picked":"Conserve Battery","floor":4},{"not_picked":["Multi-Cast","Double Energy"],"picked":"Buffer","floor":7},{"not_picked":["Streamline","Beam Cell"],"picked":"Leap","floor":13},{"not_picked":["Beam Cell","Coolheaded"],"picked":"Defragment+1","floor":14},{"not_picked":["Echo Form+1","All For One"],"picked":"Electrodynamics+1","floor":16},{"not_picked":["Barrage","Doom and Gloom"],"picked":"Skim","floor":18},{"not_picked":["Loop+1","White Noise","Hologram+1"],"picked":"SKIP","floor":19},{"not_picked":["Streamline+1","Leap"],"picked":"Coolheaded","floor":20},{"not_picked":["Coolheaded+1","Skim","White Noise"],"picked":"SKIP","floor":23}],"player_experience":164082,"relics_obtained":[{"floor":7,"key":"MawBank"},{"floor":9,"key":"Frozen Egg 2"},{"floor":13,"key":"Pantograph"},{"floor":23,"key":"Pocketwatch"}],"event_choices":[{"damage_healed":0,"gold_gain":0,"player_choice":"Box","damage_taken":0,"relics_obtained":["Darkstone Periapt"],"max_hp_gain":0,"max_hp_loss":0,"event_name":"Big Fish","floor":2,"gold_loss":0,"cards_obtained":["Regret"]},{"damage_healed":0,"gold_gain":0,"player_choice":"Lose Max HP","damage_taken":0,"relics_obtained":["Golden Idol"],"max_hp_gain":0,"max_hp_loss":5,"event_name":"Golden Idol","floor":12,"gold_loss":0},{"cards_removed":["Strike_B"],"damage_healed":0,"gold_gain":0,"player_choice":"Offered Basic","damage_taken":0,"max_hp_gain":0,"max_hp_loss":0,"event_name":"Bonfire Elementals","floor":21,"gold_loss":0},{"damage_healed":0,"gold_gain":0,"cards_transformed":["Strike_B","Strike_B"],"player_choice":"Became Test Subject","damage_taken":0,"max_hp_gain":0,"max_hp_loss":0,"event_name":"Drug Dealer","floor":22,"gold_loss":0,"cards_obtained":["Rainbow","Meteor Strike"]}],"is_beta":false,"boss_relics":[{"not_picked":["FrozenCore","Runic Dome"],"picked":"Runic Pyramid"}],"items_purged_floors":[5],"is_endless":false,"potions_floor_spawned":[3,14,16,19,20],"killed_by":"Cultist and Chosen","ascension_level":11}}