{"host":"hfxp6ue4pvwo3fit","time":1609296159,"event":{"mods":["AchievementEnabler","BaseMod","Colored Map","Colored Powertips","Highlight Path","Minty Spire (QoL Compilation)","Relic Stats","StSLib","SuperFastMode"],"gold_per_floor":[111,111,127,127,147,147,178,178,178,207,223,188,213,223,223,300,300,318,335,25,25,0,25,25,60,60,78,78,78,78],"floor_reached":29,"playtime":831,"items_purged":[],"score":587,"play_id":"38b29dc4-1aa2-4ced-b444-d6931ad98a0b","local_time":"20201229204239","is_ascension_mode":true,"campfire_choices":[{"data":"Crippling Poison","floor":6,"key":"SMITH"},{"data":"Wraith Form v2","floor":8,"key":"SMITH"},{"data":"Poisoned Stab","floor":15,"key":"SMITH"},{"floor":24,"key":"REST"}],"circlet_count":0,"master_deck":["AscendersBane","Strike_G","Strike_G","Strike_G","Strike_G","Strike_G","Defend_G","Defend_G","Defend_G","Defend_G","Defend_G","Survivor","Neutralize","Dagger Throw","Crippling Poison+1","All Out Attack","Wraith Form v2+1","Parasite","Crippling Poison","PiercingWail","Quick Slash","Poisoned Stab+1","Night Terror","Catalyst","Acrobatics","Deadly Poison","Footwork","Night Terror","Predator","Dash","Regret","Shame"],"relics":["Cursed Key","Eternal Feather","InkBottle","Mummified Hand","White Beast Statue","Orichalcum","Fusion Hammer","DollysMirror","Strawberry","Tiny Chest","Darkstone Periapt","Art of War"],"acts_visited":["Exordium","TheCity"],"potions_floor_usage":[13,14,16,16,23,29,29],"damage_taken":[{"damage":0,"enemies":"2 Louse","floor":1,"turns":3},{"damage":1,"enemies":"Small Slimes","floor":3,"turns":4},{"damage":0,"enemies":"Cultist","floor":5,"turns":4},{"damage":41,"enemies":"Gremlin Nob","floor":7,"turns":5},{"damage":31,"enemies":"Lagavulin","floor":10,"turns":7},{"damage":0,"enemies":"2 Fungi Beasts","floor":11,"turns":4},{"damage":24,"enemies":"Gremlin Nob","floor":13,"turns":4},{"damage":1,"enemies":"Looter","floor":14,"turns":4},{"damage":18,"enemies":"The Guardian","floor":16,"turns":11},{"damage":15,"enemies":"Spheric Guardian","floor":18,"turns":5},{"damage":0,"enemies":"3 Byrds","floor":19,"turns":4},{"damage":33,"enemies":"Book of Stabbing","floor":23,"turns":5},{"damage":22,"enemies":"Gremlin Leader","floor":25,"turns":6},{"damage":16,"enemies":"Snecko","floor":27,"turns":6},{"damage":41,"enemies":"Book of Stabbing","floor":29,"turns":6}],"seed_played":"4406557971674501837","potions_obtained":[{"floor":3,"key":"Fire Potion"},{"floor":10,"key":"Strength Potion"},{"floor":11,"key":"Weak Potion"},{"floor":13,"key":"Regen Potion"},{"floor":14,"key":"CunningPotion"},{"floor":16,"key":"FairyPotion"},{"floor":18,"key":"Explosive Potion"},{"floor":23,"key":"SpeedPotion"},{"floor":25,"key":"FearPotion"},{"floor":27,"key":"Regen Potion"}],"is_trial":false,"path_per_floor":["M","?","M","?","M","R","E","R","T","E","M","?","E","M","R","B",null,"M","M","$","?","?","E","R","E","T","M","?","E"],"character_chosen":"THE_SILENT","items_purchased":["Deadly Poison","Footwork","DollysMirror"],"campfire_rested":1,"item_purchase_floors":[20,20,20],"current_hp_per_floor":[59,64,63,63,63,71,30,39,39,8,8,25,1,14,26,8,55,40,40,40,20,20,19,58,36,36,20,26,0,0],"gold":78,"neow_bonus":"BOSS_RELIC","is_daily":false,"chose_seed":false,"campfire_upgraded":3,"win_rate":0.0,"timestamp":1609296159,"path_taken":["M","?","M","?","?","R","E","R","T","E","M","?","E","M","R","BOSS","M","M","$","?","?","E","R","E","T","M","?","E"],"items_purchased_type":["Card","Card","Relic"],"build_version":"2020-12-22","purchased_purges":0,"victory":false,"max_hp_per_floor":[66,71,71,71,71,71,71,71,71,71,71,71,71,71,71,71,71,71,71,71,76,76,83,83,83,83,83,89,89,89],"relic_stats":{"Darkstone Periapt":6,"counters":[15,78],"Mummified Hand":[9],"Eternal Feather":44,"Tiny Chest":0,"Art of War":[1],"Orichalcum":[162],"Cursed Key":2,"obtain_stats":[{"Darkstone Periapt":26,"Eternal Feather":4,"Orichalcum":13,"Cursed Key":0,"White Beast Statue":10,"Mummified Hand":9,"DollysMirror":20,"Strawberry":23,"Tiny Chest":25,"Fusion Hammer":17,"Art of War":28,"InkBottle":7,"Ring of the Snake":0},{"Darkstone Periapt":13,"Eternal Feather":2,"Orichalcum":7,"Cursed Key":0,"White Beast Statue":5,"Mummified Hand":4,"DollysMirror":11,"Strawberry":12,"Tiny Chest":13,"Fusion Hammer":9,"Art of War":14,"InkBottle":4,"Ring of the Snake":0},{"Darkstone Periapt":66,"Eternal Feather":7,"Orichalcum":31,"Cursed Key":0,"White Beast Statue":23,"Mummified Hand":16,"DollysMirror":55,"Strawberry":60,"Tiny Chest":66,"Fusion Hammer":46,"Art of War":72,"InkBottle":16,"Ring of the Snake":0}],"InkBottle":[19]},"card_choices":[{"not_picked":["Accuracy","Deflect"],"picked":"Dagger Throw","floor":1},{"not_picked":["Setup","Quick Slash"],"picked":"Crippling Poison","floor":3},{"not_picked":["Cloak And Dagger","Dodge and Roll"],"picked":"All Out Attack","floor":5},{"not_picked":["Sucker Punch","Dagger Throw"],"picked":"Wraith Form v2","floor":7},{"not_picked":["Dagger Throw","Grand Finale"],"picked":"Crippling Poison","floor":10},{"not_picked":["Deflect","Terror"],"picked":"PiercingWail","floor":11},{"not_picked":["Eviscerate","Dodge and Roll"],"picked":"Quick Slash","floor":13},{"not_picked":["Deflect","PiercingWail"],"picked":"Poisoned Stab","floor":14},{"not_picked":["Venomology","Burst"],"picked":"Night Terror","floor":16},{"not_picked":["Prepared","Cloak And Dagger"],"picked":"Catalyst","floor":18},{"not_picked":["Caltrops","Endless Agony"],"picked":"Acrobatics","floor":19},{"not_picked":["All Out Attack","Flying Knee"],"picked":"Predator","floor":23},{"not_picked":["Sucker Punch","PiercingWail"],"picked":"Dash","floor":25},{"not_picked":["Underhanded Strike","Reflex","Dagger Throw"],"picked":"SKIP","floor":27}],"player_experience":452637,"relics_obtained":[{"floor":7,"key":"InkBottle"},{"floor":9,"key":"Mummified Hand"},{"floor":10,"key":"White Beast Statue"},{"floor":13,"key":"Orichalcum"},{"floor":23,"key":"Strawberry"},{"floor":25,"key":"Tiny Chest"},{"floor":26,"key":"Darkstone Periapt"}],"event_choices":[{"damage_healed":0,"gold_gain":0,"player_choice":"Donut","damage_taken":0,"max_hp_gain":5,"max_hp_loss":0,"event_name":"Big Fish","floor":2,"gold_loss":0},{"damage_healed":0,"gold_gain":0,"player_choice":"Gave Potion","damage_taken":0,"relics_obtained":["Eternal Feather"],"max_hp_gain":0,"max_hp_loss":0,"event_name":"WeMeetAgain","floor":4,"gold_loss":0},{"damage_healed":17,"gold_gain":0,"player_choice":"Healed","damage_taken":0,"max_hp_gain":0,"max_hp_loss":0,"event_name":"The Cleric","floor":12,"gold_loss":35},{"damage_healed":0,"gold_gain":0,"player_choice":"Shed Blood","damage_taken":25,"max_hp_gain":5,"max_hp_loss":0,"event_name":"Forgotten Altar","floor":21,"gold_loss":0},{"damage_healed":0,"gold_gain":0,"player_choice":"Paid Fearfully","damage_taken":0,"max_hp_gain":0,"max_hp_loss":0,"event_name":"Masked Bandits","floor":22,"gold_loss":25},{"damage_healed":0,"gold_gain":0,"player_choice":"Stole Relic","damage_taken":0,"relics_obtained":["Art of War"],"max_hp_gain":0,"max_hp_loss":0,"event_name":"Addict","floor":28,"gold_loss":0,"cards_obtained":["Shame"]}],"is_beta":false,"boss_relics":[{"not_picked":["Runic Dome","Tiny House"],"picked":"Fusion Hammer"}],"items_purged_floors":[],"is_endless":false,"potions_floor_spawned":[3,10,11,13,14,16,18,19,23,25,27],"killed_by":"Book of Stabbing","ascension_level":20}}