{"host":"sav7uxregyirlf69","time":1609326999,"event":{"mods":["AchievementEnabler","BaseMod","Colored Map","DeckTracker","Keyboard Shortcuts","Minty Spire (QoL Compilation)","READ ME - Guardian Mod","StSLib","SuperFastMode"],"gold_per_floor":[109,128,53,70,86,113,113,113,113,113,133,133,160,225,225,225,225],"floor_reached":16,"playtime":277,"items_purged":["Strike_G"],"score":220,"play_id":"3b60cba7-b211-47a6-9007-9ef3eb64ed19","local_time":"20201230201639","is_ascension_mode":true,"campfire_choices":[{"data":"Tactician","floor":8.0,"key":"SMITH"},{"floor":12,"key":"REST"},{"floor":15,"key":"REST"}],"circlet_count":0,"master_deck":["AscendersBane","Strike_G","Strike_G","Strike_G","Strike_G","Defend_G","Defend_G","Defend_G","Defend_G","Defend_G","Survivor","Neutralize","Reflex","Poisoned Stab","Dagger Throw","Underhanded Strike","Tactician+1","Adrenaline"],"relics":["Ring of the Snake","NeowsBlessing","WingedGreaves","Calipers","Shovel"],"acts_visited":["Exordium"],"potions_floor_usage":[16],"damage_taken":[{"damage":0.0,"enemies":"Cultist","floor":1.0,"turns":1.0},{"damage":0.0,"enemies":"Small Slimes","floor":2.0,"turns":1.0},{"damage":0.0,"enemies":"2 Louse","floor":4.0,"turns":1.0},{"damage":8.0,"enemies":"Gremlin Gang","floor":5.0,"turns":6.0},{"damage":17.0,"enemies":"3 Sentries","floor":6.0,"turns":6.0},{"damage":15,"enemies":"Exordium Thugs","floor":11,"turns":8},{"damage":39,"enemies":"Lagavulin","floor":13,"turns":7},{"damage":27,"enemies":"The Guardian","floor":16,"turns":7}],"seed_played":"-377810970882377928","potions_obtained":[{"floor":1.0,"key":"BlessingOfTheForge"},{"floor":4.0,"key":"Strength Potion"},{"floor":11,"key":"LiquidBronze"}],"is_trial":false,"path_per_floor":["M","M","$","M","M","E","?","R","T","?","M","R","E","?","R","B"],"character_chosen":"THE_SILENT","items_purchased":[],"campfire_rested":2,"item_purchase_floors":[],"current_hp_per_floor":[59,59,59,59,51,34,34,34,34,39,24,45,6,6,27,0,0],"gold":225,"neow_bonus":"THREE_ENEMY_KILL","is_daily":false,"chose_seed":false,"campfire_upgraded":1,"win_rate":0.0,"timestamp":1609326999,"path_taken":["M","?","?","M","M","E","?","R","T","?","M","R","E","?","R","BOSS"],"items_purchased_type":[],"build_version":"2020-12-22","purchased_purges":1,"victory":false,"max_hp_per_floor":[66,66,66,66,66,66,66,66,66,71,71,71,71,71,71,71,71],"card_choices":[{"not_picked":["Flying Knee","Quick Slash"],"picked":"Reflex","floor":1.0},{"not_picked":["Setup","Dodge and Roll"],"picked":"Poisoned Stab","floor":2.0},{"not_picked":["Blade Dance","Glass Knife"],"picked":"Dagger Throw","floor":4.0},{"not_picked":["Outmaneuver","PiercingWail"],"picked":"Underhanded Strike","floor":5.0},{"not_picked":["Underhanded Strike","Deadly Poison"],"picked":"Tactician","floor":6.0},{"not_picked":["Quick Slash","Dagger Spray","Expertise"],"picked":"SKIP","floor":11},{"not_picked":["Flying Knee","Deadly Poison"],"picked":"Adrenaline","floor":13}],"player_experience":1074098,"relics_obtained":[{"floor":6.0,"key":"WingedGreaves"},{"floor":9.0,"key":"Calipers"},{"floor":13,"key":"Shovel"}],"event_choices":[{"damage_healed":0.0,"max_hp_gain":0.0,"max_hp_loss":0.0,"gold_gain":0.0,"event_name":"Dead Adventurer","player_choice":"Searched \u00270\u0027 times","floor":7.0,"gold_loss":0.0,"damage_taken":0.0},{"damage_healed":0.0,"max_hp_gain":5.0,"max_hp_loss":0.0,"gold_gain":0.0,"event_name":"Big Fish","player_choice":"Donut","floor":10.0,"gold_loss":0.0,"damage_taken":0.0},{"damage_healed":0,"gold_gain":65,"player_choice":"Gained Gold","damage_taken":0,"max_hp_gain":0,"max_hp_loss":0,"event_name":"Golden Wing","floor":14,"gold_loss":0}],"is_beta":false,"boss_relics":[],"items_purged_floors":[3],"is_endless":false,"potions_floor_spawned":[1,4,11],"killed_by":"The Guardian","ascension_level":20}}