{"host":"y7sd46uq4xlni546","time":1609360401,"event":{"mods":["AchievementEnabler","BaseMod","Colored Map","Colored Powertips","Curses Come First","Filter the Spire","Minty Spire (QoL Compilation)","Quick Restart","Random Character Button","Rare Cards Sparkle","StSLib"],"gold_per_floor":[118,118,118,135,135,162,162,197,221,233,408,422,195,211,211,315,315,327,340,439,364,376,409,409,436,460,141,175,189,189,217,217,322,322,340,340,360,360,410,439,451,489,575,587,609,621,666,695,707,719],"floor_reached":51,"playtime":3995,"items_purged":["Doubt"],"score":1175,"play_id":"fe1c6be0-e598-4f58-b996-b5df3ca3d403","local_time":"20201230213321","is_ascension_mode":true,"campfire_choices":[{"floor":7.0,"key":"REST"},{"data":"Havoc","floor":15.0,"key":"SMITH"},{"floor":24.0,"key":"REST"},{"data":"Double Tap","floor":32.0,"key":"SMITH"},{"data":"Armaments","floor":41.0,"key":"SMITH"},{"floor":44.0,"key":"REST"},{"data":"Juggernaut","floor":49,"key":"SMITH"}],"circlet_count":0,"master_deck":["Strike_R","Strike_R+1","Defend_R","Defend_R","Defend_R","Bash+1","Infernal Blade+1","Battle Trance","Havoc+1","Shrug It Off","Anger","Body Slam","Impervious","Bludgeon+1","True Grit+1","Immolate+1","Warcry+1","Sentinel","Cleave","Metallicize","Heavy Blade+1","Juggernaut","Shrug It Off","Immolate+1","Seeing Red","Armaments+1","Immolate+1","Double Tap+1","Juggernaut+1","Madness","Madness","Feel No Pain","Infernal Blade+1","Fire Breathing+1","Disarm+1","Shrug It Off+1"],"relics":["Black Star","Anchor","Boot","Mercury Hourglass","Nunchaku","Blood Vial","PreservedInsect","Astrolabe","Question Card","Toy Ornithopter","Kunai","Self Forming Clay","Whetstone","Akabeko","DollysMirror","Juzu Bracelet","Potion Belt","MealTicket","Happy Flower","Philosopher\u0027s Stone","Unceasing Top","Lantern","MawBank","Mummified Hand","Charon\u0027s Ashes","Letter Opener","HornCleat","Ancient Tea Set"],"acts_visited":["Exordium","TheCity","TheBeyond"],"potions_floor_usage":[50,50,50,50,50],"damage_taken":[{"damage":9.0,"enemies":"2 Louse","floor":1.0,"turns":3.0},{"damage":2.0,"enemies":"Jaw Worm","floor":4.0,"turns":4.0},{"damage":20.0,"enemies":"Lagavulin","floor":6.0,"turns":5.0},{"damage":36.0,"enemies":"3 Sentries","floor":8.0,"turns":9.0},{"damage":0.0,"enemies":"Cultist","floor":10.0,"turns":3.0},{"damage":1.0,"enemies":"Looter","floor":12.0,"turns":3.0},{"damage":0.0,"enemies":"Large Slime","floor":14.0,"turns":3.0},{"damage":38.0,"enemies":"Slime Boss","floor":16.0,"turns":7.0},{"damage":0.0,"enemies":"Chosen","floor":18.0,"turns":3.0},{"damage":0.0,"enemies":"Shell Parasite","floor":19.0,"turns":2.0},{"damage":11.0,"enemies":"Shelled Parasite and Fungi","floor":22.0,"turns":5.0},{"damage":17.0,"enemies":"Book of Stabbing","floor":23.0,"turns":4.0},{"damage":0.0,"enemies":"Gremlin Leader","floor":25.0,"turns":2.0},{"damage":0.0,"enemies":"Book of Stabbing","floor":28.0,"turns":2.0},{"damage":5.0,"enemies":"Snecko","floor":29.0,"turns":3.0},{"damage":0.0,"enemies":"Slavers","floor":31.0,"turns":1.0},{"damage":65.0,"enemies":"Champ","floor":33.0,"turns":7.0},{"damage":7.0,"enemies":"Orb Walker","floor":35.0,"turns":3.0},{"damage":0.0,"enemies":"3 Darklings","floor":37.0,"turns":1.0},{"damage":0.0,"enemies":"Mind Bloom Boss Battle","floor":39.0,"turns":3.0},{"damage":14.0,"enemies":"Reptomancer","floor":40.0,"turns":4.0},{"damage":0.0,"enemies":"Giant Head","floor":42.0,"turns":5.0},{"damage":0,"enemies":"Writhing Mass","floor":45,"turns":2},{"damage":0,"enemies":"Nemesis","floor":47,"turns":3},{"damage":0,"enemies":"Maw","floor":48,"turns":5},{"damage":4,"enemies":"Time Eater","floor":50,"turns":4}],"seed_played":"-381923674762701834","potions_obtained":[{"floor":4.0,"key":"EntropicBrew"},{"floor":10.0,"key":"AttackPotion"},{"floor":14.0,"key":"SteroidPotion"},{"floor":16.0,"key":"Energy Potion"},{"floor":19.0,"key":"Strength Potion"},{"floor":25.0,"key":"SneckoOil"},{"floor":31.0,"key":"Swift Potion"},{"floor":33.0,"key":"Weak Potion"},{"floor":37.0,"key":"LiquidBronze"},{"floor":42.0,"key":"Strength Potion"},{"floor":45,"key":"Strength Potion"},{"floor":48,"key":"EssenceOfSteel"}],"is_trial":false,"path_per_floor":["M","?","?","M","?","E","R","E","T","M","?","M","$","M","R","B",null,"M","M","?","?","M","E","R","E","T","$","E","M","?","E","R","B",null,"M","?","M","?","?","E","R","E","T","R","M","?","E","M","R","B",null],"character_chosen":"IRONCLAD","items_purchased":["PreservedInsect","Akabeko","Shrug It Off","DollysMirror"],"campfire_rested":3,"item_purchase_floors":[13,27,27,27],"current_hp_per_floor":[71,71,71,69,74,54,79,43,43,45,45,46,46,48,48,12,85,85,85,85,85,74,59,84,85,85,85,85,80,80,82,82,19,85,78,67,74,74,76,64,64,66,66,85,85,85,85,85,85,81],"gold":731,"neow_bonus":"BOSS_RELIC","is_daily":false,"chose_seed":false,"campfire_upgraded":4,"win_rate":0.0,"timestamp":1609360401,"path_taken":["M","?","?","?","?","E","R","E","T","M","?","M","?","?","R","BOSS","M","M","?","?","M","E","R","E","T","$","E","M","?","E","R","BOSS","M","?","M","?","?","E","R","E","T","R","M","?","E","M","R","BOSS"],"items_purchased_type":["Relic","Relic","Card","Relic"],"build_version":"2020-12-22","purchased_purges":1,"victory":true,"max_hp_per_floor":[80,80,80,80,85,85,85,85,85,85,85,85,85,85,85,85,85,85,85,85,85,85,85,85,85,85,85,85,85,85,85,85,85,85,85,85,85,85,85,85,85,85,85,85,85,85,85,85,85,85],"card_choices":[{"not_picked":["Flex","Iron Wave"],"picked":"Infernal Blade","floor":1.0},{"not_picked":["Anger","Twin Strike"],"picked":"Battle Trance","floor":4.0},{"not_picked":["Battle Trance","Impervious"],"picked":"Havoc","floor":6.0},{"not_picked":["Intimidate","Clothesline"],"picked":"Shrug It Off","floor":8.0},{"not_picked":["Disarm","Uppercut"],"picked":"Anger","floor":10.0},{"not_picked":["Whirlwind","Iron Wave"],"picked":"Body Slam","floor":12.0},{"not_picked":["Pommel Strike","True Grit"],"picked":"Impervious","floor":14.0},{"not_picked":["Barricade","Berserk"],"picked":"Bludgeon","floor":16.0},{"not_picked":["Wild Strike","Clash"],"picked":"Sentinel","floor":18.0},{"not_picked":["Warcry","Evolve"],"picked":"Cleave","floor":19.0},{"not_picked":["Shrug It Off","Perfected Strike"],"picked":"Metallicize","floor":22.0},{"not_picked":["Pummel","Armaments"],"picked":"Heavy Blade+1","floor":23.0},{"not_picked":["Clash+1","Searing Blow","Iron Wave"],"picked":"Juggernaut","floor":25.0},{"not_picked":["Rupture","Shrug It Off","Sever Soul+1"],"picked":"Seeing Red","floor":28.0},{"not_picked":["Seeing Red","Clothesline+1","Battle Trance"],"picked":"Armaments","floor":29.0},{"not_picked":["Clothesline","Shockwave","Warcry+1"],"picked":"Double Tap","floor":31.0},{"not_picked":["Brutality","Berserk","Fiend Fire"],"picked":"Juggernaut","floor":33.0},{"not_picked":["Warcry","Anger","Clash"],"picked":"Flex+1","floor":35.0},{"not_picked":["Warcry","Shrug It Off+1","Inflame+1"],"picked":"Feel No Pain","floor":37.0},{"not_picked":["Inflame+1","Immolate","Iron Wave+1"],"picked":"Infernal Blade+1","floor":40.0},{"not_picked":["Rampage","Combust","Twin Strike+1"],"picked":"Fire Breathing+1","floor":42.0},{"not_picked":["Headbutt","Iron Wave+1","Cleave"],"picked":"Disarm+1","floor":45},{"not_picked":["Pommel Strike","Flex","Corruption","True Grit"],"picked":"SKIP","floor":47},{"not_picked":["Anger","Cleave+1","Perfected Strike+1"],"picked":"Shrug It Off+1","floor":48}],"player_experience":539468,"relics_obtained":[{"floor":6.0,"key":"Anchor"},{"floor":6.0,"key":"Boot"},{"floor":8.0,"key":"Mercury Hourglass"},{"floor":8.0,"key":"Nunchaku"},{"floor":9.0,"key":"Blood Vial"},{"floor":23.0,"key":"Question Card"},{"floor":23.0,"key":"Toy Ornithopter"},{"floor":25.0,"key":"Kunai"},{"floor":25.0,"key":"Self Forming Clay"},{"floor":26.0,"key":"Whetstone"},{"floor":28.0,"key":"Juzu Bracelet"},{"floor":28.0,"key":"Potion Belt"},{"floor":31.0,"key":"MealTicket"},{"floor":31.0,"key":"Happy Flower"},{"floor":39.0,"key":"Unceasing Top"},{"floor":40.0,"key":"Lantern"},{"floor":40.0,"key":"MawBank"},{"floor":42.0,"key":"Mummified Hand"},{"floor":42.0,"key":"Charon\u0027s Ashes"},{"floor":43.0,"key":"Letter Opener"},{"floor":47,"key":"HornCleat"},{"floor":47,"key":"Ancient Tea Set"}],"event_choices":[{"damage_healed":0.0,"max_hp_gain":0.0,"max_hp_loss":0.0,"gold_gain":0.0,"event_name":"Living Wall","player_choice":"Grow","floor":2.0,"gold_loss":0.0,"damage_taken":0.0,"cards_upgraded":["Infernal Blade"]},{"damage_healed":0.0,"max_hp_gain":0.0,"max_hp_loss":0.0,"gold_gain":0.0,"event_name":"Upgrade Shrine","player_choice":"Upgraded","floor":3.0,"gold_loss":0.0,"damage_taken":0.0,"cards_upgraded":["Bash"]},{"damage_healed":0.0,"max_hp_gain":5.0,"max_hp_loss":0.0,"gold_gain":0.0,"event_name":"Big Fish","player_choice":"Donut","floor":5.0,"gold_loss":0.0,"damage_taken":0.0},{"damage_healed":0.0,"max_hp_gain":0.0,"max_hp_loss":0.0,"gold_gain":175.0,"event_name":"Liars Game","player_choice":"AGREE","floor":11.0,"gold_loss":0.0,"damage_taken":0.0,"cards_obtained":["Doubt"]},{"damage_healed":0.0,"max_hp_gain":0.0,"max_hp_loss":0.0,"gold_gain":99.0,"event_name":"Nest","player_choice":"Stole From Cult","floor":20.0,"gold_loss":0.0,"damage_taken":0.0},{"cards_removed":["Strike_R"],"damage_healed":0.0,"max_hp_gain":0.0,"max_hp_loss":0.0,"gold_gain":0.0,"event_name":"Beggar","player_choice":"Gave Gold","floor":21.0,"gold_loss":75.0,"damage_taken":0.0},{"damage_healed":0.0,"max_hp_gain":0.0,"max_hp_loss":0.0,"gold_gain":0.0,"event_name":"Duplicator","player_choice":"Copied","floor":30.0,"gold_loss":0.0,"damage_taken":0.0,"cards_obtained":["Immolate"]},{"damage_healed":0.0,"max_hp_gain":0.0,"max_hp_loss":0.0,"gold_gain":0.0,"event_name":"Winding Halls","player_choice":"Embrace Madness","floor":36.0,"gold_loss":0.0,"damage_taken":11.0,"cards_obtained":["Madness","Madness"]},{"damage_healed":0.0,"max_hp_gain":0.0,"max_hp_loss":0.0,"gold_gain":0.0,"event_name":"Mysterious Sphere","player_choice":"Ignored","floor":38.0,"gold_loss":0.0,"damage_taken":0.0},{"damage_healed":0.0,"max_hp_gain":0.0,"max_hp_loss":0.0,"gold_gain":0.0,"event_name":"MindBloom","player_choice":"Fight","floor":39.0,"gold_loss":0.0,"damage_taken":0.0},{"cards_removed":["Flex"],"damage_healed":0,"gold_gain":0,"player_choice":"Removed Skill","damage_taken":0,"max_hp_gain":0,"max_hp_loss":0,"event_name":"Falling","floor":46,"gold_loss":0}],"is_beta":false,"boss_relics":[{"not_picked":["Mark of Pain","Ectoplasm"],"picked":"Astrolabe"},{"not_picked":["Empty Cage","Coffee Dripper"],"picked":"Philosopher\u0027s Stone"}],"items_purged_floors":[13],"is_endless":false,"potions_floor_spawned":[4,10,14,16,19,25,31,33,37,42,45,48],"ascension_level":4}}