{"host":"xrbxyo513dr24h85","time":1609300467,"event":{"mods":["BaseMod","Better Third Choice","Colored Map","Downfall","Googly Eyes","Halation","Hubris","Lobotomy","Minty Spire (QoL Compilation)","Random Character Button","Relic Stats","Replay The Spire","Retaliation","StSLib","The Blue Laboratory"],"gold_per_floor":[218,279,249,269,269,307,337,383,449,163,163,174,22,38,38,143,143,157,157,157,175,175,208,130,165,188,204,127,127,127,160,160,262,262,278,291,3,53,53,78,78,156,181,216,216,142,142,189,189,203,203,203,27,68,84,84],"floor_reached":55,"playtime":2072,"items_purged":[],"score":887,"play_id":"17a64aa9-fac5-49fc-967b-41f1595a8aa8","local_time":"20201229195427","is_ascension_mode":false,"campfire_choices":[{"data":"Replay:Poison Smokescreen","floor":11,"key":"SMITH"},{"floor":15,"key":"RECALL"},{"floor":30,"key":"REST"},{"data":"Draining Mist","floor":32,"key":"SMITH"},{"floor":41,"key":"REST"},{"floor":45,"key":"REST"},{"data":"Footwork","floor":47,"key":"SMITH"},{"data":"Infinite Blades","floor":52,"key":"SMITH"}],"circlet_count":0,"master_deck":["Strike_G+1","Strike_G+1","Strike_G+1","Strike_G+1","Strike_G+1","Defend_G+1","Defend_G+1","Defend_G+1","Defend_G+1","Defend_G+1","Survivor","Neutralize","Slice","Poisoned Stab","Sucker Punch","Replay:Poison Smokescreen+1","Flying Knee","Glass Knife","Noxious Fumes+1","Draining Mist+1","Deflect+1","Infinite Blades","Corpse Explosion","Well Laid Plans","Terror+1","Accuracy","Deadly Poison","Sadistic Nature","expansioncontent:PolyBeam","Fluid Movement","Infinite Blades+1","Deflect+1","Deflect+1","Footwork+1","Caltrops","PiercingWail+1"],"relics":["Ring of the Snake","hubris:CrystalStatue","MawBank","White Beast Statue","hubris:GlazedTorus","Mummified Hand","Lee\u0027s Waffle","Busted Crown","MutagenicStrength","Garlic","Omamori","Centennial Puzzle","halation:EternalFortune","Blue Candle","SacredBark","BargainBundle","Replay:Towering Pillar of Hats","Replay:Bandana","Toxic Egg 2","Ancient Tea Set","Meat on the Bone","Bag of Marbles"],"acts_visited":["Exordium","TheCity","TheBeyond","TheEnding"],"potions_floor_usage":[6,8,8,12,16,16,25,27,31,31,50,50,55,55],"damage_taken":[{"damage":2,"enemies":"Small Slimes","floor":1,"turns":5},{"damage":0,"enemies":"2 Louse","floor":4,"turns":3},{"damage":0,"enemies":"Replay:BlueRogue","floor":6,"turns":8},{"damage":0,"enemies":"Cultist","floor":7,"turns":3},{"damage":15,"enemies":"Lagavulin","floor":8,"turns":7},{"damage":9,"enemies":"Exordium Thugs","floor":12,"turns":5},{"damage":5,"enemies":"Red Slaver","floor":14,"turns":3},{"damage":5,"enemies":"Fading Forest","floor":16,"turns":11},{"damage":8,"enemies":"Shell Parasite","floor":18,"turns":5},{"damage":0,"enemies":"Chosen","floor":21,"turns":3},{"damage":21,"enemies":"Gremlin Leader","floor":23,"turns":7},{"damage":3,"enemies":"Replay:Snechameleon","floor":25,"turns":5},{"damage":16,"enemies":"Shelled Parasite and Fungi","floor":27,"turns":4},{"damage":5,"enemies":"Book of Stabbing","floor":31,"turns":4},{"damage":23,"enemies":"Automaton","floor":33,"turns":9},{"damage":1,"enemies":"3 Darklings","floor":35,"turns":2},{"damage":0,"enemies":"3 Shapes","floor":36,"turns":4},{"damage":2,"enemies":"Mind Bloom Boss Battle","floor":38,"turns":5},{"damage":42,"enemies":"Reptomancer","floor":40,"turns":5},{"damage":12,"enemies":"Maw","floor":44,"turns":6},{"damage":0,"enemies":"R_Hoarder","floor":48,"turns":6},{"damage":93,"enemies":"Awakened One","floor":50,"turns":14},{"damage":73,"enemies":"Shield and Spear","floor":54,"turns":6},{"damage":22,"enemies":"The Heart","floor":55,"turns":5}],"seed_played":"6852971049839952917","potions_obtained":[{"floor":2,"key":"Dexterity Potion"},{"floor":3,"key":"Regen Potion"},{"floor":3,"key":"blueLaboratory:StoneskinPotion"},{"floor":6,"key":"blueLaboratory:PyrophylliteBrew"},{"floor":8,"key":"SkillPotion"},{"floor":12,"key":"Adrenaline Potion"},{"floor":14,"key":"blueLaboratory:NinjaPotion"},{"floor":16,"key":"GamblersBrew"},{"floor":18,"key":"blueLaboratory:BubblePotion"},{"floor":21,"key":"blueLaboratory:FruitPreserves"},{"floor":25,"key":"FearPotion"},{"floor":27,"key":"Fire Potion"},{"floor":31,"key":"Elixir"},{"floor":33,"key":"FearPotion"},{"floor":35,"key":"EssenceOfSteel"},{"floor":38,"key":"blueLaboratory:BottleOfRum"},{"floor":54,"key":"BlessingOfTheForge"}],"is_trial":false,"path_per_floor":["M","?","?","M","T","E","M","E","T","$","R","M","$","M","R","B",null,"M","?","?","M","?","E","$","E","T","M","$","?","R","E","R","B",null,"M","M","$","?","?","E","R","T","T","M","R","$","R","E","R_BF","B",null,"R","$","E","B"],"character_chosen":"THE_SILENT","items_purchased":["Mummified Hand","Noxious Fumes+1","Lee\u0027s Waffle","Infinite Blades","Well Laid Plans","BargainBundle","Accuracy","Deadly Poison","Sadistic Nature","expansioncontent:PolyBeam","Footwork","Caltrops","blueLaboratory:ExaltedPotion"],"campfire_rested":3,"item_purchase_floors":[10,10,13,24,28,37,37,37,37,37,46,53,53],"current_hp_per_floor":[68,68,68,68,68,68,68,53,53,53,53,44,77,72,72,75,77,69,69,69,69,69,48,48,59,59,43,43,46,70,65,65,42,80,79,79,79,77,77,35,59,59,59,47,71,71,71,82,82,16,83,83,83,22,0,0],"gold":84,"neow_bonus":"HUNDRED_GOLD","is_daily":false,"chose_seed":false,"campfire_upgraded":4,"win_rate":0.0,"timestamp":1609300467,"path_taken":["M","?","?","?","?","E","?","E","T","$","R","M","?","M","R","BOSS","M","?","?","?","?","E","?","E","T","M","$","?","R","E","R","BOSS","M","M","$","?","?","E","R","?","T","?","R","?","R","E","R_BF","BOSS","R","$","E","BOSS"],"items_purchased_type":["Relic","Card","Relic","Card","Card","Relic","Card","Card","Card","Card","Card","Card","Potion"],"build_version":"2020-12-22","purchased_purges":0,"victory":false,"max_hp_per_floor":[70,70,70,70,70,70,70,70,70,70,70,70,77,77,77,77,77,77,77,77,77,77,77,77,77,77,77,77,80,80,80,80,80,80,80,80,80,80,80,80,80,80,80,80,80,80,80,83,83,83,83,83,83,83,83,83],"relic_stats":{"Lee\u0027s Waffle":33,"Centennial Puzzle":[30],"Busted Crown":28,"counters":[24,135],"Mummified Hand":[87],"Blue Candle":[0],"MawBank":60,"obtain_stats":[{"Lee\u0027s Waffle":13,"BargainBundle":37,"hubris:CrystalStatue":2,"Replay:Towering Pillar of Hats":38,"Blue Candle":31,"SacredBark":34,"Omamori":25,"MawBank":5,"Ancient Tea Set":43,"White Beast Statue":6,"Centennial Puzzle":26,"Replay:Bandana":40,"Busted Crown":17,"Mummified Hand":10,"MutagenicStrength":22,"halation:EternalFortune":29,"Garlic":23,"Bag of Marbles":54,"Toxic Egg 2":42,"Ring of the Snake":0,"hubris:GlazedTorus":8,"Meat on the Bone":48},{"Lee\u0027s Waffle":6,"BargainBundle":17,"hubris:CrystalStatue":1,"Replay:Towering Pillar of Hats":18,"Blue Candle":14,"SacredBark":15,"Omamori":12,"MawBank":2,"Ancient Tea Set":19,"White Beast Statue":3,"Centennial Puzzle":12,"Replay:Bandana":19,"Busted Crown":8,"Mummified Hand":5,"MutagenicStrength":10,"halation:EternalFortune":13,"Garlic":11,"Bag of Marbles":23,"Toxic Egg 2":19,"Ring of the Snake":0,"hubris:GlazedTorus":5,"Meat on the Bone":21},{"Lee\u0027s Waffle":31,"BargainBundle":88,"hubris:CrystalStatue":5,"Replay:Towering Pillar of Hats":93,"Blue Candle":73,"SacredBark":82,"Omamori":65,"MawBank":8,"Ancient Tea Set":98,"White Beast Statue":16,"Centennial Puzzle":65,"Replay:Bandana":98,"Busted Crown":45,"Mummified Hand":26,"MutagenicStrength":53,"halation:EternalFortune":69,"Garlic":60,"Bag of Marbles":130,"Toxic Egg 2":98,"Ring of the Snake":0,"hubris:GlazedTorus":26,"Meat on the Bone":110}],"Ring of the Snake":[48],"Meat on the Bone":24},"card_choices":[{"not_picked":["Tactician","Leg Sweep"],"picked":"Slice","floor":1},{"not_picked":["Underhanded Strike","Hidden Blade"],"picked":"Poisoned Stab","floor":2},{"not_picked":["Storm of Steel","hubris:SlightOfHand"],"picked":"Sucker Punch","floor":4},{"not_picked":["Bane","ReplayTheSpireMod:Shiv Toss"],"picked":"Replay:Poison Smokescreen","floor":6},{"not_picked":["Quick Slash","Backflip"],"picked":"Flying Knee","floor":7},{"not_picked":["Draining Mist","Fluid Movement"],"picked":"Glass Knife","floor":8},{"not_picked":["Dagger Throw","Acrobatics","Flechettes"],"picked":"SKIP","floor":12},{"not_picked":["Deflect","Hidden Blade"],"picked":"PiercingWail","floor":14},{"not_picked":["hubris:Counter"],"picked":"SKIP","floor":18},{"not_picked":["Flechettes"],"picked":"SKIP","floor":21},{"not_picked":[],"picked":"Deflect+1","floor":23},{"not_picked":[],"picked":"Corpse Explosion","floor":25},{"not_picked":["Toxin Wave"],"picked":"SKIP","floor":27},{"not_picked":["Expertise"],"picked":"SKIP","floor":31},{"not_picked":["ReplayTheSpireMod:Shiv Toss+1"],"picked":"SKIP","floor":35},{"not_picked":[],"picked":"Terror+1","floor":36},{"not_picked":[],"picked":"Fluid Movement","floor":38},{"not_picked":[],"picked":"Deflect+1","floor":40},{"not_picked":[],"picked":"Deflect+1","floor":44},{"not_picked":["ReplayTheSpireMod:Exploit Weakness+1"],"picked":"SKIP","floor":48},{"not_picked":[],"picked":"PiercingWail+1","floor":54}],"player_experience":1156426,"relics_obtained":[{"floor":2,"key":"hubris:CrystalStatue"},{"floor":5,"key":"MawBank"},{"floor":6,"key":"White Beast Statue"},{"floor":8,"key":"hubris:GlazedTorus"},{"floor":23,"key":"Garlic"},{"floor":25,"key":"Omamori"},{"floor":26,"key":"Centennial Puzzle"},{"floor":31,"key":"Blue Candle"},{"floor":38,"key":"Replay:Towering Pillar of Hats"},{"floor":40,"key":"Replay:Bandana"},{"floor":42,"key":"Toxic Egg 2"},{"floor":43,"key":"Ancient Tea Set"},{"floor":48,"key":"halation:EternalFortune"},{"floor":48,"key":"Meat on the Bone"},{"floor":54,"key":"Bag of Marbles"}],"event_choices":[{"damage_healed":0,"gold_gain":0,"player_choice":"Bought 2 Potions","damage_taken":0,"max_hp_gain":0,"max_hp_loss":0,"event_name":"The Woman in Blue","floor":3,"gold_loss":0},{"damage_healed":0,"gold_gain":0,"player_choice":"Simplicity","damage_taken":0,"max_hp_gain":0,"max_hp_loss":10,"event_name":"betterThird:BetterWriting","floor":19,"gold_loss":0},{"damage_healed":0,"gold_gain":0,"cards_transformed":["PiercingWail"],"player_choice":"Transformed","damage_taken":0,"max_hp_gain":0,"max_hp_loss":0,"event_name":"Transmorgrifier","floor":20,"gold_loss":0,"cards_obtained":["Draining Mist"]},{"damage_healed":0,"gold_gain":0,"player_choice":"Inject Mutagens","damage_taken":0,"relics_obtained":["MutagenicStrength"],"max_hp_gain":0,"max_hp_loss":0,"event_name":"Drug Dealer","floor":22,"gold_loss":0},{"damage_healed":0,"gold_gain":0,"player_choice":"Fight","damage_taken":0,"max_hp_gain":0,"max_hp_loss":0,"event_name":"MindBloom","floor":38,"gold_loss":0}],"is_beta":false,"boss_relics":[{"not_picked":["hubris:GrandSneckoEye","Snecko Scales"],"picked":"Busted Crown"},{"not_picked":["Empty Cage","Ring of Chaos"],"picked":"SacredBark"}],"items_purged_floors":[],"is_endless":false,"potions_floor_spawned":[4,6,7,8,12,14,16,18,21,23,25,27,31,33,35,36,38,40,44,48,54],"killed_by":"The Heart","ascension_level":0}}