{"host":"vddkjx04kiwje1tk","time":1609310984,"event":{"mods":["AchievementEnabler","BaseMod","Colored Map","Minty Spire (QoL Compilation)","Quick Restart","SuperFastMode"],"gold_per_floor":[111,111,125,75,20,48,48,78,103,119,119,134,59,73,73,172,172,187,187,187,207,207,232,232,248,248,258,274,292,307,324,324,425,425,444,494,494,511,511,511,511],"floor_reached":40,"playtime":773,"items_purged":["Demon Form"],"score":604,"play_id":"3500ab02-436d-4e33-931b-fa079277031b","local_time":"20201230154944","is_ascension_mode":true,"campfire_choices":[{"data":"Bash","floor":7,"key":"SMITH"},{"floor":11,"key":"REST"},{"data":"Perfected Strike","floor":15,"key":"SMITH"},{"floor":24,"key":"REST"},{"floor":32,"key":"REST"}],"circlet_count":0,"master_deck":["Strike_R","Strike_R","Strike_R","Strike_R","Strike_R","Defend_R","Bash+1","Pommel Strike","Twin Strike","Headbutt","Twin Strike","Perfected Strike+1","Wild Strike","Perfected Strike+1","Battle Trance","Pommel Strike","Perfected Strike","Pommel Strike","Perfected Strike+1","Double Tap","Armaments+1"],"relics":["Burning Blood","NeowsBlessing","Dream Catcher","Incense Burner","Regal Pillow","Blood Vial","Velvet Choker","MutagenicStrength","Happy Flower","Potion Belt","Empty Cage","FossilizedHelix"],"acts_visited":["Exordium","TheCity","TheBeyond"],"potions_floor_usage":[12,27,29,31,33],"damage_taken":[{"damage":0,"enemies":"Small Slimes","floor":1,"turns":1},{"damage":0,"enemies":"Cultist","floor":3,"turns":1},{"damage":0,"enemies":"3 Sentries","floor":6,"turns":1},{"damage":50,"enemies":"Lagavulin","floor":8,"turns":6},{"damage":7,"enemies":"Jaw Worm","floor":10,"turns":3},{"damage":0,"enemies":"Large Slime","floor":12,"turns":3},{"damage":15,"enemies":"Gremlin Gang","floor":14,"turns":4},{"damage":28,"enemies":"Slime Boss","floor":16,"turns":9},{"damage":7,"enemies":"Chosen","floor":18,"turns":3},{"damage":10,"enemies":"Shell Parasite","floor":21,"turns":3},{"damage":73,"enemies":"Slavers","floor":23,"turns":6},{"damage":23,"enemies":"Centurion and Healer","floor":25,"turns":4},{"damage":20,"enemies":"Shelled Parasite and Fungi","floor":27,"turns":3},{"damage":6,"enemies":"Sentry and Sphere","floor":28,"turns":3},{"damage":10,"enemies":"Centurion and Healer","floor":29,"turns":3},{"damage":0,"enemies":"Snecko","floor":30,"turns":2},{"damage":0,"enemies":"Snake Plant","floor":31,"turns":1},{"damage":54,"enemies":"Automaton","floor":33,"turns":5},{"damage":24,"enemies":"3 Darklings","floor":35,"turns":3},{"damage":31,"enemies":"Mind Bloom Boss Battle","floor":36,"turns":4},{"damage":0,"enemies":"3 Shapes","floor":38,"turns":2},{"damage":49,"enemies":"Nemesis","floor":40,"turns":2}],"seed_played":"-5193117857309515292","potions_obtained":[{"floor":6,"key":"Dexterity Potion"},{"floor":8,"key":"LiquidMemories"},{"floor":14,"key":"AttackPotion"},{"floor":25,"key":"DuplicationPotion"},{"floor":27,"key":"EssenceOfSteel"},{"floor":30,"key":"DistilledChaos"},{"floor":33,"key":"GamblersBrew"},{"floor":38,"key":"CultistPotion"}],"is_trial":false,"path_per_floor":["M","?","M","?","?","E","R","E","T","M","R","M","$","M","R","B",null,"M","?","?","M","?","E","R","M","T","M","M","M","M","M","R","B",null,"M","?","?","M","?","E"],"character_chosen":"IRONCLAD","items_purchased":[],"campfire_rested":3,"item_purchase_floors":[],"current_hp_per_floor":[78,71,77,77,77,80,80,36,36,37,76,80,80,71,71,51,73,74,74,74,72,72,7,46,31,31,19,21,19,27,35,74,28,67,51,28,28,36,36,0,0],"gold":511,"neow_bonus":"THREE_ENEMY_KILL","is_daily":false,"chose_seed":false,"campfire_upgraded":2,"win_rate":0.0,"timestamp":1609310984,"path_taken":["M","?","M","?","?","E","R","E","T","M","R","?","?","M","R","BOSS","M","?","?","M","?","E","R","M","T","M","?","M","M","M","R","BOSS","M","?","?","M","?","E"],"items_purchased_type":[],"build_version":"2020-12-22","purchased_purges":1,"victory":false,"max_hp_per_floor":[80,80,80,80,80,80,80,80,80,80,80,80,80,80,80,80,80,80,80,80,80,80,80,80,80,80,80,80,80,80,80,80,80,80,80,80,80,80,80,80,80],"card_choices":[{"not_picked":["Body Slam","Burning Pact"],"picked":"Pommel Strike","floor":1},{"not_picked":["Fire Breathing","Spot Weakness"],"picked":"Twin Strike","floor":3},{"not_picked":["Flame Barrier","Pommel Strike"],"picked":"Headbutt","floor":6},{"not_picked":["Dual Wield","Clothesline"],"picked":"Twin Strike","floor":8},{"not_picked":["Heavy Blade","Seeing Red"],"picked":"Demon Form","floor":10},{"not_picked":["Pommel Strike","Metallicize"],"picked":"Perfected Strike","floor":11},{"not_picked":["Clash","Clothesline","Armaments"],"picked":"SKIP","floor":12},{"not_picked":["Second Wind","Spot Weakness","Uppercut"],"picked":"SKIP","floor":14},{"not_picked":["Impervious","Brutality"],"picked":"Berserk","floor":16},{"not_picked":["Whirlwind","Shockwave","Havoc"],"picked":"SKIP","floor":18},{"not_picked":["Rage+1","Thunderclap+1"],"picked":"Wild Strike","floor":21},{"not_picked":["Flex+1","Havoc","Sword Boomerang"],"picked":"SKIP","floor":23},{"not_picked":["Body Slam","Clothesline","Flex"],"picked":"SKIP","floor":25},{"not_picked":["Barricade","Anger"],"picked":"Battle Trance","floor":27},{"not_picked":["Inflame","Clothesline","Cleave"],"picked":"SKIP","floor":28},{"not_picked":["Carnage","Wild Strike"],"picked":"Pommel Strike","floor":29},{"not_picked":["Limit Break","Warcry+1"],"picked":"Perfected Strike","floor":30},{"not_picked":["Anger","Body Slam+1"],"picked":"Pommel Strike","floor":31},{"not_picked":["Cleave","Rampage"],"picked":"Perfected Strike+1","floor":32},{"not_picked":["Fiend Fire","Barricade"],"picked":"Double Tap","floor":33},{"not_picked":["Pummel+1","Dark Embrace","Entrench+1"],"picked":"SKIP","floor":35},{"not_picked":["Hemokinesis","Anger"],"picked":"Armaments","floor":38}],"player_experience":225534,"relics_obtained":[{"floor":6,"key":"Incense Burner"},{"floor":8,"key":"Regal Pillow"},{"floor":9,"key":"Blood Vial"},{"floor":23,"key":"Happy Flower"},{"floor":26,"key":"Potion Belt"},{"floor":36,"key":"FossilizedHelix"}],"event_choices":[{"cards_removed":["Defend_R"],"damage_healed":0,"gold_gain":0,"player_choice":"Card Removal","damage_taken":7,"max_hp_gain":0,"max_hp_loss":0,"event_name":"Golden Wing","floor":2,"gold_loss":0},{"cards_removed":["Defend_R"],"damage_healed":0,"gold_gain":0,"player_choice":"Card Removal","damage_taken":0,"max_hp_gain":0,"max_hp_loss":0,"event_name":"The Cleric","floor":4,"gold_loss":50},{"damage_healed":0,"gold_gain":0,"player_choice":"Paid Gold","damage_taken":0,"relics_obtained":["Dream Catcher"],"max_hp_gain":0,"max_hp_loss":0,"event_name":"WeMeetAgain","floor":5,"gold_loss":55},{"damage_healed":0,"gold_gain":0,"player_choice":"Inject Mutagens","damage_taken":0,"relics_obtained":["MutagenicStrength"],"max_hp_gain":0,"max_hp_loss":0,"event_name":"Drug Dealer","floor":19,"gold_loss":0},{"damage_healed":0,"gold_gain":0,"player_choice":"Ignored","damage_taken":0,"max_hp_gain":0,"max_hp_loss":0,"event_name":"Ghosts","floor":20,"gold_loss":0},{"damage_healed":0,"gold_gain":0,"player_choice":"Copied","damage_taken":0,"max_hp_gain":0,"max_hp_loss":0,"event_name":"Duplicator","floor":22,"gold_loss":0,"cards_obtained":["Perfected Strike"]},{"damage_healed":0,"gold_gain":0,"player_choice":"Fight","damage_taken":0,"max_hp_gain":0,"max_hp_loss":0,"event_name":"MindBloom","floor":36,"gold_loss":0},{"damage_healed":0,"gold_gain":0,"player_choice":"Memory 1","damage_taken":0,"max_hp_gain":0,"max_hp_loss":0,"event_name":"SensoryStone","floor":37,"gold_loss":0},{"damage_healed":0,"gold_gain":0,"player_choice":"Forge","damage_taken":0,"max_hp_gain":0,"max_hp_loss":0,"event_name":"Accursed Blacksmith","floor":39,"gold_loss":0,"cards_upgraded":["Armaments"]}],"is_beta":false,"boss_relics":[{"not_picked":["SacredBark","Pandora\u0027s Box"],"picked":"Velvet Choker"},{"not_picked":["Mark of Pain","Black Star"],"picked":"Empty Cage"}],"items_purged_floors":[13],"is_endless":false,"potions_floor_spawned":[6,8,14,25,27,30,33,38],"killed_by":"Nemesis","ascension_level":6}}