{"host":"f5uumzf5hfexzk8l","time":1609316366,"event":{"mods":["AchievementEnabler","BaseMod","Colored Map","Googly Eyes","Highlight Path","Minty Spire (QoL Compilation)","Permanent Neow","StSLib","SuperFastMode","Unceasing Turn Reminder","everything is the same but u backflip on backflip"],"gold_per_floor":[112,112,124,124,142,142,173,191,259,270,305,321,347,358,358,458,458,477,477,497,513,453,486,486,514,514,549,562,575,604,604,604,705,705,721,741,841,857,857,890,890,923,950,981,1032,1032,1032,1052,1052,1052],"floor_reached":51,"playtime":5489,"items_purged":["Writhe"],"score":1152,"play_id":"0b7d2cae-dfcc-4fc8-9145-db588cc77f9f","local_time":"20201230001926","is_ascension_mode":true,"campfire_choices":[{"data":"Disarm","floor":15.0,"key":"SMITH"},{"floor":24,"key":"REST"},{"data":"Disarm","floor":32,"key":"SMITH"},{"data":"Cleave","floor":41,"key":"SMITH"},{"data":"Bludgeon","floor":47,"key":"SMITH"},{"floor":49,"key":"REST"}],"circlet_count":0,"master_deck":["Strike_R","Strike_R","Strike_R+1","Strike_R","Defend_R","Defend_R","Defend_R","Defend_R","Bash","Bludgeon","Armaments+1","Disarm+1","Cleave+1","Shrug It Off","Disarm+1","Shrug It Off","True Grit+1","Flame Barrier+1","Bludgeon+1","Battle Trance+1","Ghostly Armor+1","Bludgeon+1","Parasite","Shockwave+1","Carnage+1"],"relics":["Burning Blood","Incense Burner","Red Skull","Singing Bowl","PreservedInsect","The Courier","Snecko Eye","Toxic Egg 2","Lantern","Bronze Scales","Molten Egg 2","Art of War","Orichalcum","Black Star","Toy Ornithopter","Ornamental Fan","Ice Cream","Magic Flower","Ancient Tea Set","Darkstone Periapt","Frozen Egg 2","Lizard Tail"],"acts_visited":["Exordium","TheCity","TheBeyond"],"potions_floor_usage":[33,40,50],"damage_taken":[{"damage":2.0,"enemies":"Jaw Worm","floor":1.0,"turns":3.0},{"damage":7.0,"enemies":"2 Louse","floor":3.0,"turns":4.0},{"damage":3.0,"enemies":"Cultist","floor":5.0,"turns":4.0},{"damage":25.0,"enemies":"3 Sentries","floor":7.0,"turns":7.0},{"damage":13.0,"enemies":"Exordium Thugs","floor":8.0,"turns":6.0},{"damage":3.0,"enemies":"Blue Slaver","floor":10.0,"turns":3.0},{"damage":1.0,"enemies":"Gremlin Nob","floor":11.0,"turns":3.0},{"damage":16.0,"enemies":"Gremlin Gang","floor":12.0,"turns":5.0},{"damage":2.0,"enemies":"3 Sentries","floor":13.0,"turns":7.0},{"damage":2.0,"enemies":"Looter","floor":14.0,"turns":4.0},{"damage":7.0,"enemies":"Hexaghost","floor":16.0,"turns":10.0},{"damage":10.0,"enemies":"Chosen","floor":18.0,"turns":9.0},{"damage":16.0,"enemies":"3 Byrds","floor":20.0,"turns":6.0},{"damage":3,"enemies":"Cultist and Chosen","floor":21,"turns":6},{"damage":48,"enemies":"Gremlin Leader","floor":23,"turns":7},{"damage":16,"enemies":"Book of Stabbing","floor":25,"turns":5},{"damage":7,"enemies":"Gremlin Leader","floor":27,"turns":3},{"damage":0,"enemies":"Chosen and Byrds","floor":28,"turns":4},{"damage":0,"enemies":"Centurion and Healer","floor":29,"turns":3},{"damage":8,"enemies":"Slavers","floor":30,"turns":4},{"damage":68,"enemies":"Automaton","floor":33,"turns":11},{"damage":0,"enemies":"3 Shapes","floor":35,"turns":3},{"damage":2,"enemies":"3 Darklings","floor":36,"turns":4},{"damage":8,"enemies":"Writhing Mass","floor":38,"turns":5},{"damage":24,"enemies":"Giant Head","floor":40,"turns":7},{"damage":27,"enemies":"Reptomancer","floor":42,"turns":4},{"damage":17,"enemies":"Nemesis","floor":44,"turns":5},{"damage":1,"enemies":"2 Orb Walkers","floor":45,"turns":3},{"damage":5,"enemies":"Sphere and 2 Shapes","floor":48,"turns":4},{"damage":65,"enemies":"Time Eater","floor":50,"turns":10}],"seed_played":"3856327875825343425","potions_obtained":[{"floor":3.0,"key":"Explosive Potion"},{"floor":8.0,"key":"Explosive Potion"},{"floor":10.0,"key":"Block Potion"},{"floor":14.0,"key":"SpeedPotion"},{"floor":18.0,"key":"Strength Potion"},{"floor":20.0,"key":"BlessingOfTheForge"},{"floor":33,"key":"Swift Potion"},{"floor":36,"key":"PowerPotion"},{"floor":42,"key":"FearPotion"}],"is_trial":false,"path_per_floor":["M","?","M","?","M","?","E","M","T","M","E","M","E","M","R","B",null,"M","?","M","M","$","E","R","E","T","E","M","M","E","?","R","B",null,"M","M","?","M","?","E","R","E","T","E","?","?","R","M","R","B",null],"character_chosen":"IRONCLAD","items_purchased":[],"campfire_rested":2,"item_purchase_floors":[],"current_hp_per_floor":[55,55,54,38,41,41,22,15,15,20,25,17,21,27,27,28,73,71,71,61,66,66,24,51,41,41,40,46,54,54,54,54,22,78,86,92,92,90,92,76,76,57,57,51,59,59,59,63,95,47],"gold":1052,"neow_bonus":"THREE_RARE_CARDS","is_daily":false,"chose_seed":false,"campfire_upgraded":4,"win_rate":0.0,"timestamp":1609316366,"path_taken":["M","?","M","?","M","?","E","M","T","M","E","M","E","?","R","BOSS","M","?","M","M","$","E","R","E","T","E","M","M","E","?","R","BOSS","M","M","?","?","?","E","R","E","T","E","?","?","R","M","R","BOSS"],"items_purchased_type":[],"build_version":"2020-12-22","purchased_purges":1,"victory":true,"max_hp_per_floor":[80,80,80,80,80,80,80,80,80,82,82,84,84,86,86,88,88,90,90,90,92,92,92,92,92,92,92,92,94,96,96,96,96,96,98,100,100,100,102,104,104,106,106,108,108,108,108,108,108,108],"card_choices":[{"not_picked":["Corruption","Double Tap"],"picked":"Bludgeon","floor":0.0},{"not_picked":["Shrug It Off","Pommel Strike"],"picked":"Armaments","floor":1.0},{"not_picked":["Feel No Pain","Seeing Red"],"picked":"Disarm","floor":3.0},{"not_picked":["Thunderclap","Reckless Charge"],"picked":"Cleave","floor":5.0},{"not_picked":["Iron Wave","Sever Soul","Searing Blow"],"picked":"SKIP","floor":7.0},{"not_picked":["Battle Trance","Cleave"],"picked":"Shrug It Off","floor":8.0},{"not_picked":["Armaments","Body Slam","Perfected Strike"],"picked":"Singing Bowl","floor":10.0},{"not_picked":["Fire Breathing","Feel No Pain"],"picked":"Disarm","floor":11.0},{"not_picked":["Heavy Blade","Perfected Strike","Corruption"],"picked":"Singing Bowl","floor":12.0},{"not_picked":["Thunderclap","Pommel Strike"],"picked":"Shrug It Off","floor":13.0},{"not_picked":["Armaments","Warcry","Feel No Pain"],"picked":"Singing Bowl","floor":14.0},{"not_picked":["Brutality","Barricade","Corruption"],"picked":"Singing Bowl","floor":16.0},{"not_picked":["Heavy Blade","Dark Embrace","Sentinel"],"picked":"Singing Bowl","floor":18.0},{"not_picked":["Body Slam","Shrug It Off+1"],"picked":"True Grit+1","floor":20.0},{"not_picked":["Shrug It Off+1","Iron Wave","Headbutt"],"picked":"Singing Bowl","floor":21},{"not_picked":["Flex+1","Exhume+1"],"picked":"Flame Barrier+1","floor":23},{"not_picked":["Sever Soul","Spot Weakness+1"],"picked":"Bludgeon","floor":25},{"not_picked":["Flex+1","Inflame"],"picked":"Battle Trance+1","floor":27},{"not_picked":["Pommel Strike+1","Rupture"],"picked":"Ghostly Armor+1","floor":28},{"not_picked":["Warcry+1","Seeing Red+1","Thunderclap+1"],"picked":"Singing Bowl","floor":29},{"not_picked":["Thunderclap+1","Body Slam+1","Metallicize"],"picked":"Singing Bowl","floor":30},{"not_picked":["Limit Break+1","Exhume+1"],"picked":"Bludgeon+1","floor":33},{"not_picked":["Havoc+1","Twin Strike+1","Warcry+1"],"picked":"Singing Bowl","floor":35},{"not_picked":["Iron Wave+1","Shrug It Off+1","Limit Break+1"],"picked":"Singing Bowl","floor":36},{"not_picked":["Thunderclap+1","Infernal Blade+1"],"picked":"Shockwave+1","floor":38},{"not_picked":["Dramatic Entrance+1","Secret Technique+1","Metamorphosis+1"],"picked":"Singing Bowl","floor":39},{"not_picked":["Combust+1","Reckless Charge+1","Infernal Blade+1"],"picked":"Singing Bowl","floor":40},{"not_picked":["Perfected Strike+1","Headbutt+1","Disarm+1"],"picked":"Singing Bowl","floor":42},{"not_picked":["Clash+1","Metallicize+1","Wild Strike+1"],"picked":"Singing Bowl","floor":44},{"not_picked":["Wild Strike+1","Body Slam+1"],"picked":"Offering+1","floor":45},{"not_picked":["Power Through+1","Infernal Blade+1"],"picked":"Carnage+1","floor":48}],"player_experience":342484,"relics_obtained":[{"floor":7.0,"key":"Red Skull"},{"floor":9.0,"key":"Singing Bowl"},{"floor":11.0,"key":"PreservedInsect"},{"floor":13.0,"key":"The Courier"},{"floor":23,"key":"Lantern"},{"floor":25,"key":"Bronze Scales"},{"floor":26,"key":"Molten Egg 2"},{"floor":27,"key":"Art of War"},{"floor":30,"key":"Orichalcum"},{"floor":40,"key":"Toy Ornithopter"},{"floor":40,"key":"Ornamental Fan"},{"floor":42,"key":"Ice Cream"},{"floor":42,"key":"Magic Flower"},{"floor":43,"key":"Ancient Tea Set"},{"floor":44,"key":"Darkstone Periapt"},{"floor":44,"key":"Frozen Egg 2"},{"floor":45,"key":"Lizard Tail"}],"event_choices":[{"cards_removed":["Strike_R"],"damage_healed":0.0,"max_hp_gain":0.0,"max_hp_loss":0.0,"gold_gain":0.0,"event_name":"Living Wall","player_choice":"Forget","floor":2.0,"gold_loss":0.0,"damage_taken":0.0},{"damage_healed":0.0,"max_hp_gain":0.0,"max_hp_loss":0.0,"gold_gain":0.0,"event_name":"Shining Light","player_choice":"Entered Light","floor":4.0,"gold_loss":0.0,"damage_taken":16.0,"cards_upgraded":["Armaments","Strike_R"]},{"damage_healed":0.0,"max_hp_gain":0.0,"max_hp_loss":0.0,"gold_gain":0.0,"event_name":"WeMeetAgain","player_choice":"Gave Potion","floor":6.0,"gold_loss":0.0,"damage_taken":0.0,"relics_obtained":["Incense Burner"]},{"damage_healed":0.0,"max_hp_gain":0.0,"max_hp_loss":0.0,"gold_gain":0.0,"event_name":"The Mausoleum","player_choice":"Opened","floor":19.0,"gold_loss":0.0,"damage_taken":0.0,"relics_obtained":["Toxic Egg 2"],"cards_obtained":["Writhe"]},{"damage_healed":0,"gold_gain":0,"player_choice":"Bought 0 Potions","damage_taken":0,"max_hp_gain":0,"max_hp_loss":0,"event_name":"The Woman in Blue","floor":31,"gold_loss":0},{"damage_healed":0,"gold_gain":100,"player_choice":"Pray","damage_taken":0,"max_hp_gain":0,"max_hp_loss":0,"event_name":"Golden Shrine","floor":37,"gold_loss":0},{"damage_healed":0,"gold_gain":0,"player_choice":"Memory 1","damage_taken":0,"max_hp_gain":0,"max_hp_loss":0,"event_name":"SensoryStone","floor":39,"gold_loss":0},{"damage_healed":0,"gold_gain":0,"player_choice":"Fight","damage_taken":0,"max_hp_gain":0,"max_hp_loss":0,"event_name":"Mysterious Sphere","floor":45,"gold_loss":0},{"damage_healed":0,"gold_gain":0,"player_choice":"Ignored","damage_taken":0,"max_hp_gain":0,"max_hp_loss":0,"event_name":"Tomb of Lord Red Mask","floor":46,"gold_loss":0}],"is_beta":false,"boss_relics":[{"not_picked":["Mark of Pain","Runic Dome"],"picked":"Snecko Eye"},{"not_picked":["SacredBark","Runic Pyramid"],"picked":"Black Star"}],"items_purged_floors":[22],"is_endless":false,"potions_floor_spawned":[3,8,10,14,18,20,21,23,33,36,42,45],"ascension_level":8}}