{"host":"j45ucdvl5ntpx4kf","time":1609296441,"event":{"mods":["AchievementEnabler","BaseMod","Bestiary","Colored Map","Colored Powertips","Downfall","Minty Spire (QoL Compilation)","StSLib"],"gold_per_floor":[116,68,79,179,26,26,59,59,59,59,91,101,117,117,117,222,222,232,232,8,28,44,44,44,44],"floor_reached":24,"playtime":919,"items_purged":["Pain"],"score":263,"play_id":"48959f03-2547-4b75-96a6-3f8caadbddc5","local_time":"20201229214721","is_ascension_mode":true,"campfire_choices":[{"data":"Crescendo","floor":6,"key":"SMITH"},{"data":"Eruption","floor":8,"key":"SMITH"},{"data":"Consecrate","floor":10,"key":"SMITH"},{"data":"SashWhip","floor":15,"key":"SMITH"},{"floor":23,"key":"REST"}],"circlet_count":0,"master_deck":["Strike_P","Strike_P","Strike_P","Strike_P+1","Defend_P+1","Defend_P","Defend_P+1","Defend_P","Eruption+1","Vigilance","Consecrate+1","Crescendo+1","MasterReality","ClearTheMind+1","SashWhip+1","LessonLearned","Study+1","EmptyFist"],"relics":["PureWater","NeowsBlessing","Orichalcum","Pantograph","Singing Bowl","Blood Vial","Toxic Egg 2","SlaversCollar","WarpedTongs","War Paint"],"acts_visited":["Exordium","TheCity"],"potions_floor_usage":[],"damage_taken":[{"damage":0,"enemies":"Small Slimes","floor":1,"turns":1},{"damage":0,"enemies":"Cultist","floor":3,"turns":1},{"damage":0,"enemies":"3 Sentries","floor":7,"turns":1},{"damage":17,"enemies":"Lagavulin","floor":11,"turns":5},{"damage":2,"enemies":"Jaw Worm","floor":12,"turns":2},{"damage":0,"enemies":"3 Louse","floor":13,"turns":1},{"damage":28,"enemies":"Slime Boss","floor":16,"turns":9},{"damage":30,"enemies":"Chosen","floor":18,"turns":7},{"damage":16,"enemies":"3 Byrds","floor":21,"turns":5},{"damage":23,"enemies":"Shelled Parasite and Fungi","floor":22,"turns":5},{"damage":71,"enemies":"Book of Stabbing","floor":24,"turns":5}],"seed_played":"-7924071775503723514","potions_obtained":[{"floor":11,"key":"FairyPotion"},{"floor":12,"key":"FearPotion"},{"floor":21,"key":"SneckoOil"}],"is_trial":false,"path_per_floor":["M","$","M","?","$","R","E","R","T","R","E","M","M","?","R","B",null,"M","?","$","M","M","R","E"],"character_chosen":"WATCHER","items_purchased":["Crescendo","Orichalcum","War Paint"],"campfire_rested":1,"item_purchase_floors":[2,5,20],"current_hp_per_floor":[72,72,72,72,72,72,72,72,72,72,55,57,59,41,41,40,74,46,46,46,32,11,33,0,0],"gold":44,"neow_bonus":"THREE_ENEMY_KILL","is_daily":false,"chose_seed":false,"campfire_upgraded":4,"win_rate":0.0,"timestamp":1609296441,"path_taken":["M","$","M","?","$","R","E","R","T","R","E","?","M","?","R","BOSS","M","?","$","M","?","R","E"],"items_purchased_type":["Card","Relic","Relic"],"build_version":"2020-12-22","purchased_purges":1,"victory":false,"max_hp_per_floor":[72,72,72,72,72,72,72,72,72,72,72,74,74,74,74,74,74,76,76,76,76,76,76,76,76],"card_choices":[{"not_picked":["BowlingBash","Nirvana"],"picked":"Consecrate","floor":1},{"not_picked":["FlurryOfBlows","JustLucky","Crescendo"],"picked":"SKIP","floor":3},{"not_picked":["Nirvana","Prostrate"],"picked":"MasterReality","floor":7},{"not_picked":["CutThroughFate","Consecrate"],"picked":"ClearTheMind","floor":11},{"not_picked":["Consecrate","Crescendo","CrushJoints"],"picked":"Singing Bowl","floor":12},{"not_picked":["Crescendo","Consecrate"],"picked":"SashWhip","floor":13},{"not_picked":["SpiritShield+1","DevaForm"],"picked":"LessonLearned","floor":16},{"not_picked":["PathToVictory+1","Prostrate+1","TalkToTheHand"],"picked":"Singing Bowl","floor":18},{"not_picked":["PathToVictory+1","CrushJoints+1"],"picked":"Study+1","floor":21},{"not_picked":["PathToVictory+1","Protect+1"],"picked":"EmptyFist","floor":22}],"player_experience":158492,"relics_obtained":[{"floor":7,"key":"Pantograph"},{"floor":9,"key":"Singing Bowl"},{"floor":11,"key":"Blood Vial"}],"event_choices":[{"damage_healed":0,"gold_gain":100,"player_choice":"Pray","damage_taken":0,"max_hp_gain":0,"max_hp_loss":0,"event_name":"Golden Shrine","floor":4,"gold_loss":0},{"damage_healed":0,"gold_gain":0,"player_choice":"Success","damage_taken":18,"relics_obtained":["Toxic Egg 2"],"max_hp_gain":0,"max_hp_loss":0,"event_name":"Scrap Ooze","floor":14,"gold_loss":0},{"damage_healed":0,"gold_gain":0,"player_choice":"Rummage","damage_taken":0,"relics_obtained":["WarpedTongs"],"max_hp_gain":0,"max_hp_loss":0,"event_name":"Accursed Blacksmith","floor":19,"gold_loss":0,"cards_obtained":["Pain"]}],"is_beta":false,"boss_relics":[{"not_picked":["Velvet Choker","Black Star"],"picked":"SlaversCollar"}],"items_purged_floors":[20],"is_endless":false,"potions_floor_spawned":[11,12,21],"killed_by":"Book of Stabbing","ascension_level":3}}