{"host":"j29osl8nelwi4hyu","time":1609304754,"event":{"mods":["BaseMod","Colored Powertips","Hubris","Infinite Spire","Minty Spire (QoL Compilation)","Replay The Spire","StSLib"],"gold_per_floor":[116,130,230,240,259,259,275,307,307,326,337,337,354,384,384,479,479,494,434,434,434,434],"floor_reached":21,"playtime":633,"items_purged":[],"score":251,"play_id":"c8d255c8-30f7-46ee-a7e7-e575b0a90005","local_time":"20201229210554","is_ascension_mode":true,"campfire_choices":[{"data":"Streamline","floor":6,"key":"SMITH"},{"floor":12,"key":"REST"},{"floor":15,"key":"REST"}],"circlet_count":0,"master_deck":["Strike_B","Strike_B","Strike_B","Strike_B","Defend_B","Defend_B","Defend_B","Defend_B","Zap","Dualcast","Conserve Battery","Ball Lightning","Streamline+1","FIFO Queue","Go for the Eyes","Beam Cell","Sweeping Beam","Conserve Battery","Auto Shields","hubris:Prefetch","Cold Snap"],"relics":["Cracked Core","NeowsBlessing","hubris:MedicalManual","Replay:Bottled Steam","infinitespire:Bottled Soul","SlaversCollar"],"acts_visited":["Exordium","TheCity"],"potions_floor_usage":[14,18],"damage_taken":[{"damage":0,"enemies":"Cultist","floor":1,"turns":1},{"damage":0,"enemies":"Small Slimes","floor":2,"turns":1},{"damage":0,"enemies":"2 Louse","floor":4,"turns":1},{"damage":0,"enemies":"2 Fungi Beasts","floor":5,"turns":3},{"damage":3,"enemies":"3 Louse","floor":7,"turns":3},{"damage":31,"enemies":"3 Sentries","floor":8,"turns":9},{"damage":4,"enemies":"Blue Slaver","floor":10,"turns":3},{"damage":3,"enemies":"Looter","floor":11,"turns":3},{"damage":14,"enemies":"Exordium Thugs","floor":13,"turns":4},{"damage":12,"enemies":"Gremlin Nob","floor":14,"turns":3},{"damage":54,"enemies":"Slime Boss","floor":16,"turns":11},{"damage":30,"enemies":"3 Byrds","floor":18,"turns":6},{"damage":0,"enemies":"2 Thieves","floor":21,"turns":1}],"seed_played":"-2720539941405917540","potions_obtained":[{"floor":4,"key":"PotionOfCapacity"},{"floor":8,"key":"Venom Potion"},{"floor":11,"key":"FairyPotion"},{"floor":16,"key":"SteroidPotion"},{"floor":18,"key":"Strength Potion"}],"is_trial":false,"path_per_floor":["M","M","?","M","M","R","M","E","T","M","M","R","M","E","R","B",null,"M","?","?","M"],"character_chosen":"DEFECT","items_purchased":[],"campfire_rested":2,"item_purchase_floors":[],"current_hp_per_floor":[68,68,68,68,68,68,65,34,34,30,27,49,35,23,45,14,60,30,30,21,21,21],"gold":434,"neow_bonus":"THREE_ENEMY_KILL","is_daily":false,"chose_seed":false,"campfire_upgraded":1,"win_rate":0.0,"timestamp":1609304754,"path_taken":["M","?","?","M","?","R","M","E","T","M","M","R","M","E","R","BOSS","M","?","?","M"],"items_purchased_type":[],"build_version":"2020-12-22","purchased_purges":0,"victory":false,"max_hp_per_floor":[75,75,75,75,75,75,75,75,75,75,75,75,75,75,75,75,75,75,75,75,75,75],"card_choices":[{"not_picked":["Steam","Cold Snap"],"picked":"Conserve Battery","floor":1},{"not_picked":["Streamline","Buffer"],"picked":"Ball Lightning","floor":2},{"not_picked":["Conserve Battery","Leap"],"picked":"Streamline","floor":4},{"not_picked":["Steam","Rebound"],"picked":"FIFO Queue","floor":5},{"not_picked":["Darkness","Steam"],"picked":"Go for the Eyes","floor":7},{"not_picked":["Barrage","Recycle","Streamline"],"picked":"SKIP","floor":8},{"not_picked":["Streamline","Meteor Strike"],"picked":"Beam Cell","floor":10},{"not_picked":["BasicCrystalCard","Undo"],"picked":"Sweeping Beam","floor":11},{"not_picked":["Rebound","Steam"],"picked":"Conserve Battery","floor":13},{"not_picked":["Doom and Gloom","Cold Snap"],"picked":"Auto Shields","floor":14},{"not_picked":["Creative AI","Reboot"],"picked":"hubris:Prefetch","floor":16},{"not_picked":["Heatsinks+1","Ball Lightning"],"picked":"Cold Snap","floor":18}],"player_experience":288808,"relics_obtained":[{"floor":8,"key":"hubris:MedicalManual"},{"floor":9,"key":"Replay:Bottled Steam"},{"floor":14,"key":"infinitespire:Bottled Soul"}],"event_choices":[{"damage_healed":0,"gold_gain":100,"player_choice":"Pray","damage_taken":0,"max_hp_gain":0,"max_hp_loss":0,"event_name":"Golden Shrine","floor":3,"gold_loss":0},{"damage_healed":0,"gold_gain":0,"player_choice":"Stopped","damage_taken":9,"max_hp_gain":0,"max_hp_loss":0,"event_name":"Cursed Tome","floor":20,"gold_loss":0}],"is_beta":false,"boss_relics":[{"not_picked":["Calling Bell","hubris:BlackHole"],"picked":"SlaversCollar"}],"items_purged_floors":[],"is_endless":false,"potions_floor_spawned":[4,8,11,13,16,18],"killed_by":"2 Thieves","ascension_level":6}}