{"host":"k7udt7atmcuzf6l0","time":1609313722,"event":{"mods":["AchievementEnabler","BaseMod","Colored Map","Colored Powertips","Highlight Path","Minty Spire (QoL Compilation)","Quick Restart","Rare Cards Sparkle","StSLib","UnlockEverythingMod"],"gold_per_floor":[119,72,83,36,36,65,65,65,65,78,95,95,105,131,131,228,228,238,256,256,274,54,87,87,87,134,166,166,180,180,3,3,103,103,121,0,17,17,17,17,43,43,68,87,67,98,98,118,118,118],"floor_reached":51,"playtime":1220,"items_purged":["Defend_R"],"score":876,"play_id":"c91bd92f-fa0c-4538-997e-6a90eeebe182","local_time":"20201230153522","is_ascension_mode":false,"campfire_choices":[{"data":"Armaments","floor":7.0,"key":"SMITH"},{"data":"Inflame","floor":12.0,"key":"SMITH"},{"data":"Limit Break","floor":15.0,"key":"SMITH"},{"data":"Flex","floor":24.0,"key":"SMITH"},{"floor":28.0,"key":"REST"},{"data":"Infernal Blade","floor":32.0,"key":"SMITH"},{"data":"Shockwave","floor":40,"key":"SMITH"},{"data":"Offering","floor":42,"key":"SMITH"},{"data":"Reaper","floor":49,"key":"SMITH"}],"circlet_count":0,"master_deck":["Strike_R","Strike_R","Strike_R","Strike_R","Defend_R","Bash","Infernal Blade+1","Cleave","Inflame+1","Armaments+1","Limit Break+1","Pummel","Seeing Red","Twin Strike","Sword Boomerang","Reaper+1","Ghostly Armor+1","Flex+1","Offering+1","Uppercut+1","Headbutt","Offering+1","Immolate+1","Offering+1","Limit Break+1","Shockwave+1","Jack Of All Trades","Wild Strike+1","Limit Break","Infernal Blade+1","Madness","Madness","Flex+1"],"relics":["Burning Blood","NeowsBlessing","Bag of Marbles","InkBottle","Pantograph","Sozu","Enchiridion","Strange Spoon","Regal Pillow","Omamori","Ancient Tea Set","MutagenicStrength","Membership Card","Astrolabe","Meat on the Bone","Bag of Preparation","Juzu Bracelet","Centennial Puzzle"],"acts_visited":["Exordium","TheCity","TheBeyond"],"potions_floor_usage":[],"damage_taken":[{"damage":0.0,"enemies":"2 Louse","floor":1.0,"turns":1.0},{"damage":0.0,"enemies":"Cultist","floor":3.0,"turns":1.0},{"damage":0.0,"enemies":"3 Sentries","floor":6.0,"turns":2.0},{"damage":11.0,"enemies":"Jaw Worm","floor":10.0,"turns":3.0},{"damage":4.0,"enemies":"Red Slaver","floor":11.0,"turns":2.0},{"damage":0.0,"enemies":"Blue Slaver","floor":13.0,"turns":2.0},{"damage":11.0,"enemies":"Gremlin Nob","floor":14.0,"turns":3.0},{"damage":37.0,"enemies":"The Guardian","floor":16.0,"turns":6.0},{"damage":9.0,"enemies":"3 Byrds","floor":18.0,"turns":4.0},{"damage":0.0,"enemies":"Spheric Guardian","floor":19.0,"turns":3.0},{"damage":23.0,"enemies":"Shelled Parasite and Fungi","floor":21.0,"turns":5.0},{"damage":34.0,"enemies":"Book of Stabbing","floor":23.0,"turns":5.0},{"damage":38.0,"enemies":"Gremlin Leader","floor":27.0,"turns":4.0},{"damage":22.0,"enemies":"Centurion and Healer","floor":29.0,"turns":4.0},{"damage":35.0,"enemies":"Automaton","floor":33.0,"turns":6.0},{"damage":15,"enemies":"3 Shapes","floor":35,"turns":2},{"damage":6,"enemies":"Orb Walker","floor":37,"turns":1},{"damage":31,"enemies":"Nemesis","floor":41,"turns":3},{"damage":0,"enemies":"4 Shapes","floor":44,"turns":1},{"damage":6,"enemies":"Giant Head","floor":46,"turns":2},{"damage":21,"enemies":"Writhing Mass","floor":48,"turns":4},{"damage":6,"enemies":"Time Eater","floor":50,"turns":2}],"seed_played":"-1304890729456089359","potions_obtained":[{"floor":1.0,"key":"ColorlessPotion"},{"floor":3.0,"key":"Strength Potion"},{"floor":11.0,"key":"ColorlessPotion"}],"is_trial":false,"path_per_floor":["M","$","M","$","?","E","R","$","T","M","M","R","M","E","R","B",null,"M","M","?","M","$","E","R","?","T","E","R","M","?","$","R","B",null,"M","$","M","?","?","R","E","R","T","M","?","E","?","M","R","B",null],"character_chosen":"IRONCLAD","items_purchased":["Cleave","Armaments","Strange Spoon","Membership Card","Headbutt","Meat on the Bone"],"campfire_rested":1,"item_purchase_floors":[2,4,22,31,31,36],"current_hp_per_floor":[80,80,80,80,80,80,80,80,80,75,77,77,80,75,75,49,80,80,80,64,47,47,40,40,40,40,29,68,62,62,62,62,61,80,71,71,71,71,71,71,58,58,58,64,64,64,54,64,64,80],"gold":118,"neow_bonus":"THREE_ENEMY_KILL","is_daily":false,"chose_seed":false,"campfire_upgraded":8,"win_rate":0.0,"timestamp":1609313722,"path_taken":["M","$","M","$","?","E","R","?","T","M","M","R","?","E","R","BOSS","M","M","?","M","$","E","R","?","T","E","R","?","?","$","R","BOSS","M","$","M","?","?","R","E","R","T","M","?","E","?","M","R","BOSS"],"items_purchased_type":["Card","Card","Relic","Relic","Card","Relic"],"build_version":"2020-12-22","purchased_purges":1,"victory":true,"max_hp_per_floor":[80,80,80,80,80,80,80,80,80,80,80,80,80,80,80,80,80,80,80,80,80,80,80,80,80,80,80,80,80,80,80,80,80,80,80,80,80,80,80,80,80,80,80,80,80,80,80,80,80,80],"card_choices":[{"not_picked":["Headbutt","Shrug It Off"],"picked":"Infernal Blade","floor":1.0},{"not_picked":["Metallicize","Cleave"],"picked":"Inflame","floor":3.0},{"not_picked":["Clash","True Grit"],"picked":"Seeing Red","floor":6.0},{"not_picked":["Clash","Havoc"],"picked":"Twin Strike","floor":10.0},{"not_picked":["Infernal Blade","Armaments","Shrug It Off"],"picked":"SKIP","floor":11.0},{"not_picked":["Blood for Blood","Cleave","Clothesline"],"picked":"SKIP","floor":13.0},{"not_picked":["Clash","Bludgeon"],"picked":"Sword Boomerang","floor":14.0},{"not_picked":["Immolate","Double Tap"],"picked":"Reaper","floor":16.0},{"not_picked":["Havoc","Cleave"],"picked":"Ghostly Armor+1","floor":18.0},{"not_picked":["Twin Strike","Thunderclap","Clothesline"],"picked":"SKIP","floor":19.0},{"not_picked":["Pummel","Second Wind"],"picked":"Flex","floor":21.0},{"not_picked":["Rampage","Heavy Blade"],"picked":"Offering","floor":23.0},{"not_picked":["Combust","Clash"],"picked":"Uppercut+1","floor":27.0},{"not_picked":["Twin Strike","True Grit","Headbutt"],"picked":"SKIP","floor":29.0},{"not_picked":["Feed","Impervious"],"picked":"Offering","floor":33.0},{"not_picked":["Entrench+1","Blood for Blood+1"],"picked":"Sword Boomerang+1","floor":35},{"not_picked":["Havoc+1","Clothesline"],"picked":"Shockwave","floor":37},{"not_picked":["Forethought","Purity"],"picked":"Jack Of All Trades","floor":38},{"not_picked":["Body Slam","Fire Breathing+1"],"picked":"Wild Strike+1","floor":41},{"not_picked":["Combust","Armaments+1"],"picked":"Limit Break","floor":44},{"not_picked":["Iron Wave+1","Fire Breathing"],"picked":"Infernal Blade+1","floor":46},{"not_picked":["Sever Soul+1","Body Slam"],"picked":"Flex+1","floor":48}],"player_experience":25527,"relics_obtained":[{"floor":6.0,"key":"Bag of Marbles"},{"floor":9.0,"key":"InkBottle"},{"floor":14.0,"key":"Pantograph"},{"floor":20.0,"key":"Enchiridion"},{"floor":23.0,"key":"Regal Pillow"},{"floor":26.0,"key":"Omamori"},{"floor":27.0,"key":"Ancient Tea Set"},{"floor":41,"key":"Bag of Preparation"},{"floor":43,"key":"Juzu Bracelet"},{"floor":46,"key":"Centennial Puzzle"}],"event_choices":[{"damage_healed":0.0,"max_hp_gain":0.0,"max_hp_loss":0.0,"gold_gain":0.0,"event_name":"Match and Keep!","player_choice":"2 cards matched","floor":5.0,"gold_loss":0.0,"damage_taken":0.0,"cards_obtained":["Limit Break","Pummel"]},{"damage_healed":0.0,"max_hp_gain":0.0,"max_hp_loss":0.0,"gold_gain":0.0,"event_name":"Cursed Tome","player_choice":"Obtained Book","floor":20.0,"gold_loss":0.0,"damage_taken":16.0},{"damage_healed":0.0,"max_hp_gain":0.0,"max_hp_loss":0.0,"gold_gain":0.0,"event_name":"Upgrade Shrine","player_choice":"Upgraded","floor":25.0,"gold_loss":0.0,"damage_taken":0.0,"cards_upgraded":["Offering"]},{"damage_healed":0.0,"max_hp_gain":0.0,"max_hp_loss":0.0,"gold_gain":0.0,"event_name":"Drug Dealer","player_choice":"Inject Mutagens","floor":30.0,"gold_loss":0.0,"damage_taken":0.0,"relics_obtained":["MutagenicStrength"]},{"damage_healed":0,"gold_gain":0,"player_choice":"Memory 1","damage_taken":0,"max_hp_gain":0,"max_hp_loss":0,"event_name":"SensoryStone","floor":38,"gold_loss":0},{"cards_removed":["Sword Boomerang"],"damage_healed":0,"gold_gain":0,"player_choice":"Removed Attack","damage_taken":0,"max_hp_gain":0,"max_hp_loss":0,"event_name":"Falling","floor":39,"gold_loss":0},{"damage_healed":0,"gold_gain":0,"player_choice":"Bought 1 Potion","damage_taken":0,"max_hp_gain":0,"max_hp_loss":0,"event_name":"The Woman in Blue","floor":45,"gold_loss":0},{"damage_healed":0,"gold_gain":0,"player_choice":"Embrace Madness","damage_taken":10,"max_hp_gain":0,"max_hp_loss":0,"event_name":"Winding Halls","floor":47,"gold_loss":0,"cards_obtained":["Madness","Madness"]}],"is_beta":false,"boss_relics":[{"not_picked":["Black Blood","Fusion Hammer"],"picked":"Sozu"},{"not_picked":["SlaversCollar","Tiny House"],"picked":"Astrolabe"}],"items_purged_floors":[22],"is_endless":false,"potions_floor_spawned":[1,3,11,18,23,27,41,44,46],"ascension_level":0}}