{"host":"0ydzwspkajt4brzd","time":1609292631,"event":{"mods":["AchievementEnabler","BaseMod","Colored Map","DeckTracker","Googly Eyes","Highlight Path","Minty Spire (QoL Compilation)","Quick Restart","Random Character Button","Rare Cards Sparkle"],"gold_per_floor":[114,114,134,150,165,165,191,116,161,178,207,219,119,145,145,245,245,255,268,367,107,125,151,151,151,229,229,242,65,65,98,98,203,203,217,67,67,81,81,81,81,81,81,98,112,112,145,163,163,163],"floor_reached":51,"playtime":4973,"items_purged":["Strike_R","Defend_R","Defend_R"],"score":1115,"play_id":"173ae5a3-c46d-4115-9b27-506adc723a12","local_time":"20201229174351","is_ascension_mode":true,"campfire_choices":[{"data":"Bash","floor":6.0,"key":"SMITH"},{"data":"Spot Weakness","floor":15.0,"key":"SMITH"},{"data":"Limit Break","floor":25.0,"key":"SMITH"},{"data":"Defend_R","floor":27.0,"key":"SMITH"},{"data":"Shrug It Off","floor":32.0,"key":"SMITH"},{"data":"Flame Barrier","floor":40.0,"key":"SMITH"},{"data":"Shockwave","floor":41.0,"key":"SMITH"},{"data":"Heavy Blade","floor":42.0,"key":"SMITH"},{"floor":49.0,"key":"REST"}],"circlet_count":0,"master_deck":["AscendersBane","Strike_R+1","Defend_R+1","Defend_R","Bash+1","Feed","Pummel+1","Spot Weakness+1","Pommel Strike","Headbutt","Pommel Strike","Shockwave+1","Second Wind","Limit Break+1","Dark Embrace","Heavy Blade+1","Battle Trance","Headbutt","Shrug It Off+1","Immolate","Flame Barrier+1","Hemokinesis+1","Limit Break+1","Havoc+1","Flex+1","Madness","Madness","Pommel Strike+1"],"relics":["Burning Blood","Meat on the Bone","Whetstone","Lantern","Thread and Needle","Sozu","Paper Frog","Dream Catcher","Kunai","WingedGreaves","Mark of Pain","Shuriken","White Beast Statue"],"acts_visited":["Exordium","TheCity","TheBeyond"],"potions_floor_usage":[],"damage_taken":[{"damage":4.0,"enemies":"Jaw Worm","floor":1.0,"turns":3.0},{"damage":0.0,"enemies":"Cultist","floor":3.0,"turns":4.0},{"damage":4.0,"enemies":"2 Louse","floor":4.0,"turns":4.0},{"damage":11.0,"enemies":"Blue Slaver","floor":5.0,"turns":3.0},{"damage":60.0,"enemies":"Lagavulin","floor":7.0,"turns":8.0},{"damage":14.0,"enemies":"Large Slime","floor":10.0,"turns":4.0},{"damage":15.0,"enemies":"3 Sentries","floor":11.0,"turns":7.0},{"damage":7.0,"enemies":"Exordium Wildlife","floor":12.0,"turns":2.0},{"damage":7.0,"enemies":"Gremlin Nob","floor":14.0,"turns":3.0},{"damage":63.0,"enemies":"Slime Boss","floor":16.0,"turns":9.0},{"damage":1.0,"enemies":"Shell Parasite","floor":18.0,"turns":2.0},{"damage":4.0,"enemies":"Chosen","floor":19.0,"turns":4.0},{"damage":35.0,"enemies":"Shelled Parasite and Fungi","floor":22.0,"turns":4.0},{"damage":51.0,"enemies":"Slavers","floor":23.0,"turns":5.0},{"damage":5.0,"enemies":"Chosen and Byrds","floor":28.0,"turns":6.0},{"damage":2.0,"enemies":"Book of Stabbing","floor":31.0,"turns":2.0},{"damage":103.0,"enemies":"Automaton","floor":33.0,"turns":7.0},{"damage":11.0,"enemies":"3 Darklings","floor":35.0,"turns":4.0},{"damage":0.0,"enemies":"3 Shapes","floor":38.0,"turns":2.0},{"damage":4.0,"enemies":"Transient","floor":44.0,"turns":5.0},{"damage":22.0,"enemies":"3 Darklings","floor":45.0,"turns":3.0},{"damage":45.0,"enemies":"Nemesis","floor":47.0,"turns":7.0},{"damage":9.0,"enemies":"4 Shapes","floor":48.0,"turns":3.0},{"damage":77,"enemies":"Donu and Deca","floor":50,"turns":6}],"seed_played":"5629041070686377240","potions_obtained":[{"floor":1.0,"key":"EssenceOfSteel"},{"floor":4.0,"key":"FairyPotion"},{"floor":10.0,"key":"Regen Potion"},{"floor":16.0,"key":"EssenceOfSteel"}],"is_trial":false,"path_per_floor":["M","?","M","M","M","R","E","$","T","M","E","M","$","E","R","B",null,"M","M","?","$","M","E","?","R","T","R","M","$","?","E","R","B",null,"M","$","?","M","?","R","R","R","T","M","M","?","E","M","R","B",null],"character_chosen":"IRONCLAD","items_purchased":["Paper Frog","Shrug It Off","Inflame","Flame Barrier"],"campfire_rested":1,"item_purchase_floors":[21,29,36,36],"current_hp_per_floor":[56,56,65,70,65,65,14,14,14,21,42,56,56,67,67,22,81,89,91,91,91,62,29,29,29,29,29,42,42,42,58,58,52,93,91,91,91,97,97,97,97,97,97,99,83,69,42,51,84,25],"gold":163,"neow_bonus":"TRANSFORM_TWO_CARDS","is_daily":false,"chose_seed":false,"campfire_upgraded":8,"win_rate":0.0,"timestamp":1609292631,"path_taken":["M","?","?","M","M","R","E","$","T","M","E","M","$","E","R","BOSS","M","M","?","$","M","E","?","R","T","R","M","$","?","E","R","BOSS","M","$","?","M","?","R","R","R","T","?","?","?","E","M","R","BOSS"],"items_purchased_type":["Relic","Card","Card","Card"],"build_version":"2020-12-22","purchased_purges":3,"victory":true,"max_hp_per_floor":[83,83,86,89,89,89,92,92,92,95,98,101,101,101,101,101,101,104,104,104,104,104,104,104,104,104,104,104,104,104,104,104,107,107,110,110,110,110,110,110,110,110,110,110,110,110,110,110,110,110],"card_choices":[{"not_picked":["Perfected Strike","Twin Strike"],"picked":"Spot Weakness","floor":1.0},{"not_picked":["Evolve","Anger"],"picked":"Pommel Strike","floor":4.0},{"not_picked":["Havoc","Pommel Strike"],"picked":"Headbutt","floor":5.0},{"not_picked":["Twin Strike","Perfected Strike"],"picked":"Pommel Strike","floor":7.0},{"not_picked":["Warcry","Rupture"],"picked":"Shockwave","floor":10.0},{"not_picked":["Berserk","Entrench","Reckless Charge"],"picked":"SKIP","floor":11.0},{"not_picked":["Perfected Strike","Wild Strike"],"picked":"Second Wind","floor":12.0},{"not_picked":["Armaments","Dual Wield","Blood for Blood"],"picked":"SKIP","floor":14.0},{"not_picked":["Bludgeon","Fiend Fire"],"picked":"Limit Break","floor":16.0},{"not_picked":["Dual Wield","Rage"],"picked":"Dark Embrace","floor":18.0},{"not_picked":["Dark Embrace","Uppercut","Dual Wield"],"picked":"SKIP","floor":19.0},{"not_picked":["Carnage","Anger"],"picked":"Heavy Blade","floor":22.0},{"not_picked":["Havoc","Twin Strike"],"picked":"Battle Trance","floor":23.0},{"not_picked":["Anger","Iron Wave"],"picked":"Headbutt","floor":28.0},{"not_picked":["Anger","Armaments+1","Combust"],"picked":"SKIP","floor":31.0},{"not_picked":["Corruption","Barricade"],"picked":"Immolate","floor":33.0},{"not_picked":["Perfected Strike+1","Heavy Blade","Headbutt+1"],"picked":"SKIP","floor":35.0},{"not_picked":["Body Slam+1","Carnage"],"picked":"Hemokinesis+1","floor":38.0},{"not_picked":["Twin Strike+1","Warcry"],"picked":"Havoc+1","floor":44.0},{"not_picked":["Warcry+1","Headbutt"],"picked":"Flex+1","floor":45.0},{"not_picked":["Brutality","Armaments+1","Wild Strike"],"picked":"SKIP","floor":47.0},{"not_picked":["Anger","Clash"],"picked":"Pommel Strike+1","floor":48.0}],"player_experience":381883,"relics_obtained":[{"floor":7.0,"key":"Meat on the Bone"},{"floor":9.0,"key":"Whetstone"},{"floor":11.0,"key":"Lantern"},{"floor":14.0,"key":"Thread and Needle"},{"floor":23.0,"key":"Dream Catcher"},{"floor":26.0,"key":"Kunai"},{"floor":31.0,"key":"WingedGreaves"},{"floor":43.0,"key":"Shuriken"},{"floor":47.0,"key":"White Beast Statue"}],"event_choices":[{"cards_removed":["Strike_R"],"damage_healed":0.0,"max_hp_gain":0.0,"max_hp_loss":0.0,"gold_gain":0.0,"event_name":"Purifier","player_choice":"Purged","floor":2.0,"gold_loss":0.0,"damage_taken":0.0},{"damage_healed":0.0,"max_hp_gain":0.0,"max_hp_loss":0.0,"gold_gain":99.0,"event_name":"Nest","player_choice":"Stole From Cult","floor":20.0,"gold_loss":0.0,"damage_taken":0.0},{"damage_healed":0.0,"max_hp_gain":0.0,"max_hp_loss":0.0,"gold_gain":0.0,"event_name":"Vampires","player_choice":"Ignored","floor":24.0,"gold_loss":0.0,"damage_taken":0.0},{"damage_healed":0.0,"max_hp_gain":0.0,"max_hp_loss":0.0,"gold_gain":0.0,"event_name":"The Mausoleum","player_choice":"Ignored","floor":30.0,"gold_loss":0.0,"damage_taken":0.0},{"cards_removed":["Inflame"],"damage_healed":0.0,"max_hp_gain":0.0,"max_hp_loss":0.0,"gold_gain":0.0,"event_name":"Falling","player_choice":"Removed Power","floor":37.0,"gold_loss":0.0,"damage_taken":0.0},{"damage_healed":0.0,"max_hp_gain":0.0,"max_hp_loss":0.0,"gold_gain":0.0,"event_name":"Duplicator","player_choice":"Copied","floor":39.0,"gold_loss":0.0,"damage_taken":0.0,"cards_obtained":["Limit Break"]},{"damage_healed":0.0,"max_hp_gain":0.0,"max_hp_loss":0.0,"gold_gain":0.0,"event_name":"Winding Halls","player_choice":"Embrace Madness","floor":46.0,"gold_loss":0.0,"damage_taken":14.0,"cards_obtained":["Madness","Madness"]}],"is_beta":false,"boss_relics":[{"not_picked":["Black Blood","Coffee Dripper"],"picked":"Sozu"},{"not_picked":["Black Star","Tiny House"],"picked":"Mark of Pain"}],"items_purged_floors":[8,13,29],"is_endless":false,"potions_floor_spawned":[1,4,10,16,19,23,44,48],"ascension_level":10}}