{"host":"dpbezu80jg8zk7un","time":1609343813,"event":{"mods":["BaseMod","Colored Map","Colored Powertips","Custom Start","DeckTracker","Minty Spire (QoL Compilation)","Quick Restart","StSLib","SuperFastMode"],"gold_per_floor":[366,32,32,32,49,49,79,79,79,79,97,111,124,157,157,234,234,252,252,252,252,262,262,76,104,104,104,115,150,65,65,65,138,138,153,163,38,63,78,78,110,127,201,201,221,255,255,255,255,255,255,255,255,50,78,78],"floor_reached":57,"playtime":1681,"items_purged":["Defend_P","Strike_P","Defend_P","Strike_P+1"],"score":3212,"play_id":"9a50db1b-3cba-43f5-9983-3fdd7537705b","local_time":"20201231005653","is_ascension_mode":true,"campfire_choices":[{"floor":6.0,"key":"REST"},{"data":"Eruption","floor":8.0,"key":"SMITH"},{"data":"WheelKick","floor":15.0,"key":"SMITH"},{"data":"Conclude","floor":23.0,"key":"SMITH"},{"data":"Scrawl","floor":27.0,"key":"SMITH"},{"floor":32.0,"key":"RECALL"},{"data":"CrushJoints","floor":40.0,"key":"SMITH"},{"data":"TalkToTheHand","floor":44.0,"key":"SMITH"},{"data":"Tantrum","floor":47.0,"key":"SMITH"},{"data":"DeusExMachina","floor":49.0,"key":"SMITH"},{"data":"InnerPeace","floor":53.0,"key":"SMITH"}],"circlet_count":0,"master_deck":["AscendersBane","Defend_P+1","Eruption+1","Vigilance","WheelKick+1","InnerPeace+1","Conclude+1","Scrawl+1","Devotion+1","Scrawl+1","WreathOfFlame+1","FearNoEvil","Tantrum+1","Halt+1","DeusExMachina+1","CrushJoints+1","TalkToTheHand+1","Adaptation+1"],"relics":["PureWater","Bag of Preparation","Pen Nib","Yang","Ginger","Astrolabe","Bronze Scales","Bag of Marbles","Mango","White Beast Statue","VioletLotus","Unceasing Top","Art of War","Pantograph","Singing Bowl","Akabeko"],"acts_visited":["Exordium","TheCity","TheBeyond","TheEnding"],"potions_floor_usage":[56,56],"damage_taken":[{"damage":6.0,"enemies":"2 Louse","floor":1.0,"turns":3.0},{"damage":2.0,"enemies":"Small Slimes","floor":5.0,"turns":3.0},{"damage":0.0,"enemies":"Gremlin Nob","floor":7.0,"turns":2.0},{"damage":0.0,"enemies":"Cultist","floor":11.0,"turns":3.0},{"damage":0.0,"enemies":"2 Fungi Beasts","floor":12.0,"turns":2.0},{"damage":3.0,"enemies":"3 Louse","floor":13.0,"turns":2.0},{"damage":0.0,"enemies":"Lagavulin","floor":14.0,"turns":3.0},{"damage":13.0,"enemies":"The Guardian","floor":16.0,"turns":10.0},{"damage":3.0,"enemies":"2 Thieves","floor":18.0,"turns":2.0},{"damage":0.0,"enemies":"Chosen","floor":22.0,"turns":2.0},{"damage":0.0,"enemies":"Gremlin Leader","floor":25.0,"turns":1.0},{"damage":0.0,"enemies":"3 Cultists","floor":28.0,"turns":1.0},{"damage":0.0,"enemies":"Slavers","floor":29.0,"turns":1.0},{"damage":13.0,"enemies":"Champ","floor":33.0,"turns":7.0},{"damage":4.0,"enemies":"3 Darklings","floor":35.0,"turns":2.0},{"damage":0.0,"enemies":"3 Shapes","floor":36.0,"turns":1.0},{"damage":0.0,"enemies":"Mind Bloom Boss Battle","floor":38.0,"turns":1.0},{"damage":2.0,"enemies":"3 Darklings","floor":39.0,"turns":2.0},{"damage":0.0,"enemies":"Giant Head","floor":41.0,"turns":1.0},{"damage":0.0,"enemies":"Jaw Worm Horde","floor":42.0,"turns":1.0},{"damage":0.0,"enemies":"Writhing Mass","floor":45.0,"turns":2.0},{"damage":0.0,"enemies":"Nemesis","floor":46.0,"turns":1.0},{"damage":0.0,"enemies":"Donu and Deca","floor":50.0,"turns":4.0},{"damage":11.0,"enemies":"Time Eater","floor":51.0,"turns":4.0},{"damage":0.0,"enemies":"Shield and Spear","floor":55.0,"turns":1.0},{"damage":55,"enemies":"The Heart","floor":56,"turns":5}],"seed_played":"6416146892994473089","potions_obtained":[{"floor":1.0,"key":"Energy Potion"},{"floor":5.0,"key":"FearPotion"},{"floor":10.0,"key":"SneckoOil"},{"floor":14.0,"key":"Block Potion"},{"floor":16.0,"key":"DistilledChaos"},{"floor":33.0,"key":"DistilledChaos"},{"floor":35.0,"key":"SteroidPotion"},{"floor":55.0,"key":"Ancient Potion"}],"is_trial":false,"path_per_floor":["M","$","?","?","M","R","E","R","T","?","M","M","M","E","R","B",null,"M","?","?","?","M","R","$","E","T","R","M","E","?","$","R","B",null,"M","M","$","?","M","R","E","M","T","R","M","E","R","?","R","B","B",null,"R","$","E","B",null],"character_chosen":"WATCHER","items_purchased":["Bag of Preparation","WheelKick","Tantrum","Swift Potion"],"campfire_rested":1,"item_purchase_floors":[2,2,24,54],"current_hp_per_floor":[37,37,17,17,15,35,35,35,35,35,35,35,32,32,32,19,56,53,53,53,53,53,53,53,53,53,53,53,67,67,67,67,54,75,71,71,71,71,69,69,69,69,69,69,69,69,69,69,69,82,71,79,79,79,81,29],"gold":78,"neow_bonus":"TWO_FIFTY_GOLD","is_daily":false,"chose_seed":false,"campfire_upgraded":9,"win_rate":0.0,"timestamp":1609343813,"path_taken":["M","$","?","?","M","R","E","R","T","?","?","M","M","E","R","BOSS","M","?","?","?","M","R","$","E","T","R","?","E","?","$","R","BOSS","M","M","$","?","M","R","E","M","T","R","M","E","R","?","R","BOSS","BOSS","R","$","E","BOSS"],"items_purchased_type":["Relic","Card","Card","Potion"],"build_version":"2020-12-22","purchased_purges":4,"victory":true,"max_hp_per_floor":[68,68,68,68,68,68,68,68,68,68,68,68,68,68,68,68,68,68,68,68,68,68,68,68,68,68,68,68,82,82,82,82,82,82,82,82,82,82,82,82,82,82,82,82,82,82,82,82,82,82,82,82,82,82,84,84],"card_choices":[{"not_picked":["ReachHeaven","SashWhip","ThirdEye"],"picked":"SKIP","floor":1.0},{"not_picked":["CrushJoints","Prostrate"],"picked":"InnerPeace","floor":5.0},{"not_picked":["WreathOfFlame","ReachHeaven"],"picked":"Conclude","floor":7.0},{"not_picked":["EmptyMind","InnerPeace","Crescendo"],"picked":"SKIP","floor":11.0},{"not_picked":["Alpha","SashWhip","ClearTheMind"],"picked":"SKIP","floor":12.0},{"not_picked":["WheelKick","FlyingSleeves","ThirdEye"],"picked":"SKIP","floor":13.0},{"not_picked":["Weave","Brilliance","Pray"],"picked":"SKIP","floor":14.0},{"not_picked":["Blasphemy","Alpha"],"picked":"Scrawl","floor":16.0},{"not_picked":["Pray","WaveOfTheHand","BowlingBash"],"picked":"SKIP","floor":18.0},{"not_picked":["CutThroughFate","Wallop","EmptyBody"],"picked":"SKIP","floor":22.0},{"not_picked":["EmptyBody","BowlingBash","EmptyFist"],"picked":"SKIP","floor":25.0},{"not_picked":["BowlingBash","Crescendo","ClearTheMind"],"picked":"SKIP","floor":28.0},{"not_picked":["CrushJoints","DevaForm"],"picked":"Halt+1","floor":29.0},{"not_picked":["Ragnarok","Wish"],"picked":"DeusExMachina","floor":33.0},{"not_picked":["SignatureMove","ThirdEye+1","JustLucky"],"picked":"SKIP","floor":35.0},{"not_picked":["EmptyBody","Conclude","Nirvana"],"picked":"SKIP","floor":36.0},{"not_picked":["Evaluate","Protect+1"],"picked":"CrushJoints","floor":38.0},{"not_picked":["DeceiveReality","Wallop","Collect"],"picked":"SKIP","floor":39.0},{"not_picked":["SandsOfTime","Consecrate+1"],"picked":"TalkToTheHand","floor":41.0},{"not_picked":["Evaluate","WheelKick","WaveOfTheHand+1"],"picked":"SKIP","floor":42.0},{"not_picked":["SignatureMove","LikeWater","Prostrate"],"picked":"SKIP","floor":45.0},{"not_picked":["LessonLearned","Evaluate"],"picked":"Adaptation+1","floor":46.0},{"not_picked":["EmptyBody+1","CarveReality","CrushJoints"],"picked":"Singing Bowl","floor":55.0}],"player_experience":2806852,"relics_obtained":[{"floor":7.0,"key":"Pen Nib"},{"floor":9.0,"key":"Yang"},{"floor":14.0,"key":"Ginger"},{"floor":21.0,"key":"Bronze Scales"},{"floor":25.0,"key":"Bag of Marbles"},{"floor":29.0,"key":"Mango"},{"floor":38.0,"key":"Unceasing Top"},{"floor":41.0,"key":"Art of War"},{"floor":43.0,"key":"Pantograph"},{"floor":46.0,"key":"Singing Bowl"},{"floor":55.0,"key":"Akabeko"}],"event_choices":[{"damage_healed":0.0,"max_hp_gain":0.0,"max_hp_loss":0.0,"gold_gain":0.0,"event_name":"Shining Light","player_choice":"Entered Light","floor":3.0,"gold_loss":0.0,"damage_taken":20.0,"cards_upgraded":["Defend_P","Strike_P"]},{"damage_healed":0.0,"max_hp_gain":0.0,"max_hp_loss":0.0,"gold_gain":0.0,"event_name":"Liars Game","player_choice":"Ignored","floor":4.0,"gold_loss":0.0,"damage_taken":0.0},{"damage_healed":0.0,"max_hp_gain":0.0,"max_hp_loss":0.0,"gold_gain":0.0,"event_name":"Lab","player_choice":"Got Potions","floor":10.0,"gold_loss":0.0,"damage_taken":0.0},{"damage_healed":0.0,"max_hp_gain":0.0,"max_hp_loss":0.0,"gold_gain":0.0,"event_name":"The Library","player_choice":"Read","floor":19.0,"gold_loss":0.0,"damage_taken":0.0,"cards_obtained":["FearNoEvil"]},{"damage_healed":0.0,"max_hp_gain":0.0,"max_hp_loss":0.0,"gold_gain":0.0,"event_name":"Cursed Tome","player_choice":"Ignored","floor":20.0,"gold_loss":0.0,"damage_taken":0.0},{"damage_healed":0.0,"max_hp_gain":0.0,"max_hp_loss":0.0,"gold_gain":0.0,"event_name":"Wheel of Change","player_choice":"Relic","floor":21.0,"gold_loss":0.0,"damage_taken":0.0},{"damage_healed":0.0,"max_hp_gain":0.0,"max_hp_loss":0.0,"gold_gain":0.0,"event_name":"Addict","player_choice":"Obtained Relic","floor":30.0,"gold_loss":85.0,"damage_taken":0.0,"relics_obtained":["White Beast Statue"]},{"damage_healed":0.0,"max_hp_gain":0.0,"max_hp_loss":0.0,"gold_gain":0.0,"event_name":"MindBloom","player_choice":"Fight","floor":38.0,"gold_loss":0.0,"damage_taken":0.0},{"damage_healed":0.0,"max_hp_gain":0.0,"max_hp_loss":0.0,"gold_gain":0.0,"event_name":"Tomb of Lord Red Mask","player_choice":"Ignored","floor":48.0,"gold_loss":0.0,"damage_taken":0.0}],"is_beta":false,"boss_relics":[{"not_picked":["Sozu","Pandora\u0027s Box"],"picked":"Astrolabe"},{"not_picked":["Runic Dome","Velvet Choker"],"picked":"VioletLotus"}],"items_purged_floors":[2,24,37,54],"is_endless":false,"potions_floor_spawned":[1,5,14,16,18,22,33,35,36,38,39,41,42,45,46,55],"ascension_level":20}}