{"host":"v1zz5dqrlq7zjvm7","time":1609320981,"event":{"mods":["Act Like it!","BaseMod","Colored Map","Colored Powertips","Friendly Minions","Gensokyo","HololiveMod","Minty Spire (QoL Compilation)","Prisma Mod","StSLib","The Servant 0.9.4","UnlockEverythingMod","Waifu the Spire"],"gold_per_floor":[79,79,9,22,16,46,210,210,210,210,245,255,272,290,290,368,368,378,378,395,411,431,459,459,485,485,514,535,571,75,89,89,164,164,437,437,437,459,399,399,424,424,424,171,209,209,223,223,223,248,248,248,162,192,192],"floor_reached":56,"playtime":3756,"items_purged":[],"score":2696,"play_id":"61627138-8a5b-48f8-b302-c87f17600968","local_time":"20201230200621","is_ascension_mode":true,"campfire_choices":[{"data":"Hololive_CallNekomataOkayu","floor":8,"key":"SMITH"},{"data":"Hololive_CallHoshimachiSuisei","floor":15,"key":"SMITH"},{"data":"Hololive_CallAZKi","floor":24,"key":"SMITH"},{"data":"Hololive_CallYuzukiChoco","floor":32,"key":"SMITH"},{"data":"Hololive_IdolExercise","floor":40,"key":"SMITH"},{"data":"Hololive_Rebirth","floor":42,"key":"SMITH"},{"data":"Hololive_CallMoonaHoshinova","floor":46,"key":"SMITH"},{"floor":49,"key":"RECALL"},{"data":"Hololive_Yoholoon","floor":52,"key":"SMITH"}],"circlet_count":0,"master_deck":["AscendersBane","Hololive_Strike+1","Hololive_Defend","Hololive_CallMoonaHoshinova+1","Hololive_CallYuzukiChoco+1","Hololive_CallNekomataOkayu+1","Hololive_CallHoshimachiSuisei+1","Hololive_CallDoris+1","Hololive_CallAZKi+1","Hololive_CallMomosuzuNene+21","Hololive_CocoNews","Hololive_Yoholoon+1","Hololive_CocoNews","Hololive_Spy","Hololive_ILoveYou","Hololive_CallRosalyn","Hololive_Rebirth+1","CurseOfTheBell","Hololive_DevilCharm+1","Hololive_IdolExercise+1","Hololive_CallHimemoriLuna+1","Hololive_CallShiroganeNoel+1","Hololive_CallAyundaRisu+1","Hololive_CallAkiRosenthal+1","Gensokyo:TarnishedGold","Gensokyo:Kunekune+1","Hololive_CallYozoraMel+1","Gensokyo:ShootingStar+1","Hololive_StarCraft+1","Gensokyo:UnlikelyAid+1","Hololive_CallArtia+1","Gensokyo:CustomPotion","Hololive_CallOmaruPolka+1","Hololive_CallTokinoSora+1","Hololive_CallTsunomakiWatame+1","Hololive_CallYukihanaLamy+1","Hololive_LuckPotion+1"],"relics":["Hololive_TheStar","Gensokyo:Mercy","The Courier","Singing Bowl","StrikeDummy","Calling Bell","Bag of Marbles","Frozen Egg 2","Gambling Chip","Gensokyo:RedStar","Toxic Egg 2","Ancient Tea Set","Pantograph","Happy Flower","Letter Opener","Frozen Eye","Philosopher\u0027s Stone","Lee\u0027s Waffle","Gensokyo:Companionship","Hololive_FriedShrimpLion"],"acts_visited":["Gensokyo:Gensokyo","Gensokyo:Gensokyoer","Gensokyo:Gensokyoest","TheEnding"],"potions_floor_usage":[21,25,25,33,36,36,54,54],"damage_taken":[{"damage":0,"enemies":"Gensokyo:2_Kodama","floor":1,"turns":3},{"damage":0,"enemies":"Gensokyo:Gryphon","floor":4,"turns":3},{"damage":0,"enemies":"Gensokyo:Cirno","floor":6,"turns":5},{"damage":0,"enemies":"Gensokyo:Python","floor":7,"turns":3},{"damage":0,"enemies":"Gensokyo:Mamizou","floor":11,"turns":6},{"damage":0,"enemies":"Gensokyo:3_Kodama","floor":12,"turns":3},{"damage":0,"enemies":"Gensokyo:2_Rabbits","floor":13,"turns":2},{"damage":0,"enemies":"Gensokyo:Kitsune","floor":14,"turns":2},{"damage":0,"enemies":"Gensokyo:Reimu","floor":16,"turns":8},{"damage":0,"enemies":"Gensokyo:Chomper","floor":18,"turns":3},{"damage":0,"enemies":"Gensokyo:CosmicMonolith","floor":20,"turns":3},{"damage":13,"enemies":"Gensokyo:Swordslinger","floor":21,"turns":4},{"damage":15,"enemies":"Gensokyo:Monolith_and_Dog","floor":22,"turns":5},{"damage":0,"enemies":"Gensokyo:Tenshi","floor":23,"turns":4},{"damage":0,"enemies":"Gensokyo:Koishi","floor":25,"turns":5},{"damage":0,"enemies":"Gensokyo:Reisen","floor":27,"turns":5},{"damage":0,"enemies":"Gensokyo:Chomper_and_Gloop","floor":28,"turns":3},{"damage":1,"enemies":"Gensokyo:Tenshi","floor":29,"turns":5},{"damage":0,"enemies":"Gensokyo:3_Gloops","floor":31,"turns":4},{"damage":0,"enemies":"Gensokyo:Eternal_Rivals","floor":33,"turns":6},{"damage":0,"enemies":"Gensokyo:3_Boulders","floor":35,"turns":4},{"damage":0,"enemies":"Gensokyo:3_Boulders","floor":36,"turns":6},{"damage":0,"enemies":"Gensokyo:3_Bats","floor":38,"turns":2},{"damage":0,"enemies":"Gensokyo:Sharpion","floor":41,"turns":2},{"damage":0,"enemies":"Gensokyo:Doremy","floor":45,"turns":4},{"damage":0,"enemies":"Gensokyo:Rafflesia","floor":47,"turns":4},{"damage":0,"enemies":"Gensokyo:Yuyuko","floor":50,"turns":7},{"damage":11,"enemies":"Shield and Spear","floor":54,"turns":5},{"damage":0,"enemies":"The Heart","floor":55,"turns":7}],"seed_played":"6853365338986136616","potions_obtained":[{"floor":1,"key":"Ancient Potion"},{"floor":4,"key":"Regen Potion"},{"floor":23,"key":"DistilledChaos"},{"floor":27,"key":"BlessingOfTheForge"},{"floor":28,"key":"EssenceOfSteel"},{"floor":35,"key":"Dexterity Potion"},{"floor":38,"key":"BlessingOfTheForge"},{"floor":54,"key":"Explosive Potion"}],"is_trial":false,"path_per_floor":["M","?","COS","M","?","E","M","R","T","?","E","M","M","M","R","B",null,"M","?","M","M","M","E","R","E","T","E","M","E","COS","M","R","B",null,"M","?","?","M","?","R","M","R","T","$","E","R","M","?","R","B",null,"R","$","E","B",null],"character_chosen":"Hololive_HololiveCharacter","items_purchased":["Lee\u0027s Waffle","Hololive_CallTokinoSora+1","Energy Potion","CultistPotion"],"campfire_rested":0,"item_purchase_floors":[44,44,44,53],"current_hp_per_floor":[27,27,27,27,30,30,30,30,30,23,23,23,25,25,25,25,30,32,32,32,28,13,13,13,13,13,13,19,18,18,18,18,36,36,38,38,38,38,38,38,38,38,38,45,45,45,45,45,45,45,45,45,45,45,45],"gold":192,"neow_bonus":"UPGRADE_CARD","is_daily":false,"chose_seed":false,"campfire_upgraded":8,"win_rate":0.0,"timestamp":1609320981,"path_taken":["M","?","COS","M","?","E","?","R","T","?","E","M","?","?","R","BOSS","M","?","M","M","M","E","R","E","T","E","M","E","COS","?","R","BOSS","M","?","?","M","?","R","M","R","T","$","E","R","?","?","R","BOSS","R","$","E","BOSS"],"items_purchased_type":["Relic","Card","Potion","Potion"],"build_version":"2020-12-22","purchased_purges":0,"victory":true,"max_hp_per_floor":[30,30,30,30,30,30,30,30,30,30,30,30,32,32,32,32,32,34,34,34,34,34,34,34,34,34,34,36,36,36,36,36,36,36,38,38,38,38,38,38,38,38,38,45,45,45,45,45,45,45,45,45,45,45,45],"card_choices":[{"not_picked":["Hololive_Sequa","Hololive_CallUsadaPekora","Hololive_StrengthChampion"],"picked":"Hololive_CallAZKi","floor":1},{"not_picked":["Hololive_Rebound+1","Hololive_CocoNews+1","Hololive_Sequa+1"],"picked":"Hololive_CallMomosuzuNene+1","floor":4},{"not_picked":["Hololive_StrengthChampion","Hololive_Rebound","Hololive_OvertimeWork"],"picked":"Hololive_CocoNews","floor":4},{"not_picked":["Hololive_Breathe","Hololive_HuntDinosaur","Hololive_CallYogiri"],"picked":"Hololive_Yoholoon","floor":6},{"not_picked":["Hololive_CallMomosuzuNene","Hololive_Psychosis","Hololive_Rebound"],"picked":"Hololive_CocoNews","floor":7},{"not_picked":["Hololive_Drill","Hololive_ScarfAndHalo","Hololive_OvertimeWork"],"picked":"Hololive_Spy","floor":11},{"not_picked":["Hololive_CocoNews","Hololive_BringToTrial","Hololive_Drill"],"picked":"Hololive_ILoveYou","floor":12},{"not_picked":["Hololive_DevilCharm","Hololive_CocoNews","Hololive_Drill","Hololive_FlyingPonyTail"],"picked":"Singing Bowl","floor":13},{"not_picked":["Hololive_BringToTrial","Hololive_CallAZKi","Hololive_CallAiraniIofifteen"],"picked":"Hololive_CallRosalyn","floor":14},{"not_picked":["Hololive_BeCareful","Hololive_AWSL","Hololive_ASMR"],"picked":"Hololive_Rebirth","floor":16},{"not_picked":["Hololive_FlyingPonyTail","Hololive_Sequa","Hololive_StrengthChampion","Hololive_OvertimeWork"],"picked":"Singing Bowl","floor":18},{"not_picked":["Hololive_Drill","Hololive_Psychosis","Hololive_HuntDinosaur"],"picked":"Hololive_DevilCharm+1","floor":20},{"not_picked":["Hololive_RevenueBasedLive+1","Hololive_ILoveYou","Hololive_Rebound"],"picked":"Hololive_IdolExercise","floor":21},{"not_picked":["Hololive_CallMinatoAqua+1","Hololive_ILoveYou+1","Hololive_CocoNews"],"picked":"Hololive_CallHimemoriLuna+1","floor":22},{"not_picked":["Hololive_StrengthChampion+1","Hololive_CallShishiroBotan+1","Hololive_IdolExercise+1"],"picked":"Hololive_CallShiroganeNoel+1","floor":23},{"not_picked":["Hololive_LuckPotion+1","Hololive_RevenueBasedLive+1","Hololive_HuntDinosaur+1"],"picked":"Hololive_CallAyundaRisu+1","floor":25},{"not_picked":["Hololive_CallHimemoriLuna+1","Hololive_IdolExercise+1","Hololive_HuntDinosaur+1"],"picked":"Hololive_CallSpadeEcho+1","floor":27},{"not_picked":["Hololive_FlyingPonyTail+1","Hololive_LuckPotion+1","Hololive_OvertimeWork","Hololive_Drill"],"picked":"Singing Bowl","floor":28},{"not_picked":["Hololive_CallHimemoriLuna+1","Hololive_FlyingPonyTail+1","Hololive_HuntDinosaur+1"],"picked":"Hololive_CallAkiRosenthal+1","floor":29},{"not_picked":["Hololive_StrengthChampion","Hololive_Trident","Hololive_Sequa"],"picked":"Hololive_CallYozoraMel+1","floor":31},{"not_picked":[],"picked":"Gensokyo:ShootingStar","floor":33},{"not_picked":["Hololive_IdolExercise+1","Hololive_HighAtkLowDef+1","Hololive_ScarfAndHalo"],"picked":"Hololive_StarCraft+1","floor":33},{"not_picked":["Hololive_Trident","Hololive_Yoholoon","Hololive_FlyingPonyTail+1","Hololive_RevenueBasedLive+1"],"picked":"Singing Bowl","floor":35},{"not_picked":["Gensokyo:RisingWorld+1","Gensokyo:LifeSpringInfinity+1"],"picked":"Gensokyo:UnlikelyAid+1","floor":36},{"not_picked":["Hololive_Breathe+1","Hololive_CallHoushouMarine+1","Hololive_StrengthChampion+1"],"picked":"Hololive_CallArtia+1","floor":38},{"not_picked":["Hololive_CallYuzukiChoco+1","Hololive_CallAmaneKanata+1","Hololive_OvertimeWork"],"picked":"Hololive_CallOmaruPolka+1","floor":41},{"not_picked":["Hololive_Trident+1","Hololive_StarCraft+1","Hololive_Psychosis"],"picked":"Hololive_CallTsunomakiWatame+1","floor":45},{"not_picked":["Hololive_CocoNews","Hololive_Trident","Hololive_OvertimeWork+1"],"picked":"Hololive_CallYukihanaLamy+1","floor":47},{"not_picked":["Hololive_Watashimo+1","Hololive_CocoNews+1","Hololive_CallAkiRosenthal+1"],"picked":"Hololive_LuckPotion+1","floor":54}],"player_experience":163850,"relics_obtained":[{"floor":6,"key":"The Courier"},{"floor":9,"key":"Singing Bowl"},{"floor":11,"key":"StrikeDummy"},{"floor":17,"key":"Bag of Marbles"},{"floor":17,"key":"Frozen Egg 2"},{"floor":17,"key":"Gambling Chip"},{"floor":23,"key":"Toxic Egg 2"},{"floor":25,"key":"Ancient Tea Set"},{"floor":26,"key":"Pantograph"},{"floor":27,"key":"Happy Flower"},{"floor":29,"key":"Letter Opener"},{"floor":54,"key":"Hololive_FriedShrimpLion"}],"event_choices":[],"is_beta":false,"boss_relics":[{"not_picked":["Hololive_TopUpMoneyS","Hololive_Finger"],"picked":"Calling Bell"},{"not_picked":["Empty Cage","Runic Pyramid"],"picked":"Philosopher\u0027s Stone"}],"items_purged_floors":[],"is_endless":false,"potions_floor_spawned":[1,4,6,16,23,27,28,29,31,35,38,47,54],"ascension_level":19}}