{"host":"4jrpzl06hw66hx43","time":1609368837,"event":{"mods":["BaseMod","Bestiary","Colored Map","Colored Powertips","Minty Spire (QoL Compilation)","Permanent Neow","Quick Restart","Relic Sorter","Relic Stats","Replay The Spire","Spicy Shops","StSLib","??????REMEMod"],"gold_per_floor":[109,8,28,46,46,46,100,113,113,113,139,153,153,153,153,254,254,273,30,47,47,58,90,90,90,137,137,155,171,190,190,190],"floor_reached":31,"playtime":1303,"items_purged":[],"score":257,"play_id":"3f32cf6d-767b-4f9f-8b30-ee2ec33f88d8","local_time":"20201230145357","daily_mods":["SealedDeck","Allstar","Diverse","Colorless Cards"],"is_ascension_mode":false,"campfire_choices":[{"data":"Static Discharge","floor":6,"key":"SMITH"},{"floor":10,"key":"REST"},{"data":"Echo Form","floor":13,"key":"SMITH"},{"data":"DevaForm","floor":15,"key":"SMITH"},{"floor":24,"key":"REST"},{"data":"Pot Of Greed","floor":27,"key":"SMITH"}],"circlet_count":0,"master_deck":["Demon Form","Wraith Form v2","Echo Form+1","DevaForm+1","Go for the Eyes","Outmaneuver","Static Discharge+1","Iron Wave","Pummel","Leg Sweep","Tempest","ReplayTheSpireMod:Strike From Hell","Wild Strike","Rupture","Force Field","Dagger Spray+1","Inflame","Cold Snap","Bandage Up","Streamline","Slice","Self Repair+1","Atom Bomb","Leg Sweep+1","Warcry+1","Dagger Spray+1","Expertise+1","Pot Of Greed","Pot Of Greed","Pot Of Greed+1","Body Slam","Quick Slash","ReplayTheSpireMod:Necrosis"],"relics":["REME_ComplimentaryCards","Garlic","Charon\u0027s Ashes","Iron Core","Replay:Bronze Core","REME_HourglassOfDeath","Lizard Tail","Grinning Jar"],"acts_visited":["Exordium","TheCity"],"potions_floor_usage":[18,18],"damage_taken":[{"damage":13,"enemies":"2 Louse","floor":1,"turns":3},{"damage":11,"enemies":"Small Slimes","floor":3,"turns":5},{"damage":6,"enemies":"Cultist","floor":4,"turns":4},{"damage":25,"enemies":"3 Louse","floor":8,"turns":3},{"damage":24,"enemies":"Replay:BlueRogue","floor":11,"turns":6},{"damage":6,"enemies":"Looter","floor":12,"turns":4},{"damage":29,"enemies":"Hexaghost","floor":16,"turns":8},{"damage":24,"enemies":"2 Thieves","floor":18,"turns":4},{"damage":12,"enemies":"Shell Parasite","floor":20,"turns":5},{"damage":14,"enemies":"Centurion and Healer","floor":22,"turns":5},{"damage":49,"enemies":"REME_1_Revenger","floor":23,"turns":6},{"damage":17,"enemies":"Cultist and Chosen","floor":28,"turns":3},{"damage":70,"enemies":"3 Cultists","floor":29,"turns":6},{"damage":20,"enemies":"Shelled Parasite and Fungi","floor":30,"turns":4},{"damage":11,"enemies":"Snecko","floor":31,"turns":2}],"seed_played":"5643547069195812147","potions_obtained":[{"floor":1,"key":"ColorlessPotion"},{"floor":3,"key":"Explosive Potion"},{"floor":16,"key":"Milkshake"},{"floor":20,"key":"Languid Potion"},{"floor":28,"key":"Reflective Coating"},{"floor":29,"key":"Energy Potion"},{"floor":30,"key":"Flashbang"}],"is_trial":true,"path_per_floor":["M","$","M","M","$","R","?","M","T","R","E","M","R","?","R","B",null,"M","$","M","?","M","E","R","?","T","R","M","M","M","M"],"character_chosen":"IRONCLAD","items_purchased":["Explosive Potion","Dagger Spray","REME_HourglassOfDeath"],"campfire_rested":2,"item_purchase_floors":[2,2,19],"current_hp_per_floor":[73,73,68,68,68,68,68,49,49,73,59,63,63,63,63,48,80,70,70,72,72,72,27,51,51,51,51,38,25,9,0,0],"gold":190,"neow_bonus":"","is_daily":false,"chose_seed":false,"campfire_upgraded":4,"win_rate":0.0,"timestamp":1609368837,"path_taken":["M","$","M","M","$","R","?","M","T","R","E","M","R","?","R","BOSS","M","$","M","?","M","E","R","?","T","R","M","?","M","M"],"items_purchased_type":["Potion","Card","Relic"],"build_version":"2020-12-22","purchased_purges":0,"victory":false,"max_hp_per_floor":[80,80,80,80,80,80,80,80,80,80,80,80,80,80,80,80,80,80,80,80,80,80,80,80,80,80,80,80,80,80,80,80],"relic_stats":{"Lizard Tail":40,"counters":[15,68],"Charon\u0027s Ashes":[144],"obtain_stats":[{"Iron Core":14,"Lizard Tail":23,"REME_HourglassOfDeath":19,"Replay:Bronze Core":17,"Charon\u0027s Ashes":11,"Garlic":9,"Grinning Jar":26,"Burning Blood":0,"REME_ComplimentaryCards":0},{"Iron Core":6,"Lizard Tail":11,"REME_HourglassOfDeath":8,"Replay:Bronze Core":7,"Charon\u0027s Ashes":5,"Garlic":4,"Grinning Jar":11,"Burning Blood":0,"REME_ComplimentaryCards":0},{"Iron Core":25,"Lizard Tail":53,"REME_HourglassOfDeath":37,"Replay:Bronze Core":33,"Charon\u0027s Ashes":21,"Garlic":15,"Grinning Jar":53,"Burning Blood":0,"REME_ComplimentaryCards":0}]},"card_choices":[{"not_picked":["Glacier","Sucker Punch"],"picked":"Force Field","floor":1},{"not_picked":["Shrug It Off","Turbo"],"picked":"Inflame","floor":3},{"not_picked":["Panic Button","Blur"],"picked":"Cold Snap","floor":4},{"not_picked":["Hologram","Chaos"],"picked":"Bandage Up","floor":8},{"not_picked":["Auto Shields","Dagger Spray"],"picked":"Streamline","floor":11},{"not_picked":["ReplayTheSpireMod:Muscle Training","Gash"],"picked":"Slice","floor":12},{"not_picked":["REME_Fury","REME_EyeOfCthun"],"picked":"Atom Bomb","floor":16},{"not_picked":["Gash+1","REME_Cut"],"picked":"Leg Sweep+1","floor":18},{"not_picked":["Turbo","Cloak And Dagger+1"],"picked":"Warcry+1","floor":20},{"not_picked":["Hidden Blade","Stack"],"picked":"Dagger Spray+1","floor":22},{"not_picked":["Prepared","Recycle"],"picked":"Expertise+1","floor":23},{"not_picked":["Thunderclap","Dodge and Roll"],"picked":"Body Slam","floor":28},{"not_picked":["White Noise+1","Poisoned Stab"],"picked":"Quick Slash","floor":29},{"not_picked":["Turbo","Backflip"],"picked":"ReplayTheSpireMod:Necrosis","floor":30}],"player_experience":4848,"relics_obtained":[{"floor":9,"key":"Garlic"},{"floor":11,"key":"Charon\u0027s Ashes"},{"floor":23,"key":"Lizard Tail"},{"floor":26,"key":"Grinning Jar"}],"event_choices":[{"damage_healed":0,"gold_gain":54,"player_choice":"Gained Gold","damage_taken":0,"max_hp_gain":0,"max_hp_loss":0,"event_name":"Golden Wing","floor":7,"gold_loss":0},{"damage_healed":0,"gold_gain":0,"player_choice":"Forge","damage_taken":0,"max_hp_gain":0,"max_hp_loss":0,"event_name":"Accursed Blacksmith","floor":25,"gold_loss":0,"cards_upgraded":["Dagger Spray"]}],"is_beta":false,"boss_relics":[{"not_picked":["Electric Blood","Kintsugi"],"picked":"Replay:Bronze Core"}],"items_purged_floors":[],"is_endless":false,"potions_floor_spawned":[1,3,16,20,28,29,30],"killed_by":"Snecko","ascension_level":0}}