{"host":"byu8oejwd0fdcxn8","time":1609315531,"event":{"mods":["Act Like it!","Arknights The Spire","BaseMod","Custom Start","Minty Spire (QoL Compilation)","StSLib"],"gold_per_floor":[110,127,45,45,220,234,234,253,280,280,4,4,18,48,48,148,148,148,148],"floor_reached":18,"playtime":733,"items_purged":[],"score":160,"play_id":"c5022ae0-6a4d-4e17-9b87-75feba94be46","local_time":"20201230170531","is_ascension_mode":false,"campfire_choices":[{"data":"ats:Dogmatic Field","floor":7,"key":"SMITH"},{"data":"ats:Demon Strength","floor":10,"key":"SMITH"},{"data":"ats:Burning Ground","floor":12,"key":"SMITH"},{"data":"ats:Fractured Body","floor":15,"key":"SMITH"}],"circlet_count":0,"master_deck":["ats:Strike C","ats:Strike G","ats:Strike S","ats:Strike V","ats:Armor Crushing Shot","ats:Defend","ats:Defend","ats:Defend","ats:Defend","ats:Emotion Absorption","Parasite","ats:Dogmatic Field+1","ats:Hook Shot","ats:Demon Strength+1","ats:Composite Medical Shells","ats:Shell Defense","Doubt","ats:Apocalypse","ats:Collapsing Strike","ats:Burning Ground+1","ats:Explosion Area Strengthen","ats:Ignite","ats:Fractured Body+1","ats:Soul Rend"],"relics":["ats:Sanity","Toy Ornithopter","ats:Cure","ats:Originium","Smiling Mask","ats:Omniscience"],"acts_visited":["Exordium","TheCity"],"potions_floor_usage":[16,16,16],"damage_taken":[{"damage":5,"enemies":"2 Louse","floor":1,"turns":4},{"damage":23,"enemies":"Small Slimes","floor":2,"turns":7},{"damage":25,"enemies":"Jaw Worm","floor":6,"turns":7},{"damage":10,"enemies":"Exordium Wildlife","floor":8,"turns":6},{"damage":13,"enemies":"Lots of Slimes","floor":13,"turns":2},{"damage":54,"enemies":"Lagavulin","floor":14,"turns":6},{"damage":58,"enemies":"Hexaghost","floor":16,"turns":9},{"damage":83,"enemies":"Chosen","floor":18,"turns":6}],"seed_played":"-6417828009775690199","potions_obtained":[{"floor":1,"key":"Fire Potion"},{"floor":6,"key":"ColorlessPotion"},{"floor":13,"key":"SteroidPotion"},{"floor":14,"key":"AttackPotion"}],"is_trial":false,"path_per_floor":["M","M","$","?","?","M","R","M","T","R","$","R","M","E","R","B",null,"M"],"character_chosen":"DOCTOR_CLASS","items_purchased":["ats:Composite Medical Shells","ats:Shell Defense","ats:Cure","ats:Burning Ground","ats:Explosion Area Strengthen"],"campfire_rested":0,"item_purchase_floors":[3,3,11,11,11],"current_hp_per_floor":[67,72,72,72,72,59,59,61,61,61,61,61,48,17,17,5,72,0,0],"gold":148,"neow_bonus":"THREE_RARE_CARDS","is_daily":false,"chose_seed":false,"campfire_upgraded":4,"win_rate":0.0,"timestamp":1609315531,"path_taken":["M","M","$","?","?","M","R","M","T","R","?","R","?","E","R","BOSS","M"],"items_purchased_type":["Card","Card","Relic","Card","Card"],"build_version":"2020-12-22","purchased_purges":0,"victory":false,"max_hp_per_floor":[72,72,72,72,72,72,72,72,72,72,72,72,72,72,72,72,72,72,72],"card_choices":[{"not_picked":["ats:Roar Of Ursus","ats:Echo Reverb"],"picked":"ats:Dogmatic Field","floor":0},{"not_picked":["ats:LN2 Cannon","ats:Childhood Dance"],"picked":"ats:Hook Shot","floor":1},{"not_picked":["ats:Childhood Dance","ats:Automatic Cover"],"picked":"ats:Demon Strength","floor":2},{"not_picked":["ats:Explosion Area Strengthen","ats:Flexible Camouflage"],"picked":"ats:Apocalypse","floor":6},{"not_picked":["ats:Counter Healing Mode","ats:Beaten Up"],"picked":"ats:Collapsing Strike","floor":8},{"not_picked":["ats:Shell Defense","ats:Consecutive Shot Auto"],"picked":"ats:Ignite","floor":13},{"not_picked":["ats:Shell Defense","ats:Steam Pump"],"picked":"ats:Fractured Body","floor":14},{"not_picked":["ats:True Silver Slash","ats:Durian"],"picked":"ats:Soul Rend","floor":16}],"player_experience":1048840,"relics_obtained":[{"floor":9,"key":"Toy Ornithopter"},{"floor":14,"key":"ats:Originium"},{"floor":14,"key":"Smiling Mask"}],"event_choices":[{"damage_healed":0,"gold_gain":0,"player_choice":"Leave","damage_taken":0,"max_hp_gain":0,"max_hp_loss":0,"event_name":"The Cleric","floor":4,"gold_loss":0},{"damage_healed":0,"gold_gain":175,"player_choice":"AGREE","damage_taken":0,"max_hp_gain":0,"max_hp_loss":0,"event_name":"Liars Game","floor":5,"gold_loss":0,"cards_obtained":["Doubt"]}],"is_beta":false,"boss_relics":[{"not_picked":["Cursed Key","Runic Pyramid"],"picked":"ats:Omniscience"}],"items_purged_floors":[],"is_endless":false,"potions_floor_spawned":[1,6,13,14],"killed_by":"Chosen","ascension_level":0}}