{"host":"mi24dmma43d7mlws","time":1609359181,"event":{"mods":["2.2 Compatiblity","Astrologer","Bard","BaseMod","Beaked The Cultist","Bestiary","CatGirl Mod","Colored Map","Colored Powertips","Custom Start","Downfall","Fiend Mod","Fireblade Mod","Hermit","Highlight Path","JesterMod","Jorbs\u0027s Wanderer Trilogy","Mad Scientist","Magitek Elite","Minty Spire (QoL Compilation)","Potionbrewer","QueenMod","Quick Restart","Rare Cards Sparkle","Relic Stats","Shade Mod","Somnambulant","StSLib","Td1madao Mod","The Accelerator","The Blackbeard","The Bladedancer","The Bug Knight","The Clintock","The Construct","The Cursed","The Death Knight","The Disciple","The Elementalist","The Florist","The Forsaken","The Gatherer","The Hayseed","The Hierophant","The Judge","The Juggle","The Mystic","The Necromancer","The Problem Sleuth","The Runesmith","The Sage","The Senshi","The Servant 0.9.4","The Showman","The Spell Scribe","The Trickster","The Valiant","The Vixen","The Wild Card","TheArtist","TheBandit","TheFirefly","TheHeartMod","TheHero","TheLocksmith","everything is the same but u backflip on backflip","slay the spire mod where everything is the same but ironclad has a cowboy hat","thorton"],"gold_per_floor":[110,110,128,143,153,153,153,188,188,205,221,241,273,288,288,385,385,437,437,28,178,206,206,255,255,255,303,303,349,373,391,391,391,391,391],"floor_reached":33,"playtime":2176,"items_purged":["hexamod:Strike"],"score":361,"play_id":"e337daae-51c8-48d3-a536-b01d96a944c2","local_time":"20201230201301","is_ascension_mode":true,"campfire_choices":[{"floor":6,"key":"REST"},{"data":"hexamod:ExtraCrispy","floor":15,"key":"SMITH"},{"data":"hexamod:TimeOfNeed","floor":23,"key":"SMITH"},{"data":"hexamod:ParanormalForm","floor":25,"key":"SMITH"},{"floor":28,"key":"REST"},{"data":"hexamod:HeatCrush","floor":32,"key":"SMITH"}],"circlet_count":0,"master_deck":["hexamod:Strike","hexamod:Strike","hexamod:Strike","hexamod:Defend","hexamod:Defend","hexamod:Defend","hexamod:Defend","hexamod:Sear","hexamod:Float","hexamod:FastForward+1","hexamod:SpectersWail","hexamod:Firestarter","hexamod:DynamicBlow","hexamod:ParanormalForm+1","hexamod:EtherealExpedition","hexamod:FirstSeal","hexamod:ExtraCrispy+1","hexamod:Hexaguard","hexamod:GhostLash","hexamod:TimeOfNeed+1","hexamod:Hexaguard+1","hexamod:GhostShield","hexamod:NightmareGuise","hexamod:HeatShield","hexamod:HeatCrush+1","hexamod:ExtraCrispy+1"],"relics":["Snecko Eye","Smiling Mask","Lantern","Mummified Hand","thethorton:GreedFountain","Nilry\u0027s Codex","potionbrewer:AlchemistFlask","Akabeko","hexamod:InflammatoryLetter","Bronze Scales","StoneCalendar"],"acts_visited":["Exordium","TheCity"],"potions_floor_usage":[8,10,11,27,31,33],"damage_taken":[{"damage":1,"enemies":"2 Louse","floor":1,"turns":3},{"damage":0,"enemies":"Cultist","floor":3,"turns":3},{"damage":7,"enemies":"Small Slimes","floor":4,"turns":3},{"damage":15,"enemies":"Looter","floor":5,"turns":3},{"damage":10,"enemies":"Gremlin Nob","floor":8,"turns":3},{"damage":6,"enemies":"Red Slaver","floor":10,"turns":3},{"damage":0,"enemies":"Exordium Wildlife","floor":11,"turns":3},{"damage":5,"enemies":"Large Slime","floor":12,"turns":5},{"damage":30,"enemies":"Lagavulin","floor":13,"turns":6},{"damage":9,"enemies":"2 Fungi Beasts","floor":14,"turns":3},{"damage":12,"enemies":"Hexaghost","floor":16,"turns":6},{"damage":8,"enemies":"2 Thieves","floor":18,"turns":4},{"damage":0,"enemies":"Chosen","floor":22,"turns":3},{"damage":2,"enemies":"Book of Stabbing","floor":24,"turns":3},{"damage":24,"enemies":"Slavers","floor":27,"turns":6},{"damage":0,"enemies":"Gremlin Leader","floor":29,"turns":3},{"damage":0,"enemies":"Snake Plant","floor":30,"turns":2},{"damage":16,"enemies":"Cultist and Chosen","floor":31,"turns":6},{"damage":73,"enemies":"Automaton","floor":33,"turns":6}],"seed_played":"-757930467280353545","potions_obtained":[{"floor":3,"key":"BlessingOfTheForge"},{"floor":4,"key":"DistilledChaos"},{"floor":10,"key":"BlessingOfTheForge"},{"floor":13,"key":"potionbrewer:InfectionPotion"},{"floor":14,"key":"GamblersBrew"},{"floor":18,"key":"Swift Potion"},{"floor":22,"key":"AttackPotion"},{"floor":30,"key":"SpeedPotion"},{"floor":31,"key":"DuplicationPotion"}],"is_trial":false,"path_per_floor":["M","?","M","M","M","R","?","E","T","M","M","M","E","M","R","B",null,"M","?","$","?","M","R","E","R","T","E","R","E","M","M","R","B"],"character_chosen":"THE_SPIRIT","items_purchased":["hexamod:GhostShield","potionbrewer:AlchemistFlask"],"campfire_rested":2,"item_purchase_floors":[20,20],"current_hp_per_floor":[69,69,69,62,47,68,68,58,58,52,52,47,24,22,22,17,70,69,53,53,53,60,60,65,65,65,48,69,70,70,61,61,0,0,0],"gold":391,"neow_bonus":"BOSS_RELIC","is_daily":false,"chose_seed":false,"campfire_upgraded":4,"win_rate":0.0,"timestamp":1609359181,"path_taken":["M","?","M","?","M","R","?","E","T","M","M","M","E","M","R","BOSS","M","?","$","?","M","R","E","R","T","E","R","E","M","?","R","BOSS"],"items_purchased_type":["Card","Relic"],"build_version":"2020-12-22","purchased_purges":1,"victory":false,"max_hp_per_floor":[70,70,70,70,70,70,70,70,70,70,70,70,70,70,70,70,70,70,70,70,70,70,70,70,70,70,70,70,70,70,70,70,70,70,70],"relic_stats":{"counters":[19,74],"Mummified Hand":[75],"Bronze Scales":[52],"Snecko Eye":[144,118,131,147],"StoneCalendar":[0],"Smiling Mask":25,"obtain_stats":[{"Lantern":9,"Mummified Hand":13,"Nilry\u0027s Codex":19,"Bronze Scales":27,"Snecko Eye":0,"potionbrewer:AlchemistFlask":20,"StoneCalendar":29,"hexamod:InflammatoryLetter":26,"thethorton:GreedFountain":17,"Smiling Mask":8,"hexamod:SpiritBrand":0,"Akabeko":24},{"Lantern":5,"Mummified Hand":9,"Nilry\u0027s Codex":12,"Bronze Scales":15,"Snecko Eye":0,"potionbrewer:AlchemistFlask":12,"StoneCalendar":16,"hexamod:InflammatoryLetter":14,"thethorton:GreedFountain":11,"Smiling Mask":5,"hexamod:SpiritBrand":0,"Akabeko":14},{"Lantern":15,"Mummified Hand":32,"Nilry\u0027s Codex":45,"Bronze Scales":57,"Snecko Eye":0,"potionbrewer:AlchemistFlask":45,"StoneCalendar":60,"hexamod:InflammatoryLetter":51,"thethorton:GreedFountain":41,"Smiling Mask":15,"hexamod:SpiritBrand":0,"Akabeko":51}]},"card_choices":[{"not_picked":["hexamod:SpectralAdrenaline","hexamod:ExtraCrispy"],"picked":"hexamod:FastForward","floor":1},{"not_picked":["hexamod:GhostLash","hexamod:ThirdSeal"],"picked":"hexamod:SpectersWail","floor":3},{"not_picked":["hexamod:FastForward","hexamod:GhostLash"],"picked":"hexamod:Firestarter","floor":4},{"not_picked":["hexamod:FourthSeal","hexamod:InspiringFlames"],"picked":"hexamod:DynamicBlow","floor":5},{"not_picked":["hexamod:FifthSeal","hexamod:GhostShield"],"picked":"hexamod:ParanormalForm","floor":8},{"not_picked":["hexamod:ShieldOfDarkness","hexamod:ThermalTransfer"],"picked":"hexamod:EtherealExpedition","floor":10},{"not_picked":["hexamod:RainOfEmbers","hexamod:SkipABeat"],"picked":"hexamod:FirstSeal","floor":11},{"not_picked":["hexamod:GhostOfSpireFuture","hexamod:InspiringFlames"],"picked":"hexamod:ExtraCrispy","floor":12},{"not_picked":["hexamod:ApocalypseNow","hexamod:RainOfEmbers"],"picked":"hexamod:Hexaguard","floor":13},{"not_picked":["hexamod:InspiringFlames","hexamod:BacktrackSmack"],"picked":"hexamod:GhostLash","floor":14},{"not_picked":["hexamod:ApocalypseNow","hexamod:ApocalypticArmor"],"picked":"hexamod:TimeOfNeed","floor":16},{"not_picked":["hexamod:GhostOfSpirePast+1","hexamod:RetreatToShadows"],"picked":"hexamod:Hexaguard+1","floor":18},{"not_picked":["hexamod:SwordOfDarkness","hexamod:ApocalypseNow"],"picked":"hexamod:NightmareGuise","floor":22},{"not_picked":["hexamod:InspiringFlames","hexamod:ApocalypseNow","hexamod:SpectersWail"],"picked":"SKIP","floor":24},{"not_picked":["hexamod:Rewind","hexamod:HauntingEcho"],"picked":"hexamod:HeatShield","floor":27},{"not_picked":["hexamod:NightmareGuise","hexamod:FlamesFromBeyond","hexamod:ShieldOfDarkness+1"],"picked":"SKIP","floor":29},{"not_picked":["hexamod:InspiringFlames","hexamod:SpectralSpark+1"],"picked":"hexamod:HeatCrush","floor":30},{"not_picked":["hexamod:NightmareGuise+1","hexamod:ThermalTransfer+1"],"picked":"hexamod:ExtraCrispy+1","floor":31}],"player_experience":1032480,"relics_obtained":[{"floor":8,"key":"Smiling Mask"},{"floor":9,"key":"Lantern"},{"floor":13,"key":"Mummified Hand"},{"floor":19,"key":"Nilry\u0027s Codex"},{"floor":24,"key":"Akabeko"},{"floor":26,"key":"hexamod:InflammatoryLetter"},{"floor":27,"key":"Bronze Scales"},{"floor":29,"key":"StoneCalendar"}],"event_choices":[{"damage_healed":0,"gold_gain":0,"player_choice":"Upgraded","damage_taken":0,"max_hp_gain":0,"max_hp_loss":0,"event_name":"Upgrade Shrine","floor":2,"gold_loss":0,"cards_upgraded":["hexamod:FastForward"]},{"damage_healed":0,"gold_gain":0,"player_choice":"Obtained Book","damage_taken":16,"max_hp_gain":0,"max_hp_loss":0,"event_name":"Cursed Tome","floor":19,"gold_loss":0},{"damage_healed":0,"gold_gain":100,"player_choice":"Pray","damage_taken":0,"max_hp_gain":0,"max_hp_loss":0,"event_name":"Golden Shrine","floor":21,"gold_loss":0}],"is_beta":false,"boss_relics":[{"not_picked":["SacredBark","Sozu"],"picked":"thethorton:GreedFountain"}],"items_purged_floors":[20],"is_endless":false,"potions_floor_spawned":[3,4,10,13,14,18,22,24,30,31],"killed_by":"Automaton","ascension_level":1}}