{"host":"BK","time":1609299129,"event":{"mods":["BaseMod","Highlight Path","Minty Spire (QoL Compilation)","StSLib"],"gold_per_floor":[110,120,132,144,7,7,38,50,75,104,104,132,142,13,13,90,90,132,170,170,95,114,114,149,186,213,213,267,302,302,302],"floor_reached":30,"playtime":1070,"items_purged":["Strike_P"],"score":880,"play_id":"bad3c4ab-38f3-47d5-9a43-dd33c2f6719d","local_time":"20201229203209","is_ascension_mode":true,"campfire_choices":[{"data":"BowlingBash","floor":6.0,"key":"SMITH"},{"data":"ForeignInfluence","floor":11.0,"key":"SMITH"},{"floor":15.0,"key":"REST"},{"floor":23.0,"key":"REST"},{"floor":27.0,"key":"REST"}],"circlet_count":0,"master_deck":["AscendersBane","Strike_P+1","Strike_P","Defend_P+1","Defend_P","Defend_P","Defend_P","Eruption","Vigilance","FlurryOfBlows","FlurryOfBlows","Tantrum+1","BowlingBash+1","LessonLearned+1","ForeignInfluence+1","SashWhip","Protect+1","Wish","Protect+1"],"relics":["Busted Crown","Darkstone Periapt","Lantern","Vajra","Boot","Fusion Hammer","Bag of Marbles","PreservedInsect","Red Mask","Toy Ornithopter"],"acts_visited":["Exordium","TheCity"],"potions_floor_usage":[],"damage_taken":[{"damage":2.0,"enemies":"2 Louse","floor":1.0,"turns":2.0},{"damage":0.0,"enemies":"Jaw Worm","floor":2.0,"turns":2.0},{"damage":7.0,"enemies":"Small Slimes","floor":3.0,"turns":3.0},{"damage":4.0,"enemies":"Red Slaver","floor":4.0,"turns":3.0},{"damage":0.0,"enemies":"Lagavulin","floor":7.0,"turns":4.0},{"damage":11.0,"enemies":"3 Louse","floor":8.0,"turns":2.0},{"damage":0.0,"enemies":"Gremlin Nob","floor":10.0,"turns":1.0},{"damage":0.0,"enemies":"Lagavulin","floor":12.0,"turns":3.0},{"damage":8.0,"enemies":"Looter","floor":13.0,"turns":3.0},{"damage":0.0,"enemies":"Slime Boss","floor":16.0,"turns":4.0},{"damage":26.0,"enemies":"Chosen","floor":18.0,"turns":5.0},{"damage":14.0,"enemies":"Shell Parasite","floor":19.0,"turns":3.0},{"damage":0.0,"enemies":"Snecko","floor":22.0,"turns":2.0},{"damage":0.0,"enemies":"Book of Stabbing","floor":24.0,"turns":3.0},{"damage":30.0,"enemies":"Snake Plant","floor":25.0,"turns":4.0},{"damage":15.0,"enemies":"Masked Bandits","floor":28.0,"turns":4.0},{"damage":16.0,"enemies":"Slavers","floor":29.0,"turns":3.0},{"damage":7,"enemies":"3 Cultists","floor":30,"turns":2}],"seed_played":"-3458908882917818419","potions_obtained":[{"floor":4.0,"key":"SneckoOil"},{"floor":7.0,"key":"SteroidPotion"},{"floor":10.0,"key":"Swift Potion"},{"floor":12.0,"key":"Explosive Potion"},{"floor":16.0,"key":"Explosive Potion"},{"floor":19.0,"key":"SteroidPotion"},{"floor":22.0,"key":"DuplicationPotion"},{"floor":24.0,"key":"Dexterity Potion"}],"is_trial":false,"path_per_floor":["M","M","M","M","$","R","E","M","T","E","R","E","M","$","R","B",null,"M","M","?","?","M","R","E","M","T","R","?","E","M"],"character_chosen":"WATCHER","items_purchased":["Tantrum","BowlingBash","Fire Potion"],"campfire_rested":3,"item_purchase_floors":[5,5,14],"current_hp_per_floor":[59,59,52,48,48,48,48,37,37,37,37,37,29,29,49,49,63,37,23,23,23,23,43,43,13,13,33,18,2,0,0],"gold":302,"neow_bonus":"BOSS_RELIC","is_daily":false,"chose_seed":false,"campfire_upgraded":2,"win_rate":0.0,"timestamp":1609299129,"path_taken":["M","M","M","M","$","R","E","M","T","E","R","E","M","$","R","BOSS","M","M","?","?","M","R","E","M","T","R","?","E","M"],"items_purchased_type":["Card","Card","Potion"],"build_version":"2020-12-18","purchased_purges":1,"victory":false,"max_hp_per_floor":[68,68,68,68,68,68,68,68,68,68,68,68,68,68,68,68,68,68,68,68,68,68,68,68,68,68,68,68,68,68,68],"card_choices":[{"not_picked":[],"picked":"FlurryOfBlows","floor":1.0},{"not_picked":["Prostrate"],"picked":"SKIP","floor":2.0},{"not_picked":[],"picked":"FlurryOfBlows","floor":3.0},{"not_picked":["Prostrate"],"picked":"SKIP","floor":4.0},{"not_picked":["LessonLearned"],"picked":"SKIP","floor":7.0},{"not_picked":[],"picked":"LessonLearned","floor":7.0},{"not_picked":["Collect"],"picked":"SKIP","floor":8.0},{"not_picked":[],"picked":"ForeignInfluence","floor":10.0},{"not_picked":[],"picked":"SashWhip","floor":12.0},{"not_picked":[],"picked":"Protect","floor":13.0},{"not_picked":[],"picked":"Wish","floor":16.0},{"not_picked":["ReachHeaven"],"picked":"SKIP","floor":18.0},{"not_picked":["FlurryOfBlows"],"picked":"SKIP","floor":19.0},{"not_picked":[],"picked":"Protect+1","floor":22.0},{"not_picked":["WindmillStrike"],"picked":"SKIP","floor":24.0},{"not_picked":["WreathOfFlame"],"picked":"SKIP","floor":25.0},{"not_picked":["Crescendo"],"picked":"SKIP","floor":29.0}],"player_experience":2476939,"relics_obtained":[{"floor":7.0,"key":"Darkstone Periapt"},{"floor":9.0,"key":"Lantern"},{"floor":10.0,"key":"Vajra"},{"floor":12.0,"key":"Boot"},{"floor":24.0,"key":"Bag of Marbles"},{"floor":26.0,"key":"PreservedInsect"},{"floor":28.0,"key":"Red Mask"},{"floor":29.0,"key":"Toy Ornithopter"}],"event_choices":[{"damage_healed":0.0,"max_hp_gain":0.0,"max_hp_loss":0.0,"gold_gain":0.0,"event_name":"Cursed Tome","player_choice":"Ignored","floor":20.0,"gold_loss":0.0,"damage_taken":0.0},{"cards_removed":["Strike_P"],"damage_healed":0.0,"max_hp_gain":0.0,"max_hp_loss":0.0,"gold_gain":0.0,"event_name":"Beggar","player_choice":"Gave Gold","floor":21.0,"gold_loss":75.0,"damage_taken":0.0},{"damage_healed":0.0,"max_hp_gain":0.0,"max_hp_loss":0.0,"gold_gain":0.0,"event_name":"Masked Bandits","player_choice":"Fought Bandits","floor":28.0,"gold_loss":0.0,"damage_taken":0.0}],"is_beta":true,"boss_relics":[{"not_picked":["Velvet Choker","Tiny House"],"picked":"Fusion Hammer"}],"items_purged_floors":[14],"is_endless":false,"potions_floor_spawned":[4,7,10,12,16,19,22,24,25],"killed_by":"3 Cultists","ascension_level":20}}