{"host":"h77azxdx0evtsxw5","time":1609294191,"event":{"mods":["AchievementEnabler","BaseMod","Better Vampires","Minty Spire (QoL Compilation)","Quick Restart","Rare Cards Sparkle","Relic Stats"],"gold_per_floor":[113,113,113,131,131,163,163,179,260,0,11,31,31,52,52,183,183,202,53,53,53,64,64,75,75,75,87,87],"floor_reached":27,"playtime":1283,"items_purged":["Pain","Strike_G"],"score":238,"play_id":"2f580606-6e6c-4e48-86de-c158d5fe4980","local_time":"20201229210951","is_ascension_mode":false,"campfire_choices":[{"data":"Backstab","floor":7,"key":"SMITH"},{"data":"Infinite Blades","floor":15,"key":"SMITH"},{"data":"Backflip","floor":23,"key":"SMITH"},{"data":"Deflect","floor":25,"key":"SMITH"}],"circlet_count":0,"master_deck":["Strike_G","Strike_G+1","Defend_G","Defend_G","Defend_G","Defend_G","Defend_G","Survivor+1","Neutralize+1","Backflip+1","Backstab+1","Deflect+1","Footwork","Infinite Blades+1","Injury","Blade Dance+1","Bullet Time+1","Blade Dance+1","Acrobatics+1","Reflex+1"],"relics":["Ring of the Snake","NeowsBlessing","WarpedTongs","Question Card","Whetstone","Toxic Egg 2","Membership Card","Bloody Idol","SlaversCollar","Boot","MawBank"],"acts_visited":["Exordium","TheCity"],"potions_floor_usage":[16,16,22,24],"damage_taken":[{"damage":0,"enemies":"Cultist","floor":1,"turns":1},{"damage":0,"enemies":"Jaw Worm","floor":4,"turns":1},{"damage":0,"enemies":"Gremlin Nob","floor":6,"turns":1},{"damage":0,"enemies":"2 Louse","floor":8,"turns":1},{"damage":0,"enemies":"Large Slime","floor":11,"turns":9},{"damage":0,"enemies":"2 Fungi Beasts","floor":12,"turns":4},{"damage":4,"enemies":"3 Louse","floor":14,"turns":4},{"damage":18,"enemies":"Hexaghost","floor":16,"turns":13},{"damage":6,"enemies":"3 Byrds","floor":18,"turns":7},{"damage":3,"enemies":"Shell Parasite","floor":22,"turns":3},{"damage":3,"enemies":"Snecko","floor":24,"turns":6},{"damage":77,"enemies":"Gremlin Leader","floor":27,"turns":10}],"seed_played":"-4835919014078144823","potions_obtained":[{"floor":1,"key":"AttackPotion"},{"floor":8,"key":"EssenceOfSteel"},{"floor":12,"key":"Strength Potion"},{"floor":18,"key":"Dexterity Potion"},{"floor":22,"key":"Energy Potion"}],"is_trial":false,"path_per_floor":["M","?","?","M","T","E","R","M","T","$","M","M","?","M","R","B",null,"M","$","?","?","M","R","M","R","T","E"],"character_chosen":"THE_SILENT","items_purchased":["Membership Card","Footwork","Boot","Blade Dance+1"],"campfire_rested":0,"item_purchase_floors":[10,10,19,19],"current_hp_per_floor":[70,70,70,70,70,70,70,70,70,70,70,70,70,66,66,48,70,64,64,64,64,66,66,68,68,68,0,0],"gold":87,"neow_bonus":"THREE_ENEMY_KILL","is_daily":false,"chose_seed":false,"campfire_upgraded":4,"win_rate":0.0,"timestamp":1609294191,"path_taken":["M","?","?","?","?","E","R","M","T","$","?","M","?","M","R","BOSS","M","$","?","?","M","R","M","R","T","E"],"items_purchased_type":["Relic","Card","Relic","Card"],"build_version":"2020-12-22","purchased_purges":2,"victory":false,"max_hp_per_floor":[70,70,70,70,70,70,70,70,70,70,70,70,70,70,70,70,70,70,70,70,70,70,70,70,70,70,70,70],"relic_stats":{"counters":[12,60],"Bloody Idol":12,"Whetstone":["Neutralize","Strike_G"],"Question Card":9,"Boot":[73],"MawBank":12,"obtain_stats":[{"SlaversCollar":17,"NeowsBlessing":0,"Golden Idol":13,"Bloody Idol":21,"Whetstone":6,"Membership Card":10,"Toxic Egg 2":9,"Question Card":5,"Boot":19,"MawBank":26,"Ring of the Snake":0,"WarpedTongs":3},{"SlaversCollar":8,"NeowsBlessing":0,"Golden Idol":6,"Bloody Idol":9,"Whetstone":3,"Membership Card":4,"Toxic Egg 2":4,"Question Card":2,"Boot":9,"MawBank":11,"Ring of the Snake":0,"WarpedTongs":1},{"SlaversCollar":34,"NeowsBlessing":0,"Golden Idol":17,"Bloody Idol":41,"Whetstone":3,"Membership Card":4,"Toxic Egg 2":4,"Question Card":2,"Boot":41,"MawBank":50,"Ring of the Snake":0,"WarpedTongs":1}],"Ring of the Snake":[24],"WarpedTongs":[59]},"card_choices":[{"not_picked":["Distraction","Acrobatics"],"picked":"Backflip","floor":1},{"not_picked":["Eviscerate","Underhanded Strike","Leg Sweep"],"picked":"SKIP","floor":4},{"not_picked":["Sucker Punch","Catalyst","Reflex"],"picked":"Backstab","floor":6},{"not_picked":["Riddle With Holes","Deadly Poison","PiercingWail"],"picked":"Deflect","floor":8},{"not_picked":["Choke","Accuracy","Backflip+1"],"picked":"Infinite Blades","floor":11},{"not_picked":["Slice","Deadly Poison+1","Well Laid Plans","Eviscerate"],"picked":"SKIP","floor":12},{"not_picked":["Blur+1","Prepared+1","Finisher"],"picked":"Blade Dance+1","floor":14},{"not_picked":["Grand Finale","Malaise+1","Die Die Die"],"picked":"Bullet Time+1","floor":16},{"not_picked":["Tactician+1","Expertise+1","Distraction+1","Choke+1"],"picked":"SKIP","floor":18},{"not_picked":["Footwork","Dagger Spray","Dagger Throw","Underhanded Strike"],"picked":"SKIP","floor":22},{"not_picked":["Masterful Stab","Underhanded Strike","Crippling Poison+1","Deadly Poison+1"],"picked":"SKIP","floor":24}],"player_experience":265460,"relics_obtained":[{"floor":5,"key":"Question Card"},{"floor":6,"key":"Whetstone"},{"floor":9,"key":"Toxic Egg 2"},{"floor":26,"key":"MawBank"}],"event_choices":[{"damage_healed":0,"gold_gain":0,"player_choice":"Grow","damage_taken":0,"max_hp_gain":0,"max_hp_loss":0,"event_name":"Living Wall","floor":2,"gold_loss":0,"cards_upgraded":["Survivor"]},{"damage_healed":0,"gold_gain":0,"player_choice":"Rummage","damage_taken":0,"relics_obtained":["WarpedTongs"],"max_hp_gain":0,"max_hp_loss":0,"event_name":"Accursed Blacksmith","floor":3,"gold_loss":0,"cards_obtained":["Pain"]},{"damage_healed":0,"gold_gain":0,"player_choice":"Take Wound","damage_taken":0,"relics_obtained":["Golden Idol"],"max_hp_gain":0,"max_hp_loss":0,"event_name":"Golden Idol","floor":13,"gold_loss":0,"cards_obtained":["Injury"]},{"damage_healed":0,"gold_gain":0,"cards_transformed":["Strike_G","Strike_G"],"player_choice":"Became Test Subject","damage_taken":0,"max_hp_gain":0,"max_hp_loss":0,"event_name":"Drug Dealer","floor":20,"gold_loss":0,"cards_obtained":["Acrobatics","Reflex"]},{"damage_healed":0,"gold_gain":0,"player_choice":"Gave Idol","damage_taken":0,"relics_obtained":["Bloody Idol"],"max_hp_gain":0,"max_hp_loss":0,"event_name":"Forgotten Altar","floor":21,"relics_lost":["Golden Idol"],"gold_loss":0}],"is_beta":false,"boss_relics":[{"not_picked":["Pandora\u0027s Box","SacredBark"],"picked":"SlaversCollar"}],"items_purged_floors":[10,19],"is_endless":false,"potions_floor_spawned":[1,8,12,14,18,22],"killed_by":"Gremlin Leader","ascension_level":0}}