{"host":"08sn1703g14rasc1","time":1609327163,"event":{"mods":["AchievementEnabler","BaseMod","Colored Map","Colored Powertips","Hermit","Minty Spire (QoL Compilation)","StSLib"],"gold_per_floor":[115,115,134,56,56,56,82,42,93,110,122,137,137,150,150,254,254,270,250,250,55,80,80,80],"floor_reached":23,"playtime":647,"items_purged":[],"score":258,"play_id":"837a98e3-64ad-46a4-8f5f-9521503526c3","local_time":"20201230031923","is_ascension_mode":true,"campfire_choices":[{"floor":6,"key":"REST"},{"floor":13,"key":"REST"},{"floor":15,"key":"REST"}],"circlet_count":0,"master_deck":["hermit:Strike_Hermit","hermit:Strike_Hermit","hermit:Strike_Hermit","hermit:Defend_Hermit","hermit:Defend_Hermit","hermit:Defend_Hermit+1","hermit:Snapshot","hermit:Covet","hermit:FromBeyond+1","hermit:Coalescence","hermit:Deadeye","hermit:Desperado","hermit:Brawl","hermit:Grudge+1","hermit:FlashPowder","hermit:Misfire+1","hermit:Gambit","hermit:Gestalt","hermit:Dissolve","CurseOfTheBell","hermit:Glare+1","hermit:Glare","Mayhem","hermit:Grudge+1"],"relics":["hermit:Momento","Darkstone Periapt","Molten Egg 2","Blood Vial","Calling Bell","Ancient Tea Set","Matryoshka","Bird Faced Urn","Red Mask"],"acts_visited":["Exordium","TheCity"],"potions_floor_usage":[7,11,16,22,22],"damage_taken":[{"damage":0,"enemies":"Cultist","floor":1,"turns":3},{"damage":4,"enemies":"Small Slimes","floor":3,"turns":3},{"damage":31,"enemies":"3 Sentries","floor":7,"turns":6},{"damage":1,"enemies":"2 Louse","floor":10,"turns":3},{"damage":0,"enemies":"Gremlin Gang","floor":11,"turns":1},{"damage":4,"enemies":"Large Slime","floor":12,"turns":4},{"damage":39,"enemies":"Exordium Thugs","floor":14,"turns":4},{"damage":31,"enemies":"Slime Boss","floor":16,"turns":6},{"damage":13,"enemies":"3 Byrds","floor":18,"turns":5},{"damage":11,"enemies":"2 Thieves","floor":19,"turns":4},{"damage":63,"enemies":"Masked Bandits","floor":22,"turns":6},{"damage":27,"enemies":"Book of Stabbing","floor":23,"turns":3}],"seed_played":"-4061289261766718538","potions_obtained":[{"floor":1,"key":"Energy Potion"},{"floor":3,"key":"Strength Potion"},{"floor":8,"key":"PowerPotion"},{"floor":8,"key":"LiquidMemories"},{"floor":19,"key":"BlessingOfTheForge"}],"is_trial":false,"path_per_floor":["M","T","M","$","?","R","E","?","T","M","M","M","R","M","R","B",null,"M","M","?","$","?","E"],"character_chosen":"HERMIT","items_purchased":["hermit:Brawl","Mayhem"],"campfire_rested":3,"item_purchase_floors":[4,21],"current_hp_per_floor":[50,50,46,46,31,53,22,22,22,23,25,23,45,8,30,1,63,52,45,72,72,15,0,0],"gold":80,"neow_bonus":"TRANSFORM_TWO_CARDS","is_daily":false,"chose_seed":false,"campfire_upgraded":0,"win_rate":0.0,"timestamp":1609327163,"path_taken":["M","?","M","$","?","R","E","?","T","M","M","M","R","M","R","BOSS","M","?","?","?","?","E"],"items_purchased_type":["Card","Card"],"build_version":"2020-12-22","purchased_purges":0,"victory":false,"max_hp_per_floor":[75,75,75,75,75,75,75,75,75,75,75,75,75,75,75,75,81,81,81,81,81,81,81,81],"card_choices":[{"not_picked":["hermit:ItchyTrigger","hermit:Coalescence"],"picked":"hermit:Deadeye","floor":1},{"not_picked":["hermit:HoleUp","hermit:Coalescence"],"picked":"hermit:Desperado","floor":3},{"not_picked":["hermit:TakeCover","hermit:Cheat"],"picked":"hermit:Grudge+1","floor":7},{"not_picked":["hermit:Headshot+1","hermit:NoHoldsBarred+1"],"picked":"hermit:FlashPowder","floor":10},{"not_picked":["hermit:Coalescence","hermit:Combo"],"picked":"hermit:Misfire+1","floor":11},{"not_picked":["hermit:Misfire+1","hermit:ItchyTrigger+1"],"picked":"hermit:Gambit","floor":12},{"not_picked":["hermit:Desperado+1","hermit:SprayPray+1"],"picked":"hermit:Gestalt","floor":14},{"not_picked":["hermit:FinalCanter+1","hermit:HighNoon"],"picked":"hermit:Dissolve","floor":16},{"not_picked":["hermit:TakeAim+1","hermit:TrackingShot+1"],"picked":"hermit:Glare+1","floor":18},{"not_picked":["hermit:GoldenBullet+1","hermit:Misfire+1"],"picked":"hermit:Glare","floor":19},{"not_picked":["hermit:Showdown+1","hermit:Roulette+1"],"picked":"hermit:Grudge+1","floor":22}],"player_experience":449205,"relics_obtained":[{"floor":2,"key":"Darkstone Periapt"},{"floor":7,"key":"Molten Egg 2"},{"floor":9,"key":"Blood Vial"},{"floor":17,"key":"Ancient Tea Set"},{"floor":17,"key":"Matryoshka"},{"floor":17,"key":"Bird Faced Urn"},{"floor":22,"key":"Red Mask"}],"event_choices":[{"damage_healed":0,"gold_gain":0,"player_choice":"Entered Light","damage_taken":15,"max_hp_gain":0,"max_hp_loss":0,"event_name":"Shining Light","floor":5,"gold_loss":0,"cards_upgraded":["hermit:FromBeyond","hermit:Defend_Hermit"]},{"damage_healed":0,"gold_gain":0,"player_choice":"Bought 3 Potions","damage_taken":0,"max_hp_gain":0,"max_hp_loss":0,"event_name":"The Woman in Blue","floor":8,"gold_loss":0},{"damage_healed":27,"gold_gain":0,"player_choice":"Heal","damage_taken":0,"max_hp_gain":0,"max_hp_loss":0,"event_name":"The Library","floor":20,"gold_loss":0},{"damage_healed":0,"gold_gain":0,"player_choice":"Fought Bandits","damage_taken":0,"max_hp_gain":0,"max_hp_loss":0,"event_name":"Masked Bandits","floor":22,"gold_loss":0}],"is_beta":false,"boss_relics":[{"not_picked":["Empty Cage","Coffee Dripper"],"picked":"Calling Bell"}],"items_purged_floors":[],"is_endless":false,"potions_floor_spawned":[1,3,10,19],"killed_by":"Book of Stabbing","ascension_level":7}}