{"host":"zpql4quw4g2j1hsh","time":1609340319,"event":{"mods":["Act Like it!","BaseMod","Better-Laid Plans","Colored Map","Highlight Path","Minty Spire (QoL Compilation)","Permanent Neow","Quick Restart","Relic Stats","Replay The Spire","Shop Mod","Spicy Shops","StSLib","SuperFastMode","UnlockEverythingMod","¡¾ÒÅÎï¿¨ÅÆ¡¿REMEMod","óô»ðÖ¸ÄÏ"],"gold_per_floor":[109,122,140,140,153,180,180,280,304,304,314,331,331,331],"floor_reached":13,"playtime":690,"items_purged":[],"score":87,"play_id":"0f176723-b4cf-431e-aa50-7ad9f5c33d09","local_time":"20201230225839","is_ascension_mode":false,"campfire_choices":[{"floor":7.0,"key":"RECALL"},{"data":"Eruption","floor":10.0,"key":"SMITH"}],"circlet_count":0,"master_deck":["Strike_P","Strike_P","Strike_P","Strike_P","Defend_P","Defend_P","Defend_P","Eruption+1","Vigilance","MasterReality","ClearTheMind","SandsOfTime","FollowUp","Evaluate","Replay:AtTheReady","Vengeance"],"relics":["PureWater","REME_ComplimentaryCards","Orichalcum","PreservedInsect"],"acts_visited":["Exordium"],"potions_floor_usage":[],"damage_taken":[{"damage":3.0,"enemies":"Jaw Worm","floor":1.0,"turns":2.0},{"damage":2.0,"enemies":"Small Slimes","floor":2.0,"turns":4.0},{"damage":1.0,"enemies":"Cultist","floor":3.0,"turns":4.0},{"damage":0.0,"enemies":"Large Slime","floor":5.0,"turns":4.0},{"damage":17.0,"enemies":"3 Sentries","floor":6.0,"turns":7.0},{"damage":7.0,"enemies":"Exordium Wildlife","floor":11.0,"turns":3.0},{"damage":0.0,"enemies":"3 Louse","floor":12.0,"turns":6.0},{"damage":24,"enemies":"Gremlin Nob","floor":13,"turns":3}],"seed_played":"-2641058758411705944","potions_obtained":[{"floor":2.0,"key":"Energy Potion"},{"floor":5.0,"key":"Strength Potion"}],"is_trial":false,"path_per_floor":["M","M","M","?","M","E","R","?","T","R","M","M","E"],"character_chosen":"WATCHER","items_purchased":[],"campfire_rested":0,"item_purchase_floors":[],"current_hp_per_floor":[69,67,66,48,48,31,31,31,31,31,24,24,0,0],"gold":331,"neow_bonus":"REMOVE_CARD","is_daily":false,"chose_seed":false,"campfire_upgraded":1,"win_rate":0.0,"timestamp":1609340319,"path_taken":["M","M","M","?","M","E","R","?","T","R","?","M","E"],"items_purchased_type":[],"build_version":"2020-12-22","purchased_purges":0,"victory":false,"max_hp_per_floor":[72,72,72,72,72,72,72,72,72,72,72,72,72,72],"relic_stats":{"counters":[8,33],"PreservedInsect":22,"Orichalcum":[30],"obtain_stats":[{"PreservedInsect":6,"PureWater":0,"Orichalcum":4,"REME_ComplimentaryCards":0},{"PreservedInsect":5,"PureWater":0,"Orichalcum":3,"REME_ComplimentaryCards":0},{"PreservedInsect":21,"PureWater":0,"Orichalcum":10,"REME_ComplimentaryCards":0}]},"card_choices":[{"not_picked":["Replay:ManipulateFuture","ThirdEye","REME_Repentance"],"picked":"SKIP","floor":1.0},{"not_picked":["Crescendo","BowlingBash"],"picked":"ClearTheMind","floor":2.0},{"not_picked":["PathToVictory","Replay:BluntJabs"],"picked":"SandsOfTime","floor":3.0},{"not_picked":["Indignation","Crescendo"],"picked":"FollowUp","floor":5.0},{"not_picked":["PathToVictory","Scrawl"],"picked":"Evaluate","floor":6.0},{"not_picked":["ThirdEye","FlurryOfBlows"],"picked":"Replay:AtTheReady","floor":11.0},{"not_picked":["BattleHymn","FlurryOfBlows"],"picked":"Vengeance","floor":12.0}],"player_experience":836,"relics_obtained":[{"floor":6.0,"key":"PreservedInsect"}],"event_choices":[{"damage_healed":0.0,"max_hp_gain":0.0,"max_hp_loss":0.0,"gold_gain":0.0,"event_name":"Scrap Ooze","player_choice":"Success","floor":4.0,"gold_loss":0.0,"damage_taken":18.0,"relics_obtained":["Orichalcum"]},{"damage_healed":0.0,"max_hp_gain":0.0,"max_hp_loss":0.0,"gold_gain":100.0,"event_name":"Golden Shrine","player_choice":"Pray","floor":8.0,"gold_loss":0.0,"damage_taken":0.0}],"is_beta":false,"boss_relics":[],"items_purged_floors":[],"is_endless":false,"potions_floor_spawned":[2,5],"killed_by":"Gremlin Nob","ascension_level":0}}