{"host":"6to8m083wj0ro91z","time":1609359556,"event":{"mods":["BaseMod","Better Third Choice","BetterRewards","CatGirl Mod","ChefMod","Friendly Minions","GungeonMod","Hubris","Mad Scientist","Marisa????????","Minty Spire (QoL Compilation)","Shade Mod","Spicy Shops","StSLib","The Blackbeard","The Death Knight","The Dragon Tamer","The Gatherer","The Marked","The Mystic","The Necromancer","The Servant 0.9.4"],"gold_per_floor":[111,61,81,92,92,92,124,25,78,103,123,155,2,2,2,97,97,109,109,109,162,162,162,162],"floor_reached":23,"playtime":1820,"items_purged":["DemoMod:Strike_Huntress","DemoMod:Strike_Huntress","DemoMod:Strike_Huntress"],"score":322,"play_id":"5da1de40-a2aa-4c08-9079-c8aa5f6aca94","local_time":"20201230211916","is_ascension_mode":true,"campfire_choices":[{"data":"DemoMod:ShadowBullets","floor":6.0,"key":"SMITH"},{"data":"DemoMod:ManualReload","floor":15.0,"key":"SMITH"}],"circlet_count":0,"master_deck":["DemoMod:Defend_Huntress","DemoMod:Defend_Huntress","DemoMod:Defend_Huntress","DemoMod:Roll","DemoMod:ManualReload+1","DemoMod:RustySidearm+1","DemoMod:CrossBow","DemoMod:MachoBrace","DemoMod:TeaPot","DemoMod:ShadowBullets+1","DemoMod:Evolver","DemoMod:GunstockTap","DemoMod:Purify+1"],"relics":["DemoMod:Dog","Blood Vial","Membership Card","DemoMod:LamentConfigurum","Turnip","DemoMod:RedGuonStone","hubris:TinFlute","Strawberry","Vajra","Art of War","DemoMod:ClearGuonStone","Ornamental Fan","hubris:Towel","Black Star","Bottled Tornado"],"acts_visited":["Exordium","TheCity"],"potions_floor_usage":[21,21],"damage_taken":[{"damage":1.0,"enemies":"Jaw Worm","floor":1.0,"turns":3.0},{"damage":1.0,"enemies":"2 Louse","floor":3.0,"turns":3.0},{"damage":0.0,"enemies":"Small Slimes","floor":4.0,"turns":2.0},{"damage":8.0,"enemies":"Lagavulin","floor":7.0,"turns":7.0},{"damage":11.0,"enemies":"3 Sentries","floor":10.0,"turns":7.0},{"damage":0.0,"enemies":"Red Slaver","floor":11.0,"turns":3.0},{"damage":19.0,"enemies":"Gremlin Nob","floor":12.0,"turns":9.0},{"damage":8.0,"enemies":"Hexaghost","floor":16.0,"turns":10.0},{"damage":0.0,"enemies":"Chosen","floor":18.0,"turns":4.0},{"damage":66,"enemies":"3 Cultists","floor":21,"turns":6},{"damage":21,"enemies":"Gremlin Leader","floor":23,"turns":2}],"seed_played":"-4728801287644777375","potions_obtained":[{"floor":3.0,"key":"DeathKnight:RimePotion"},{"floor":4.0,"key":"BlessingOfTheForge"},{"floor":7.0,"key":"LiquidMemories"},{"floor":16.0,"key":"SpeedPotion"}],"is_trial":false,"path_per_floor":["M","?","M","M","?","R","E","$","T","E","M","E","$","?","R","B",null,"M","?","M","M","?","E"],"character_chosen":"HUNTRESS","items_purchased":["Blood Vial","Membership Card","DemoMod:LamentConfigurum","Turnip","Strawberry","Ornamental Fan","Block Potion"],"campfire_rested":0,"item_purchase_floors":[0,0,0,0,8,13,13],"current_hp_per_floor":[46,46,47,49,46,46,40,47,47,38,40,23,23,23,23,17,77,77,77,77,11,11,0,0],"gold":162,"neow_bonus":"","is_daily":false,"chose_seed":false,"campfire_upgraded":2,"win_rate":0.0,"timestamp":1609359556,"path_taken":["M","?","M","M","?","R","E","$","T","E","M","E","?","?","R","BOSS","M","?","?","?","?","E"],"items_purchased_type":["Relic","Relic","Relic","Relic","Relic","Relic","Potion"],"build_version":"2020-12-22","purchased_purges":3,"victory":false,"max_hp_per_floor":[70,70,70,70,70,70,70,77,77,77,77,77,77,77,77,77,77,77,77,77,77,77,77,77],"card_choices":[{"not_picked":["DemoMod:ConditionalReflex","DemoMod:SkilledReload"],"picked":"DemoMod:MachoBrace","floor":1.0},{"not_picked":["DemoMod:BattleInHaste","DemoMod:AC15"],"picked":"DemoMod:TeaPot","floor":3.0},{"not_picked":["DemoMod:StickyCrossBow","DemoMod:FeignSurrender"],"picked":"DemoMod:ShadowBullets","floor":4.0},{"not_picked":["DemoMod:SAA","DemoMod:ThirdPartyController","DemoMod:PotionOfGunFriendShip"],"picked":"SKIP","floor":4.0},{"not_picked":["DemoMod:AC15","DemoMod:DoubleSwitch","DemoMod:HighKaliber"],"picked":"SKIP","floor":7.0},{"not_picked":["DemoMod:FastSwitch","DemoMod:GunShield","DemoMod:FortunesFavor"],"picked":"SKIP","floor":10.0},{"not_picked":["DemoMod:CursedBullets","DemoMod:BoxingGlove"],"picked":"DemoMod:Evolver","floor":11.0},{"not_picked":["DemoMod:GunShield","DemoMod:LifeOrb","DemoMod:Polaris"],"picked":"SKIP","floor":12.0},{"not_picked":["DemoMod:MachoBrace","DemoMod:PotionOfGunFriendShip"],"picked":"DemoMod:GunstockTap","floor":18.0},{"not_picked":["DemoMod:Camera","DemoMod:ZorGun+1"],"picked":"DemoMod:Purify+1","floor":21}],"player_experience":1054277,"relics_obtained":[{"floor":7.0,"key":"hubris:TinFlute"},{"floor":9.0,"key":"Vajra"},{"floor":10.0,"key":"Art of War"},{"floor":12.0,"key":"DemoMod:ClearGuonStone"}],"event_choices":[{"cards_removed":["DemoMod:Defend_Huntress"],"damage_healed":0.0,"max_hp_gain":0.0,"max_hp_loss":0.0,"gold_gain":0.0,"event_name":"The Cleric","player_choice":"Card Removal","floor":2.0,"gold_loss":50.0,"damage_taken":0.0},{"damage_healed":0.0,"max_hp_gain":0.0,"max_hp_loss":0.0,"gold_gain":0.0,"event_name":"betterThird:BetterScrap","player_choice":"Relic ","floor":5.0,"gold_loss":0.0,"damage_taken":3.0,"cards_obtained":["Unload"]},{"damage_healed":0.0,"max_hp_gain":0.0,"max_hp_loss":0.0,"gold_gain":0.0,"event_name":"Upgrade Shrine","player_choice":"Upgraded","floor":19.0,"gold_loss":0.0,"damage_taken":0.0,"cards_upgraded":["DemoMod:RustySidearm"]},{"damage_healed":0,"gold_gain":0,"player_choice":"Ignored","damage_taken":0,"max_hp_gain":0,"max_hp_loss":0,"event_name":"Vampires","floor":22,"gold_loss":0}],"is_beta":false,"boss_relics":[{"not_picked":["Snecko Eye","Astrolabe"],"picked":"Black Star"}],"items_purged_floors":[0,0,8],"is_endless":false,"potions_floor_spawned":[3,4,7,16],"killed_by":"Gremlin Leader","ascension_level":1}}