{"host":"w5c60nchricmn3zb","time":1609304879,"event":{"mods":["BaseMod","Conspire","Downfall","Duelist Mod","Hermit","Infinite Spire","Minty Spire (QoL Compilation)","Permanent Neow","Random Character Button","Relic Sorter","Replay The Spire","StSLib","The Cursed","The Jungle","The Marked","The Runesmith","The Servant 0.9.4","The Wild Card"],"gold_per_floor":[115,115,115,129,149,179,179,193,193,209,55,55,119,119,119,220,220,231,231,248,0,13,13,44,63,63,63,63,63,63,63,63,164,164,174,0,11,40,40,40],"floor_reached":39,"playtime":2095,"items_purged":["Defend_S","Strike_S"],"score":497,"play_id":"089e922c-92e0-44ec-8843-a3ec017409b0","local_time":"20201230000759","is_ascension_mode":false,"campfire_choices":[{"floor":7,"key":"REST"},{"floor":15,"key":"REST"},{"floor":23,"key":"REST"},{"floor":27,"key":"REST"},{"floor":30,"key":"REST"},{"data":"Moonlight","floor":32,"key":"SMITH"}],"circlet_count":0,"master_deck":["Strike_S","Strike_S","Strike_S","Defend_S","KidneyShot+1","Exchange","Luminosity","SoulSculpture+1","Moonlight+1","ShatteredReality","FlawlessForm","LightFlow","CurseOfTheBell","Rearm","Potential+1","ReplayTheSpireMod:IOU","Reset+1","Moonlight+1","theDuelist:CurseAging","conspire:Blindness","infinitespire:Execution","Duplication","Revamp","Spin","BottledTime"],"relics":["Uniform","Replay:Wax Seal","Pet Ghost","conspire:DeflatedDodgeball","Gremlin Horn","Calling Bell","Gremlin Food","Replay:Ringing Soul","infinitespire:Golems Mask","Question Card","infinitespire:Lucky Rock","Shuriken","theJungle:BirthdayCake","ReplayTheSpireMod:Lightbulb","Red Mask","infinitespire:PuzzleCube"],"acts_visited":["Exordium","Exordium","TheBeyond"],"potions_floor_usage":[10,13,13,16,20,20,35,35,38],"damage_taken":[{"damage":8,"enemies":"Jaw Worm","floor":1,"turns":2},{"damage":4,"enemies":"2 Louse","floor":4,"turns":2},{"damage":0,"enemies":"Cultist","floor":5,"turns":2},{"damage":19,"enemies":"Gremlin Nob","floor":6,"turns":4},{"damage":13,"enemies":"2 Fungi Beasts","floor":8,"turns":3},{"damage":0,"enemies":"Blue Slaver","floor":10,"turns":1},{"damage":13,"enemies":"3 Sentries","floor":13,"turns":6},{"damage":0,"enemies":"Hexaghost","floor":16,"turns":10},{"damage":5,"enemies":"theJungle:GiantWrat","floor":18,"turns":4},{"damage":15,"enemies":"theJungle:Flameango_and_Byrd","floor":20,"turns":6},{"damage":12,"enemies":"theJungle:Snecko_Cultist_And_Trap","floor":22,"turns":4},{"damage":15,"enemies":"theJungle:Cassacara","floor":24,"turns":8},{"damage":7,"enemies":"theJungle:JungleHuntersEncounter","floor":25,"turns":5},{"damage":18,"enemies":"theJungle:FunGuy","floor":33,"turns":6},{"damage":10,"enemies":"Orb Walker","floor":35,"turns":2},{"damage":60,"enemies":"3 Shapes","floor":37,"turns":3},{"damage":5,"enemies":"conspire:MimicChest","floor":38,"turns":4},{"damage":42,"enemies":"Sphere and 2 Shapes","floor":39,"turns":4}],"seed_played":"-220387367799240294","potions_obtained":[{"floor":4,"key":"Fire Potion"},{"floor":5,"key":"Ancient Potion"},{"floor":6,"key":"SpeedPotion"},{"floor":13,"key":"Flashbang"},{"floor":16,"key":"SkillPotion"},{"floor":18,"key":"Block Potion"},{"floor":20,"key":"SteroidPotion"},{"floor":24,"key":"Block Potion"},{"floor":33,"key":"PowerPotion"},{"floor":37,"key":"Adrenaline Potion"}],"is_trial":false,"path_per_floor":["M","?","?","M","M","E","R","M","T","M","$","?","?","?","R","B",null,"M","?","M","$","M","R","E","M","T","R","?","?","R","T","R","B",null,"M","?","M","?","M"],"character_chosen":"THE_SERVANT","items_purchased":["Replay:Wax Seal","Question Card"],"campfire_rested":5,"item_purchase_floors":[11,21],"current_hp_per_floor":[51,56,56,52,52,33,52,39,39,39,39,27,14,33,52,52,64,62,67,55,58,49,71,56,52,52,75,78,98,102,102,102,87,105,98,98,41,39,0,0],"gold":40,"neow_bonus":"TRANSFORM_TWO_CARDS","is_daily":false,"chose_seed":false,"campfire_upgraded":1,"win_rate":0.0,"timestamp":1609304879,"path_taken":["M","?","?","M","?","E","R","M","T","M","$","?","?","?","R","BOSS","M","?","M","$","?","R","E","M","T","R","?","?","R","?","R","BOSS","M","?","M","?","?"],"items_purchased_type":["Relic","Relic"],"build_version":"2020-12-22","purchased_purges":2,"victory":false,"max_hp_per_floor":[59,64,64,64,64,64,64,64,64,64,64,64,64,64,64,64,64,67,67,70,73,76,76,76,79,79,79,82,102,102,102,102,105,105,108,108,111,114,114,114],"card_choices":[{"not_picked":["Gouge","Revamp"],"picked":"Moonlight","floor":1},{"not_picked":["FastForward","Contraction","DoubleEdge"],"picked":"SKIP","floor":4},{"not_picked":["InstantArmor","Alleviate","Spin"],"picked":"SKIP","floor":5},{"not_picked":["SpecialFormula","RealityMarble","ForgedInTime"],"picked":"SKIP","floor":6},{"not_picked":["DualDimension","Rewind"],"picked":"ShatteredReality","floor":8},{"not_picked":["Contraction","DoubleEdge"],"picked":"FlawlessForm","floor":10},{"not_picked":["MurderousAura","KillingDoll"],"picked":"LightFlow","floor":16},{"not_picked":["TimeWarp","DoubleEdge"],"picked":"Rearm","floor":18},{"not_picked":["Gouge","Replace+1"],"picked":"Potential","floor":20},{"not_picked":["MoonPhase","Collapse","Luminosity"],"picked":"Reset+1","floor":22},{"not_picked":["Desolation","Ricochet","Rewind","Defy"],"picked":"SKIP","floor":24},{"not_picked":["TimeWarp","Rearm","Revamp"],"picked":"Moonlight","floor":25},{"not_picked":["infinitespire:Oblivion","infinitespire:SealOfDarkness+"],"picked":"infinitespire:Execution","floor":28},{"not_picked":["TheWorld","Deny","Solidify"],"picked":"Duplication","floor":33},{"not_picked":["FanOfKnives+1","BottledTime+1","Replace"],"picked":"Revamp","floor":35},{"not_picked":["Defy","Replace","Advance"],"picked":"Spin","floor":37},{"not_picked":["DualDimension+1","Desolation","Deny"],"picked":"BottledTime","floor":38}],"player_experience":123075,"relics_obtained":[{"floor":6,"key":"Pet Ghost"},{"floor":9,"key":"conspire:DeflatedDodgeball"},{"floor":17,"key":"Gremlin Food"},{"floor":17,"key":"Replay:Ringing Soul"},{"floor":17,"key":"infinitespire:Golems Mask"},{"floor":24,"key":"infinitespire:Lucky Rock"},{"floor":26,"key":"Shuriken"},{"floor":31,"key":"ReplayTheSpireMod:Lightbulb"},{"floor":38,"key":"infinitespire:PuzzleCube"}],"event_choices":[{"damage_healed":0,"gold_gain":0,"player_choice":"Donut","damage_taken":0,"max_hp_gain":5,"max_hp_loss":0,"event_name":"Big Fish","floor":2,"gold_loss":0},{"damage_healed":0,"gold_gain":0,"player_choice":"Forge","damage_taken":0,"max_hp_gain":0,"max_hp_loss":0,"event_name":"Accursed Blacksmith","floor":3,"gold_loss":0,"cards_upgraded":["Moonlight"]},{"damage_healed":0,"gold_gain":0,"player_choice":"Success","damage_taken":12,"relics_obtained":["Gremlin Horn"],"max_hp_gain":0,"max_hp_loss":0,"event_name":"Scrap Ooze","floor":12,"gold_loss":0},{"damage_healed":0,"gold_gain":0,"player_choice":"Searched \u00272\u0027 times","damage_taken":0,"max_hp_gain":0,"max_hp_loss":0,"event_name":"Dead Adventurer","floor":13,"gold_loss":0},{"damage_healed":5,"gold_gain":0,"player_choice":"Full Heal","damage_taken":0,"max_hp_gain":0,"max_hp_loss":0,"event_name":"Wheel of Change","floor":19,"gold_loss":0},{"damage_healed":0,"gold_gain":0,"player_choice":"Paid","damage_taken":0,"relics_obtained":["Red Mask"],"max_hp_gain":0,"max_hp_loss":0,"event_name":"Tomb of Lord Red Mask","floor":36,"gold_loss":174}],"is_beta":false,"boss_relics":[{"not_picked":["Runesmith:UraniumAnvil","Ring of Chaos"],"picked":"Calling Bell"},{"not_picked":["Velvet Choker","conspire:SlowCooker","conspire:RoyalGoblet"]}],"items_purged_floors":[11,21],"is_endless":false,"potions_floor_spawned":[4,5,6,13,16,18,20,24,33,37],"killed_by":"Sphere and 2 Shapes","ascension_level":0}}