{"host":"dntw6kil9p09eemm","time":1609344112,"event":{"mods":["Alarm Clock","Aspiration","BaseMod","Become a monster €›?Œ÷","Hubris","Minty Spire (QoL Compilation)","Permanent Neow","Replay The Spire","Shop Mod","StSLib"],"gold_per_floor":[99,99,117,129,139,139,149,175,192,192,260,260,279,311,330,19,19,118,118,130,149,162,7,21,53,53,53,53,69,82,102,112,142,142,247,247,267,249,263,263,263,263],"floor_reached":41,"playtime":2161,"items_purged":["Defend_B","Strike_B","Defend_B"],"score":479,"play_id":"b136736c-b298-47a4-b057-e5436abb533a","local_time":"20201231010152","is_ascension_mode":false,"campfire_choices":[{"data":"Zap","floor":10,"key":"SMITH"},{"floor":26,"key":"REST"},{"data":"Echo Form","floor":34,"key":"SMITH"}],"circlet_count":0,"master_deck":["Strike_B","Strike_B","Defend_B","Defend_B","Zap+1","Echo Form+1","Self Repair","Conserve Battery","Ball Lightning+1","Bash","Headbutt","Loop","Double Energy","Sweeping Beam","Ball Lightning","ReplayTheSpireMod:Calculation Training","Electrodynamics","Static Discharge","Conserve Battery","Hologram","The Bomb","Ball Lightning+1","Beam Cell","Beam Cell","Auto Shields","hubris:SpecializedCircuitry","Hologram+1","Sunder","Turbo+1","hubris:Ukulele+1"],"relics":["Iron Core","The Courier","Magic Flower","MerchantsRug","Prayer Wheel","Matryoshka","Runic Capacitor"],"acts_visited":["Exordium","TheCity","TheBeyond"],"potions_floor_usage":[14,29,31,35,39],"damage_taken":[{"damage":0,"enemies":"3 Shapes","floor":3,"turns":1},{"damage":1,"enemies":"Jaw Worm","floor":4,"turns":4},{"damage":6,"enemies":"2 Louse","floor":5,"turns":2},{"damage":3,"enemies":"Looter","floor":7,"turns":3},{"damage":2,"enemies":"Replay:BlueRogue","floor":8,"turns":6},{"damage":19,"enemies":"3 Louse","floor":9,"turns":4},{"damage":8,"enemies":"Exordium Thugs","floor":13,"turns":4},{"damage":27,"enemies":"3 Sentries","floor":14,"turns":4},{"damage":20,"enemies":"Large Slime","floor":15,"turns":3},{"damage":17,"enemies":"Fading Forest","floor":18,"turns":11},{"damage":20,"enemies":"Spheric Guardian","floor":20,"turns":4},{"damage":24,"enemies":"Shell Parasite","floor":21,"turns":4},{"damage":36,"enemies":"Snake Plant","floor":22,"turns":4},{"damage":7,"enemies":"Cultist and Chosen","floor":24,"turns":4},{"damage":25,"enemies":"Replay:Snechameleon","floor":25,"turns":4},{"damage":5,"enemies":"Snecko","floor":29,"turns":3},{"damage":34,"enemies":"Snake Plant","floor":30,"turns":4},{"damage":0,"enemies":"3 Cultists","floor":31,"turns":3},{"damage":10,"enemies":"Chosen and Byrds","floor":32,"turns":4},{"damage":67,"enemies":"Collector","floor":35,"turns":7},{"damage":16,"enemies":"Orb Walker","floor":37,"turns":4},{"damage":33,"enemies":"3 Darklings","floor":39,"turns":4}],"seed_played":"4634657061004872096","potions_obtained":[{"floor":3,"key":"Venom Potion"},{"floor":8,"key":"ColorlessPotion"},{"floor":9,"key":"Languid Potion"},{"floor":13,"key":"DuplicationPotion"},{"floor":20,"key":"SteroidPotion"},{"floor":22,"key":"FairyPotion"},{"floor":25,"key":"FearPotion"},{"floor":27,"key":"Milkshake"},{"floor":27,"key":"Regen Potion"},{"floor":27,"key":"AttackPotion"},{"floor":32,"key":"EssenceOfDarkness"},{"floor":35,"key":"BlessingOfTheForge"}],"is_trial":false,"path_per_floor":["M","M","M","M","M","?","M","E","M","R","T","T","M","E","M","$","R","B",null,"M","M","M","$","M","E","R","?","T","M","M","M","M","$","R","B",null,"M","$","M","$","M"],"character_chosen":"DEFECT","items_purchased":["Magic Flower","MerchantsRug","The Bomb","Runic Capacitor","Sunder"],"campfire_rested":1,"item_purchase_floors":[16,23,23,33,38],"current_hp_per_floor":[75,75,75,75,75,75,72,75,63,63,63,63,62,54,34,34,34,61,75,75,62,37,37,51,26,48,48,48,62,39,50,51,51,51,33,75,59,59,26,26,0,0],"gold":263,"neow_bonus":"TRANSFORM_CARD","is_daily":false,"chose_seed":false,"campfire_upgraded":2,"win_rate":0.0,"timestamp":1609344112,"path_taken":["M","M","M","?","M","E","M","R","T","?","M","E","M","$","R","BOSS","M","M","M","$","M","E","R","?","T","M","M","M","M","$","R","BOSS","M","$","M","$","M"],"items_purchased_type":["Relic","Relic","Card","Relic","Card"],"build_version":"2020-12-22","purchased_purges":3,"victory":false,"max_hp_per_floor":[75,75,75,75,75,75,75,75,75,75,75,75,75,75,75,75,75,75,75,75,75,75,75,75,75,75,75,75,75,75,75,75,75,75,75,75,75,75,75,75,75,75],"card_choices":[{"not_picked":["Auto Shields","Rebound"],"picked":"Self Repair","floor":3},{"not_picked":["Gash","Rebound"],"picked":"Conserve Battery","floor":4},{"not_picked":["Loop","Rebound"],"picked":"Ball Lightning","floor":5},{"not_picked":["Anger","Coolheaded"],"picked":"Headbutt","floor":7},{"not_picked":["Thunder Strike","aspiration:Polymerization"],"picked":"Loop","floor":8},{"not_picked":["Go for the Eyes","Heavy Blade"],"picked":"Double Energy","floor":9},{"not_picked":["Compile Driver","ReplayTheSpireMod:System Scan"],"picked":"Sweeping Beam","floor":13},{"not_picked":["Body Slam","Go for the Eyes"],"picked":"Ball Lightning","floor":14},{"not_picked":["Static Discharge","Leap"],"picked":"ReplayTheSpireMod:Calculation Training","floor":15},{"not_picked":["Multi-Cast","Thunder Strike"],"picked":"Electrodynamics","floor":18},{"not_picked":["Rebound+1","Time Bomb"],"picked":"Static Discharge","floor":20},{"not_picked":["Ball Lightning","Loop"],"picked":"Conserve Battery","floor":21},{"not_picked":["Barrage","Leap"],"picked":"Hologram","floor":22},{"not_picked":["Cold Snap+1","Leap"],"picked":"Ball Lightning+1","floor":24},{"not_picked":["Cold Snap","Barrage+1","aspiration:Polymerization+1"],"picked":"SKIP","floor":25},{"not_picked":["Coolheaded","Hello World"],"picked":"Beam Cell","floor":29},{"not_picked":["Reboot","Leap"],"picked":"Beam Cell","floor":29},{"not_picked":["BasicCrystalCard","Steam"],"picked":"Auto Shields","floor":30},{"not_picked":["Cold Snap","Compile Driver","Reinforced Body+1"],"picked":"SKIP","floor":30},{"not_picked":["Leap","Coolheaded","hubris:PowerSurge"],"picked":"SKIP","floor":31},{"not_picked":["Streamline","Lockon","Hello World"],"picked":"SKIP","floor":31},{"not_picked":["Streamline+1","Ball Lightning","Skim"],"picked":"SKIP","floor":32},{"not_picked":["Steam","Genetic Algorithm","Go for the Eyes+1"],"picked":"SKIP","floor":32},{"not_picked":["Hyperbeam","Echo Form"],"picked":"hubris:SpecializedCircuitry","floor":35},{"not_picked":["Conserve Battery","Barrage"],"picked":"Hologram+1","floor":37},{"not_picked":["Streamline","Hologram","Compile Driver+1"],"picked":"SKIP","floor":37},{"not_picked":["Genetic Algorithm+1","Cold Snap+1"],"picked":"Turbo+1","floor":39},{"not_picked":["Steam","Streamline+1"],"picked":"hubris:Ukulele+1","floor":39}],"player_experience":162611,"relics_obtained":[{"floor":8,"key":"aspiration:MysteriousAuxiliaryCore"},{"floor":11,"key":"The Courier"},{"floor":12,"key":"Toy Ornithopter"},{"floor":14,"key":"Potion Belt"},{"floor":25,"key":"Prayer Wheel"},{"floor":28,"key":"Matryoshka"}],"event_choices":[{"damage_healed":0,"gold_gain":0,"player_choice":"Got Potions","damage_taken":0,"max_hp_gain":0,"max_hp_loss":0,"event_name":"Lab","floor":27,"gold_loss":0}],"is_beta":false,"boss_relics":[{"not_picked":["hubris:Stopwatch","aspiration:FutureDiary"],"picked":"Nuclear Battery"},{"not_picked":["Replay:Drink Me","aspiration:RitualDagger"],"picked":"hubris:HollowSoul"}],"items_purged_floors":[16,33,38],"is_endless":false,"potions_floor_spawned":[3,8,9,13,20,22,25,32,35],"killed_by":"4 Shapes","ascension_level":0}}