{"host":"u0f5uy314yz7olfc","time":1609337670,"event":{"mods":["AchievementEnabler","Aspiration","BaseMod","Better Altar","Better Match","Better Note","Better Sensory Stone","Better Skull","Better Third Choice","BetterRewards","Block Reminder","Colored Map","Colored Powertips","DeckTracker","Dota2Spire","Emptier Cage","Gold Saver","Highlight Path","Hubris","Infinite Spire","Marked Mod","Mimic Mod","Minty Spire (QoL Compilation)","Permanent Neow","Quick Restart","Rare Cards Sparkle","Relic Sorter","Replay The Spire","Shop Mod","StSLib","The Bladedancer","The Blue Laboratory","Watcher Patcher"],"gold_per_floor":[118,133,13,223,37,37,52,113,147,147,147,147],"floor_reached":11,"playtime":871,"items_purged":[],"score":61,"play_id":"6a5fb27c-7a4c-4c9e-9821-08c908f68555","local_time":"20201230211430","is_ascension_mode":false,"campfire_choices":[{"floor":6.0,"key":"REST"},{"floor":10.0,"key":"RECALL"}],"circlet_count":0,"master_deck":["blademaster:Strike","blademaster:Strike","blademaster:Strike","blademaster:Strike","blademaster:Defend","blademaster:Defend","blademaster:Defend","blademaster:Defend","blademaster:RagingBlow","blademaster:HighVoltage","blademaster:AspectOfWind","blademaster:Stability","blademaster:Slice","blademaster:BloodyBlow","blademaster:Safeguard","blademaster:BrainBloom","blademaster:BrainBloom","blademaster:LightningCrash","blademaster:RollingTyphoon","blademaster:Meditate","blademaster:Flurry","blademaster:Vortex","blademaster:Sunder","blademaster:Sunder","blademaster:AwakeningDefend","blademaster:AwakeningDefend","blademaster:ParryingStrike","blademaster:Quickstep","blademaster:Safeguard","blademaster:Sharpen","blademaster:Frontflip","blademaster:Hailwind"],"relics":["blademaster:DancersAmulet","hubris:FunFungus","MerchantsRug","Orrery","ReplayFunnel","aspiration:Lifesprig","Replay:Accelerometer"],"acts_visited":["Exordium"],"potions_floor_usage":[],"damage_taken":[{"damage":1.0,"enemies":"Cultist","floor":1.0,"turns":3.0},{"damage":3.0,"enemies":"Small Slimes","floor":2.0,"turns":4.0},{"damage":1.0,"enemies":"Jaw Worm","floor":7.0,"turns":4.0},{"damage":28.0,"enemies":"3 Sentries","floor":8.0,"turns":10.0},{"damage":4.0,"enemies":"Exordium Wildlife","floor":9.0,"turns":8.0},{"damage":19,"enemies":"Gremlin Nob","floor":11,"turns":4}],"seed_played":"6770501805504852626","potions_obtained":[{"floor":8.0,"key":"Strength Potion"}],"is_trial":false,"path_per_floor":["M","M","$","?","$","R","M","?","MIM","R","E"],"character_chosen":"THE_BLADEMASTER","items_purchased":["hubris:FunFungus","blademaster:AspectOfWind","blademaster:Stability","MerchantsRug","blademaster:Slice","blademaster:BloodyBlow","blademaster:Safeguard","hubris:MysteriousPyramids","Orrery","blademaster:Sunder","blademaster:AwakeningDefend","blademaster:ParryingStrike","blademaster:Quickstep","blademaster:Safeguard"],"campfire_rested":1,"item_purchase_floors":[0,0,0,0,0,0,0,0,3,3,5,5,5,5],"current_hp_per_floor":[74,71,71,23,23,45,44,20,28,28,12,12],"gold":147,"neow_bonus":"","is_daily":false,"chose_seed":false,"campfire_upgraded":0,"win_rate":0.0,"timestamp":1609337670,"path_taken":["M","M","$","?","$","R","?","?","MIM","R","E"],"items_purchased_type":["Relic","Card","Card","Relic","Card","Card","Card","Relic","Relic","Card","Card","Card","Card","Card"],"build_version":"2020-12-22","purchased_purges":0,"victory":false,"max_hp_per_floor":[75,75,75,75,75,75,75,75,75,75,75,75],"card_choices":[{"not_picked":["blademaster:Reversal","blademaster:Thrust"],"picked":"blademaster:BrainBloom","floor":1.0},{"not_picked":["blademaster:Rupture","blademaster:Sunder"],"picked":"blademaster:BrainBloom","floor":2.0},{"not_picked":["blademaster:Rupture","blademaster:BladeCross"],"picked":"blademaster:LightningCrash","floor":3.0},{"not_picked":["blademaster:Gust","blademaster:LightningCrash"],"picked":"blademaster:RollingTyphoon","floor":3.0},{"not_picked":["blademaster:OneTrickPony","blademaster:Sunder"],"picked":"blademaster:Meditate","floor":3.0},{"not_picked":["blademaster:ChargingUp","blademaster:Vortex"],"picked":"blademaster:Flurry","floor":3.0},{"not_picked":["blademaster:DaggerAndCloak","blademaster:AspectOfLightning"],"picked":"blademaster:Vortex","floor":3.0},{"not_picked":["blademaster:KiBarrier","blademaster:ThunderSlash"],"picked":"blademaster:Sharpen","floor":7.0},{"not_picked":["blademaster:Discharge","blademaster:AspectOfWind"],"picked":"blademaster:Frontflip","floor":8.0},{"not_picked":["blademaster:AspectOfWind","blademaster:KiBarrier"],"picked":"blademaster:Hailwind","floor":9.0}],"player_experience":393771,"relics_obtained":[],"event_choices":[{"damage_healed":0.0,"max_hp_gain":0.0,"max_hp_loss":0.0,"gold_gain":210.0,"event_name":"betterSkull:BetterSkull","player_choice":"GO RE RE GO ","floor":4.0,"gold_loss":0.0,"damage_taken":54.0,"cards_upgraded":[],"relics_obtained":["ReplayFunnel","aspiration:Lifesprig"]},{"damage_healed":0.0,"max_hp_gain":0.0,"max_hp_loss":0.0,"gold_gain":0.0,"event_name":"Dead Adventurer","player_choice":"Searched \u00273\u0027 times","floor":8.0,"gold_loss":0.0,"damage_taken":0.0,"relics_obtained":["Replay:Accelerometer"]}],"is_beta":false,"boss_relics":[],"items_purged_floors":[],"is_endless":false,"potions_floor_spawned":[8],"killed_by":"Gremlin Nob","ascension_level":0}}