{"host":"y89x8uui45kcjy42","time":1609329933,"event":{"mods":["2.2 Compatiblity","BaseMod","CapriCore","Colored Map","Colored Powertips","Custom Start","Friendly Minions","Highlight Path","Keyboard Shortcuts","Minty Spire (QoL Compilation)","Relic Stats","Slay the Relics Exporter","StSLib","SuperFastMode","Waifu the Spire"],"gold_per_floor":[11,23,23,23,48,69,69,69],"floor_reached":7,"playtime":361,"items_purged":[],"score":86,"play_id":"28e70082-b340-42ee-82e3-ee24dbc0a367","local_time":"20201230210533","is_ascension_mode":true,"campfire_choices":[],"circlet_count":0,"master_deck":["AscendersBane","Strike_B","Strike_B","Strike_B","Strike_B","Defend_B","Defend_B","Defend_B","Defend_B","Zap","Dualcast","Core Surge","Capacitor","Self Repair","Undo","Cold Snap"],"relics":["Cracked Core","Golden Idol","Peace Pipe"],"acts_visited":["Exordium"],"potions_floor_usage":[5],"damage_taken":[{"damage":0,"enemies":"Small Slimes","floor":1,"turns":3},{"damage":2,"enemies":"Jaw Worm","floor":2,"turns":4},{"damage":1,"enemies":"Cultist","floor":5,"turns":3},{"damage":28,"enemies":"Exordium Thugs","floor":6,"turns":5},{"damage":35,"enemies":"Gremlin Nob","floor":7,"turns":4}],"seed_played":"-8514090754425275028","potions_obtained":[{"floor":1,"key":"BlessingOfTheForge"},{"floor":6,"key":"Dexterity Potion"}],"is_trial":false,"path_per_floor":["M","M","?","?","M","M","E"],"character_chosen":"DEFECT","items_purchased":[],"campfire_rested":0,"item_purchase_floors":[],"current_hp_per_floor":[64,62,62,36,42,21,0,0],"gold":69,"neow_bonus":"THREE_RARE_CARDS","is_daily":false,"chose_seed":false,"campfire_upgraded":0,"win_rate":0.0,"timestamp":1609329933,"path_taken":["M","M","?","?","M","M","E"],"items_purchased_type":[],"build_version":"2020-12-22","purchased_purges":0,"victory":false,"max_hp_per_floor":[71,71,64,64,64,64,64,64],"relic_stats":{"Peace Pipe":0,"counters":[5,19],"Golden Idol":9,"obtain_stats":[{"Peace Pipe":4,"Golden Idol":3,"Cracked Core":0},{"Peace Pipe":2,"Golden Idol":2,"Cracked Core":0},{"Peace Pipe":7,"Golden Idol":7,"Cracked Core":0}]},"card_choices":[{"not_picked":["Seek","Machine Learning"],"picked":"Core Surge","floor":0},{"not_picked":["Redo","Streamline"],"picked":"Capacitor","floor":1},{"not_picked":["Sweeping Beam","Turbo"],"picked":"Self Repair","floor":2},{"not_picked":["Ball Lightning","Fusion"],"picked":"Undo","floor":5},{"not_picked":["Streamline","Compile Driver"],"picked":"Cold Snap","floor":6}],"player_experience":528416,"relics_obtained":[],"event_choices":[{"damage_healed":0,"gold_gain":0,"player_choice":"Lose Max HP","damage_taken":0,"relics_obtained":["Golden Idol"],"max_hp_gain":0,"max_hp_loss":7,"event_name":"Golden Idol","floor":3,"gold_loss":0},{"damage_healed":0,"gold_gain":0,"player_choice":"Success","damage_taken":26,"relics_obtained":["Peace Pipe"],"max_hp_gain":0,"max_hp_loss":0,"event_name":"Scrap Ooze","floor":4,"gold_loss":0}],"is_beta":false,"boss_relics":[],"items_purged_floors":[],"is_endless":false,"potions_floor_spawned":[1,6],"killed_by":"Gremlin Nob","ascension_level":20}}