{"host":"dcj2yvrgcvh5dl2s","time":1609298617,"event":{"mods":["BaseMod","Better Note","Block Reminder","Colored Powertips","DeckTracker","Minty Spire (QoL Compilation)","Quick Restart","Rare Cards Sparkle","Relic Stats","StSLib"],"gold_per_floor":[118,43,63,43,53,88,112,112,112,112,146,165,185,212,212,286,286,302,318,318,243,243,243,82,82,136,96,96,96],"floor_reached":28,"playtime":1194,"items_purged":["Strike_R"],"score":445,"play_id":"3f685560-5902-4643-a281-45a755ca404a","local_time":"20201230132337","is_ascension_mode":true,"campfire_choices":[{"floor":8,"key":"REST"},{"floor":15,"key":"REST"},{"floor":23,"key":"REST"},{"data":"Barricade","floor":25,"key":"SMITH"}],"circlet_count":0,"master_deck":["AscendersBane","Strike_R","Strike_R","Defend_R","Defend_R","Defend_R","Defend_R","Bash","Flex","Metallicize","Pommel Strike","Feel No Pain","Disarm","Barricade+1","Heavy Blade","Fire Breathing"],"relics":["Black Blood","NeowsBlessing","Mummified Hand","Odd Mushroom","Bronze Scales","Paper Frog","Pear","Singing Bowl","Nilry\u0027s Codex","Oddly Smooth Stone","Orichalcum"],"acts_visited":["Exordium","TheCity"],"potions_floor_usage":[6,7,11,13,14,14,18],"damage_taken":[{"damage":0,"enemies":"2 Louse","floor":1,"turns":1},{"damage":0,"enemies":"Cultist","floor":3,"turns":1},{"damage":0,"enemies":"Jaw Worm","floor":5,"turns":1},{"damage":33,"enemies":"Gremlin Nob","floor":6,"turns":4},{"damage":39,"enemies":"The Mushroom Lair","floor":7,"turns":6},{"damage":17,"enemies":"3 Sentries","floor":11,"turns":12},{"damage":1,"enemies":"3 Louse","floor":12,"turns":4},{"damage":10,"enemies":"Exordium Thugs","floor":13,"turns":5},{"damage":8,"enemies":"Lagavulin","floor":14,"turns":6},{"damage":43,"enemies":"The Guardian","floor":16,"turns":14},{"damage":22,"enemies":"3 Byrds","floor":18,"turns":4},{"damage":77,"enemies":"Spheric Guardian","floor":19,"turns":11},{"damage":36,"enemies":"3 Cultists","floor":28,"turns":4}],"seed_played":"-2623702479086863521","potions_obtained":[{"floor":1,"key":"FearPotion"},{"floor":4,"key":"LiquidBronze"},{"floor":6,"key":"Dexterity Potion"},{"floor":11,"key":"HeartOfIron"},{"floor":12,"key":"SpeedPotion"},{"floor":13,"key":"BlessingOfTheForge"},{"floor":16,"key":"Block Potion"},{"floor":18,"key":"FairyPotion"}],"is_trial":false,"path_per_floor":["M","$","M","?","M","E","?","R","T","?","E","M","M","E","R","B",null,"M","M","T","?","?","R","$","R","T","$","M"],"character_chosen":"IRONCLAD","items_purchased":["Oddly Smooth Stone","Fire Breathing"],"campfire_rested":3,"item_purchase_floors":[24,27],"current_hp_per_floor":[74,74,75,75,75,48,15,37,37,37,26,31,27,35,60,23,70,60,29,29,29,8,33,33,33,33,33,0,0],"gold":96,"neow_bonus":"THREE_ENEMY_KILL","is_daily":false,"chose_seed":false,"campfire_upgraded":1,"win_rate":0.0,"timestamp":1609298617,"path_taken":["M","$","M","?","?","E","?","R","T","?","E","M","?","E","R","BOSS","M","M","?","?","?","R","$","R","T","?","?"],"items_purchased_type":["Relic","Card"],"build_version":"2020-12-22","purchased_purges":1,"victory":false,"max_hp_per_floor":[75,75,75,75,75,75,75,75,75,75,75,75,75,85,85,85,85,85,85,85,85,85,85,85,85,85,85,85,85],"relic_stats":{"Singing Bowl":0,"counters":[13,73],"Mummified Hand":[23],"Bronze Scales":[208],"Black Blood":73,"Orichalcum":[6],"obtain_stats":[{"Pear":14,"NeowsBlessing":0,"Singing Bowl":20,"Mummified Hand":6,"Nilry\u0027s Codex":22,"Bronze Scales":9,"Black Blood":17,"Oddly Smooth Stone":24,"Odd Mushroom":7,"Orichalcum":26,"Burning Blood":0,"Paper Frog":11},{"Pear":9,"NeowsBlessing":0,"Singing Bowl":12,"Mummified Hand":4,"Nilry\u0027s Codex":12,"Bronze Scales":5,"Black Blood":10,"Oddly Smooth Stone":12,"Odd Mushroom":5,"Orichalcum":12,"Burning Blood":0,"Paper Frog":6},{"Pear":40,"NeowsBlessing":0,"Singing Bowl":69,"Mummified Hand":7,"Nilry\u0027s Codex":69,"Bronze Scales":13,"Black Blood":54,"Oddly Smooth Stone":69,"Odd Mushroom":13,"Orichalcum":69,"Burning Blood":0,"Paper Frog":25}]},"card_choices":[{"not_picked":["Inflame","Fire Breathing"],"picked":"Flex","floor":1},{"not_picked":["Clash","Entrench","Evolve"],"picked":"SKIP","floor":3},{"not_picked":["Thunderclap","Anger"],"picked":"Metallicize","floor":5},{"not_picked":["Armaments","Bloodletting"],"picked":"Pommel Strike","floor":6},{"not_picked":["Rupture","Anger"],"picked":"Feel No Pain","floor":11},{"not_picked":["Havoc","Twin Strike","Anger"],"picked":"SKIP","floor":12},{"not_picked":["Clash","Anger","Rupture"],"picked":"SKIP","floor":13},{"not_picked":["Body Slam","Warcry"],"picked":"Disarm","floor":14},{"not_picked":["Demon Form","Juggernaut"],"picked":"Barricade","floor":16},{"not_picked":["Cleave","Clash","Anger"],"picked":"SKIP","floor":18},{"not_picked":["Bloodletting","Body Slam"],"picked":"Heavy Blade","floor":19}],"player_experience":2105967,"relics_obtained":[{"floor":6,"key":"Mummified Hand"},{"floor":7,"key":"Odd Mushroom"},{"floor":9,"key":"Bronze Scales"},{"floor":11,"key":"Paper Frog"},{"floor":14,"key":"Pear"},{"floor":20,"key":"Singing Bowl"},{"floor":22,"key":"Nilry\u0027s Codex"},{"floor":26,"key":"Orichalcum"}],"event_choices":[{"damage_healed":0,"gold_gain":0,"player_choice":"Bought 1 Potion","damage_taken":0,"max_hp_gain":0,"max_hp_loss":0,"event_name":"The Woman in Blue","floor":4,"gold_loss":0},{"damage_healed":0,"gold_gain":0,"player_choice":"Fought Mushrooms","damage_taken":0,"max_hp_gain":0,"max_hp_loss":0,"event_name":"Mushrooms","floor":7,"gold_loss":0},{"cards_removed":["Strike_R"],"damage_healed":0,"gold_gain":0,"player_choice":"Purged","damage_taken":0,"max_hp_gain":0,"max_hp_loss":0,"event_name":"Purifier","floor":10,"gold_loss":0},{"cards_removed":["Strike_R"],"damage_healed":0,"gold_gain":0,"player_choice":"Gave Gold","damage_taken":0,"max_hp_gain":0,"max_hp_loss":0,"event_name":"Beggar","floor":21,"gold_loss":75},{"damage_healed":0,"gold_gain":0,"player_choice":"Obtained Book","damage_taken":21,"max_hp_gain":0,"max_hp_loss":0,"event_name":"Cursed Tome","floor":22,"gold_loss":0}],"is_beta":false,"boss_relics":[{"not_picked":["Runic Cube","Runic Pyramid"],"picked":"Black Blood"}],"items_purged_floors":[2],"is_endless":false,"potions_floor_spawned":[1,6,11,12,13,16,18],"killed_by":"3 Cultists","ascension_level":18}}