{"host":"b4oqa93y40rb9616","time":1609295224,"event":{"mods":["BaseMod","Colored Map","Custom Start","DeckTracker","Keyboard Shortcuts","Minty Spire (QoL Compilation)","Permanent Neow","Quick Restart","StSLib","SuperFastMode","everything is the same but u backflip on backflip"],"gold_per_floor":[117,130,148,159,4,4,35,35,62,74,74,106,121,138,138,240,240,256,275,48,48,48,82,94,31,43,55,67,91,18,61,73,189,201,228,240,270,282,310,322,367,391,403,167,217,217,217,269,269,269,269,269,44,78,78,78],"floor_reached":55,"playtime":2947,"items_purged":["Shame","Defend_B"],"score":1102,"play_id":"306b6cc4-b939-434f-9a05-085b5df29b1b","local_time":"20201230112704","is_ascension_mode":true,"campfire_choices":[{"data":"Storm","floor":6.0,"key":"SMITH"},{"data":"Genetic Algorithm","floor":8.0,"key":"SMITH"},{"data":"Creative AI","floor":11.0,"key":"SMITH"},{"floor":15.0,"key":"REST"},{"data":"Defragment","floor":24.0,"key":"SMITH"},{"floor":28.0,"key":"REST"},{"data":"Heatsinks","floor":32.0,"key":"SMITH"},{"data":"Seek","floor":40.0,"key":"SMITH"},{"floor":47.0,"key":"RECALL"},{"data":"Storm","floor":49.0,"key":"SMITH"},{"data":"Double Energy","floor":52.0,"key":"SMITH"}],"circlet_count":0,"master_deck":["AscendersBane","Defend_B","Defend_B","Defend_B","Zap","Dualcast","Ball Lightning","Storm+1","Creative AI+1","Sweeping Beam","Self Repair","Genetic Algorithm+1","Defragment+1","Heatsinks+1","Doom and Gloom","Core Surge","Storm+1","Tempest","Double Energy+1","Fusion+1","Seek+1","Skim+1","Heatsinks+1","Seek+1","Defragment"],"relics":["Cursed Key","Happy Flower","Anchor","Inserter","DataDisk","MawBank","Strawberry","Toy Ornithopter","Red Mask","Nuclear Battery","Blood Vial","DollysMirror","FossilizedHelix","Mango","TheAbacus","Art of War"],"acts_visited":["Exordium","TheCity","TheBeyond","TheEnding"],"potions_floor_usage":[],"damage_taken":[{"damage":1.0,"enemies":"Cultist","floor":1.0,"turns":3.0},{"damage":10.0,"enemies":"2 Louse","floor":2.0,"turns":3.0},{"damage":4.0,"enemies":"Small Slimes","floor":3.0,"turns":3.0},{"damage":7.0,"enemies":"2 Fungi Beasts","floor":4.0,"turns":3.0},{"damage":20.0,"enemies":"Lagavulin","floor":7.0,"turns":4.0},{"damage":0.0,"enemies":"Large Slime","floor":10.0,"turns":4.0},{"damage":23.0,"enemies":"Gremlin Nob","floor":12.0,"turns":4.0},{"damage":7.0,"enemies":"Exordium Thugs","floor":13.0,"turns":4.0},{"damage":3.0,"enemies":"3 Louse","floor":14.0,"turns":3.0},{"damage":14.0,"enemies":"Slime Boss","floor":16.0,"turns":7.0},{"damage":22.0,"enemies":"Shell Parasite","floor":18.0,"turns":5.0},{"damage":0.0,"enemies":"Chosen","floor":19.0,"turns":4.0},{"damage":30.0,"enemies":"Gremlin Leader","floor":23.0,"turns":6.0},{"damage":18.0,"enemies":"3 Cultists","floor":29.0,"turns":3.0},{"damage":2.0,"enemies":"Masked Bandits","floor":31.0,"turns":3.0},{"damage":48.0,"enemies":"Champ","floor":33.0,"turns":7.0},{"damage":14.0,"enemies":"Orb Walker","floor":35.0,"turns":3.0},{"damage":0.0,"enemies":"3 Shapes","floor":37.0,"turns":3.0},{"damage":10.0,"enemies":"Jaw Worm Horde","floor":39.0,"turns":3.0},{"damage":29.0,"enemies":"Reptomancer","floor":41.0,"turns":4.0},{"damage":8.0,"enemies":"3 Darklings","floor":42.0,"turns":3.0},{"damage":0.0,"enemies":"Mind Bloom Boss Battle","floor":45.0,"turns":2.0},{"damage":0.0,"enemies":"2 Orb Walkers","floor":48.0,"turns":2.0},{"damage":64.0,"enemies":"Time Eater","floor":50.0,"turns":8.0},{"damage":60.0,"enemies":"Shield and Spear","floor":54.0,"turns":3.0},{"damage":29,"enemies":"The Heart","floor":55,"turns":2}],"seed_played":"-3852069294987971668","potions_obtained":[{"floor":1.0,"key":"SpeedPotion"},{"floor":3.0,"key":"Fire Potion"},{"floor":23.0,"key":"CultistPotion"},{"floor":29.0,"key":"LiquidBronze"},{"floor":33.0,"key":"Energy Potion"},{"floor":39.0,"key":"Dexterity Potion"}],"is_trial":false,"path_per_floor":["M","M","M","M","$","R","E","R","T","M","R","E","M","M","R","B",null,"M","M","$","?","?","E","R","?","T","?","R","M","?","?","R","B",null,"M","$","M","?","M","R","E","M","T","$","?","?","R","?","R","B",null,"R","$","E","B"],"character_chosen":"DEFECT","items_purchased":["Sunder","Self Repair","DataDisk","DollysMirror","TheAbacus","Defragment"],"campfire_rested":2,"item_purchase_floors":[5,5,20,44,53,53],"current_hp_per_floor":[67,57,53,46,46,46,26,26,26,33,33,10,10,7,29,22,62,47,54,54,54,54,24,24,24,24,31,55,44,44,49,49,8,64,57,57,64,64,61,61,39,33,33,33,42,42,42,65,65,15,73,73,73,27,0,0],"gold":78,"neow_bonus":"BOSS_RELIC","is_daily":false,"chose_seed":false,"campfire_upgraded":8,"win_rate":0.0,"timestamp":1609295224,"path_taken":["M","M","M","M","$","R","E","R","T","M","R","E","?","M","R","BOSS","M","M","$","?","?","E","R","?","T","?","R","?","?","?","R","BOSS","M","$","M","?","M","R","E","M","T","$","?","?","R","?","R","BOSS","R","$","E","BOSS"],"items_purchased_type":["Card","Card","Relic","Relic","Relic","Card"],"build_version":"2020-12-22","purchased_purges":2,"victory":false,"max_hp_per_floor":[75,75,75,75,75,75,75,75,75,75,75,75,75,75,75,75,75,75,75,75,75,75,75,75,75,75,82,82,82,82,82,82,82,82,82,82,82,82,82,82,82,82,82,82,82,78,78,92,92,92,92,92,92,92,92,92],"card_choices":[{"not_picked":["Beam Cell","Turbo"],"picked":"Ball Lightning","floor":1.0},{"not_picked":["Darkness","Rebound"],"picked":"Storm","floor":2.0},{"not_picked":["Steam","Conserve Battery"],"picked":"Creative AI","floor":3.0},{"not_picked":["Streamline","Redo"],"picked":"Sweeping Beam","floor":4.0},{"not_picked":["Hello World","Doom and Gloom"],"picked":"Genetic Algorithm","floor":7.0},{"not_picked":["BootSequence","Ball Lightning"],"picked":"Defragment","floor":10.0},{"not_picked":["Rebound","Rainbow","Steam"],"picked":"SKIP","floor":12.0},{"not_picked":["Chaos","Sunder"],"picked":"Heatsinks","floor":13.0},{"not_picked":["Streamline","Beam Cell"],"picked":"Doom and Gloom","floor":14.0},{"not_picked":["Creative AI","Hyperbeam"],"picked":"Core Surge","floor":16.0},{"not_picked":["Gash","Blizzard"],"picked":"Storm","floor":18.0},{"not_picked":["Sweeping Beam","Auto Shields","Hologram"],"picked":"SKIP","floor":19.0},{"not_picked":["Barrage","Beam Cell","Redo"],"picked":"SKIP","floor":23.0},{"not_picked":["Darkness","Static Discharge"],"picked":"Fusion+1","floor":29.0},{"not_picked":["Reboot","Machine Learning"],"picked":"Seek","floor":33.0},{"not_picked":["Reprogram+1","Fusion","Barrage"],"picked":"SKIP","floor":35.0},{"not_picked":["Self Repair","White Noise"],"picked":"Skim+1","floor":37.0},{"not_picked":["Sweeping Beam+1","Barrage","Hologram"],"picked":"SKIP","floor":39.0},{"not_picked":["Hello World","Multi-Cast"],"picked":"Heatsinks+1","floor":41.0},{"not_picked":["Stack","Self Repair","Rip and Tear"],"picked":"SKIP","floor":42.0},{"not_picked":["Melter","Reinforced Body","Hologram"],"picked":"SKIP","floor":54.0}],"player_experience":409122,"relics_obtained":[{"floor":7.0,"key":"Happy Flower"},{"floor":12.0,"key":"Anchor"},{"floor":23.0,"key":"MawBank"},{"floor":31.0,"key":"Red Mask"},{"floor":41.0,"key":"Blood Vial"},{"floor":45.0,"key":"FossilizedHelix"},{"floor":48.0,"key":"Mango"},{"floor":54.0,"key":"Art of War"}],"event_choices":[{"cards_removed":["Strike_B"],"damage_healed":0.0,"max_hp_gain":0.0,"max_hp_loss":0.0,"gold_gain":0.0,"event_name":"Back to Basics","player_choice":"Elegance","floor":21.0,"gold_loss":0.0,"damage_taken":0.0},{"damage_healed":0.0,"max_hp_gain":0.0,"max_hp_loss":0.0,"gold_gain":0.0,"cards_transformed":["Strike_B","Strike_B"],"event_name":"Drug Dealer","player_choice":"Became Test Subject","floor":22.0,"gold_loss":0.0,"damage_taken":0.0,"cards_obtained":["Tempest","Double Energy"]},{"cards_removed":["Strike_B"],"damage_healed":0.0,"max_hp_gain":0.0,"max_hp_loss":0.0,"gold_gain":0.0,"event_name":"Beggar","player_choice":"Gave Gold","floor":25.0,"gold_loss":75.0,"damage_taken":0.0},{"damage_healed":0.0,"max_hp_gain":0.0,"max_hp_loss":0.0,"gold_gain":0.0,"event_name":"WeMeetAgain","player_choice":"Gave Potion","floor":27.0,"gold_loss":0.0,"damage_taken":0.0,"relics_obtained":["Strawberry"]},{"damage_healed":0.0,"max_hp_gain":0.0,"max_hp_loss":0.0,"gold_gain":0.0,"event_name":"Addict","player_choice":"Obtained Relic","floor":30.0,"gold_loss":85.0,"damage_taken":0.0,"relics_obtained":["Toy Ornithopter"]},{"damage_healed":0.0,"max_hp_gain":0.0,"max_hp_loss":0.0,"gold_gain":0.0,"event_name":"Masked Bandits","player_choice":"Fought Bandits","floor":31.0,"gold_loss":0.0,"damage_taken":0.0},{"cards_removed":["Sunder"],"damage_healed":0.0,"max_hp_gain":0.0,"max_hp_loss":0.0,"gold_gain":0.0,"event_name":"Falling","player_choice":"Removed Attack","floor":38.0,"gold_loss":0.0,"damage_taken":0.0},{"damage_healed":0.0,"max_hp_gain":0.0,"max_hp_loss":0.0,"gold_gain":0.0,"event_name":"MindBloom","player_choice":"Fight","floor":45.0,"gold_loss":0.0,"damage_taken":0.0},{"damage_healed":0.0,"max_hp_gain":0.0,"max_hp_loss":4.0,"gold_gain":0.0,"event_name":"Winding Halls","player_choice":"Max HP","floor":46.0,"gold_loss":0.0,"damage_taken":0.0},{"damage_healed":0.0,"max_hp_gain":0.0,"max_hp_loss":0.0,"gold_gain":0.0,"event_name":"Mysterious Sphere","player_choice":"Fight","floor":48.0,"gold_loss":0.0,"damage_taken":0.0}],"is_beta":false,"boss_relics":[{"not_picked":["Black Star","Fusion Hammer"],"picked":"Inserter"},{"not_picked":["Pandora\u0027s Box","Velvet Choker"],"picked":"Nuclear Battery"}],"items_purged_floors":[20,44],"is_endless":false,"potions_floor_spawned":[1,3,4,10,23,29,33,35,39,41,42],"killed_by":"The Heart","ascension_level":12}}