{"host":"mttmnrdvbvzz8cuy","time":1609307725,"event":{"mods":["BaseMod","Bestiary","Colored Map","Colored Powertips","Minty Spire (QoL Compilation)","StSLib"],"gold_per_floor":[109,34,48,60,72,72,105,105,105,105,125,25,41,60,60,155,155,172,172,20,32,47,47,47],"floor_reached":23,"playtime":792,"items_purged":["Strike_B","Strike_B"],"score":215,"play_id":"4b7c431d-0adc-4add-8bbd-bb792478464c","local_time":"20201230165525","is_ascension_mode":true,"campfire_choices":[{"data":"Beam Cell","floor":6,"key":"SMITH"},{"data":"Consume","floor":8,"key":"SMITH"},{"data":"Chaos","floor":10,"key":"SMITH"},{"floor":15,"key":"REST"}],"circlet_count":0,"master_deck":["Strike_B","Strike_B","Defend_B","Defend_B","Defend_B","Defend_B","Zap","Dualcast","Consume+1","Chaos+1","Beam Cell+1","Sunder","Ball Lightning","Defragment","Conserve Battery","Auto Shields","BootSequence","Biased Cognition","Melter+1","Defragment","Gash","Cold Snap","Leap"],"relics":["Cracked Core","NeowsBlessing","Gremlin Horn","CaptainsWheel","Cursed Key"],"acts_visited":["Exordium","TheCity"],"potions_floor_usage":[],"damage_taken":[{"damage":0,"enemies":"Cultist","floor":1,"turns":1},{"damage":0,"enemies":"Jaw Worm","floor":3,"turns":1},{"damage":0,"enemies":"2 Louse","floor":4,"turns":1},{"damage":16,"enemies":"Looter","floor":5,"turns":4},{"damage":18,"enemies":"3 Sentries","floor":7,"turns":8},{"damage":11,"enemies":"Blue Slaver","floor":11,"turns":3},{"damage":7,"enemies":"Red Slaver","floor":13,"turns":3},{"damage":12,"enemies":"Looter","floor":14,"turns":3},{"damage":12,"enemies":"Hexaghost","floor":16,"turns":9},{"damage":19,"enemies":"2 Thieves","floor":18,"turns":4},{"damage":8,"enemies":"3 Byrds","floor":21,"turns":4},{"damage":21,"enemies":"Snake Plant","floor":22,"turns":4},{"damage":29,"enemies":"Gremlin Leader","floor":23,"turns":5}],"seed_played":"4381242934624027697","potions_obtained":[{"floor":1,"key":"DuplicationPotion"},{"floor":3,"key":"EntropicBrew"},{"floor":7,"key":"Explosive Potion"}],"is_trial":false,"path_per_floor":["M","$","M","M","M","R","E","R","T","R","M","$","M","M","R","B",null,"M","?","$","M","M","E"],"character_chosen":"DEFECT","items_purchased":["Defragment","Conserve Battery","Gash"],"campfire_rested":1,"item_purchase_floors":[12,12,20],"current_hp_per_floor":[75,75,75,75,59,59,41,41,41,41,30,30,23,11,33,21,75,56,56,56,48,27,0,0],"gold":47,"neow_bonus":"THREE_ENEMY_KILL","is_daily":false,"chose_seed":false,"campfire_upgraded":3,"win_rate":0.0,"timestamp":1609307725,"path_taken":["M","$","?","M","M","R","E","R","T","R","M","$","M","M","R","BOSS","M","?","$","M","M","E"],"items_purchased_type":["Card","Card","Card"],"build_version":"2020-12-22","purchased_purges":2,"victory":false,"max_hp_per_floor":[75,75,75,75,75,75,75,75,75,75,75,75,75,75,75,75,75,75,75,75,75,75,75,75],"card_choices":[{"not_picked":["Redo","Hologram"],"picked":"Consume","floor":1},{"not_picked":["Redo","Turbo"],"picked":"Chaos","floor":3},{"not_picked":["Redo","Steam","Go for the Eyes"],"picked":"SKIP","floor":4},{"not_picked":["Go for the Eyes","Compile Driver"],"picked":"Beam Cell","floor":5},{"not_picked":["Go for the Eyes","Steam Power"],"picked":"Sunder","floor":7},{"not_picked":["FTL","Streamline"],"picked":"Ball Lightning","floor":11},{"not_picked":["Hologram","Stack"],"picked":"Auto Shields","floor":13},{"not_picked":["Darkness","Hologram"],"picked":"BootSequence","floor":14},{"not_picked":["Buffer","Hyperbeam"],"picked":"Biased Cognition","floor":16},{"not_picked":["Fusion","Hologram"],"picked":"Melter+1","floor":18},{"not_picked":["Ball Lightning","Turbo+1"],"picked":"Cold Snap","floor":21},{"not_picked":["Redo+1","Compile Driver"],"picked":"Leap","floor":22}],"player_experience":116830,"relics_obtained":[{"floor":7,"key":"Gremlin Horn"},{"floor":9,"key":"CaptainsWheel"}],"event_choices":[{"damage_healed":0,"gold_gain":0,"player_choice":"Read","damage_taken":0,"max_hp_gain":0,"max_hp_loss":0,"event_name":"The Library","floor":19,"gold_loss":0,"cards_obtained":["Defragment"]}],"is_beta":false,"boss_relics":[{"not_picked":["Fusion Hammer","SacredBark"],"picked":"Cursed Key"}],"items_purged_floors":[2,20],"is_endless":false,"potions_floor_spawned":[1,3,7,13,22],"killed_by":"Gremlin Leader","ascension_level":2}}