{"host":"m77rrhbqzv44va4v","time":1609357449,"event":{"mods":["AchievementEnabler","BaseMod","Colored Map","DeckTracker","Keyboard Shortcuts","Minty Spire (QoL Compilation)","StSLib","SuperFastMode","everything is the same but u backflip on backflip"],"gold_per_floor":[210,226,226,236,253,286,286,286,312,329,364,376,388,407,407,407,407],"floor_reached":16,"playtime":354,"items_purged":[],"score":232,"play_id":"0d02165d-d2c8-4e14-b86e-cf1899661e62","local_time":"20201231044409","is_ascension_mode":true,"campfire_choices":[{"floor":7.0,"key":"REST"},{"floor":15,"key":"REST"}],"circlet_count":0,"master_deck":["AscendersBane","Strike_G","Strike_G","Strike_G","Strike_G","Strike_G","Defend_G","Defend_G","Defend_G","Defend_G","Defend_G","Survivor","Neutralize","Underhanded Strike","Dagger Throw","All Out Attack","Backstab","Bouncing Flask","Wraith Form v2","Acrobatics"],"relics":["Ring of the Snake","Pen Nib","Blood Vial","Centennial Puzzle","Akabeko"],"acts_visited":["Exordium"],"potions_floor_usage":[16],"damage_taken":[{"damage":3.0,"enemies":"2 Louse","floor":1.0,"turns":3.0},{"damage":7.0,"enemies":"Small Slimes","floor":2.0,"turns":3.0},{"damage":0.0,"enemies":"Cultist","floor":4.0,"turns":3.0},{"damage":18.0,"enemies":"Exordium Thugs","floor":5.0,"turns":4.0},{"damage":2.0,"enemies":"3 Sentries","floor":6.0,"turns":6.0},{"damage":0.0,"enemies":"2 Fungi Beasts","floor":10.0,"turns":2.0},{"damage":12.0,"enemies":"Lagavulin","floor":11.0,"turns":4.0},{"damage":3.0,"enemies":"Looter","floor":12.0,"turns":2.0},{"damage":8.0,"enemies":"Exordium Thugs","floor":13.0,"turns":4.0},{"damage":0,"enemies":"Blue Slaver","floor":14,"turns":1},{"damage":34,"enemies":"Slime Boss","floor":16,"turns":9}],"seed_played":"-9211161732270435444","potions_obtained":[{"floor":2.0,"key":"Ancient Potion"},{"floor":4.0,"key":"Fire Potion"},{"floor":6.0,"key":"SkillPotion"},{"floor":11.0,"key":"DistilledChaos"}],"is_trial":false,"path_per_floor":["M","M","?","M","M","E","R","?","T","M","E","M","M","M","R","B"],"character_chosen":"THE_SILENT","items_purchased":[],"campfire_rested":2,"item_purchase_floors":[],"current_hp_per_floor":[56,49,38,38,20,18,37,37,37,39,29,28,22,24,43,11,11],"gold":407,"neow_bonus":"HUNDRED_GOLD","is_daily":false,"chose_seed":false,"campfire_upgraded":0,"win_rate":0.0,"timestamp":1609357449,"path_taken":["M","M","?","M","M","E","R","?","T","M","E","M","M","M","R","BOSS"],"items_purchased_type":[],"build_version":"2020-12-22","purchased_purges":0,"victory":false,"max_hp_per_floor":[66,66,66,66,66,66,66,66,66,66,66,66,66,66,66,66,66],"card_choices":[{"not_picked":["Deflect","Sucker Punch"],"picked":"Underhanded Strike","floor":1.0},{"not_picked":["Reflex","Concentrate"],"picked":"Dagger Throw","floor":2.0},{"not_picked":["Deadly Poison","Storm of Steel"],"picked":"All Out Attack","floor":4.0},{"not_picked":["Outmaneuver","Bane","Choke"],"picked":"SKIP","floor":5.0},{"not_picked":["Sucker Punch","Slice"],"picked":"Backstab","floor":6.0},{"not_picked":["Prepared","Distraction"],"picked":"Bouncing Flask","floor":10.0},{"not_picked":["Deadly Poison","Blur"],"picked":"Wraith Form v2","floor":11.0},{"not_picked":["Prepared","Accuracy","Cloak And Dagger"],"picked":"SKIP","floor":12.0},{"not_picked":["Dagger Spray","Heel Hook","Poisoned Stab"],"picked":"SKIP","floor":13.0},{"not_picked":["Quick Slash","Blade Dance"],"picked":"Acrobatics","floor":14}],"player_experience":841330,"relics_obtained":[{"floor":6.0,"key":"Blood Vial"},{"floor":9.0,"key":"Centennial Puzzle"},{"floor":11.0,"key":"Akabeko"}],"event_choices":[{"damage_healed":0.0,"max_hp_gain":0.0,"max_hp_loss":0.0,"gold_gain":0.0,"event_name":"Scrap Ooze","player_choice":"Success","floor":3.0,"gold_loss":0.0,"damage_taken":11.0,"relics_obtained":["Pen Nib"]},{"damage_healed":0.0,"max_hp_gain":0.0,"max_hp_loss":0.0,"gold_gain":0.0,"event_name":"Dead Adventurer","player_choice":"Searched \u00271\u0027 times","floor":8.0,"gold_loss":0.0,"damage_taken":0.0}],"is_beta":false,"boss_relics":[],"items_purged_floors":[],"is_endless":false,"potions_floor_spawned":[2,4,6,11,13],"killed_by":"Slime Boss","ascension_level":20}}