{"host":"4amcrcg6ktw8dbzk","time":1609341543,"event":{"mods":["ATMod(°¢èªMod)","BaseMod","Dota2Spire","Minty Spire (QoL Compilation)","MostiFishMod","Spicy Shops","StSLib","Waifu the Spire"],"gold_per_floor":[111,121,135,146,71,71,86,120,120,147,147,173,173,183,183,256,256,272,51,51,68,118,118,137,137,137,137,137],"floor_reached":27,"playtime":1631,"items_purged":["Strike_G"],"score":477,"play_id":"cb60bef0-4138-4102-9517-498f194a267f","local_time":"20201230231903","is_ascension_mode":true,"campfire_choices":[{"floor":6.0,"key":"REST"},{"floor":11,"key":"REST"},{"data":"AT_FamilyPortrait","floor":15,"key":"SMITH"},{"data":"MostiFishMod:ShivMaster","floor":23,"key":"SMITH"},{"floor":25,"key":"REST"}],"circlet_count":0,"master_deck":["AscendersBane","Strike_G","Strike_G","Strike_G","Defend_G","Defend_G","Defend_G","Defend_G","Defend_G","Survivor","Neutralize","AT_FamilyPortrait+1","AT_ThistleTea","Footwork","Poisoned Stab","Dagger Spray","Bouncing Flask","Blade Dance","MostiFishMod:Dislodge","Acrobatics","Cloak And Dagger","Catalyst","MostiFishMod:ShivMaster+1","CurseOfTheBell","Blur+1","Prepared","Calculated Gamble","Acrobatics"],"relics":["Ring of the Snake","DaveBox","AT_ATBox","OriginationStaff","SynthV:TestCard","AT_DeathDance","Dota2Spire:ShadowBlade","Molten Egg 2","Bronze Scales","Calling Bell","Dota2Spire:ArmletOfMordiggian","Kunai","DianDianMeat","SynthV","Shuriken"],"acts_visited":["Exordium","TheCity"],"potions_floor_usage":[10,10],"damage_taken":[{"damage":3.0,"enemies":"2 Louse","floor":1.0,"turns":3.0},{"damage":6.0,"enemies":"Cultist","floor":2.0,"turns":3.0},{"damage":0.0,"enemies":"Small Slimes","floor":3.0,"turns":1.0},{"damage":13.0,"enemies":"3 Louse","floor":4.0,"turns":2.0},{"damage":10.0,"enemies":"Gremlin Gang","floor":7.0,"turns":6.0},{"damage":0,"enemies":"Gremlin Nob","floor":8,"turns":3},{"damage":15,"enemies":"3 Sentries","floor":10,"turns":6},{"damage":26,"enemies":"Lagavulin","floor":12,"turns":8},{"damage":0,"enemies":"Exordium Wildlife","floor":14,"turns":2},{"damage":1,"enemies":"The Guardian","floor":16,"turns":9},{"damage":33,"enemies":"2 Thieves","floor":18,"turns":5},{"damage":5,"enemies":"Spheric Guardian","floor":21,"turns":5},{"damage":32,"enemies":"3 Cultists","floor":24,"turns":7},{"damage":36,"enemies":"Gremlin Leader","floor":27,"turns":4}],"seed_played":"-755487031799310981","potions_obtained":[{"floor":1.0,"key":"LiquidBronze"},{"floor":7.0,"key":"Energy Potion"},{"floor":10,"key":"Fruit Juice"},{"floor":21,"key":"Energy Potion"},{"floor":24,"key":"GhostInAJar"}],"is_trial":false,"path_per_floor":["M","M","M","M","$","R","M","E","T","E","R","E","?","M","R","B",null,"M","$","?","M","?","R","M","R","T","E"],"character_chosen":"THE_SILENT","items_purchased":["SynthV","Prepared"],"campfire_rested":3,"item_purchase_floors":[19,19],"current_hp_per_floor":[56,50,50,37,37,56,46,46,46,36,57,31,31,31,31,30,61,29,31,31,37,37,37,9,33,33,0,0],"gold":137,"neow_bonus":"TRANSFORM_CARD","is_daily":false,"chose_seed":false,"campfire_upgraded":2,"win_rate":0.0,"timestamp":1609341543,"path_taken":["M","M","M","M","$","R","M","E","T","E","R","E","?","?","R","BOSS","M","$","?","M","?","R","M","R","T","E"],"items_purchased_type":["Relic","Card"],"build_version":"2020-12-22","purchased_purges":1,"victory":false,"max_hp_per_floor":[66,66,66,66,66,66,66,66,66,71,71,71,71,71,71,71,71,72,74,74,77,77,77,81,81,81,81,81],"card_choices":[{"not_picked":["Acrobatics","Skewer"],"picked":"Footwork","floor":1.0},{"not_picked":["Dodge and Roll","Distraction","PiercingWail","AT_Desolate"],"picked":"Poisoned Stab","floor":2.0},{"not_picked":["Leg Sweep","Eviscerate","Cloak And Dagger","Dagger Throw"],"picked":"Dagger Spray","floor":3.0},{"not_picked":["Blade Dance","PiercingWail","AT_TwilightShroud","AT_ShadowStep"],"picked":"Bouncing Flask","floor":4.0},{"not_picked":["Bane","Poisoned Stab","Expertise","PiercingWail"],"picked":"Blade Dance","floor":7.0},{"not_picked":["Noxious Fumes","MostiFishMod:PoisonShield","MostiFishMod:PreservedThorns","MostiFishMod:PerfectParry"],"picked":"MostiFishMod:Dislodge","floor":8},{"not_picked":["MostiFishMod:PreservedThorns","Blade Dance","Masterful Stab","Slice"],"picked":"Acrobatics","floor":10},{"not_picked":["Distraction","PiercingWail","Blade Dance","Dodge and Roll"],"picked":"Cloak And Dagger","floor":12},{"not_picked":["Caltrops","Poisoned Stab+1","Wraith Form v2","Flying Knee+1"],"picked":"Catalyst","floor":14},{"not_picked":["AT_MyraUnstableElement","A Thousand Cuts","Glass Knife+1","Night Terror"],"picked":"MostiFishMod:ShivMaster","floor":16},{"not_picked":["Underhanded Strike+1","Blade Dance","Quick Slash+1","Terror+1"],"picked":"Blur+1","floor":18},{"not_picked":["Finisher+1","Riddle With Holes+1","Outmaneuver","Cloak And Dagger"],"picked":"Calculated Gamble","floor":21},{"not_picked":["Dodge and Roll","Riddle With Holes+1","Crippling Poison","Quick Slash+1"],"picked":"Acrobatics","floor":24}],"player_experience":318580,"relics_obtained":[{"floor":1.0,"key":"SynthV:TestCard"},{"floor":8,"key":"AT_DeathDance"},{"floor":10,"key":"Dota2Spire:ShadowBlade"},{"floor":12,"key":"Molten Egg 2"},{"floor":17,"key":"Dota2Spire:ArmletOfMordiggian"},{"floor":17,"key":"Kunai"},{"floor":17,"key":"DianDianMeat"},{"floor":26,"key":"Shuriken"}],"event_choices":[{"damage_healed":0,"gold_gain":0,"player_choice":"Gave Potion","damage_taken":0,"relics_obtained":["Bronze Scales"],"max_hp_gain":0,"max_hp_loss":0,"event_name":"WeMeetAgain","floor":13,"gold_loss":0},{"damage_healed":0,"gold_gain":0,"player_choice":"Ignored","damage_taken":0,"max_hp_gain":0,"max_hp_loss":0,"event_name":"Ghosts","floor":20,"gold_loss":0},{"damage_healed":0,"gold_gain":50,"player_choice":"Stole From Cult","damage_taken":0,"max_hp_gain":0,"max_hp_loss":0,"event_name":"Nest","floor":22,"gold_loss":0}],"is_beta":false,"boss_relics":[{"not_picked":["JellyFishMachine","SacredBark"],"picked":"Calling Bell"}],"items_purged_floors":[5],"is_endless":false,"potions_floor_spawned":[1,7,8,10,21,24],"killed_by":"Gremlin Leader","ascension_level":17}}