{"host":"5w5nlj9te6rhm47m","time":1609348279,"event":{"mods":["BaseMod","Downfall","Hermit","Minty Spire (QoL Compilation)","Replay The Spire","Shop Mod","StSLib","The Bug Knight"],"gold_per_floor":[99,115,127,142,59,234,234,23,23,58,78,78,78,189,199,300,300,300,312,312,312,312,328,328,172,206,216,229,76,104,115,135,135,135,135],"floor_reached":33,"playtime":1995,"items_purged":["Doubt","Looming Evil"],"score":394,"play_id":"112cafd6-53ed-4409-ab98-05303221fd06","local_time":"20201231011119","is_ascension_mode":true,"campfire_choices":[{"data":"Slimebound:Split","floor":1,"key":"SMITH"},{"data":"Slimebound:Strike_Slimebound","floor":13,"key":"PURGE"},{"floor":18,"key":"RECALL"}],"circlet_count":0,"master_deck":["Slimebound:Strike_Slimebound+1","Slimebound:Strike_Slimebound+1","Slimebound:Tackle","Slimebound:Defend_Slimebound+1","Slimebound:Defend_Slimebound+1","Slimebound:Defend_Slimebound+1","Slimebound:Defend_Slimebound+1","Slimebound:Split+1","Slimebound:CorrosiveSpit","Slimebound:SplitMire","Slimebound:SamplingLick","Slimebound:SplitMire","Slimebound:Recollect","Slimebound:SplitMire","Slimebound:SplitLeeching","Slimebound:Nibble","Slimebound:RainOfGoop","Slimebound:Schlurp","Pot Of Greed","Pot Of Greed","Slimebound:SlimeTap","Slimebound:SlimeSlap","Slimebound:SplitBruiser","Slimebound:Schlurp","Slimebound:Darklings","Slimebound:SplitBruiser","Slimebound:Gluttony","Slimebound:PressTheAttack","Slimebound:Replication+1","Slimebound:ViciousTackle","Slimebound:AcidTongue+1","Slimebound:MegaLick+1","Slimebound:SlimeTap","Slimebound:SplitBruiser","Slimebound:ViciousTackle+1"],"relics":["Slimebound:AbsorbEndCombat","Bag of Marbles","Kunai","Centennial Puzzle","Slimebound:ScrapOozeRelic","ReplayTheSpireMod:CursedCoin","Sozu","Replay:Bottled Flurry","Vajra","Letter Opener","Simple Rune","Orrery","FossilizedHelix"],"acts_visited":["Exordium","TheCity"],"potions_floor_usage":[19,33],"damage_taken":[{"damage":9,"enemies":"Cultist","floor":2,"turns":3},{"damage":22,"enemies":"Small Slimes","floor":3,"turns":4},{"damage":8,"enemies":"2 Louse","floor":4,"turns":2},{"damage":19,"enemies":"downfall:FleeingMerchant","floor":5,"turns":4},{"damage":32,"enemies":"downfall:FleeingMerchant","floor":8,"turns":4},{"damage":55,"enemies":"Lagavulin","floor":10,"turns":5},{"damage":4,"enemies":"Blue Slaver","floor":11,"turns":1},{"damage":29,"enemies":"downfall:FleeingMerchant","floor":14,"turns":4},{"damage":23,"enemies":"3 Louse","floor":15,"turns":2},{"damage":77,"enemies":"downfall:Silent","floor":16,"turns":5},{"damage":54,"enemies":"3 Byrds","floor":19,"turns":3},{"damage":67,"enemies":"Centurion and Healer","floor":23,"turns":5},{"damage":51,"enemies":"downfall:FleeingMerchant","floor":25,"turns":4},{"damage":38,"enemies":"Slavers","floor":26,"turns":3},{"damage":24,"enemies":"Snake Plant","floor":27,"turns":2},{"damage":24,"enemies":"Chosen and Byrds","floor":28,"turns":4},{"damage":57,"enemies":"Replay:Snechameleon","floor":30,"turns":5},{"damage":11,"enemies":"Cultist and Chosen","floor":31,"turns":3},{"damage":27,"enemies":"3 Cultists","floor":32,"turns":3},{"damage":89,"enemies":"downfall:Ironclad","floor":33,"turns":4}],"seed_played":"5113961938200216328","potions_obtained":[{"floor":2,"key":"Milkshake"},{"floor":10,"key":"BlessingOfTheForge"},{"floor":11,"key":"LiquidBronze"},{"floor":15,"key":"Swift Potion"}],"is_trial":false,"path_per_floor":["R","M","M","M","$","?","T","$","?","E","M","?","R","$","M","B",null,"R","M","?","?","?","M","T","$","E","M","M","$","E","M","M","B"],"character_chosen":"SLIMEBOUND","items_purchased":["Slimebound:SplitMire","Slimebound:SplitLeeching","Slimebound:RainOfGoop","Slimebound:Schlurp","ReplayTheSpireMod:CursedCoin","Slimebound:SplitBruiser","Vajra","Letter Opener","Orrery"],"campfire_rested":0,"item_purchase_floors":[5,5,8,8,14,14,25,25,29],"current_hp_per_floor":[60,60,47,55,60,60,60,56,56,45,57,57,57,60,53,36,60,60,46,46,46,46,38,38,35,33,41,53,53,24,33,42,0,0,0],"gold":135,"neow_bonus":"RANDOM_COMMON_RELIC","is_daily":false,"chose_seed":false,"campfire_upgraded":1,"win_rate":0.0,"timestamp":1609348279,"path_taken":["R","M","M","M","$","?","T","$","?","E","?","?","R","$","M","BOSS","R","M","?","?","?","M","T","?","E","M","?","$","E","?","M","BOSS"],"items_purchased_type":["Card","Card","Card","Card","Relic","Card","Relic","Relic","Relic"],"build_version":"2020-12-22","purchased_purges":2,"victory":false,"max_hp_per_floor":[60,60,60,60,60,60,60,60,60,60,60,60,60,60,60,60,60,60,60,60,60,60,60,60,60,60,60,60,60,60,60,60,60,60,60],"card_choices":[{"not_picked":["Slimebound:FlameTackle","Slimebound:ViciousTackle"],"picked":"Slimebound:SplitMire","floor":2},{"not_picked":["Slimebound:ViciousTackle","Slimebound:FinishingTackle"],"picked":"Slimebound:SamplingLick","floor":3},{"not_picked":["Slimebound:Repurpose","Slimebound:LeechEnergy"],"picked":"Slimebound:SplitMire","floor":4},{"not_picked":["Slimebound:GrowthPunch","Slimebound:SlimeTap"],"picked":"Slimebound:Recollect","floor":5},{"not_picked":["Slimebound:GoopSpray","Slimebound:HungryTackle"],"picked":"Slimebound:Nibble","floor":8},{"not_picked":["Slimebound:FinishingTackle","Slimebound:SplitLeeching"],"picked":"Slimebound:SlimeTap","floor":10},{"not_picked":["Slimebound:HungryTackle","Slimebound:TagTeam","Slimebound:FirmFortitude"],"picked":"SKIP","floor":11},{"not_picked":["Slimebound:SlimeSpikes","Slimebound:PrepareCrush"],"picked":"Slimebound:SlimeSlap","floor":14},{"not_picked":["Slimebound:GrowthPunch","Slimebound:LeechEnergy"],"picked":"Slimebound:Schlurp","floor":15},{"not_picked":["Slimebound:WasteNot","Slimebound:DouseInSlime"],"picked":"Slimebound:Darklings","floor":16},{"not_picked":["Slimebound:TongueLash","Slimebound:RollThrough","Slimebound:ComboTackle+1"],"picked":"SKIP","floor":19},{"not_picked":["Slimebound:SamplingLick","Slimebound:SpikyOuterGoop"],"picked":"Slimebound:Gluttony","floor":23},{"not_picked":["Slimebound:Schlurp","Slimebound:SplitMire+1"],"picked":"Slimebound:PressTheAttack","floor":25},{"not_picked":["Slimebound:LeechingTouch","Slimebound:RejuvenatingLick"],"picked":"Slimebound:Replication+1","floor":26},{"not_picked":["Slimebound:SplitLeeching","Slimebound:SamplingLick"],"picked":"Slimebound:ViciousTackle","floor":27},{"not_picked":["Slimebound:Nibble","Slimebound:CheckThePlaybook"],"picked":"Slimebound:AcidTongue+1","floor":28},{"not_picked":["Slimebound:DivideAndConquer","Slimebound:GrowthPunch+1"],"picked":"Slimebound:MegaLick+1","floor":29},{"not_picked":["Slimebound:SplitLeeching","Slimebound:SplitMire"],"picked":"Slimebound:SlimeTap","floor":29},{"not_picked":["Slimebound:SplitSpecialist","Slimebound:Equalize"],"picked":"Slimebound:SplitBruiser","floor":29},{"not_picked":["Slimebound:SplitMire+1","Slimebound:TongueLash"],"picked":"Slimebound:ViciousTackle+1","floor":30},{"not_picked":["Slimebound:Nibble","Slimebound:RollThrough","Slimebound:FlameTackle"],"picked":"SKIP","floor":31},{"not_picked":["Slimebound:SlimeSpikes","Slimebound:ServeAndProtect","Slimebound:FinishingTackle+1"],"picked":"SKIP","floor":32}],"player_experience":178957,"relics_obtained":[{"floor":7,"key":"Kunai"},{"floor":9,"key":"Grinning Jar"},{"floor":10,"key":"Centennial Puzzle"},{"floor":24,"key":"Replay:Bottled Flurry"},{"floor":26,"key":"Simple Rune"},{"floor":30,"key":"FossilizedHelix"}],"event_choices":[{"damage_healed":0,"gold_gain":0,"player_choice":"Relic","damage_taken":0,"max_hp_gain":0,"max_hp_loss":0,"event_name":"Wheel of Change","floor":9,"gold_loss":0},{"damage_healed":0,"gold_gain":0,"player_choice":"Read","damage_taken":0,"max_hp_gain":0,"max_hp_loss":0,"event_name":"The Library","floor":20,"gold_loss":0,"cards_obtained":["Slimebound:SplitBruiser"]},{"damage_healed":0,"gold_gain":0,"player_choice":"Simplicity","damage_taken":0,"max_hp_gain":0,"max_hp_loss":0,"event_name":"Back to Basics","floor":21,"gold_loss":0,"cards_upgraded":["Slimebound:Strike_Slimebound","Slimebound:Strike_Slimebound","Slimebound:Defend_Slimebound","Slimebound:Defend_Slimebound","Slimebound:Defend_Slimebound","Slimebound:Defend_Slimebound"]}],"is_beta":false,"boss_relics":[{"not_picked":["Busted Crown","ChewingGum"],"picked":"Sozu"}],"items_purged_floors":[8,25],"is_endless":false,"potions_floor_spawned":[2,10,11,15,16,19,28,30,31],"killed_by":"downfall:Ironclad","ascension_level":4}}