{"host":"ixenv8b8actib82w","time":1609290797,"event":{"mods":["Act Like it!","BaseMod","Conspire","Hallownest","Lobotomy","Minty Spire (QoL Compilation)","Replay The Spire","Spicy Shops","StSLib","The Hierophant","The Jungle","vexMod"],"gold_per_floor":[114,133,9,30,53,72,72,88,88,88,111,133,133,133,133,123,123],"floor_reached":16,"playtime":745,"items_purged":[],"score":96,"play_id":"d5231364-e366-446a-a7a0-56e7e03c58e3","local_time":"20201230091317","is_ascension_mode":false,"campfire_choices":[{"floor":10,"key":"REST"},{"data":"hierophant:Doomsaying","floor":13,"key":"SMITH"},{"data":"hierophant:Punish","floor":15,"key":"SMITH"}],"circlet_count":0,"master_deck":["hierophant:Strike_Hierophant","hierophant:Strike_Hierophant","hierophant:Strike_Hierophant","hierophant:Strike_Hierophant","hierophant:Punish+1","hierophant:Defend_Hierophant","hierophant:Defend_Hierophant","hierophant:Defend_Hierophant","hierophant:Defend_Hierophant","hierophant:ChurchCoffers","Rudolta","hierophant:HolyVerse","MeatLantern","hierophant:Cornucopia","hierophant:Smite","hierophant:OrnateBuckler","CrumblingArmor","hierophant:MorningPrayer","Murderer","hierophant:RepressedViolence","Scorched","hierophant:PassingBell","QueenOfHatred","hierophant:Doomsaying+1","WallGazer","hierophant:MorningPrayer","UniverseFragment","hierophant:Invocation"],"relics":["hierophant:PropheticMaskRelic","CogitoBucket","TreeSap","Pear"],"acts_visited":["Exordium"],"potions_floor_usage":[16,16,16],"damage_taken":[{"damage":0,"enemies":"Small Slimes","floor":1,"turns":3},{"damage":12,"enemies":"Jaw Worm","floor":2,"turns":3},{"damage":51,"enemies":"Cultist","floor":4,"turns":3},{"damage":0,"enemies":"3 Louse","floor":5,"turns":2},{"damage":10,"enemies":"2 Fungi Beasts","floor":6,"turns":2},{"damage":0,"enemies":"Exordium Thugs","floor":8,"turns":1},{"damage":0,"enemies":"3 Louse","floor":11,"turns":2},{"damage":12,"enemies":"Exordium Wildlife","floor":12,"turns":2},{"damage":72,"enemies":"Slime Boss","floor":16,"turns":4}],"seed_played":"5511580700917045963","potions_obtained":[{"floor":4,"key":"Languid Potion"},{"floor":6,"key":"SkillPotion"},{"floor":11,"key":"SpeedPotion"}],"is_trial":false,"path_per_floor":["M","M","$","M","M","M","?","M","T","R","M","M","R","?","R","B"],"character_chosen":"HIEROPHANT","items_purchased":["hierophant:Smite","hierophant:OrnateBuckler"],"campfire_rested":1,"item_purchase_floors":[3,3],"current_hp_per_floor":[75,63,63,12,12,2,2,2,12,37,43,31,31,59,59,0,0],"gold":123,"neow_bonus":"","is_daily":false,"chose_seed":false,"campfire_upgraded":2,"win_rate":0.0,"timestamp":1609290797,"path_taken":["M","M","$","M","M","M","?","M","T","R","M","M","R","?","R","BOSS"],"items_purchased_type":["Card","Card"],"build_version":"2020-12-22","purchased_purges":0,"victory":false,"max_hp_per_floor":[75,75,75,75,75,75,75,75,85,85,85,85,85,85,85,85,85],"card_choices":[{"not_picked":["FieryBird","Wellcheers"],"picked":"Rudolta","floor":1},{"not_picked":["hierophant:HammerAndAnvil","hierophant:Zeal"],"picked":"hierophant:HolyVerse","floor":1},{"not_picked":["GalaxyChild","FieryBird","MeatLantern"],"picked":"Singing Bowl","floor":2},{"not_picked":["OldLady","Wellcheers"],"picked":"MeatLantern","floor":2},{"not_picked":["hierophant:Embezzle","hierophant:RustyCrate"],"picked":"hierophant:Cornucopia","floor":2},{"not_picked":["OSAHOGD","BeautyBeast","Wellcheers"],"picked":"Singing Bowl","floor":4},{"not_picked":["QueenOfHatred","LaLuna"],"picked":"CrumblingArmor","floor":4},{"not_picked":["hierophant:Alms","hierophant:Encroach"],"picked":"hierophant:MorningPrayer","floor":4},{"not_picked":["HappyTeddy","Scarecrow","Wellcheers"],"picked":"Singing Bowl","floor":5},{"not_picked":["Wellcheers","HappyTeddy"],"picked":"Murderer","floor":5},{"not_picked":["hierophant:FlamingChariot","hierophant:Shelter"],"picked":"hierophant:RepressedViolence","floor":5},{"not_picked":["FairyFestival","DreamingCurrent"],"picked":"Scorched","floor":6},{"not_picked":["hierophant:Cornucopia","hierophant:ArchangelShield"],"picked":"hierophant:PassingBell","floor":6},{"not_picked":["QueenBee","OSAHOGD","SpiderBud"],"picked":"Singing Bowl","floor":8},{"not_picked":["LaLuna","ShyLook"],"picked":"QueenOfHatred","floor":8},{"not_picked":["hierophant:OrnateBuckler","hierophant:Racketeering"],"picked":"hierophant:Doomsaying","floor":8},{"not_picked":["BigBird","GreedKing","OSAHOGD"],"picked":"Singing Bowl","floor":11},{"not_picked":["VoidDream","UniverseFragment"],"picked":"WallGazer","floor":11},{"not_picked":["hierophant:FlamingChariot","hierophant:AuricShield"],"picked":"hierophant:MorningPrayer","floor":11},{"not_picked":["UniverseFragment","OSAHOGD","FairyFestival"],"picked":"Singing Bowl","floor":12},{"not_picked":["BeautyBeast","PunishingBird"],"picked":"UniverseFragment","floor":12},{"not_picked":["hierophant:DisplayOfPower","hierophant:Shelter"],"picked":"hierophant:Invocation","floor":12}],"player_experience":71657,"relics_obtained":[{"floor":9,"key":"Pear"}],"event_choices":[{"damage_healed":0,"gold_gain":0,"player_choice":"Leave","damage_taken":0,"max_hp_gain":0,"max_hp_loss":0,"event_name":"conspire:Investor","floor":7,"gold_loss":0},{"damage_healed":28,"gold_gain":0,"player_choice":"Banana","damage_taken":0,"max_hp_gain":0,"max_hp_loss":0,"event_name":"Big Fish","floor":14,"gold_loss":0}],"is_beta":false,"boss_relics":[],"items_purged_floors":[],"is_endless":false,"potions_floor_spawned":[4,6,11],"killed_by":"Slime Boss","ascension_level":0}}