{"host":"0i8dz4ityulxi1rd","time":1609301987,"event":{"mods":["BaseMod","Colored Map","Colored Powertips","Custom Start","Highlight Path","Hubris","Keyboard Shortcuts","Minty Spire (QoL Compilation)","StSLib","SuperFastMode"],"gold_per_floor":[115,3,3,3,20,52,52,80,80,80,100,115,15,47,47,118,118,134,9,28,28,78,107,17,47,47,61,71,71,104,115,115,192,192,210,223,223,223,223,73,73,100,100,100,100,100,116,129,129,129,229],"floor_reached":52,"playtime":1858,"items_purged":["Defend_B","Strike_B","Strike_B","BootSequence+1"],"score":2562,"play_id":"8c08e68a-53a2-4d20-b039-97cc6d7f2a8c","local_time":"20201230131947","is_ascension_mode":true,"campfire_choices":[{"data":"Sunder","floor":7.0,"key":"SMITH"},{"floor":10.0,"key":"REST"},{"data":"Force Field","floor":15.0,"key":"SMITH"},{"floor":29.0,"key":"RECALL"},{"data":"Skim","floor":32.0,"key":"SMITH"},{"data":"1","floor":41.0,"key":"LIFT"},{"data":"2","floor":44.0,"key":"LIFT"},{"data":"3","floor":49,"key":"LIFT"}],"circlet_count":0,"master_deck":["AscendersBane","Strike_B+1","Defend_B+1","Dualcast+1","Force Field+1","Force Field+1","Sunder+1","Sunder+1","Conserve Battery+1","Undo+1","Meteor Strike+1","Enlightenment+1","Skim+1","Tempest+1"],"relics":["Snecko Eye","hubris:CrystalStatue","Boot","Bronze Scales","Girya","hubris:Backtick","hubris:Spice","hubris:BottledHeart","Astrolabe","hubris:Icosahedron","Mark of the Bloom","hubris:PeanutButter","Torii"],"acts_visited":["Exordium","TheCity","TheBeyond"],"potions_floor_usage":[],"damage_taken":[{"damage":1.0,"enemies":"Cultist","floor":1.0,"turns":3.0},{"damage":7.0,"enemies":"Jaw Worm","floor":5.0,"turns":2.0},{"damage":10.0,"enemies":"3 Sentries","floor":6.0,"turns":6.0},{"damage":0.0,"enemies":"Gremlin Nob","floor":8.0,"turns":3.0},{"damage":0.0,"enemies":"2 Louse","floor":11.0,"turns":2.0},{"damage":0.0,"enemies":"Large Slime","floor":12.0,"turns":3.0},{"damage":0.0,"enemies":"3 Sentries","floor":14.0,"turns":5.0},{"damage":44.0,"enemies":"Slime Boss","floor":16.0,"turns":11.0},{"damage":10.0,"enemies":"2 Thieves","floor":18.0,"turns":3.0},{"damage":0.0,"enemies":"Chosen","floor":20.0,"turns":3.0},{"damage":0.0,"enemies":"Slavers","floor":23.0,"turns":3.0},{"damage":0.0,"enemies":"Gremlin Leader","floor":25.0,"turns":7.0},{"damage":0.0,"enemies":"Sentry and Sphere","floor":27.0,"turns":4.0},{"damage":0.0,"enemies":"Snake Plant","floor":28.0,"turns":2.0},{"damage":0.0,"enemies":"Book of Stabbing","floor":30.0,"turns":3.0},{"damage":0.0,"enemies":"Shelled Parasite and Fungi","floor":31.0,"turns":2.0},{"damage":0.0,"enemies":"Automaton","floor":33.0,"turns":6.0},{"damage":0.0,"enemies":"3 Shapes","floor":35.0,"turns":2.0},{"damage":0.0,"enemies":"Orb Walker","floor":36.0,"turns":2.0},{"damage":0.0,"enemies":"Giant Head","floor":42.0,"turns":5.0},{"damage":0.0,"enemies":"Transient","floor":47.0,"turns":6.0},{"damage":0,"enemies":"Spire Growth","floor":48,"turns":3},{"damage":0,"enemies":"Awakened One","floor":50,"turns":6},{"damage":0,"enemies":"Time Eater","floor":51,"turns":8}],"seed_played":"-3127824647869465066","potions_obtained":[{"floor":1.0,"key":"PowerPotion"},{"floor":5.0,"key":"PotionOfCapacity"},{"floor":14.0,"key":"ColorlessPotion"},{"floor":23.0,"key":"ColorlessPotion"},{"floor":31.0,"key":"SpeedPotion"},{"floor":33.0,"key":"DistilledChaos"},{"floor":47.0,"key":"Strength Potion"},{"floor":48,"key":"Ancient Potion"}],"is_trial":false,"path_per_floor":["M","$","?","?","M","E","R","E","T","R","M","M","$","E","R","B",null,"M","$","M","?","?","E","$","E","T","M","M","R","E","M","R","B",null,"M","M","?","?","?","$","R","E","T","R","?","$","M","M","R","B","B",null],"character_chosen":"DEFECT","items_purchased":["Force Field","Enlightenment"],"campfire_rested":1,"item_purchase_floors":[2,24],"current_hp_per_floor":[63,63,42,42,35,25,25,25,25,46,46,46,46,46,46,2,62,52,52,52,1,1,1,1,1,1,1,1,1,1,1,1,1,1,1,1,1,1,1,1,1,1,1,1,1,1,1,1,1,1,1],"gold":229,"neow_bonus":"BOSS_RELIC","is_daily":false,"chose_seed":false,"campfire_upgraded":3,"win_rate":0.0,"timestamp":1609301987,"path_taken":["M","$","?","?","M","E","R","E","T","R","?","M","?","E","R","BOSS","M","$","M","?","?","E","$","E","T","M","?","R","E","M","R","BOSS","M","M","?","?","?","$","R","E","T","R","?","$","M","M","R","BOSS","BOSS"],"items_purchased_type":["Card","Card"],"build_version":"2020-12-22","purchased_purges":4,"victory":true,"max_hp_per_floor":[71,71,71,71,71,71,71,71,71,71,71,71,71,71,71,71,79,79,79,79,1,1,1,1,1,1,1,1,1,1,1,1,1,1,1,1,1,1,1,1,1,1,1,1,1,1,1,1,1,1,1],"card_choices":[{"not_picked":["Chill","Conserve Battery"],"picked":"Force Field","floor":1.0},{"not_picked":["Barrage","Turbo"],"picked":"Sunder","floor":5.0},{"not_picked":["Go for the Eyes","Thunder Strike","Rebound"],"picked":"SKIP","floor":6.0},{"not_picked":["Steam","Melter"],"picked":"Sunder","floor":8.0},{"not_picked":["Blizzard","Auto Shields"],"picked":"Conserve Battery","floor":11.0},{"not_picked":["Beam Cell","Gash"],"picked":"Undo","floor":12.0},{"not_picked":["Streamline","Blizzard","Coolheaded"],"picked":"SKIP","floor":14.0},{"not_picked":["hubris:Prefetch","Reboot"],"picked":"Meteor Strike","floor":16.0},{"not_picked":["Leap","Compile Driver","Streamline"],"picked":"SKIP","floor":18.0},{"not_picked":["Leap","hubris:PowerSurge","Steam"],"picked":"SKIP","floor":20.0},{"not_picked":["Darkness","Tempest","Static Discharge"],"picked":"SKIP","floor":23.0},{"not_picked":["Ball Lightning","Turbo+1","Steam"],"picked":"SKIP","floor":25.0},{"not_picked":["Sweeping Beam","Steam+1"],"picked":"hubris:SpiceAddiction","floor":27.0},{"not_picked":["Rebound","Auto Shields","Go for the Eyes"],"picked":"SKIP","floor":28.0},{"not_picked":["Cold Snap","Tempest"],"picked":"Skim","floor":30.0},{"not_picked":["Streamline","Storm"],"picked":"hubris:SpiceAddiction","floor":31.0},{"not_picked":["All For One","Hyperbeam"],"picked":"hubris:SpiceAddiction","floor":33.0},{"not_picked":["Rip and Tear","Sweeping Beam","hubris:Ukulele"],"picked":"SKIP","floor":35.0},{"not_picked":["Recycle","Leap","Double Energy"],"picked":"SKIP","floor":36.0},{"not_picked":["Rebound","Gash","Genetic Algorithm"],"picked":"SKIP","floor":42.0},{"not_picked":["FTL","Gash","Rebound"],"picked":"SKIP","floor":47.0},{"not_picked":["Aggregate","Fusion","Steam+1"],"picked":"SKIP","floor":48}],"player_experience":1269763,"relics_obtained":[{"floor":6.0,"key":"hubris:CrystalStatue"},{"floor":8.0,"key":"Boot"},{"floor":9.0,"key":"Bronze Scales"},{"floor":14.0,"key":"Girya"},{"floor":23.0,"key":"hubris:Spice"},{"floor":25.0,"key":"hubris:Spice"},{"floor":30.0,"key":"hubris:Spice"},{"floor":42.0,"key":"hubris:PeanutButter"},{"floor":43.0,"key":"Torii"}],"event_choices":[{"damage_healed":0.0,"max_hp_gain":0.0,"max_hp_loss":0.0,"gold_gain":0.0,"event_name":"Shining Light","player_choice":"Entered Light","floor":3.0,"gold_loss":0.0,"damage_taken":21.0,"cards_upgraded":["Dualcast","Strike_B"]},{"cards_removed":["Defend_B"],"damage_healed":0.0,"max_hp_gain":0.0,"max_hp_loss":0.0,"gold_gain":0.0,"event_name":"Purifier","player_choice":"Purged","floor":4.0,"gold_loss":0.0,"damage_taken":0.0},{"damage_healed":0.0,"max_hp_gain":0.0,"max_hp_loss":0.0,"gold_gain":50.0,"event_name":"Golden Shrine","player_choice":"Pray","floor":22.0,"gold_loss":0.0,"damage_taken":0.0},{"damage_healed":0.0,"max_hp_gain":0.0,"max_hp_loss":0.0,"gold_gain":0.0,"event_name":"MindBloom","player_choice":"Upgrade","floor":38.0,"gold_loss":0.0,"damage_taken":0.0,"cards_upgraded":["Defend_B","Force Field","Sunder","Conserve Battery","Undo","Meteor Strike","Enlightenment"],"relics_obtained":["Mark of the Bloom"]},{"cards_removed":["hubris:PowerSurge"],"damage_healed":0.0,"max_hp_gain":0.0,"max_hp_loss":0.0,"gold_gain":0.0,"event_name":"Falling","player_choice":"Removed Power","floor":39.0,"gold_loss":0.0,"damage_taken":0.0},{"damage_healed":0.0,"max_hp_gain":0.0,"max_hp_loss":0.0,"gold_gain":0.0,"event_name":"SensoryStone","player_choice":"Memory 1","floor":45.0,"gold_loss":0.0,"damage_taken":0.0}],"is_beta":false,"boss_relics":[{"not_picked":["Tiny House","Inserter"],"picked":"hubris:Backtick"},{"not_picked":["hubris:Stopwatch","hubris:Spice"],"picked":"Astrolabe"}],"items_purged_floors":[2,13,19,40],"is_endless":false,"potions_floor_spawned":[1,5,14,23,25,28,31,33,35,47,48],"ascension_level":20}}