{"host":"5jn3rki867005t18","time":1609329247,"event":{"mods":["AchievementEnabler","BaseMod","Colored Map","DeckTracker","Highlight Path","Minty Spire (QoL Compilation)","Permanent Neow","Quick Restart","StSLib","SuperFastMode"],"gold_per_floor":[117,135,310,310,330,358,358,358,358],"floor_reached":8,"playtime":210,"items_purged":[],"score":56,"play_id":"394cce74-22f8-46a0-b190-2cc53b9e1255","local_time":"20201230205407","is_ascension_mode":false,"campfire_choices":[{"floor":7,"key":"REST"}],"circlet_count":0,"master_deck":["Strike_P","Strike_P","Strike_P+1","Strike_P","Defend_P","Defend_P+1","Defend_P","Defend_P","Eruption","Vigilance","Adaptation","FollowUp","FlurryOfBlows","Doubt","FollowUp"],"relics":["PureWater","PreservedInsect"],"acts_visited":["Exordium"],"potions_floor_usage":[],"damage_taken":[{"damage":22,"enemies":"Jaw Worm","floor":1,"turns":2},{"damage":10,"enemies":"Small Slimes","floor":2,"turns":3},{"damage":0,"enemies":"2 Louse","floor":5,"turns":3},{"damage":20,"enemies":"Gremlin Nob","floor":6,"turns":4},{"damage":31,"enemies":"Lagavulin","floor":8,"turns":3}],"seed_played":"2261204132140378781","potions_obtained":[],"is_trial":false,"path_per_floor":["M","M","?","?","M","E","R","E"],"character_chosen":"WATCHER","items_purchased":[],"campfire_rested":1,"item_purchase_floors":[],"current_hp_per_floor":[50,40,40,26,26,6,27,0,0],"gold":358,"neow_bonus":"THREE_CARDS","is_daily":false,"chose_seed":false,"campfire_upgraded":0,"win_rate":0.0,"timestamp":1609329247,"path_taken":["M","M","?","?","M","E","R","E"],"items_purchased_type":[],"build_version":"2020-12-22","purchased_purges":0,"victory":false,"max_hp_per_floor":[72,72,72,72,72,72,72,72,72],"card_choices":[{"not_picked":["Prostrate","FlurryOfBlows"],"picked":"Adaptation","floor":0},{"not_picked":["SashWhip","WindmillStrike"],"picked":"FollowUp","floor":1},{"not_picked":["LikeWater","ThirdEye"],"picked":"FlurryOfBlows","floor":2},{"not_picked":["CrushJoints","ClearTheMind"],"picked":"FollowUp","floor":5},{"not_picked":["PathToVictory","CutThroughFate","FlyingSleeves"],"picked":"SKIP","floor":6}],"player_experience":143288,"relics_obtained":[{"floor":6,"key":"PreservedInsect"}],"event_choices":[{"damage_healed":0,"gold_gain":175,"player_choice":"AGREE","damage_taken":0,"max_hp_gain":0,"max_hp_loss":0,"event_name":"Liars Game","floor":3,"gold_loss":0,"cards_obtained":["Doubt"]},{"damage_healed":0,"gold_gain":0,"player_choice":"Entered Light","damage_taken":14,"max_hp_gain":0,"max_hp_loss":0,"event_name":"Shining Light","floor":4,"gold_loss":0,"cards_upgraded":["Strike_P","Defend_P"]}],"is_beta":false,"boss_relics":[],"items_purged_floors":[],"is_endless":false,"potions_floor_spawned":[],"killed_by":"Lagavulin","ascension_level":0}}