{"host":"3jpwrwmmgyabjceh","time":1609339739,"event":{"mods":["AchievementEnabler","BaseMod","Colored Map","Colored Powertips","Highlight Path","Minty Spire (QoL Compilation)","Quick Restart","Relic Stats","Replay The Spire","StSLib","SuperFastMode"],"gold_per_floor":[111,129,129,129,129,144,144,177,177,202,249,260,35,66,66,101,101,204,204,214,154,170,13,31,59,59,86,86,101,134,49,59,77,77,175,175,192,205,205,216,243,278,278,310,310,310,324,349,95,109,109,109,109,109,40,75,75,75],"floor_reached":57,"playtime":2471,"items_purged":["Strike_R"],"score":941,"play_id":"3a4aac24-2fc9-4690-9067-2df55e6aae60","local_time":"20201230174859","is_ascension_mode":true,"campfire_choices":[{"data":"Bash","floor":9.0,"key":"SMITH"},{"data":"Inflame","floor":15.0,"key":"SMITH"},{"data":"Body Slam","floor":17.0,"key":"SMITH"},{"data":"Pommel Strike","floor":26.0,"key":"SMITH"},{"floor":34.0,"key":"REST"},{"floor":43.0,"key":"REST"},{"floor":51,"key":"RECALL"},{"data":"Pommel Strike","floor":54,"key":"SMITH"}],"circlet_count":0,"master_deck":["Strike_R","Strike_R","Strike_R+1","Strike_R","Defend_R+1","Defend_R+1","Defend_R+1","Defend_R+1","Bash+1","Rampage","Pommel Strike+1","Body Slam+1","True Grit","Pommel Strike+1","Shrug It Off","Inflame+1","Juggernaut+1","ReplayReversal","Body Slam+1","ReplayReversal+1","Burning Pact+1","Ghostly Armor+1","Corruption+1","Defy Death+1","Shrug It Off","Cleave+1","ReplayUltimateDefense+1","Armaments+1","Inflame+1","Demon Form+1"],"relics":["Burning Blood","Mercury Hourglass","Gremlin Food","ReplayTheSpireMod:Lightbulb","Orichalcum","War Paint","Ginger","Ooze Armor","Happy Flower","Ancient Tea Set","Bottled Lightning","Eternal Feather","Regal Pillow","Champion Belt","SacredBark","Vajra","Lizard Tail","Onion Ring","Frozen Egg 2","Gremlin Horn"],"acts_visited":["Exordium","TheCity","TheBeyond","TheEnding"],"potions_floor_usage":[52,52,52],"damage_taken":[{"damage":1.0,"enemies":"Cultist","floor":1.0,"turns":3.0},{"damage":2.0,"enemies":"Jaw Worm","floor":2.0,"turns":3.0},{"damage":7.0,"enemies":"2 Louse","floor":6.0,"turns":3.0},{"damage":35.0,"enemies":"3 Sentries","floor":8.0,"turns":9.0},{"damage":13.0,"enemies":"Gremlin Nob","floor":10.0,"turns":4.0},{"damage":0.0,"enemies":"Large Slime","floor":12.0,"turns":4.0},{"damage":2.0,"enemies":"3 Sentries","floor":14.0,"turns":4.0},{"damage":2.0,"enemies":"Lagavulin","floor":16.0,"turns":5.0},{"damage":24.0,"enemies":"The Guardian","floor":18.0,"turns":11.0},{"damage":10.0,"enemies":"Spheric Guardian","floor":20.0,"turns":4.0},{"damage":18.0,"enemies":"2 Thieves","floor":22.0,"turns":4.0},{"damage":9.0,"enemies":"Snake Plant","floor":24.0,"turns":3.0},{"damage":17.0,"enemies":"Book of Stabbing","floor":25.0,"turns":5.0},{"damage":1.0,"enemies":"Replay:Snechameleon","floor":27.0,"turns":4.0},{"damage":29.0,"enemies":"Snecko","floor":29.0,"turns":5.0},{"damage":27.0,"enemies":"Slavers","floor":30.0,"turns":5.0},{"damage":8.0,"enemies":"Cultist and Chosen","floor":32.0,"turns":5.0},{"damage":11.0,"enemies":"Snake Plant","floor":33.0,"turns":3.0},{"damage":7.0,"enemies":"Pondfish","floor":35.0,"turns":12.0},{"damage":24.0,"enemies":"3 Shapes","floor":37.0,"turns":5.0},{"damage":19.0,"enemies":"3 Darklings","floor":38.0,"turns":5.0},{"damage":0.0,"enemies":"Sphere and 2 Shapes","floor":40.0,"turns":4.0},{"damage":42.0,"enemies":"Nemesis","floor":42.0,"turns":7.0},{"damage":0.0,"enemies":"Giant Head","floor":44.0,"turns":6.0},{"damage":25,"enemies":"Transient","floor":47,"turns":5},{"damage":69,"enemies":"Nemesis","floor":48,"turns":10},{"damage":15,"enemies":"3 Darklings","floor":50,"turns":4},{"damage":39,"enemies":"Replay:Hell Engine","floor":52,"turns":10},{"damage":58,"enemies":"Shield and Spear","floor":56,"turns":7},{"damage":51,"enemies":"The Heart","floor":57,"turns":6}],"seed_played":"-2262248228491777859","potions_obtained":[{"floor":1.0,"key":"Swift Potion"},{"floor":8.0,"key":"Explosive Potion"},{"floor":10.0,"key":"Block Potion"},{"floor":16.0,"key":"SpeedPotion"},{"floor":18.0,"key":"LiquidBronze"},{"floor":22.0,"key":"FearPotion"},{"floor":25.0,"key":"Elixir"},{"floor":27.0,"key":"Milkshake"},{"floor":30.0,"key":"BloodPotion"},{"floor":33.0,"key":"Dexterity Potion"},{"floor":37.0,"key":"Regen Potion"},{"floor":47,"key":"Doom Potion"},{"floor":48,"key":"Swift Potion"}],"is_trial":false,"path_per_floor":["M","M","PTL","PTL","?","M","?","E","R","E","T","M","$","E","R","E","R_BF","B",null,"M","?","M","$","M","E","R","E","T","M","E","?","M","M","R","B",null,"M","M","?","M","T","E","R","E","T","?","M","E","$","M","R","B",null,"R","$","E","B"],"character_chosen":"IRONCLAD","items_purchased":["Inflame","Orichalcum","Happy Flower","ReplayUltimateDefense+1","Inflame+1"],"campfire_rested":2,"item_purchase_floors":[13,13,23,49,55],"current_hp_per_floor":[88,88,88,88,88,87,69,40,40,33,33,39,39,43,43,47,47,29,88,84,84,72,72,69,58,58,63,63,40,19,19,17,29,82,81,88,70,57,57,63,63,27,83,88,88,84,65,48,48,39,54,21,84,84,84,32,0,0],"gold":75,"neow_bonus":"TEN_PERCENT_HP_BONUS","is_daily":false,"chose_seed":false,"campfire_upgraded":5,"win_rate":0.0,"timestamp":1609339739,"path_taken":["M","?","PTL","PTL","?","M","?","E","R","E","T","M","$","E","R","E","R_BF","BOSS","M","?","M","$","M","E","R","E","T","M","E","?","M","M","R","BOSS","M","M","?","?","?","E","R","E","T","?","M","E","$","M","R","BOSS","R","$","E","BOSS"],"items_purchased_type":["Card","Relic","Relic","Card","Card"],"build_version":"2020-12-22","purchased_purges":1,"victory":false,"max_hp_per_floor":[88,88,88,88,88,88,88,88,88,88,88,88,88,88,88,88,88,88,88,88,88,88,88,88,88,88,88,88,88,88,88,88,88,88,88,88,88,88,88,88,88,88,88,88,88,84,84,84,84,84,84,84,84,84,84,84,84,84],"relic_stats":{"Regal Pillow":30,"Happy Flower":[37],"Gremlin Horn":[0,0],"counters":[30,164],"Eternal Feather":42,"Ginger":[18],"Orichalcum":[102],"War Paint":["Defend_R","Defend_R"],"Burning Blood":164,"Mercury Hourglass":[527],"Lizard Tail":42,"Champion Belt":[13],"obtain_stats":[{"Gremlin Food":10,"Regal Pillow":30,"Happy Flower":23,"Gremlin Horn":56,"SacredBark":36,"Vajra":41,"Eternal Feather":28,"Ginger":16,"Orichalcum":13,"War Paint":14,"Frozen Egg 2":48,"Ancient Tea Set":25,"Burning Blood":0,"Mercury Hourglass":8,"Lizard Tail":42,"Ooze Armor":19,"Onion Ring":44,"Bottled Lightning":27,"Champion Belt":31,"ReplayTheSpireMod:Lightbulb":11},{"Gremlin Food":5,"Regal Pillow":16,"Happy Flower":11,"Gremlin Horn":29,"SacredBark":19,"Vajra":22,"Eternal Feather":14,"Ginger":8,"Orichalcum":6,"War Paint":7,"Frozen Egg 2":26,"Ancient Tea Set":13,"Burning Blood":0,"Mercury Hourglass":4,"Lizard Tail":23,"Ooze Armor":9,"Onion Ring":24,"Bottled Lightning":14,"Champion Belt":16,"ReplayTheSpireMod:Lightbulb":5},{"Gremlin Food":21,"Regal Pillow":75,"Happy Flower":53,"Gremlin Horn":158,"SacredBark":95,"Vajra":109,"Eternal Feather":65,"Ginger":34,"Orichalcum":25,"War Paint":29,"Frozen Egg 2":137,"Ancient Tea Set":61,"Burning Blood":0,"Mercury Hourglass":18,"Lizard Tail":116,"Ooze Armor":45,"Onion Ring":122,"Bottled Lightning":65,"Champion Belt":75,"ReplayTheSpireMod:Lightbulb":21}]},"card_choices":[{"not_picked":["Disarm","Metallicize"],"picked":"Rampage","floor":1.0},{"not_picked":["Sever Soul","Clash"],"picked":"Pommel Strike","floor":2.0},{"not_picked":["ReplayTheSpireMod:LeadingStrike","Second Wind"],"picked":"Body Slam","floor":6.0},{"not_picked":["Heavy Blade","ReplayTheSpireMod:Strike From Hell"],"picked":"True Grit","floor":8.0},{"not_picked":["Feel No Pain","Headbutt"],"picked":"Pommel Strike","floor":10.0},{"not_picked":["True Grit","Dark Embrace"],"picked":"Shrug It Off","floor":12.0},{"not_picked":["Pommel Strike","Wild Strike","Twin Strike"],"picked":"SKIP","floor":14.0},{"not_picked":["Flame Barrier","Wild Strike","Fiend Fire"],"picked":"SKIP","floor":16.0},{"not_picked":["Offering","Feed"],"picked":"Juggernaut","floor":18.0},{"not_picked":["Clash","True Grit"],"picked":"ReplayReversal","floor":20.0},{"not_picked":["Defy Death","Uppercut+1"],"picked":"Body Slam+1","floor":22.0},{"not_picked":["ReplayTheSpireMod:LeadingStrike","Searing Blow"],"picked":"ReplayReversal+1","floor":24.0},{"not_picked":["Run Through","Massacre","Iron Wave"],"picked":"SKIP","floor":25.0},{"not_picked":["Warcry+1","Armaments","Shockwave"],"picked":"SKIP","floor":27.0},{"not_picked":["Perfected Strike","Replay:Undeath\u0027s Touch+1","Warcry"],"picked":"SKIP","floor":29.0},{"not_picked":["Dropkick+1","Warcry"],"picked":"Burning Pact","floor":30.0},{"not_picked":["Eclipse","Headbutt"],"picked":"Ghostly Armor+1","floor":32.0},{"not_picked":["ReplayTheSpireMod:Limb From Limb+1","Warcry+1","Combust"],"picked":"SKIP","floor":33.0},{"not_picked":["Eclipse","Demonic Infusion"],"picked":"Corruption","floor":35.0},{"not_picked":["Flex+1","Anger+1","Armaments"],"picked":"SKIP","floor":37.0},{"not_picked":["Dropkick","Warcry","Pommel Strike+1"],"picked":"SKIP","floor":38.0},{"not_picked":["Sword Boomerang","Bludgeon"],"picked":"Defy Death+1","floor":40.0},{"not_picked":["Twin Strike","Demonic Infusion","Pommel Strike+1"],"picked":"SKIP","floor":42.0},{"not_picked":["Double Tap","Replay:Undeath\u0027s Touch","Headbutt+1"],"picked":"SKIP","floor":44.0},{"not_picked":["Pommel Strike+1","Wild Strike"],"picked":"Shrug It Off","floor":47},{"not_picked":["Warcry","Infernal Blade+1"],"picked":"Cleave+1","floor":48},{"not_picked":["Shockwave","True Grit+1"],"picked":"Armaments+1","floor":50},{"not_picked":["Metallicize+1","Replay:Undeath\u0027s Touch+1"],"picked":"Demon Form+1","floor":56}],"player_experience":226236,"relics_obtained":[{"floor":8.0,"key":"Mercury Hourglass"},{"floor":10.0,"key":"Gremlin Food"},{"floor":11.0,"key":"ReplayTheSpireMod:Lightbulb"},{"floor":14.0,"key":"War Paint"},{"floor":16.0,"key":"Ginger"},{"floor":25.0,"key":"Ancient Tea Set"},{"floor":27.0,"key":"Bottled Lightning"},{"floor":28.0,"key":"Eternal Feather"},{"floor":30.0,"key":"Regal Pillow"},{"floor":41.0,"key":"Vajra"},{"floor":42.0,"key":"Lizard Tail"},{"floor":44.0,"key":"Onion Ring"},{"floor":48,"key":"Frozen Egg 2"},{"floor":56,"key":"Gremlin Horn"}],"event_choices":[{"damage_healed":0.0,"max_hp_gain":0.0,"max_hp_loss":0.0,"gold_gain":0.0,"event_name":"Shining Light","player_choice":"Entered Light","floor":7.0,"gold_loss":0.0,"damage_taken":18.0,"cards_upgraded":["Strike_R","Defend_R"]},{"damage_healed":0.0,"max_hp_gain":0.0,"max_hp_loss":0.0,"gold_gain":0.0,"event_name":"Addict","player_choice":"Obtained Relic","floor":31.0,"gold_loss":85.0,"damage_taken":0.0,"relics_obtained":["Champion Belt"]},{"damage_healed":0.0,"max_hp_gain":0.0,"max_hp_loss":0.0,"gold_gain":0.0,"event_name":"Upgrade Shrine","player_choice":"Upgraded","floor":39.0,"gold_loss":0.0,"damage_taken":0.0,"cards_upgraded":["Corruption"]},{"damage_healed":0.0,"max_hp_gain":0.0,"max_hp_loss":4.0,"gold_gain":0.0,"event_name":"Winding Halls","player_choice":"Max HP","floor":46.0,"gold_loss":0.0,"damage_taken":0.0}],"is_beta":false,"boss_relics":[{"not_picked":["Pandora\u0027s Box","Philosopher\u0027s Stone"],"picked":"Ooze Armor"},{"not_picked":["ChewingGum","Calling Bell"],"picked":"SacredBark"}],"items_purged_floors":[49],"is_endless":false,"potions_floor_spawned":[1,8,10,12,16,18,22,25,27,30,32,33,37,47,48],"killed_by":"The Heart","ascension_level":2}}