{"host":"kh6fvhxn285ncg0o","time":1609288011,"event":{"mods":["Act Like it!","BaseMod","Colored Map","Friendly Minions","Keyboard Shortcuts","Minty Spire (QoL Compilation)","Quick Restart","Relic Stats","StSLib","SuperFastMode"],"gold_per_floor":[118,134,134,148,164,197,215,249,249,249,284,313,313,313],"floor_reached":13,"playtime":305,"items_purged":[],"score":210,"play_id":"4638f93c-1929-4c62-b999-99d2a59de8a9","local_time":"20201230092651","is_ascension_mode":true,"campfire_choices":[{"floor":10.0,"key":"REST"}],"circlet_count":0,"master_deck":["AscendersBane","Strike_R","Strike_R","Strike_R","Strike_R","Defend_R","Defend_R","Defend_R","Defend_R","Bash","Carnage","Evolve","Dark Embrace","Disarm"],"relics":["Burning Blood","CaptainsWheel","Centennial Puzzle","MealTicket","White Beast Statue","Darkstone Periapt","Odd Mushroom"],"acts_visited":["Exordium"],"potions_floor_usage":[13],"damage_taken":[{"damage":7.0,"enemies":"Jaw Worm","floor":1.0,"turns":4.0},{"damage":1.0,"enemies":"Cultist","floor":2.0,"turns":3.0},{"damage":1.0,"enemies":"2 Louse","floor":4.0,"turns":3.0},{"damage":1.0,"enemies":"Exordium Wildlife","floor":5.0,"turns":4.0},{"damage":14.0,"enemies":"Gremlin Nob","floor":6.0,"turns":4.0},{"damage":15.0,"enemies":"Exordium Thugs","floor":7.0,"turns":5.0},{"damage":35.0,"enemies":"3 Sentries","floor":8.0,"turns":9.0},{"damage":14.0,"enemies":"Gremlin Nob","floor":11.0,"turns":4.0},{"damage":26.0,"enemies":"The Mushroom Lair","floor":12.0,"turns":8.0},{"damage":26,"enemies":"Lagavulin","floor":13,"turns":6}],"seed_played":"7080924581684262981","potions_obtained":[{"floor":2.0,"key":"Explosive Potion"},{"floor":4.0,"key":"Explosive Potion"},{"floor":11.0,"key":"SpeedPotion"},{"floor":12.0,"key":"Energy Potion"}],"is_trial":false,"path_per_floor":["M","M","?","M","M","E","M","E","T","R","E","?","E"],"character_chosen":"IRONCLAD","items_purchased":[],"campfire_rested":1,"item_purchase_floors":[],"current_hp_per_floor":[49,54,54,59,64,56,47,18,18,40,32,12,0,0],"gold":313,"neow_bonus":"ONE_RARE_RELIC","is_daily":false,"chose_seed":false,"campfire_upgraded":0,"win_rate":0.0,"timestamp":1609288011,"path_taken":["M","M","?","M","?","E","M","E","T","R","E","?","E"],"items_purchased_type":[],"build_version":"2020-12-22","purchased_purges":0,"victory":false,"max_hp_per_floor":[75,75,75,75,75,75,75,75,75,75,75,75,75,75],"relic_stats":{"Darkstone Periapt":0,"Centennial Puzzle":[15],"counters":[10,50],"MealTicket":0,"obtain_stats":[{"Darkstone Periapt":11,"CaptainsWheel":0,"Centennial Puzzle":6,"MealTicket":8,"Odd Mushroom":12,"Burning Blood":0,"White Beast Statue":9},{"Darkstone Periapt":8,"CaptainsWheel":0,"Centennial Puzzle":5,"MealTicket":7,"Odd Mushroom":9,"Burning Blood":0,"White Beast Statue":7},{"Darkstone Periapt":36,"CaptainsWheel":0,"Centennial Puzzle":18,"MealTicket":32,"Odd Mushroom":44,"Burning Blood":0,"White Beast Statue":32}],"Burning Blood":54},"card_choices":[{"not_picked":["Body Slam","Pummel"],"picked":"Carnage","floor":1.0},{"not_picked":["Rampage","Combust"],"picked":"Evolve","floor":4.0},{"not_picked":["Perfected Strike","Sever Soul"],"picked":"Dark Embrace","floor":6.0},{"not_picked":["Combust","Thunderclap","Juggernaut"],"picked":"SKIP","floor":11.0},{"not_picked":["Cleave","Thunderclap"],"picked":"Disarm","floor":12.0}],"player_experience":3313056,"relics_obtained":[{"floor":6.0,"key":"Centennial Puzzle"},{"floor":8.0,"key":"MealTicket"},{"floor":9.0,"key":"White Beast Statue"},{"floor":11.0,"key":"Darkstone Periapt"},{"floor":12.0,"key":"Odd Mushroom"}],"event_choices":[{"cards_removed":["Strike_R"],"damage_healed":0.0,"max_hp_gain":0.0,"max_hp_loss":0.0,"gold_gain":0.0,"event_name":"Purifier","player_choice":"Purged","floor":3.0,"gold_loss":0.0,"damage_taken":0.0},{"damage_healed":0.0,"max_hp_gain":0.0,"max_hp_loss":0.0,"gold_gain":0.0,"event_name":"Mushrooms","player_choice":"Fought Mushrooms","floor":12.0,"gold_loss":0.0,"damage_taken":0.0}],"is_beta":false,"boss_relics":[],"items_purged_floors":[],"is_endless":false,"potions_floor_spawned":[2,4,6,11,12],"killed_by":"Lagavulin","ascension_level":20}}