{"host":"4nqeo0vu1vuav7gg","time":1609336993,"event":{"mods":["AchievementEnabler","BaseMod","Block Reminder","Colored Map","Colored Powertips","Highlight Path","Minty Spire (QoL Compilation)","Quick Restart","Rare Cards Sparkle","Relic Relevance Reorder","StSLib"],"gold_per_floor":[209,259,278,278,278,278,318,318,389,389,412,436,454,467,467,562,562,547,112,162,178,93,93,132,132,159,159,199,199,242,267,267,356,356,369,400,67,88,106,106,106],"floor_reached":40,"playtime":2591,"items_purged":["Strike_B"],"score":843,"play_id":"23574595-4b0f-471b-9662-01aea88428cf","local_time":"20201230150313","is_ascension_mode":true,"campfire_choices":[{"floor":6.0,"key":"REST"},{"floor":10.0,"key":"REST"},{"floor":15.0,"key":"REST"},{"floor":23.0,"key":"REST"},{"floor":25.0,"key":"REST"},{"data":"Defragment","floor":27.0,"key":"SMITH"},{"floor":29.0,"key":"REST"},{"floor":32.0,"key":"REST"}],"circlet_count":0,"master_deck":["AscendersBane","Defend_B+1","Defend_B","Defend_B","Defend_B","Zap","Dualcast","Chill","Cold Snap+1","Doom and Gloom","Undo","Creative AI","Machine Learning","Defragment+1","Barrage","Cold Snap+1","Parasite","Echo Form","Fusion","Coolheaded","Hyperbeam","Cold Snap+1","Seek+1","Doom and Gloom+1","Go for the Eyes","Static Discharge+1","Static Discharge+1"],"relics":["Cracked Core","Pen Nib","Shuriken","Torii","Emotion Chip","DataDisk","Bag of Preparation","Gambling Chip","Regal Pillow","Cursed Key","Matryoshka","Golden Idol","Spirit Poop","Meat on the Bone","Astrolabe"],"acts_visited":["Exordium","TheCity","TheBeyond"],"potions_floor_usage":[40],"damage_taken":[{"damage":12.0,"enemies":"Small Slimes","floor":1.0,"turns":3.0},{"damage":0.0,"enemies":"Cultist","floor":3.0,"turns":3.0},{"damage":43.0,"enemies":"Gremlin Nob","floor":7.0,"turns":5.0},{"damage":0.0,"enemies":"Jaw Worm","floor":11.0,"turns":3.0},{"damage":1.0,"enemies":"3 Louse","floor":12.0,"turns":4.0},{"damage":7.0,"enemies":"2 Fungi Beasts","floor":13.0,"turns":2.0},{"damage":13.0,"enemies":"Exordium Thugs","floor":14.0,"turns":7.0},{"damage":37.0,"enemies":"The Guardian","floor":16.0,"turns":13.0},{"damage":14.0,"enemies":"2 Thieves","floor":18.0,"turns":4.0},{"damage":25.0,"enemies":"Chosen","floor":21.0,"turns":7.0},{"damage":41.0,"enemies":"Slavers","floor":24.0,"turns":8.0},{"damage":41.0,"enemies":"Gremlin Leader","floor":28.0,"turns":7.0},{"damage":33.0,"enemies":"Slavers","floor":30.0,"turns":5.0},{"damage":6.0,"enemies":"Snake Plant","floor":31.0,"turns":3.0},{"damage":62.0,"enemies":"Collector","floor":33.0,"turns":8.0},{"damage":5.0,"enemies":"3 Shapes","floor":35.0,"turns":9.0},{"damage":0.0,"enemies":"Mind Bloom Boss Battle","floor":36.0,"turns":6.0},{"damage":0.0,"enemies":"Orb Walker","floor":38.0,"turns":4.0},{"damage":40.0,"enemies":"3 Darklings","floor":39.0,"turns":4.0},{"damage":36,"enemies":"Giant Head","floor":40,"turns":9}],"seed_played":"5872007115541031299","potions_obtained":[{"floor":1.0,"key":"Ancient Potion"},{"floor":7.0,"key":"FocusPotion"},{"floor":12.0,"key":"GamblersBrew"},{"floor":28.0,"key":"SteroidPotion"},{"floor":33.0,"key":"Fire Potion"},{"floor":35.0,"key":"GamblersBrew"},{"floor":39.0,"key":"Weak Potion"}],"is_trial":false,"path_per_floor":["M","?","M","?","?","R","E","?","T","R","M","M","M","M","R","B",null,"M","$","?","M","?","R","E","R","T","R","E","R","E","M","R","B",null,"M","?","$","M","M","E"],"character_chosen":"DEFECT","items_purchased":["Defragment","Matryoshka","Emotion Chip"],"campfire_rested":7,"item_purchase_floors":[19,19,37],"current_hp_per_floor":[52,45,45,24,24,45,2,2,2,38,38,37,30,17,53,16,57,43,43,43,18,18,54,13,49,49,49,20,56,35,41,71,21,59,54,54,54,54,26,0,0],"gold":106,"neow_bonus":"HUNDRED_GOLD","is_daily":false,"chose_seed":false,"campfire_upgraded":1,"win_rate":0.0,"timestamp":1609336993,"path_taken":["M","?","?","?","?","R","E","?","T","R","M","M","?","M","R","BOSS","M","$","?","M","?","R","E","R","T","R","E","R","E","M","R","BOSS","M","?","$","M","M","E"],"items_purchased_type":["Card","Relic","Relic"],"build_version":"2020-12-22","purchased_purges":1,"victory":false,"max_hp_per_floor":[71,71,71,71,71,71,71,71,71,71,71,71,71,71,71,71,71,71,71,71,71,71,71,71,71,71,71,71,71,71,71,71,71,71,71,71,71,71,71,71,71],"card_choices":[{"not_picked":["Glacier","Conserve Battery"],"picked":"Chill","floor":1.0},{"not_picked":["Auto Shields","Chaos"],"picked":"Cold Snap","floor":3.0},{"not_picked":["Gash","Static Discharge"],"picked":"Doom and Gloom","floor":7.0},{"not_picked":["Reinforced Body","Ball Lightning"],"picked":"Undo","floor":11.0},{"not_picked":["Turbo","Beam Cell"],"picked":"Creative AI","floor":12.0},{"not_picked":["Undo","Beam Cell","Gash"],"picked":"SKIP","floor":13.0},{"not_picked":["Rebound","Conserve Battery","Rip and Tear"],"picked":"SKIP","floor":14.0},{"not_picked":["Meteor Strike","Creative AI"],"picked":"Machine Learning","floor":16.0},{"not_picked":["Static Discharge","Cold Snap","Rebound"],"picked":"SKIP","floor":18.0},{"not_picked":["Turbo","Aggregate"],"picked":"Barrage","floor":21.0},{"not_picked":["Recycle","Gash"],"picked":"Cold Snap+1","floor":24.0},{"not_picked":["Streamline","Redo"],"picked":"Echo Form","floor":28.0},{"not_picked":["Self Repair","Beam Cell"],"picked":"Fusion","floor":30.0},{"not_picked":["Conserve Battery","Cold Snap"],"picked":"Coolheaded","floor":31.0},{"not_picked":["Machine Learning","Meteor Strike"],"picked":"Hyperbeam","floor":33.0},{"not_picked":["Coolheaded","Redo","Scrape"],"picked":"SKIP","floor":35.0},{"not_picked":["Hologram","Cold Snap"],"picked":"Go for the Eyes","floor":36.0},{"not_picked":["Streamline+1","Redo"],"picked":"Static Discharge+1","floor":38.0},{"not_picked":["Sunder","Force Field"],"picked":"Static Discharge+1","floor":39.0}],"player_experience":1043140,"relics_obtained":[{"floor":7.0,"key":"Regal Pillow"},{"floor":24.0,"key":"Bag of Preparation"},{"floor":26.0,"key":"Meat on the Bone"},{"floor":26.0,"key":"DataDisk"},{"floor":28.0,"key":"Shuriken"},{"floor":30.0,"key":"Gambling Chip"},{"floor":36.0,"key":"Torii"}],"event_choices":[{"damage_healed":0.0,"max_hp_gain":0.0,"max_hp_loss":0.0,"gold_gain":50.0,"event_name":"FaceTrader","player_choice":"Touch","floor":2.0,"gold_loss":0.0,"damage_taken":7.0},{"damage_healed":0.0,"max_hp_gain":0.0,"max_hp_loss":0.0,"gold_gain":0.0,"event_name":"Shining Light","player_choice":"Entered Light","floor":4.0,"gold_loss":0.0,"damage_taken":21.0,"cards_upgraded":["Cold Snap","Defend_B"]},{"damage_healed":0.0,"max_hp_gain":0.0,"max_hp_loss":0.0,"gold_gain":0.0,"event_name":"Golden Idol","player_choice":"Take Wound","floor":5.0,"gold_loss":0.0,"damage_taken":0.0,"relics_obtained":["Golden Idol"],"cards_obtained":["Injury"]},{"cards_removed":["Injury"],"damage_healed":0.0,"max_hp_gain":0.0,"max_hp_loss":0.0,"gold_gain":0.0,"event_name":"Bonfire Elementals","player_choice":"Offered Curse","floor":8.0,"gold_loss":0.0,"damage_taken":0.0,"relics_obtained":["Spirit Poop"]},{"damage_healed":0.0,"max_hp_gain":0.0,"max_hp_loss":0.0,"gold_gain":50.0,"event_name":"Nest","player_choice":"Stole From Cult","floor":20.0,"gold_loss":0.0,"damage_taken":0.0},{"damage_healed":0.0,"max_hp_gain":0.0,"max_hp_loss":0.0,"gold_gain":0.0,"event_name":"Addict","player_choice":"Obtained Relic","floor":22.0,"gold_loss":85.0,"damage_taken":0.0,"relics_obtained":["Pen Nib"]},{"damage_healed":0.0,"max_hp_gain":0.0,"max_hp_loss":0.0,"gold_gain":0.0,"event_name":"MindBloom","player_choice":"Fight","floor":36.0,"gold_loss":0.0,"damage_taken":0.0}],"is_beta":false,"boss_relics":[{"not_picked":["Pandora\u0027s Box","SlaversCollar"],"picked":"Cursed Key"},{"not_picked":["Runic Pyramid","Inserter"],"picked":"Astrolabe"}],"items_purged_floors":[19],"is_endless":false,"potions_floor_spawned":[1,7,12,21,28,33,35,39],"killed_by":"Giant Head","ascension_level":18}}