{"host":"fhwr1fuluf6086fh","time":1609355031,"event":{"mods":["2.2 Compatiblity","Act Like it!","BaseMod","Elementarium","Hermit","Minty Spire (QoL Compilation)","Robot Space Explorer","StSLib","The Blue Laboratory","The Caster","The Dragon Tamer","The Factory","The Hierophant","TheLocksmith"],"gold_per_floor":[117,133,133,144,144,144,25,25,25,25,56,70,86,111,111,230,230,249,264,264,279,293,293,332,332,356,49,49,39,60,80,80,206,206,225,225,249,249,249,249],"floor_reached":39,"playtime":5968,"items_purged":[],"score":472,"play_id":"dce079ec-f8f4-4e01-b945-c5cd2c4cb145","local_time":"20201230140351","is_ascension_mode":true,"campfire_choices":[{"floor":6,"key":"REST"},{"data":"caster:Grimoire","floor":10,"key":"SMITH"},{"floor":15,"key":"REST"},{"data":"caster:Enfeeble","floor":23,"key":"SMITH"},{"floor":25,"key":"REST"},{"floor":32,"key":"REST"}],"circlet_count":0,"master_deck":["caster:Meteor","caster:DivertFocus","caster:strike+1","caster:strike+1","caster:strike+1","caster:defend","caster:defend+1","caster:defend","caster:defend","caster:Explosion","caster:DiablosFlame","caster:MagicResonance","caster:Charge","caster:Grimoire+1","caster:GaiasBlessing","caster:Fira+1","caster:Grimoire","caster:FrostDriver","caster:Incinerate","caster:GaiasBlessing","caster:Fissure","caster:EchoingVoice","caster:Sandstorm","caster:Enfeeble+1","caster:Sandstorm","caster:MagicBarrier","caster:LightningBolt","caster:NaturalChaos","caster:WallOfRocks","caster:LordOfVermillion","caster:GateOfBabylon","Dark Shackles","Finesse","caster:Sandstorm","caster:FrostDriver","caster:SpontaneousCombustion","caster:ManaOverflow","caster:Enfeeble+1","Discovery","caster:Sandstorm"],"relics":["caster:MagicBook","Golden Idol","Blue Candle","Dream Catcher","Sozu","Oddly Smooth Stone","Whetstone","Elementarium:ElementariumTrophy","Cursed Key"],"acts_visited":["Exordium","Elementarium:Elementarium","TheBeyond"],"potions_floor_usage":[33],"damage_taken":[{"damage":2,"enemies":"Cultist","floor":1,"turns":4},{"damage":0,"enemies":"Small Slimes","floor":2,"turns":3},{"damage":1,"enemies":"2 Louse","floor":4,"turns":3},{"damage":34,"enemies":"Gremlin Nob","floor":11,"turns":5},{"damage":9,"enemies":"Exordium Thugs","floor":12,"turns":4},{"damage":5,"enemies":"Lots of Slimes","floor":13,"turns":5},{"damage":6,"enemies":"Gremlin Gang","floor":14,"turns":5},{"damage":11,"enemies":"Hexaghost","floor":16,"turns":10},{"damage":0,"enemies":"Elementarium:MUD_AND_TAR_GOLEMS","floor":18,"turns":5},{"damage":12,"enemies":"Elementarium:VoidCorruption","floor":19,"turns":5},{"damage":20,"enemies":"Elementarium:VoidBeast","floor":21,"turns":6},{"damage":7,"enemies":"Elementarium:STONE_GOLEMS","floor":22,"turns":6},{"damage":50,"enemies":"Elementarium:FIRE_NOBILITY","floor":24,"turns":11},{"damage":15,"enemies":"Elementarium:RubyGolem","floor":30,"turns":4},{"damage":18,"enemies":"Elementarium:VoidBeast","floor":31,"turns":6},{"damage":13,"enemies":"Elementarium:GolemEmperor","floor":33,"turns":14},{"damage":1,"enemies":"Orb Walker","floor":35,"turns":3},{"damage":29,"enemies":"3 Darklings","floor":37,"turns":5},{"damage":42,"enemies":"Sphere and 2 Shapes","floor":39,"turns":4}],"seed_played":"-8070312240981760207","potions_obtained":[{"floor":2,"key":"blueLaboratory:CorrosionFlask"},{"floor":12,"key":"blueLaboratory:LouseDecoction"},{"floor":13,"key":"Ancient Potion"}],"is_trial":false,"path_per_floor":["M","M","?","M","?","R","$","?","T","R","E","M","M","M","R","B",null,"M","M","?","M","M","R","E","R","T","$","?","?","M","M","R","B",null,"M","?","M","?","M"],"character_chosen":"THE_CASTER","items_purchased":["caster:Grimoire","caster:GaiasBlessing","caster:LordOfVermillion","caster:GateOfBabylon"],"campfire_rested":4,"item_purchase_floors":[7,7,27,27],"current_hp_per_floor":[62,62,49,48,32,51,51,51,51,51,20,11,11,8,27,38,64,64,52,52,55,64,64,29,48,48,48,48,48,33,17,36,61,64,63,63,39,39,0,0],"gold":249,"neow_bonus":"ONE_RANDOM_RARE_CARD","is_daily":false,"chose_seed":false,"campfire_upgraded":2,"win_rate":0.0,"timestamp":1609355031,"path_taken":["M","M","?","M","?","R","$","?","T","R","E","M","M","M","R","BOSS","M","M","?","M","M","R","E","R","T","$","?","?","M","M","R","BOSS","M","?","?","?","?"],"items_purchased_type":["Card","Card","Card","Card"],"build_version":"2020-12-22","purchased_purges":0,"victory":false,"max_hp_per_floor":[64,64,64,64,64,64,64,64,64,64,64,64,64,64,64,64,64,64,64,64,64,64,64,64,64,64,64,64,64,64,64,64,64,64,64,64,64,64,64,64],"card_choices":[{"not_picked":["caster:Fireball","caster:QuickCast"],"picked":"caster:DiablosFlame","floor":1},{"not_picked":["caster:JupitelThunder","caster:Charge"],"picked":"caster:MagicResonance","floor":2},{"not_picked":["caster:QuickCast","caster:MagicResonance"],"picked":"caster:Charge","floor":4},{"not_picked":["caster:MegaloSpark","caster:Conflagrate"],"picked":"caster:Grimoire","floor":11},{"not_picked":["caster:Barbroot","caster:QuickCast"],"picked":"caster:FrostDriver","floor":12},{"not_picked":["caster:DiablosFlame","caster:LAZER"],"picked":"caster:Incinerate","floor":13},{"not_picked":["caster:AshesToAshes","caster:FrigidBeam"],"picked":"caster:GaiasBlessing","floor":14},{"not_picked":["caster:ShivasGrace","caster:LightningBolt"],"picked":"caster:Fissure","floor":15},{"not_picked":["caster:Ramuh","caster:ShortenedChant"],"picked":"caster:EchoingVoice","floor":16},{"not_picked":["caster:AlternatingCurrent","caster:LAZER+1"],"picked":"caster:Sandstorm","floor":18},{"not_picked":["caster:StaticField+1","caster:Incinerate"],"picked":"caster:Enfeeble","floor":19},{"not_picked":["caster:QuickCast+1","caster:WallOfSwords"],"picked":"caster:MagicBarrier","floor":21},{"not_picked":["caster:Charge+1","caster:MagicWeapon"],"picked":"caster:LightningBolt","floor":22},{"not_picked":["caster:Barbroot","caster:LAZER"],"picked":"caster:NaturalChaos","floor":24},{"not_picked":["caster:BurnItDown","caster:Cryogenesis+1"],"picked":"caster:WallOfRocks","floor":25},{"not_picked":["Dramatic Entrance","Impatience"],"picked":"Dark Shackles","floor":28},{"not_picked":["Blind","Flash of Steel"],"picked":"Finesse","floor":28},{"not_picked":["caster:DiamondDust","caster:Discharge+1"],"picked":"caster:Sandstorm","floor":30},{"not_picked":["caster:IcicleLance+1","caster:MagicResonance"],"picked":"caster:FrostDriver","floor":31},{"not_picked":["caster:Discharge","caster:LAZER+1"],"picked":"caster:SpontaneousCombustion","floor":32},{"not_picked":["caster:Ramuh","caster:Demi"],"picked":"caster:ManaOverflow","floor":33},{"not_picked":["caster:Fireball+1","caster:Rectify"],"picked":"caster:Enfeeble+1","floor":35},{"not_picked":["caster:MagicAttunement+1","caster:Rectify+1"],"picked":"caster:Sandstorm","floor":37}],"player_experience":937200,"relics_obtained":[{"floor":9,"key":"Blue Candle"},{"floor":11,"key":"Dream Catcher"},{"floor":24,"key":"Oddly Smooth Stone"},{"floor":26,"key":"Whetstone"}],"event_choices":[{"damage_healed":0,"gold_gain":0,"player_choice":"Entered Light","damage_taken":13,"max_hp_gain":0,"max_hp_loss":0,"event_name":"Shining Light","floor":3,"gold_loss":0,"cards_upgraded":["caster:defend","caster:strike"]},{"damage_healed":0,"gold_gain":0,"player_choice":"Take Damage","damage_taken":16,"relics_obtained":["Golden Idol"],"max_hp_gain":0,"max_hp_loss":0,"event_name":"Golden Idol","floor":5,"gold_loss":0},{"damage_healed":0,"gold_gain":0,"cards_transformed":["caster:strike"],"player_choice":"Scrolls","damage_taken":0,"max_hp_gain":0,"max_hp_loss":0,"event_name":"Elementarium:AbandonedFactory","floor":20,"gold_loss":0,"cards_obtained":["caster:Sandstorm"]},{"damage_healed":0,"gold_gain":0,"player_choice":"Machinery","damage_taken":0,"max_hp_gain":0,"max_hp_loss":0,"event_name":"Elementarium:IncubationChamber","floor":28,"gold_loss":0},{"damage_healed":0,"gold_gain":0,"player_choice":"Toss","damage_taken":0,"max_hp_gain":0,"max_hp_loss":0,"event_name":"Elementarium:OnrushingOffering","floor":29,"gold_loss":10,"cards_obtained":["Elementarium:GildedEssence"]},{"damage_healed":0,"gold_gain":0,"cards_transformed":["Elementarium:GildedEssence"],"player_choice":"Transformed","damage_taken":0,"max_hp_gain":0,"max_hp_loss":0,"event_name":"Transmorgrifier","floor":36,"gold_loss":0,"cards_obtained":["Discovery"]},{"cards_removed":["caster:defend"],"damage_healed":0,"gold_gain":0,"player_choice":"Card Removal","damage_taken":0,"max_hp_gain":0,"max_hp_loss":0,"event_name":"Wheel of Change","floor":38,"gold_loss":0}],"is_beta":false,"boss_relics":[{"not_picked":["Astrolabe","Snecko Eye"],"picked":"Sozu"},{"not_picked":["Tiny House","Philosopher\u0027s Stone"],"picked":"Cursed Key"}],"items_purged_floors":[],"is_endless":false,"potions_floor_spawned":[2,12,13,16,18,19,21,35],"killed_by":"Sphere and 2 Shapes","ascension_level":1}}