{"host":"kda2p2afd6bvz6qo","time":1609286991,"event":{"mods":["BaseMod","Colored Map","Minty Spire (QoL Compilation)","Relic Stats"],"gold_per_floor":[109,129,129,145,172,172,202,202,202,235,254,139,149,166,166,244,244,256,275,285,285,38,69,69,97,122,46,75,75,75,87,87,160,160,179,28,47,57,57,57,57,86,86,118,138,138,138,152,152,152],"floor_reached":51,"playtime":2759,"items_purged":["Strike_G","Strike_G+1"],"score":1385,"play_id":"3ec9a038-8840-4eaa-9ad6-892fa0417a38","local_time":"20201230000951","is_ascension_mode":true,"campfire_choices":[{"data":"Dagger Spray","floor":6.0,"key":"SMITH"},{"data":"Deadly Poison","floor":8.0,"key":"SMITH"},{"floor":15.0,"key":"REST"},{"floor":24,"key":"REST"},{"data":"Catalyst","floor":30,"key":"SMITH"},{"floor":32,"key":"REST"},{"data":"Burst","floor":40,"key":"SMITH"},{"floor":47,"key":"REST"},{"data":"Well Laid Plans","floor":49,"key":"SMITH"}],"circlet_count":0,"master_deck":["AscendersBane","Defend_G+1","Defend_G+1","Defend_G+1","Defend_G+1","Defend_G+1","Neutralize+1","Bouncing Flask+1","Deadly Poison+1","Backflip","Corpse Explosion","Footwork","Blur","Night Terror","Backflip","Catalyst+1","Burst+1","Doppelganger+1","Outmaneuver+1","Well Laid Plans+1","Leg Sweep","Leg Sweep+1","Setup"],"relics":["Empty Cage","Regal Pillow","Mango","StoneCalendar","Art of War","Velvet Choker","Happy Flower","Molten Egg 2","The Specimen","Whetstone","Bronze Scales","Astrolabe","OrangePellets","Mercury Hourglass","Bottled Tornado","Question Card","Pantograph"],"acts_visited":["Exordium","TheCity","TheBeyond"],"potions_floor_usage":[23,33,35,39,50],"damage_taken":[{"damage":0.0,"enemies":"2 Louse","floor":1.0,"turns":4.0},{"damage":0.0,"enemies":"Cultist","floor":2.0,"turns":6.0},{"damage":5.0,"enemies":"Small Slimes","floor":4.0,"turns":4.0},{"damage":24.0,"enemies":"Gremlin Nob","floor":7.0,"turns":4.0},{"damage":12.0,"enemies":"Lagavulin","floor":10.0,"turns":5.0},{"damage":4.0,"enemies":"2 Fungi Beasts","floor":11.0,"turns":2.0},{"damage":4.0,"enemies":"Red Slaver","floor":13.0,"turns":4.0},{"damage":3.0,"enemies":"Blue Slaver","floor":14.0,"turns":4.0},{"damage":6.0,"enemies":"Slime Boss","floor":16.0,"turns":7.0},{"damage":6.0,"enemies":"Spheric Guardian","floor":18.0,"turns":4.0},{"damage":0.0,"enemies":"Chosen","floor":19.0,"turns":6.0},{"damage":0.0,"enemies":"3 Cultists","floor":20.0,"turns":4.0},{"damage":33,"enemies":"Slavers","floor":23,"turns":6},{"damage":24,"enemies":"Book of Stabbing","floor":25,"turns":6},{"damage":22,"enemies":"Slavers","floor":28,"turns":5},{"damage":3,"enemies":"Centurion and Healer","floor":31,"turns":5},{"damage":8,"enemies":"Champ","floor":33,"turns":5},{"damage":0,"enemies":"3 Darklings","floor":35,"turns":2},{"damage":10,"enemies":"Orb Walker","floor":37,"turns":4},{"damage":3,"enemies":"4 Shapes","floor":38,"turns":5},{"damage":0,"enemies":"Spire Growth","floor":39,"turns":2},{"damage":2,"enemies":"Nemesis","floor":42,"turns":7},{"damage":0,"enemies":"Giant Head","floor":44,"turns":4},{"damage":46,"enemies":"Transient","floor":45,"turns":5},{"damage":6,"enemies":"Writhing Mass","floor":48,"turns":5},{"damage":9,"enemies":"Time Eater","floor":50,"turns":5}],"seed_played":"7051765787859949308","potions_obtained":[{"floor":1.0,"key":"CunningPotion"},{"floor":11.0,"key":"Swift Potion"},{"floor":13.0,"key":"LiquidMemories"},{"floor":16.0,"key":"Dexterity Potion"},{"floor":20.0,"key":"FairyPotion"},{"floor":28,"key":"CunningPotion"},{"floor":31,"key":"PowerPotion"},{"floor":33,"key":"SneckoOil"},{"floor":35,"key":"SmokeBomb"},{"floor":44,"key":"GhostInAJar"}],"is_trial":false,"path_per_floor":["M","M","?","M","T","R","E","R","T","E","M","$","M","M","R","B",null,"M","M","M","?","$","E","R","E","T","$","E","?","R","M","R","B",null,"M","$","M","M","M","R","T","E","T","E","M","?","R","M","R","B",null],"character_chosen":"THE_SILENT","items_purchased":["Footwork","Happy Flower","Catalyst","OrangePellets"],"campfire_rested":4,"item_purchase_floors":[12,22,27,36],"current_hp_per_floor":[59,59,59,54,54,54,44,44,44,32,28,28,24,21,60,54,74,68,68,68,68,68,35,74,50,50,50,28,28,28,25,64,56,74,74,74,64,61,61,61,61,59,59,59,13,13,52,46,46,62],"gold":152,"neow_bonus":"BOSS_RELIC","is_daily":false,"chose_seed":false,"campfire_upgraded":5,"win_rate":0.0,"timestamp":1609286991,"path_taken":["M","M","?","?","?","R","E","R","T","E","M","$","?","M","R","BOSS","M","M","M","?","$","E","R","E","T","$","E","?","R","?","R","BOSS","M","$","M","M","M","R","?","E","T","E","M","?","R","M","R","BOSS"],"items_purchased_type":["Card","Relic","Card","Relic"],"build_version":"2020-12-22","purchased_purges":2,"victory":true,"max_hp_per_floor":[66,66,66,66,66,66,80,80,80,80,80,80,80,80,80,80,80,80,80,80,80,80,80,80,80,80,80,80,80,80,80,80,80,80,80,80,80,80,80,80,80,80,80,80,80,80,80,80,80,80],"relic_stats":{"Regal Pillow":60,"Happy Flower":[22],"counters":[26,120],"Astrolabe":["Choke","Doppelganger","Outmaneuver"],"StoneCalendar":[99],"Whetstone":["Neutralize"],"Question Card":3,"Mercury Hourglass":[63],"OrangePellets":[0],"Bronze Scales":[121],"Pantograph":25,"Art of War":[62],"obtain_stats":[{"Regal Pillow":5,"Happy Flower":22,"The Specimen":25,"Astrolabe":34,"Velvet Choker":17,"Mango":7,"StoneCalendar":9,"Whetstone":26,"Bottled Tornado":42,"Empty Cage":0,"Question Card":43,"Mercury Hourglass":41,"OrangePellets":36,"Bronze Scales":28,"Pantograph":44,"Molten Egg 2":23,"Art of War":10,"Ring of the Snake":0},{"Regal Pillow":3,"Happy Flower":12,"The Specimen":14,"Astrolabe":17,"Velvet Choker":9,"Mango":4,"StoneCalendar":4,"Whetstone":14,"Bottled Tornado":22,"Empty Cage":0,"Question Card":22,"Mercury Hourglass":21,"OrangePellets":18,"Bronze Scales":15,"Pantograph":23,"Molten Egg 2":13,"Art of War":5,"Ring of the Snake":0},{"Regal Pillow":14,"Happy Flower":54,"The Specimen":66,"Astrolabe":81,"Velvet Choker":40,"Mango":18,"StoneCalendar":18,"Whetstone":66,"Bottled Tornado":101,"Empty Cage":0,"Question Card":101,"Mercury Hourglass":94,"OrangePellets":83,"Bronze Scales":71,"Pantograph":105,"Molten Egg 2":60,"Art of War":23,"Ring of the Snake":0}]},"card_choices":[{"not_picked":["Predator","All Out Attack"],"picked":"Dagger Spray","floor":1.0},{"not_picked":["Flying Knee","Cloak And Dagger"],"picked":"Bouncing Flask","floor":2.0},{"not_picked":["Blade Dance","Outmaneuver"],"picked":"Deadly Poison","floor":4.0},{"not_picked":["Underhanded Strike","Sucker Punch"],"picked":"Backflip","floor":7.0},{"not_picked":["Blade Dance","Endless Agony"],"picked":"Corpse Explosion","floor":10.0},{"not_picked":["Acrobatics","Sucker Punch"],"picked":"PiercingWail","floor":11.0},{"not_picked":["Slice","Choke"],"picked":"Blur","floor":13.0},{"not_picked":["PiercingWail","Dagger Throw","Slice"],"picked":"SKIP","floor":14.0},{"not_picked":["Die Die Die","Envenom"],"picked":"Night Terror","floor":16.0},{"not_picked":["Prepared","Bouncing Flask","Terror"],"picked":"SKIP","floor":18.0},{"not_picked":["Heel Hook","Bane","Underhanded Strike+1"],"picked":"SKIP","floor":19.0},{"not_picked":["Backflip","Cloak And Dagger+1","Outmaneuver"],"picked":"SKIP","floor":20.0},{"not_picked":["Cloak And Dagger+1","Outmaneuver"],"picked":"Backflip","floor":20.0},{"not_picked":["Terror","Sucker Punch+1","Endless Agony+1"],"picked":"SKIP","floor":23},{"not_picked":["Expertise","Blade Dance","Underhanded Strike+1"],"picked":"SKIP","floor":25},{"not_picked":["Bouncing Flask","Outmaneuver","Dagger Throw+1"],"picked":"SKIP","floor":28},{"not_picked":["Skewer+1","Sucker Punch+1","Distraction"],"picked":"SKIP","floor":31},{"not_picked":["Doppelganger","A Thousand Cuts"],"picked":"Burst","floor":33},{"not_picked":["Cloak And Dagger+1","Dodge and Roll"],"picked":"Well Laid Plans","floor":35},{"not_picked":["Poisoned Stab+1","Blade Dance","Acrobatics"],"picked":"SKIP","floor":37},{"not_picked":["Predator+1","Skewer+1","Quick Slash+1"],"picked":"SKIP","floor":38},{"not_picked":["Unload+1","Acrobatics"],"picked":"Leg Sweep","floor":42},{"not_picked":["Slice+1","Quick Slash+1","Expertise"],"picked":"Leg Sweep+1","floor":44},{"not_picked":["Sucker Punch+1","Blade Dance","Slice+1","A Thousand Cuts"],"picked":"SKIP","floor":45},{"not_picked":["Blur","Crippling Poison+1","Concentrate","Leg Sweep"],"picked":"SKIP","floor":48}],"player_experience":93450,"relics_obtained":[{"floor":5.0,"key":"Regal Pillow"},{"floor":7.0,"key":"Mango"},{"floor":9.0,"key":"StoneCalendar"},{"floor":10.0,"key":"Art of War"},{"floor":23,"key":"Molten Egg 2"},{"floor":25,"key":"The Specimen"},{"floor":26,"key":"Whetstone"},{"floor":28,"key":"Bronze Scales"},{"floor":41,"key":"Mercury Hourglass"},{"floor":42,"key":"Bottled Tornado"},{"floor":43,"key":"Question Card"},{"floor":44,"key":"Pantograph"}],"event_choices":[{"damage_healed":0.0,"max_hp_gain":0.0,"max_hp_loss":0.0,"gold_gain":0.0,"event_name":"Upgrade Shrine","player_choice":"Upgraded","floor":3.0,"gold_loss":0.0,"damage_taken":0.0,"cards_upgraded":["Bouncing Flask"]},{"damage_healed":0.0,"max_hp_gain":0.0,"max_hp_loss":0.0,"gold_gain":0.0,"event_name":"Back to Basics","player_choice":"Simplicity","floor":21.0,"gold_loss":0.0,"damage_taken":0.0,"cards_upgraded":["Strike_G","Strike_G","Defend_G","Defend_G","Defend_G","Defend_G","Defend_G"]},{"cards_removed":["Strike_G"],"damage_healed":0,"gold_gain":0,"player_choice":"Purged","damage_taken":0,"max_hp_gain":0,"max_hp_loss":0,"event_name":"Purifier","floor":29,"gold_loss":0},{"damage_healed":0,"gold_gain":0,"cards_transformed":["Choke"],"player_choice":"Transformed","damage_taken":0,"max_hp_gain":0,"max_hp_loss":0,"event_name":"Transmorgrifier","floor":46,"gold_loss":0,"cards_obtained":["Setup"]}],"is_beta":false,"boss_relics":[{"not_picked":["Runic Pyramid","Fusion Hammer"],"picked":"Velvet Choker"},{"not_picked":["SacredBark","SlaversCollar"],"picked":"Astrolabe"}],"items_purged_floors":[12,22],"is_endless":false,"potions_floor_spawned":[1,11,13,16,20,28,31,33,35,39,44,45],"ascension_level":15}}