{"host":"eydwxg59205c3vtl","time":1609341940,"event":{"mods":["2.2 Compatiblity","BaseMod","Colored Map","Colored Powertips","Hubris","Minty Spire (QoL Compilation)","StSLib","The Necromancer"],"gold_per_floor":[115,65,14,24,199,199,34,34,34,53,53,53,85,95,95,199,199,213,213,230,248,0,0,28,28,82,82,115,115,141,151,151,253,253,270,270,285,285,285],"floor_reached":38,"playtime":1382,"items_purged":["Doubt","Strike_G"],"score":728,"play_id":"c13c4aed-587b-495e-b9dc-8a668a66a8bd","local_time":"20201230102540","is_ascension_mode":true,"campfire_choices":[{"data":"Dagger Spray","floor":6,"key":"SMITH"},{"data":"Noxious Fumes","floor":11,"key":"SMITH"},{"data":"Dodge and Roll","floor":15,"key":"SMITH"},{"data":"Footwork","floor":23,"key":"SMITH"},{"data":"Glass Knife","floor":25,"key":"SMITH"},{"data":"Neutralize","floor":27,"key":"SMITH"},{"floor":29,"key":"REST"},{"floor":32,"key":"REST"}],"circlet_count":0,"master_deck":["AscendersBane","Survivor","Neutralize+1","Dagger Spray+1","Flying Knee","Quick Slash","Noxious Fumes+1","Slice","Dodge and Roll+1","Backstab","Flying Knee","Glass Knife+1","Backflip","Footwork+1","Noxious Fumes+1","Deflect+1","Catalyst","Catalyst","Catalyst+1","Night Terror","Bouncing Flask","Masterful Stab","hubris:SlightOfHand","Glass Knife","Unload","Tactician","Glass Knife","Unload","Bouncing Flask"],"relics":["Ring of the Snake","Dream Catcher","hubris:Towel","Bottled Tornado","hubris:Reverence","Paper Crane","Philosopher\u0027s Stone","Pen Nib","Vajra","Snake Skull","Bag of Preparation","Ginger","The Specimen","Pandora\u0027s Box"],"acts_visited":["Exordium","TheCity","TheBeyond"],"potions_floor_usage":[13,16,28,33],"damage_taken":[{"damage":0,"enemies":"2 Louse","floor":1,"turns":3},{"damage":3,"enemies":"Jaw Worm","floor":4,"turns":3},{"damage":0,"enemies":"Small Slimes","floor":10,"turns":2},{"damage":14,"enemies":"Lagavulin","floor":13,"turns":5},{"damage":1,"enemies":"Looter","floor":14,"turns":2},{"damage":37,"enemies":"The Guardian","floor":16,"turns":10},{"damage":0,"enemies":"3 Byrds","floor":18,"turns":3},{"damage":4,"enemies":"Chosen","floor":20,"turns":4},{"damage":1,"enemies":"3 Cultists","floor":21,"turns":5},{"damage":11,"enemies":"Gremlin Leader","floor":24,"turns":5},{"damage":17,"enemies":"Book of Stabbing","floor":28,"turns":5},{"damage":7,"enemies":"Gremlin Leader","floor":30,"turns":5},{"damage":0,"enemies":"Snecko","floor":31,"turns":4},{"damage":16,"enemies":"Automaton","floor":33,"turns":6},{"damage":12,"enemies":"3 Darklings","floor":35,"turns":4},{"damage":22,"enemies":"3 Shapes","floor":37,"turns":3},{"damage":41,"enemies":"Writhing Mass","floor":38,"turns":2}],"seed_played":"-7267945563237347204","potions_obtained":[{"floor":4,"key":"Strength Potion"},{"floor":13,"key":"Regen Potion"},{"floor":18,"key":"Dexterity Potion"},{"floor":24,"key":"Fire Potion"},{"floor":30,"key":"Weak Potion"},{"floor":31,"key":"Weak Potion"},{"floor":37,"key":"AttackPotion"}],"is_trial":false,"path_per_floor":["M","?","$","M","?","R","$","?","T","M","R","?","E","M","R","B",null,"M","?","M","M","$","R","E","R","T","R","E","R","E","M","R","B",null,"M","?","M","M"],"character_chosen":"THE_SILENT","items_purchased":["Flying Knee","Noxious Fumes","Slice","Vajra"],"campfire_rested":2,"item_purchase_floors":[3,7,7,22],"current_hp_per_floor":[63,63,63,60,60,60,60,60,60,60,60,57,43,42,42,20,58,58,58,54,53,53,53,42,42,42,42,25,46,39,39,60,44,64,52,52,30,0,0],"gold":285,"neow_bonus":"RANDOM_COMMON_RELIC","is_daily":false,"chose_seed":false,"campfire_upgraded":6,"win_rate":0.0,"timestamp":1609341940,"path_taken":["M","?","$","M","?","R","$","?","T","M","R","?","E","M","R","BOSS","M","?","M","?","$","R","E","R","T","R","E","R","E","M","R","BOSS","M","?","M","M"],"items_purchased_type":["Card","Card","Card","Relic"],"build_version":"2020-12-22","purchased_purges":2,"victory":false,"max_hp_per_floor":[70,70,70,70,70,70,70,70,70,70,70,70,70,70,70,70,70,70,70,70,70,70,70,70,70,70,70,70,70,70,70,70,70,70,70,66,66,66,66],"card_choices":[{"not_picked":["Prepared","Leg Sweep"],"picked":"Dagger Spray","floor":1},{"not_picked":["Poisoned Stab","Catalyst"],"picked":"Quick Slash","floor":4},{"not_picked":["Deflect","Poisoned Stab"],"picked":"Dodge and Roll","floor":10},{"not_picked":["Prepared","Backflip"],"picked":"Backstab","floor":13},{"not_picked":["Prepared","Bane"],"picked":"Flying Knee","floor":14},{"not_picked":["Night Terror","Wraith Form v2"],"picked":"Glass Knife","floor":16},{"not_picked":["Flying Knee","Expertise","Outmaneuver"],"picked":"SKIP","floor":18},{"not_picked":["Outmaneuver","Heel Hook"],"picked":"Backflip","floor":20},{"not_picked":["Crippling Poison","Eviscerate"],"picked":"Footwork","floor":21},{"not_picked":["Doppelganger","Cloak And Dagger"],"picked":"Noxious Fumes+1","floor":24},{"not_picked":["Reflex","Acrobatics","Expertise"],"picked":"SKIP","floor":28},{"not_picked":["Quick Slash","Dagger Throw"],"picked":"Deflect+1","floor":29},{"not_picked":["Night Terror","Blade Dance"],"picked":"Catalyst","floor":30},{"not_picked":["Prepared","PiercingWail+1"],"picked":"Catalyst","floor":31},{"not_picked":["Setup","Riddle With Holes"],"picked":"Catalyst+1","floor":32},{"not_picked":["Phantasmal Killer","Bullet Time"],"picked":"Night Terror","floor":33},{"not_picked":["Flechettes","Dagger Spray","Choke"],"picked":"SKIP","floor":35},{"not_picked":["Reflex","Masterful Stab"],"picked":"Bouncing Flask","floor":37}],"player_experience":574618,"relics_obtained":[{"floor":9,"key":"Bottled Tornado"},{"floor":13,"key":"Paper Crane"},{"floor":24,"key":"Snake Skull"},{"floor":26,"key":"Bag of Preparation"},{"floor":28,"key":"Ginger"},{"floor":30,"key":"The Specimen"}],"event_choices":[{"cards_removed":["Strike_G"],"damage_healed":0,"gold_gain":0,"player_choice":"Card Removal","damage_taken":0,"max_hp_gain":0,"max_hp_loss":0,"event_name":"The Cleric","floor":2,"gold_loss":50},{"damage_healed":0,"gold_gain":175,"player_choice":"AGREE","damage_taken":0,"max_hp_gain":0,"max_hp_loss":0,"event_name":"Liars Game","floor":5,"gold_loss":0,"cards_obtained":["Doubt"]},{"damage_healed":0,"gold_gain":0,"player_choice":"Success","damage_taken":3,"relics_obtained":["hubris:Reverence"],"max_hp_gain":0,"max_hp_loss":0,"event_name":"Scrap Ooze","floor":12,"gold_loss":0},{"damage_healed":0,"gold_gain":0,"player_choice":"Gave Potion","damage_taken":0,"relics_obtained":["Pen Nib"],"max_hp_gain":0,"max_hp_loss":0,"event_name":"WeMeetAgain","floor":19,"gold_loss":0},{"damage_healed":0,"gold_gain":0,"player_choice":"Max HP","damage_taken":0,"max_hp_gain":0,"max_hp_loss":4,"event_name":"Winding Halls","floor":36,"gold_loss":0}],"is_beta":false,"boss_relics":[{"not_picked":["hubris:RunicObelisk","Tiny House"],"picked":"Philosopher\u0027s Stone"},{"not_picked":["Astrolabe","Coffee Dripper"],"picked":"Pandora\u0027s Box"}],"items_purged_floors":[7,22],"is_endless":false,"potions_floor_spawned":[4,13,18,24,30,31,37],"killed_by":"Writhing Mass","ascension_level":12}}