{"host":"u2qrfxkm3wve0vp3","time":1609332670,"event":{"mods":["BaseMod","GifTheSpireLib","Marisa£®ÏF”Í°°ƒß¿Ì…≥£©","Minty Spire (QoL Compilation)","Quick Restart","Remilia£®¿Ÿ√◊¿Ú—«£©","Shop Mod","StSLib","Td1madao Mod","The Cursed","The Runesmith","The Servant 0.9.4"],"gold_per_floor":[116,41,41,57,57,57,91,109,133,147,157,157,186,198,198,198,198],"floor_reached":16,"playtime":532,"items_purged":["TheCursedMod:Defend_TheCursed"],"score":137,"play_id":"ec44c6d5-02af-4593-bc30-1e66a34ce7c6","local_time":"20201230205110","is_ascension_mode":false,"campfire_choices":[{"data":"TheCursedMod:CursedWand","floor":6,"key":"SMITH"},{"data":"TheCursedMod:NeowsMight","floor":15,"key":"SMITH"}],"circlet_count":0,"master_deck":["TheCursedMod:Strike_TheCursed","TheCursedMod:Strike_TheCursed","TheCursedMod:Strike_TheCursed","TheCursedMod:Strike_TheCursed","TheCursedMod:Defend_TheCursed","TheCursedMod:Defend_TheCursed","TheCursedMod:Defend_TheCursed","TheCursedMod:CursedWand+1","TheCursedMod:CleanUpWorkshop+1","TheCursedMod:Dregs","TheCursedMod:AbyssShockwave","TheCursedMod:Evocation","TheCursedMod:NeowsMight+1","TheCursedMod:HellsGateOpen","TheCursedMod:CursedSpellbook","TheCursedMod:ShockAndAwe","TheCursedMod:FleshFromBone"],"relics":["TheCursedMod:BlackMagic101","NeowsBlessing","Smiling Mask","Oddly Smooth Stone","Gambling Chip"],"acts_visited":["Exordium"],"potions_floor_usage":[],"damage_taken":[{"damage":0,"enemies":"Small Slimes","floor":1,"turns":1},{"damage":0,"enemies":"Cultist","floor":4,"turns":1},{"damage":0,"enemies":"Lagavulin","floor":7,"turns":1},{"damage":0,"enemies":"2 Louse","floor":8,"turns":2},{"damage":15,"enemies":"Exordium Thugs","floor":10,"turns":3},{"damage":0,"enemies":"3 Louse","floor":11,"turns":2},{"damage":27,"enemies":"Gremlin Nob","floor":13,"turns":5},{"damage":0,"enemies":"Red Slaver","floor":14,"turns":2},{"damage":39,"enemies":"Slime Boss","floor":16,"turns":7}],"seed_played":"2047684132055887454","potions_obtained":[{"floor":4,"key":"TheCursedMod:DregsPotion"},{"floor":7,"key":"SkillPotion"},{"floor":10,"key":"SteroidPotion"}],"is_trial":false,"path_per_floor":["M","$","?","M","?","R","E","M","T","M","M","?","E","M","R","B"],"character_chosen":"THE_CURSED","items_purchased":[],"campfire_rested":0,"item_purchase_floors":[],"current_hp_per_floor":[75,75,75,75,80,80,80,80,80,65,65,65,38,38,38,0,0],"gold":198,"neow_bonus":"THREE_ENEMY_KILL","is_daily":false,"chose_seed":false,"campfire_upgraded":2,"win_rate":0.0,"timestamp":1609332670,"path_taken":["M","$","?","?","?","R","E","M","T","M","M","?","E","?","R","BOSS"],"items_purchased_type":[],"build_version":"2020-12-22","purchased_purges":1,"victory":false,"max_hp_per_floor":[75,75,75,75,80,80,80,80,80,80,80,80,80,80,80,80,80],"card_choices":[{"not_picked":["TheCursedMod:SurpriseAttack","TheCursedMod:TacticalStrike"],"picked":"TheCursedMod:AbyssShockwave","floor":1},{"not_picked":["TheCursedMod:SpitefulStrike","TheCursedMod:SmokeScreen"],"picked":"TheCursedMod:Evocation","floor":4},{"not_picked":["TheCursedMod:Wield","TheCursedMod:FleshFromBone"],"picked":"TheCursedMod:NeowsMight","floor":7},{"not_picked":["TheCursedMod:ManaBullet","TheCursedMod:WearCloak","TheCursedMod:CursedShiv"],"picked":"SKIP","floor":8},{"not_picked":["TheCursedMod:SpitefulPray","TheCursedMod:SmokeScreen"],"picked":"TheCursedMod:HellsGateOpen","floor":10},{"not_picked":["TheCursedMod:CircleOfCorruption","TheCursedMod:WearCloak"],"picked":"TheCursedMod:CursedSpellbook","floor":11},{"not_picked":["TheCursedMod:Torture","TheCursedMod:CursedBlade"],"picked":"TheCursedMod:ShockAndAwe","floor":13},{"not_picked":["TheCursedMod:VitalStrike","TheCursedMod:PrepareRite"],"picked":"TheCursedMod:FleshFromBone","floor":14}],"player_experience":335492,"relics_obtained":[{"floor":7,"key":"Smiling Mask"},{"floor":13,"key":"Gambling Chip"}],"event_choices":[{"damage_healed":0,"gold_gain":0,"player_choice":"Forge","damage_taken":0,"max_hp_gain":0,"max_hp_loss":0,"event_name":"Accursed Blacksmith","floor":3,"gold_loss":0,"cards_upgraded":["TheCursedMod:CleanUpWorkshop"]},{"damage_healed":0,"gold_gain":0,"player_choice":"Donut","damage_taken":0,"max_hp_gain":5,"max_hp_loss":0,"event_name":"Big Fish","floor":5,"gold_loss":0},{"damage_healed":0,"gold_gain":0,"player_choice":"Gave Potion","damage_taken":0,"relics_obtained":["Oddly Smooth Stone"],"max_hp_gain":0,"max_hp_loss":0,"event_name":"WeMeetAgain","floor":12,"gold_loss":0}],"is_beta":false,"boss_relics":[],"items_purged_floors":[2],"is_endless":false,"potions_floor_spawned":[4,7,10,11],"killed_by":"Slime Boss","ascension_level":0}}