{"host":"mvz90ilxx8epviq1","time":1609294749,"event":{"mods":["2.2 Compatiblity","Act Like it!","BaseMod","Better Note","Better Third Choice","Better Vampires","Clockwork Mod","Colored Map","Colored Powertips","Gensokyo","Hallownest","Hermit","Hubris","Marisa????????","Minty Spire (QoL Compilation)","Replay The Spire","Shop Mod","Spicy Shops","StSLib","The Alterego","The Bug Knight","The Construct","The Cursed","The Mystic","The Senshi","The Servant 0.9.4","The Wild Card","slay the spire mod where everything is the same but ironclad has a cowboy hat"],"gold_per_floor":[111,111,61,61,81,111,111,137,137,137,62,80,12,37,37,132,182,201,471,471,471,471,487,80,80,110,110,110,140,140,140,157,170,170,273,273,287,306,317,327,327,353,353,368,414,534,558,12,41,61,61,61,61],"floor_reached":52,"playtime":6944,"items_purged":["HollowMod:NailStrikeStart","hubris:Greed"],"score":645,"play_id":"ef546087-87fb-4e6e-9e10-cea4d9740695","local_time":"20201229211909","is_ascension_mode":false,"campfire_choices":[{"data":"HollowMod:DescendingDark","floor":7.0,"key":"SMITH"},{"floor":10.0,"key":"REST"},{"data":"HollowMod:CycloneSlash","floor":15.0,"key":"SMITH"},{"floor":25.0,"key":"REST"},{"floor":27.0,"key":"REST"},{"floor":30.0,"key":"REST"},{"data":"HollowMod:HornetsHelp","floor":30.0,"key":"SMITH"},{"data":"HollowMod:Weaversong","floor":34.0,"key":"SMITH"},{"floor":43.0,"key":"REST"},{"data":"HollowMod:HornetsHelp","floor":43.0,"key":"SMITH"},{"floor":51.0,"key":"REST"},{"data":"HollowMod:SharpenedShadows","floor":51.0,"key":"SMITH"}],"circlet_count":2,"master_deck":["HollowMod:NailStrikeStart","HollowMod:NailStrikeStart+1","HollowMod:NailStrikeStart","HollowMod:QuickDashStart","HollowMod:QuickDashStart+1","HollowMod:QuickDashStart","HollowMod:FocusHealStart","HollowMod:PogoStrike","HollowMod:ZotesMagnificence+1","HollowMod:DescendingDark+1","theWildCard:Arsene","HollowMod:NewLittleFool","HollowMod:SoulVessel+1","HollowMod:DoubleDash+1","HollowMod:CycloneSlash+1","HollowMod:MantisMark+1","HollowMod:SiblingsSouls+1","HollowMod:LordofShades","HollowMod:CrystalDash+1","HollowMod:SharpenedShadows+1","HollowMod:HowlingWraiths+1","HollowMod:CloakDash","HollowMod:HowlingWraiths+1","HollowMod:ShadowDash","HollowMod:BlackTendrils+1","HollowMod:HornetsHelp+1","HollowMod:GoodIntentions+1","HollowMod:Weaversong+1","HollowMod:DoubleDash+1","HollowMod:HornetsHelp+1","HollowMod:MonarchWings","HollowMod:InfectedCysts+1","HollowMod:NewLittleFool+1","HollowMod:ShapeofUnn","HollowMod:SiblingsSouls+1","Parasite","HollowMod:VengefulVoid+1","HollowMod:HeavyBlow","HollowMod:VengefulVoid","HollowMod:VengefulVoid+1","HollowMod:MantisMark+1"],"relics":["Circlet","SproutingBranch","Painkiller Herb","Bag of Preparation","Bloody Idol","MerchantsRug","Toy Ornithopter","Cursed Key","hubris:Icosahedron","Mummified Hand","BargainBundle","Bag of Marbles","Potion Belt","Du-Vu Doll"],"acts_visited":["Exordium","TheCity","TheBeyond"],"potions_floor_usage":[],"damage_taken":[{"damage":0.0,"enemies":"2 Louse","floor":1.0,"turns":2.0},{"damage":0.0,"enemies":"Small Slimes","floor":5.0,"turns":1.0},{"damage":9.0,"enemies":"3 Sentries","floor":6.0,"turns":4.0},{"damage":11.0,"enemies":"Lagavulin","floor":8.0,"turns":6.0},{"damage":14.0,"enemies":"Jaw Worm","floor":12.0,"turns":2.0},{"damage":0.0,"enemies":"3 Sentries","floor":14.0,"turns":5.0},{"damage":43.0,"enemies":"The Guardian","floor":16.0,"turns":6.0},{"damage":5.0,"enemies":"2 Thieves","floor":18.0,"turns":4.0},{"damage":20.0,"enemies":"Spheric Guardian","floor":23.0,"turns":5.0},{"damage":67.0,"enemies":"Nightmare","floor":26.0,"turns":8.0},{"damage":41.0,"enemies":"Book of Stabbing","floor":29.0,"turns":6.0},{"damage":4.0,"enemies":"Shelled Parasite and Fungi","floor":32.0,"turns":6.0},{"damage":7.0,"enemies":"Sentry and Sphere","floor":33.0,"turns":3.0},{"damage":82.0,"enemies":"Champ","floor":35.0,"turns":11.0},{"damage":12.0,"enemies":"3 Darklings","floor":37.0,"turns":3.0},{"damage":18.0,"enemies":"3 Shapes","floor":38.0,"turns":4.0},{"damage":17.0,"enemies":"Sphere and 2 Shapes","floor":39.0,"turns":3.0},{"damage":14.0,"enemies":"Maw","floor":40.0,"turns":7.0},{"damage":29.0,"enemies":"Reptomancer","floor":42.0,"turns":5.0},{"damage":9.0,"enemies":"Spire Growth","floor":44.0,"turns":4.0},{"damage":18.0,"enemies":"Writhing Mass","floor":46.0,"turns":4.0},{"damage":4.0,"enemies":"Jaw Worm Horde","floor":47.0,"turns":3.0},{"damage":55.0,"enemies":"Nemesis","floor":49.0,"turns":5.0},{"damage":4.0,"enemies":"Sphere and 2 Shapes","floor":50.0,"turns":5.0},{"damage":0,"enemies":"Awakened One","floor":52,"turns":1}],"seed_played":"7537098141179504484","potions_obtained":[{"floor":6.0,"key":"PowerPotion"},{"floor":12.0,"key":"EssenceOfSteel"},{"floor":14.0,"key":"BlessingOfTheForge"},{"floor":17.0,"key":"DuplicationPotion"},{"floor":29.0,"key":"Milkshake"},{"floor":32.0,"key":"BlessingOfTheForge"},{"floor":33.0,"key":"Weak Potion"},{"floor":35.0,"key":"SpeedPotion"},{"floor":39.0,"key":"Elixir"},{"floor":40.0,"key":"LifebloodPotion"},{"floor":47.0,"key":"SkillPotion"},{"floor":49.0,"key":"EntropicBrew"}],"is_trial":false,"path_per_floor":["M","?","?","?","M","E","R","E","T","R","$","M","$","E","R","B",null,"M","?","?","PTL","PTL","M","$","T","NM","T","T","E","T","?","?","?","T","B",null,"?","?","?","?","?","E","T","?","T","?","?","T","E","?","T","B"],"character_chosen":"THE_BUGKNIGHT","items_purchased":["HollowMod:MantisMark+1","hubris:AstralHammer","infinitespire:Chaos","MerchantsRug","HollowMod:GoodIntentions+1","BargainBundle","HollowMod:HeavyBlow","HollowMod:VengefulVoid","Bag of Marbles","Potion Belt","infinitespire:BlackPotion","SteroidPotion"],"campfire_rested":6,"item_purchase_floors":[13,24,24,24,24,48,48,48,48,48,48,48],"current_hp_per_floor":[75,60,60,60,60,51,51,46,46,68,68,54,54,60,60,27,80,80,53,53,53,53,34,49,73,27,51,51,37,61,61,80,80,80,17,80,77,78,72,75,75,71,80,80,80,75,80,80,41,65,80,80,80],"gold":61,"neow_bonus":"ONE_RANDOM_RARE_CARD","is_daily":false,"chose_seed":false,"campfire_upgraded":6,"win_rate":0.0,"timestamp":1609294749,"path_taken":["M","?","?","?","M","E","R","E","T","R","$","?","?","E","R","BOSS","M","?","?","PTL","PTL","M","$","T","NM","T","T","E","T","?","?","?","T","BOSS","?","?","?","?","?","E","T","?","T","?","?","?","E","?","T","BOSS"],"items_purchased_type":["Card","Relic","Undefined","Relic","Card","Relic","Card","Card","Relic","Relic","Undefined","Potion"],"build_version":"2020-12-22","purchased_purges":2,"victory":false,"max_hp_per_floor":[75,75,75,75,75,75,75,75,75,75,75,75,75,75,75,75,80,80,80,80,80,80,80,80,80,80,80,80,80,80,80,80,80,80,80,80,80,80,80,80,80,80,80,80,80,80,80,80,80,80,80,80,80],"card_choices":[{"not_picked":["HollowMod:InfectionAssault","HollowMod:DoubleDash"],"picked":"HollowMod:DescendingDark","floor":1.0},{"not_picked":["HollowMod:LifebloodCocoon","HollowMod:SoulStrike"],"picked":"HollowMod:NewLittleFool","floor":5.0},{"not_picked":["HollowMod:NewLittleFool","HollowMod:MonarchWings"],"picked":"HollowMod:SoulVessel","floor":6.0},{"not_picked":["HollowMod:Grubsong","HollowMod:HowlingWraiths"],"picked":"HollowMod:DoubleDash+1","floor":8.0},{"not_picked":["HollowMod:BrokenVessel","HollowMod:CoiledNail"],"picked":"HollowMod:CycloneSlash","floor":12.0},{"not_picked":["HollowMod:PureVessel","HollowMod:VengefulSpirit"],"picked":"HollowMod:SiblingsSouls+1","floor":14.0},{"not_picked":["HollowMod:Weaversong","HollowMod:MidwifesHunger"],"picked":"HollowMod:LordofShades","floor":16.0},{"not_picked":["HollowMod:DoubleDash+1","HollowMod:VengefulVoid"],"picked":"HollowMod:CrystalDash+1","floor":17.0},{"not_picked":["HollowMod:QuirrelsAssistance","HollowMod:TaintedHusks+1"],"picked":"HollowMod:SharpenedShadows","floor":18.0},{"not_picked":["HollowMod:NewLittleFool","HollowMod:SiblingsSouls+1"],"picked":"HollowMod:HowlingWraiths+1","floor":23.0},{"not_picked":["HollowMod:CornifersMapStart","HollowMod:VengefulSpirit"],"picked":"HollowMod:CloakDash","floor":24.0},{"not_picked":["HollowMod:GrimmsGift","HollowMod:PerfectDash+1"],"picked":"HollowMod:HowlingWraiths+1","floor":24.0},{"not_picked":["HollowMod:FastStrike","HollowMod:MothsMistake"],"picked":"HollowMod:ShadowDash","floor":24.0},{"not_picked":["HollowMod:HowlingWraiths+1","HollowMod:GrimmsGift+1"],"picked":"HollowMod:BlackTendrils+1","floor":24.0},{"not_picked":["HollowMod:InfectedAttack","HollowMod:SiblingsSouls"],"picked":"HollowMod:HornetsHelp","floor":24.0},{"not_picked":["HollowMod:DreamGate","HollowMod:Grubsong","HollowMod:GoodIntentions"],"picked":"SKIP","floor":26.0},{"not_picked":["HollowMod:MidwifesHunger","HollowMod:CycloneSlash"],"picked":"HollowMod:Weaversong","floor":29.0},{"not_picked":["HollowMod:WraithStrike+1","HollowMod:DashSlash"],"picked":"HollowMod:DoubleDash+1","floor":32.0},{"not_picked":["HollowMod:VengefulSpirit","HollowMod:SiblingsSouls","HollowMod:VengefulVoid"],"picked":"SKIP","floor":33.0},{"not_picked":["HollowMod:LordofShades","HollowMod:MidwifesHunger"],"picked":"HollowMod:HornetsHelp","floor":35.0},{"not_picked":["HollowMod:SiblingsSouls","HollowMod:SharpenedNail"],"picked":"HollowMod:MonarchWings","floor":37.0},{"not_picked":["HollowMod:DesolateDive+1","HollowMod:ChannelNail"],"picked":"HollowMod:InfectedCysts+1","floor":38.0},{"not_picked":["HollowMod:MothsMistake","HollowMod:SoulSplash"],"picked":"HollowMod:NewLittleFool+1","floor":39.0},{"not_picked":["HollowMod:MothsMistake+1","HollowMod:GoodIntentions"],"picked":"HollowMod:ShapeofUnn","floor":40.0},{"not_picked":["HollowMod:CoiledNail","HollowMod:NewLittleFool+1"],"picked":"HollowMod:SiblingsSouls+1","floor":42.0},{"not_picked":["HollowMod:CornifersMapStart","HollowMod:GoodIntentions","HollowMod:ShapeofUnn"],"picked":"SKIP","floor":44.0},{"not_picked":["HollowMod:ShadowDash","HollowMod:DashSlash","HollowMod:SiblingsSouls"],"picked":"SKIP","floor":46.0},{"not_picked":["HollowMod:SoulStrike+1","HollowMod:SoulVessel+1"],"picked":"HollowMod:VengefulVoid+1","floor":47.0},{"not_picked":["HollowMod:InfectionAssault+1","HollowMod:CycloneSlash+1"],"picked":"HollowMod:VengefulVoid+1","floor":49.0},{"not_picked":["HollowMod:BlackTendrils","HollowMod:SharpenedNail+1"],"picked":"HollowMod:MantisMark+1","floor":50.0}],"player_experience":391721,"relics_obtained":[{"floor":6.0,"key":"Simple Rune"},{"floor":8.0,"key":"Toxic Egg 2"},{"floor":9.0,"key":"Darkstone Periapt"},{"floor":14.0,"key":"HollowMod:MillibellesNoteRelic"},{"floor":26.0,"key":"Toy Ornithopter"},{"floor":28.0,"key":"infinitespire:Magic Flask"},{"floor":29.0,"key":"infinitespire:Beetle Shell"},{"floor":42.0,"key":"Mummified Hand"},{"floor":49.0,"key":"Du-Vu Doll"}],"event_choices":[{"damage_healed":75.0,"max_hp_gain":0.0,"max_hp_loss":75.0,"gold_gain":0.0,"event_name":"betterThird:BetterShining","player_choice":"Upgrade","floor":2.0,"gold_loss":0.0,"damage_taken":15.0,"cards_upgraded":["HollowMod:ZotesMagnificence","HollowMod:QuickDashStart"]},{"cards_removed":["HollowMod:QuickDashStart"],"damage_healed":0.0,"max_hp_gain":0.0,"max_hp_loss":0.0,"gold_gain":0.0,"event_name":"The Cleric","player_choice":"Card Removal","floor":3.0,"gold_loss":50.0,"damage_taken":0.0},{"damage_healed":0.0,"max_hp_gain":0.0,"max_hp_loss":0.0,"gold_gain":270.0,"event_name":"Knowing Skull","player_choice":"GOLD GOLD GOLD ","floor":19.0,"potions_obtained":[],"gold_loss":0.0,"damage_taken":27.0,"cards_obtained":[]},{"damage_healed":0.0,"max_hp_gain":0.0,"max_hp_loss":0.0,"gold_gain":0.0,"event_name":"WeMeetAgain","player_choice":"Gave Potion","floor":20.0,"gold_loss":0.0,"damage_taken":0.0,"relics_obtained":["hubris:FunFungus"]},{"cards_removed":["HollowMod:HowlingWraiths"],"damage_healed":0.0,"max_hp_gain":0.0,"max_hp_loss":0.0,"gold_gain":0.0,"event_name":"betterNote:BetterNote","player_choice":"Give","floor":31.0,"gold_loss":0.0,"damage_taken":0.0,"cards_obtained":["Delirium"]}],"is_beta":false,"boss_relics":[{"not_picked":["HollowMod:KingsSoulRelic","Velvet Choker"],"picked":"Tiny House"},{"not_picked":["Replay:Drink Me","ReplayTheSpireMod:DimensionalGlitch"],"picked":"Cursed Key"}],"items_purged_floors":[11,48],"is_endless":true,"potions_floor_spawned":[6,12,14,29,32,33,35,39,40,47,49,50],"killed_by":"Awakened One","ascension_level":0}}