{"host":"ohysexhjt9sgbosk","time":1609371877,"event":{"mods":["BaseMod","Colored Map","Colored Powertips","Curses Come First","Evolution","Minty Spire (QoL Compilation)","Rare Cards Sparkle","StSLib"],"gold_per_floor":[109,109,109,124,136,136,192,192,192,192,192,211,229,253,253,353,353,366,119,131,131,131,131,162,162,162,162,162],"floor_reached":27,"playtime":2653,"items_purged":[],"score":230,"play_id":"6a675946-e5a5-488f-b808-7ce30c8cb668","local_time":"20201230164437","is_ascension_mode":true,"campfire_choices":[{"floor":6,"key":"RECALL"},{"floor":8,"key":"REST"},{"floor":10,"key":"REST"},{"floor":15,"key":"REST"},{"floor":23,"key":"REST"}],"circlet_count":0,"master_deck":["Strike_B+1","Strike_B+1","Strike_B","Strike_B","Defend_B","Defend_B","Defend_B","Defend_B","Zap+1","Dualcast","Rip and Tear","Leap","Steam","Creative AI","Conserve Battery","BootSequence","Gash","Coolheaded","Amplify","BootSequence","Steam","Defragment"],"relics":["FrozenCore","EVO:Axolotl","Potion Belt","Odd Mushroom","Matryoshka","MutagenicStrength","Anchor","Orichalcum","Dead Branch","Tiny Chest"],"acts_visited":["Exordium","TheCity"],"potions_floor_usage":[7,16,16,16,27],"damage_taken":[{"damage":0,"enemies":"Cultist","floor":1,"turns":4},{"damage":6,"enemies":"2 Louse","floor":4,"turns":2},{"damage":1,"enemies":"Jaw Worm","floor":5,"turns":3},{"damage":40,"enemies":"3 Sentries","floor":7,"turns":8},{"damage":2,"enemies":"Lots of Slimes","floor":12,"turns":4},{"damage":3,"enemies":"3 Louse","floor":13,"turns":5},{"damage":11,"enemies":"The Mushroom Lair","floor":14,"turns":5},{"damage":43,"enemies":"Hexaghost","floor":16,"turns":10},{"damage":23,"enemies":"3 Byrds","floor":18,"turns":6},{"damage":14,"enemies":"Shell Parasite","floor":20,"turns":10},{"damage":56,"enemies":"Slavers","floor":24,"turns":12},{"damage":19,"enemies":"Cultist and Chosen","floor":27,"turns":4}],"seed_played":"8991179896303203072","potions_obtained":[{"floor":4,"key":"AttackPotion"},{"floor":7,"key":"Block Potion"},{"floor":13,"key":"Ancient Potion"},{"floor":16,"key":"Fruit Juice"},{"floor":24,"key":"SpeedPotion"}],"is_trial":false,"path_per_floor":["M","?","?","M","M","R","?","R","T","R","$","M","M","?","R","B",null,"M","$","M","?","?","R","E","?","T","M"],"character_chosen":"DEFECT","items_purchased":["Matryoshka"],"campfire_rested":4,"item_purchase_floors":[19],"current_hp_per_floor":[75,60,60,54,53,53,13,35,35,57,57,55,52,41,63,25,80,57,57,43,43,43,67,11,11,11,0,0],"gold":162,"neow_bonus":"THREE_CARDS","is_daily":false,"chose_seed":false,"campfire_upgraded":0,"win_rate":0.0,"timestamp":1609371877,"path_taken":["M","?","?","M","M","R","?","R","T","R","$","M","M","?","R","BOSS","M","$","M","?","?","R","E","?","T","?"],"items_purchased_type":["Relic"],"build_version":"2020-12-22","purchased_purges":0,"victory":false,"max_hp_per_floor":[75,75,75,75,75,75,75,75,75,75,75,75,75,75,75,80,80,80,80,80,80,80,80,80,80,80,80,80],"card_choices":[{"not_picked":["Redo","Double Energy"],"picked":"Rip and Tear","floor":0},{"not_picked":["Steam","Skim"],"picked":"Leap","floor":1},{"not_picked":["Streamline","Beam Cell"],"picked":"Steam","floor":4},{"not_picked":["Go for the Eyes","Steam"],"picked":"Creative AI","floor":5},{"not_picked":["Aggregate","Scrape"],"picked":"Conserve Battery","floor":7},{"not_picked":["Leap","Conserve Battery"],"picked":"BootSequence","floor":12},{"not_picked":["Rebound","Redo"],"picked":"Gash","floor":13},{"not_picked":["Steam Power","Buffer"],"picked":"Coolheaded","floor":14},{"not_picked":["Electrodynamics","Buffer"],"picked":"Amplify","floor":16},{"not_picked":["Rebound","Gash"],"picked":"BootSequence","floor":18},{"not_picked":["Streamline","Leap"],"picked":"Steam","floor":20},{"not_picked":["Sweeping Beam+1","Buffer"],"picked":"Defragment","floor":24}],"player_experience":66937,"relics_obtained":[{"floor":14,"key":"Odd Mushroom"},{"floor":24,"key":"Anchor"},{"floor":25,"key":"Orichalcum"},{"floor":26,"key":"Dead Branch"},{"floor":26,"key":"Tiny Chest"}],"event_choices":[{"damage_healed":0,"gold_gain":0,"player_choice":"Entered Light","damage_taken":15,"max_hp_gain":0,"max_hp_loss":0,"event_name":"Shining Light","floor":2,"gold_loss":0,"cards_upgraded":["Strike_B","Strike_B"]},{"damage_healed":0,"gold_gain":0,"player_choice":"Grow","damage_taken":0,"max_hp_gain":0,"max_hp_loss":0,"event_name":"Living Wall","floor":3,"gold_loss":0,"cards_upgraded":["Zap"]},{"damage_healed":0,"gold_gain":0,"player_choice":"Searched \u00273\u0027 times","damage_taken":0,"relics_obtained":["Potion Belt"],"max_hp_gain":0,"max_hp_loss":0,"event_name":"Dead Adventurer","floor":7,"gold_loss":0},{"damage_healed":0,"gold_gain":0,"player_choice":"Fought Mushrooms","damage_taken":0,"max_hp_gain":0,"max_hp_loss":0,"event_name":"Mushrooms","floor":14,"gold_loss":0},{"damage_healed":0,"gold_gain":0,"player_choice":"Ignored","damage_taken":0,"max_hp_gain":0,"max_hp_loss":0,"event_name":"Beggar","floor":21,"gold_loss":0},{"damage_healed":0,"gold_gain":0,"player_choice":"Inject Mutagens","damage_taken":0,"relics_obtained":["MutagenicStrength"],"max_hp_gain":0,"max_hp_loss":0,"event_name":"Drug Dealer","floor":22,"gold_loss":0},{"damage_healed":0,"gold_gain":0,"player_choice":"Relic","damage_taken":0,"max_hp_gain":0,"max_hp_loss":0,"event_name":"Wheel of Change","floor":25,"gold_loss":0}],"is_beta":false,"boss_relics":[{"not_picked":["Velvet Choker","Runic Pyramid"],"picked":"FrozenCore"}],"items_purged_floors":[],"is_endless":false,"potions_floor_spawned":[4,7,13,16,24],"killed_by":"Cultist and Chosen","ascension_level":1}}