{"host":"8fjsnt81u6xsmhji","time":1609318371,"event":{"mods":["BaseMod","Beaked The Cultist","Colored Powertips","Downfall","Glutton Mod","Hermit","Minty Spire (QoL Compilation)","Quick Restart","StSLib","The Bug Knight","The Forsaken","The Hierophant"],"gold_per_floor":[16,28,28,40,51,51,80,97,97,47,77,91,91,91,91,188,188,206,206,217,237,254,285,384,384,409,439,121,135,166,166,166,261,261,275,625,644,694,260,286,286,303,303,303,329,329,124,144,144,144],"floor_reached":51,"playtime":4511,"items_purged":["Shame","beaked:SacrificialScars"],"score":861,"play_id":"58f45139-878e-4252-bce4-c373a50f73c1","local_time":"20201230025251","is_ascension_mode":true,"campfire_choices":[{"data":"beaked:Ceremony","floor":6.0,"key":"SMITH"},{"floor":13.0,"key":"REST"},{"data":"beaked:Ceremony","floor":15.0,"key":"SMITH"},{"floor":25,"key":"REST"},{"data":"beaked:RitualOfBody","floor":32,"key":"SMITH"},{"data":"beaked:AwakenedForm","floor":41,"key":"SMITH"},{"data":"expansioncontent:StudyTheSpire","floor":44,"key":"SMITH"},{"data":"beaked:Ceremony","floor":49,"key":"SMITH"}],"circlet_count":0,"master_deck":["beaked:Strike_Y","beaked:Strike_Y","beaked:Strike_Y","beaked:Strike_Y","beaked:Strike_Y","beaked:Strike_Y","beaked:Defend_Y","beaked:Defend_Y","beaked:Defend_Y","beaked:Defend_Y","beaked:Ceremony+1","beaked:Ceremony+1","beaked:Ceremony+1","beaked:Flinch","beaked:Brace","beaked:Insight","beaked:CursingBlood+1","beaked:WarriorEssence+1","CurseOfTheBell","beaked:RitualOfBody+1","beaked:Tweet+1","beaked:AwakenedForm+1","beaked:Brace+1","beaked:Roost+1","beaked:DigDeep+1","Panacea","beaked:Evade+1","beaked:KnowThyFoe","beaked:MachineSpirit+1","beaked:Brace+1","beaked:Windmill+1","expansioncontent:StudyTheSpire+1","beaked:WarriorEssence+1","Parasite","beaked:BloodRitual+1","expansioncontent:QuickStudy"],"relics":["beaked:MendingPlumage","Turnip","Ancient Tea Set","theForsaken:HumbleEgg","CaptainsWheel","Calling Bell","Orichalcum","The Courier","Ice Cream","Peace Pipe","Tiny Chest","Ornamental Fan","Chemical X","Strawberry","Lantern","MealTicket","SacredBark","Old Coin","Du-Vu Doll","Pear","Anchor","beaked:ShinyBauble","Vajra","MawBank"],"acts_visited":["Exordium","TheCity","TheBeyond"],"potions_floor_usage":[23,23,30,50],"damage_taken":[{"damage":5.0,"enemies":"Jaw Worm","floor":1.0,"turns":5.0},{"damage":9.0,"enemies":"Small Slimes","floor":2.0,"turns":5.0},{"damage":22.0,"enemies":"Cultist","floor":4.0,"turns":6.0},{"damage":7.0,"enemies":"3 Louse","floor":5.0,"turns":7.0},{"damage":29.0,"enemies":"Lagavulin","floor":7.0,"turns":9.0},{"damage":17.0,"enemies":"2 Fungi Beasts","floor":8.0,"turns":7.0},{"damage":34.0,"enemies":"Gremlin Nob","floor":11.0,"turns":6.0},{"damage":8.0,"enemies":"Exordium Wildlife","floor":12.0,"turns":8.0},{"damage":40.0,"enemies":"The Guardian","floor":16.0,"turns":11.0},{"damage":20.0,"enemies":"Chosen","floor":18.0,"turns":7.0},{"damage":24.0,"enemies":"Shell Parasite","floor":20.0,"turns":11.0},{"damage":3.0,"enemies":"Snecko","floor":21.0,"turns":6.0},{"damage":17.0,"enemies":"Snake Plant","floor":22.0,"turns":9.0},{"damage":61,"enemies":"Slavers","floor":23,"turns":12},{"damage":34,"enemies":"Book of Stabbing","floor":27,"turns":6},{"damage":8,"enemies":"Centurion and Healer","floor":29,"turns":7},{"damage":25,"enemies":"Gremlin Leader","floor":30,"turns":8},{"damage":84,"enemies":"Automaton","floor":33,"turns":14},{"damage":29,"enemies":"3 Shapes","floor":35,"turns":6},{"damage":65,"enemies":"2 Orb Walkers","floor":36,"turns":6},{"damage":21,"enemies":"Orb Walker","floor":37,"turns":7},{"damage":23,"enemies":"Mind Bloom Boss Battle","floor":38,"turns":8},{"damage":30,"enemies":"Nemesis","floor":40,"turns":9},{"damage":17,"enemies":"Writhing Mass","floor":42,"turns":7},{"damage":9,"enemies":"Giant Head","floor":45,"turns":5},{"damage":36,"enemies":"Sphere and 2 Shapes","floor":48,"turns":8},{"damage":54,"enemies":"Awakened One","floor":50,"turns":9}],"seed_played":"2899718448843744233","potions_obtained":[{"floor":2.0,"key":"Swift Potion"},{"floor":5.0,"key":"Guardian:BlockOnCardUsePotion"},{"floor":8.0,"key":"Dexterity Potion"},{"floor":18.0,"key":"Swift Potion"},{"floor":20.0,"key":"Ancient Potion"},{"floor":23,"key":"FearPotion"},{"floor":30,"key":"LiquidMemories"},{"floor":33,"key":"Strength Potion"}],"is_trial":false,"path_per_floor":["M","M","?","M","M","R","E","M","T","?","E","M","R","?","R","B",null,"M","?","M","M","M","E","?","R","T","E","$","M","E","?","R","B",null,"M","?","M","?","$","E","R","M","T","R","E","T","$","M","R","B",null],"character_chosen":"BEAKED_THE_CULTIST","items_purchased":["Chemical X","Panacea","Strawberry","expansioncontent:StudyTheSpire","Pear","beaked:WarriorEssence+1","expansioncontent:QuickStudy"],"campfire_rested":2,"item_purchase_floors":[28,28,28,39,39,39,47],"current_hp_per_floor":[60,56,44,35,46,46,40,41,41,41,21,33,51,45,45,44,60,58,58,56,64,60,36,36,56,56,42,49,77,79,79,79,59,81,77,74,82,87,97,99,99,101,101,101,103,103,103,89,89,91],"gold":144,"neow_bonus":"TWENTY_PERCENT_HP_BONUS","is_daily":false,"chose_seed":false,"campfire_upgraded":6,"win_rate":0.0,"timestamp":1609318371,"path_taken":["M","M","?","M","M","R","E","M","T","?","E","M","R","?","R","BOSS","M","?","M","M","M","E","?","R","T","E","$","M","E","?","R","BOSS","M","?","M","?","$","E","R","M","T","R","E","?","?","M","R","BOSS"],"items_purchased_type":["Relic","Card","Relic","Card","Relic","Card","Card"],"build_version":"2020-12-22","purchased_purges":2,"victory":true,"max_hp_per_floor":[60,60,60,60,60,60,60,60,60,60,60,60,60,60,60,60,60,62,62,64,64,66,68,68,68,68,70,77,77,79,79,79,81,81,83,83,85,87,97,99,99,101,101,101,103,103,103,103,103,103],"card_choices":[{"not_picked":["beaked:BarbedWire","beaked:HuntressEssence"],"picked":"beaked:Daydream","floor":1.0},{"not_picked":["beaked:Cower","beaked:WarriorSpirit","beaked:MimicMachine"],"picked":"SKIP","floor":2.0},{"not_picked":["beaked:CrazyRituals","beaked:Resilience"],"picked":"beaked:Flinch","floor":4.0},{"not_picked":["beaked:Cower","beaked:BraceForImpact"],"picked":"beaked:Brace","floor":5.0},{"not_picked":["beaked:HuntressEssence","beaked:Cower","beaked:Tradeoff"],"picked":"SKIP","floor":7.0},{"not_picked":["beaked:Redirect","beaked:Foresight"],"picked":"beaked:Insight","floor":8.0},{"not_picked":["beaked:KnowThyFoe","beaked:Recite"],"picked":"beaked:CursingBlood+1","floor":11.0},{"not_picked":["beaked:Tradeoff+1","beaked:FeelMyPain+1"],"picked":"beaked:WarriorEssence+1","floor":12.0},{"not_picked":["beaked:FakeOut","beaked:CheekyTricks"],"picked":"beaked:SacrificialScars","floor":16.0},{"not_picked":["beaked:Tweet+1","beaked:DesperateSwing+1"],"picked":"beaked:RitualOfBody","floor":18.0},{"not_picked":["beaked:TuckingFeathers+1","beaked:Daydream+1"],"picked":"beaked:Tweet+1","floor":20.0},{"not_picked":["beaked:Cower+1","beaked:SurvivalInstinct+1"],"picked":"beaked:AwakenedForm","floor":21.0},{"not_picked":["beaked:Cower+1","beaked:Tweet+1"],"picked":"beaked:Brace+1","floor":22.0},{"not_picked":["beaked:CursingBlood+1","beaked:SacrificialAttack"],"picked":"beaked:Roost+1","floor":23},{"not_picked":["beaked:BloodRitual","beaked:Tradeoff+1"],"picked":"beaked:DigDeep+1","floor":27},{"not_picked":["beaked:MaddeningMurmurs","beaked:Daydream+1"],"picked":"beaked:Evade+1","floor":29},{"not_picked":["beaked:FeelMyPain+1","beaked:Tradeoff+1","beaked:Recite"],"picked":"SKIP","floor":30},{"not_picked":["beaked:AwakenedForm","beaked:WildInstinct"],"picked":"beaked:KnowThyFoe","floor":33},{"not_picked":["beaked:Insight+1","beaked:Resilience+1","beaked:BraceForImpact+1"],"picked":"SKIP","floor":35},{"not_picked":["beaked:HuntressEssence","beaked:Resilience+1"],"picked":"beaked:MachineSpirit+1","floor":36},{"not_picked":["beaked:Roost","beaked:Insight+1"],"picked":"beaked:Brace+1","floor":37},{"not_picked":["beaked:Brace+1","beaked:Tweet+1"],"picked":"beaked:Windmill+1","floor":38},{"not_picked":["beaked:MaddeningMurmurs+1","beaked:Brace+1","beaked:MimicMachine"],"picked":"SKIP","floor":40},{"not_picked":["beaked:Resilience+1","beaked:DigDeep+1"],"picked":"beaked:BloodRitual+1","floor":42},{"not_picked":["beaked:Tweet+1","beaked:FullHouse","beaked:SacrificialDive+1"],"picked":"SKIP","floor":45},{"not_picked":["beaked:Tradeoff+1","beaked:Foresight+1","beaked:FeelMyPain+1"],"picked":"SKIP","floor":48}],"player_experience":625134,"relics_obtained":[{"floor":7.0,"key":"Ancient Tea Set"},{"floor":9.0,"key":"theForsaken:HumbleEgg"},{"floor":11.0,"key":"CaptainsWheel"},{"floor":17.0,"key":"Orichalcum"},{"floor":17.0,"key":"The Courier"},{"floor":17.0,"key":"Ice Cream"},{"floor":23,"key":"Peace Pipe"},{"floor":26,"key":"Tiny Chest"},{"floor":27,"key":"Ornamental Fan"},{"floor":30,"key":"Lantern"},{"floor":36,"key":"Old Coin"},{"floor":38,"key":"Du-Vu Doll"},{"floor":40,"key":"Anchor"},{"floor":43,"key":"beaked:ShinyBauble"},{"floor":45,"key":"Vajra"},{"floor":46,"key":"MawBank"}],"event_choices":[{"damage_healed":0.0,"max_hp_gain":0.0,"max_hp_loss":0.0,"gold_gain":0.0,"event_name":"Scrap Ooze","player_choice":"Success","floor":3.0,"gold_loss":0.0,"damage_taken":12.0,"relics_obtained":["Turnip"]},{"cards_removed":["beaked:Daydream"],"damage_healed":0.0,"max_hp_gain":0.0,"max_hp_loss":0.0,"gold_gain":0.0,"event_name":"The Cleric","player_choice":"Card Removal","floor":10.0,"gold_loss":50.0,"damage_taken":0.0},{"damage_healed":0.0,"max_hp_gain":0.0,"max_hp_loss":0.0,"gold_gain":0.0,"event_name":"Wheel of Change","player_choice":"Damaged","floor":14.0,"gold_loss":0.0,"damage_taken":6.0},{"damage_healed":0,"gold_gain":99,"player_choice":"Stole From Cult","damage_taken":0,"max_hp_gain":0,"max_hp_loss":0,"event_name":"Nest","floor":24,"gold_loss":0},{"damage_healed":0,"gold_gain":0,"player_choice":"Stole Relic","damage_taken":0,"relics_obtained":["MealTicket"],"max_hp_gain":0,"max_hp_loss":0,"event_name":"Addict","floor":31,"gold_loss":0,"cards_obtained":["Shame"]},{"damage_healed":0,"gold_gain":0,"player_choice":"Fight","damage_taken":0,"max_hp_gain":0,"max_hp_loss":0,"event_name":"Mysterious Sphere","floor":36,"gold_loss":0},{"damage_healed":0,"gold_gain":0,"player_choice":"Fight","damage_taken":0,"max_hp_gain":0,"max_hp_loss":0,"event_name":"MindBloom","floor":38,"gold_loss":0}],"is_beta":false,"boss_relics":[{"not_picked":["Sozu","beaked:SacredDeck"],"picked":"Calling Bell"},{"not_picked":["Pandora\u0027s Box","Fusion Hammer"],"picked":"SacredBark"}],"items_purged_floors":[39,47],"is_endless":false,"potions_floor_spawned":[2,5,8,11,18,20,23,30,33,36,40,45],"ascension_level":1}}