{"host":"l60rmjjsfi0fipmi","time":1609290806,"event":{"mods":["BaseMod","Colored Map","DeckTracker","Highlight Path","Minty Spire (QoL Compilation)"],"gold_per_floor":[115,129,129,140,155,175,175,209,209,56,81,93,121,121,121,220,220,206,224,241,241,241],"floor_reached":21,"playtime":2462,"items_purged":["Strike_R"],"score":213,"play_id":"e57ca576-547e-4ac7-ba58-2b998cddb887","local_time":"20201229201326","is_ascension_mode":true,"campfire_choices":[{"data":"Thunderclap","floor":7,"key":"SMITH"},{"floor":15,"key":"REST"}],"circlet_count":0,"master_deck":["Strike_R","Defend_R","Defend_R","Defend_R","Defend_R","Bash","Thunderclap+1","Shrug It Off","Wild Strike","Dropkick","Reaper","Shockwave","Fire Breathing+1","Evolve","Havoc+1","Exhume+1","Iron Wave+1","Juggernaut+1","Armaments+1","Iron Wave","Ghostly Armor+1","Metallicize"],"relics":["Burning Blood","Omamori","Kunai","Blood Vial","Toxic Egg 2","Astrolabe"],"acts_visited":["Exordium","TheCity"],"potions_floor_usage":[13,16,16,20],"damage_taken":[{"damage":0,"enemies":"Small Slimes","floor":1,"turns":3},{"damage":5,"enemies":"Jaw Worm","floor":2,"turns":4},{"damage":1,"enemies":"2 Louse","floor":4,"turns":3},{"damage":5,"enemies":"2 Fungi Beasts","floor":5,"turns":3},{"damage":10,"enemies":"Looter","floor":6,"turns":3},{"damage":20,"enemies":"Gremlin Nob","floor":8,"turns":4},{"damage":21,"enemies":"3 Sentries","floor":11,"turns":6},{"damage":8,"enemies":"Gremlin Gang","floor":12,"turns":4},{"damage":26,"enemies":"Lagavulin","floor":13,"turns":8},{"damage":71,"enemies":"The Guardian","floor":16,"turns":13},{"damage":28,"enemies":"2 Thieves","floor":18,"turns":4},{"damage":34,"enemies":"Spheric Guardian","floor":19,"turns":6},{"damage":21,"enemies":"Shelled Parasite and Fungi","floor":20,"turns":10},{"damage":80,"enemies":"Masked Bandits","floor":21,"turns":5}],"seed_played":"-3956402409237624960","potions_obtained":[{"floor":5,"key":"Regen Potion"},{"floor":6,"key":"DistilledChaos"},{"floor":11,"key":"Fire Potion"},{"floor":12,"key":"LiquidMemories"},{"floor":16,"key":"SmokeBomb"},{"floor":19,"key":"Explosive Potion"},{"floor":20,"key":"FairyPotion"}],"is_trial":false,"path_per_floor":["M","M","?","M","M","M","R","E","T","$","E","M","E","?","R","B",null,"M","M","M","?"],"character_chosen":"IRONCLAD","items_purchased":["Fire Breathing"],"campfire_rested":1,"item_purchase_floors":[10],"current_hp_per_floor":[88,88,93,93,93,89,89,75,75,75,60,60,42,42,69,24,93,71,45,32,0,0],"gold":241,"neow_bonus":"TEN_PERCENT_HP_BONUS","is_daily":false,"chose_seed":false,"campfire_upgraded":1,"win_rate":0.0,"timestamp":1609290806,"path_taken":["M","M","?","M","M","M","R","E","T","$","E","M","E","?","R","BOSS","M","M","M","?"],"items_purchased_type":["Card"],"build_version":"2020-12-22","purchased_purges":1,"victory":false,"max_hp_per_floor":[88,88,93,93,93,93,93,93,93,93,93,93,93,93,93,93,93,93,93,93,93,93],"card_choices":[{"not_picked":["True Grit","Pommel Strike"],"picked":"Thunderclap","floor":1},{"not_picked":["True Grit","Wild Strike"],"picked":"Shrug It Off","floor":2},{"not_picked":["Flex","Rupture"],"picked":"Wild Strike","floor":4},{"not_picked":["Battle Trance","Heavy Blade"],"picked":"Dropkick","floor":5},{"not_picked":["Pommel Strike","Anger"],"picked":"Reaper","floor":6},{"not_picked":["Battle Trance","Reckless Charge"],"picked":"Shockwave","floor":8},{"not_picked":["Sword Boomerang","Shrug It Off"],"picked":"Evolve","floor":11},{"not_picked":["Flex","Body Slam","Clothesline"],"picked":"SKIP","floor":12},{"not_picked":["Dropkick","Heavy Blade"],"picked":"Havoc+1","floor":13},{"not_picked":["Limit Break+1","Brutality"],"picked":"Exhume+1","floor":16},{"not_picked":["Twin Strike","Dark Embrace"],"picked":"Iron Wave","floor":18},{"not_picked":["Entrench+1","Clash"],"picked":"Ghostly Armor+1","floor":19},{"not_picked":["Headbutt","Inflame+1"],"picked":"Metallicize","floor":20}],"player_experience":95410,"relics_obtained":[{"floor":8,"key":"Omamori"},{"floor":9,"key":"Kunai"},{"floor":11,"key":"Blood Vial"},{"floor":13,"key":"Toxic Egg 2"}],"event_choices":[{"damage_healed":0,"gold_gain":0,"player_choice":"Donut","damage_taken":0,"max_hp_gain":5,"max_hp_loss":0,"event_name":"Big Fish","floor":3,"gold_loss":0},{"damage_healed":0,"gold_gain":0,"player_choice":"Grow","damage_taken":0,"max_hp_gain":0,"max_hp_loss":0,"event_name":"Living Wall","floor":14,"gold_loss":0,"cards_upgraded":["Fire Breathing"]},{"damage_healed":0,"gold_gain":0,"player_choice":"Fought Bandits","damage_taken":0,"max_hp_gain":0,"max_hp_loss":0,"event_name":"Masked Bandits","floor":21,"gold_loss":0}],"is_beta":false,"boss_relics":[{"not_picked":["Runic Cube","Tiny House"],"picked":"Astrolabe"}],"items_purged_floors":[10],"is_endless":false,"potions_floor_spawned":[5,6,11,12,16,19,20],"killed_by":"Masked Bandits","ascension_level":1}}