{"host":"ec09novo68szpe7d","time":1609291469,"event":{"mods":["BaseMod","Bestiary","BetterRewards","Colored Map","Downfall","Minty Spire (QoL Compilation)","Shop Mod","StSLib"],"gold_per_floor":[99,112,128,128,138,138,138,138,169,169,9,9,34,34,52,52,52,52],"floor_reached":16,"playtime":1184,"items_purged":[],"score":98,"play_id":"9f399f9a-6fb4-400d-ad70-696dbcb8d8f9","local_time":"20201230022429","is_ascension_mode":false,"campfire_choices":[{"data":"Guardian:TwinSlam","floor":1,"key":"SMITH"},{"floor":10,"key":"REST"},{"floor":12,"key":"REST"}],"circlet_count":0,"master_deck":["Guardian:Strike_Guardian","Guardian:Strike_Guardian","Guardian:Strike_Guardian","Guardian:Defend_Guardian","Guardian:Defend_Guardian","Guardian:Defend_Guardian","Guardian:Defend_Guardian","Guardian:CurlUp","Guardian:TwinSlam+1","Guardian:Gem_Red","Regret","Guardian:PiercingHide","Guardian:Gem_Lightblue","Guardian:Gem_Lightblue","Guardian:Gem_Green","Guardian:Incinerate","Guardian:Repulse","Guardian:Harden"],"relics":["Sozu","Blood Vial","Calipers","Guardian:PickAxe","PreservedInsect","Bronze Scales","Odd Mushroom"],"acts_visited":["Exordium"],"potions_floor_usage":[],"damage_taken":[{"damage":0,"enemies":"2 Louse","floor":2,"turns":2},{"damage":0,"enemies":"Small Slimes","floor":3,"turns":3},{"damage":4,"enemies":"Cultist","floor":5,"turns":4},{"damage":8,"enemies":"Cultist","floor":8,"turns":6},{"damage":27,"enemies":"3 Sentries","floor":9,"turns":12},{"damage":2,"enemies":"downfall:FleeingMerchant","floor":11,"turns":4},{"damage":19,"enemies":"The Mushroom Lair","floor":13,"turns":5},{"damage":3,"enemies":"Blue Slaver","floor":15,"turns":2},{"damage":83,"enemies":"downfall:Defect","floor":16,"turns":8}],"seed_played":"9154611082213292606","potions_obtained":[],"is_trial":false,"path_per_floor":["R","M","M","?","M","?","T","?","E","R","$","R","?","?","M","B"],"character_chosen":"GUARDIAN","items_purchased":["Bronze Scales"],"campfire_rested":2,"item_purchase_floors":[11],"current_hp_per_floor":[80,80,80,80,76,76,76,34,9,33,33,57,40,80,77,0,0,0],"gold":52,"neow_bonus":"BOSS_RELIC","is_daily":false,"chose_seed":false,"campfire_upgraded":1,"win_rate":0.0,"timestamp":1609291469,"path_taken":["R","M","M","?","M","?","T","?","E","R","$","R","?","?","M","BOSS"],"items_purchased_type":["Relic"],"build_version":"2020-12-22","purchased_purges":0,"victory":false,"max_hp_per_floor":[80,80,80,80,80,80,80,80,80,80,80,80,80,80,80,80,80,80],"card_choices":[{"not_picked":["Guardian:PrismaticBeam","Guardian:PolyBeam"],"picked":"Guardian:Gem_Lightblue","floor":2},{"not_picked":["Guardian:PrimingBeam","Guardian:Gem_Cyan"],"picked":"Guardian:Gem_Red","floor":3},{"not_picked":["Guardian:ChargeCore","Guardian:PrismaticBarrier"],"picked":"Guardian:PiercingHide","floor":5},{"not_picked":["Guardian:Planning","Guardian:Emergency"],"picked":"Guardian:TimeCapacitor","floor":9},{"not_picked":["Guardian:TemporalShield","Guardian:Gem_Green"],"picked":"Guardian:Incinerate","floor":11},{"not_picked":["Guardian:Emergency","Guardian:VentSteam"],"picked":"Guardian:Repulse","floor":13},{"not_picked":["Guardian:PrismaticBarrier","Guardian:Gem_Green"],"picked":"Guardian:Harden","floor":15}],"player_experience":240136,"relics_obtained":[{"floor":7,"key":"Calipers"},{"floor":9,"key":"PreservedInsect"},{"floor":13,"key":"Odd Mushroom"}],"event_choices":[{"damage_healed":0,"gold_gain":0,"player_choice":"Box","damage_taken":0,"relics_obtained":["Blood Vial"],"max_hp_gain":0,"max_hp_loss":0,"event_name":"Big Fish","floor":4,"gold_loss":0,"cards_obtained":["Regret"]},{"damage_healed":0,"gold_gain":0,"player_choice":"Fought Mushrooms","damage_taken":0,"max_hp_gain":0,"max_hp_loss":0,"event_name":"Mushrooms","floor":13,"gold_loss":0},{"cards_removed":["Guardian:TimeCapacitor"],"damage_healed":40,"gold_gain":0,"player_choice":"Offered Uncommon","damage_taken":0,"max_hp_gain":0,"max_hp_loss":0,"event_name":"Bonfire Elementals","floor":14,"gold_loss":0}],"is_beta":false,"boss_relics":[],"items_purged_floors":[],"is_endless":false,"potions_floor_spawned":[2,8,9],"killed_by":"downfall:Defect","ascension_level":0}}