{"host":"mthf5hqu6gevo9n5","time":1609319322,"event":{"mods":["ATMod(°¢èªMod)","Act Like it!","BaseMod","Better-Laid Plans","Colored Powertips","Gensokyo","Marisa£¨ìFÓê¡¡Ä§ÀíÉ³£©","Minty Spire (QoL Compilation)","Quick Restart","Spicy Shops","StSLib","Waifu the Spire","¡¾ÒÅÎï¿¨ÅÆ¡¿REMEMod"],"gold_per_floor":[113,128,53,53,53,53,87,87,157,187,305,305,6,30,30,253,253,356,356,356],"floor_reached":19,"playtime":512,"items_purged":["Strike_MRS"],"score":248,"play_id":"7568c54c-ee59-49ed-826a-94c222e2cac9","local_time":"20201230170842","is_ascension_mode":true,"campfire_choices":[{"data":"AT_DrawKnifeCut","floor":6,"key":"SMITH"},{"data":"REME_WheelOfFate","floor":8,"key":"SMITH"},{"data":"MasterSpark","floor":12,"key":"SMITH"},{"data":"Singularity","floor":15,"key":"SMITH"}],"circlet_count":0,"master_deck":["MasterSpark+1","UpSweep","REME_WheelOfFate+1","AT_DrawKnifeCut+1","Acceleration","Singularity+1","GasGiant","FinalSpark","FairyDestructionRay","MaximisePower","DarkMatter","AlicesGift","Acceleration","ManaConvection","DarkMatter"],"relics":["MiniHakkero","AT_ATBox","REME_ComplimentaryCards","NeowsBlessing","Golden Idol","PreservedInsect","AT_DeathDance","AT_RedTearstoneRing","AT_TheCollector","Akabeko","ClockworkSouvenir","Pandora\u0027s Box"],"acts_visited":["Exordium","Gensokyo:Gensokyoer"],"potions_floor_usage":[16],"damage_taken":[{"damage":0,"enemies":"Cultist","floor":1,"turns":1},{"damage":0,"enemies":"Jaw Worm","floor":2,"turns":1},{"damage":0,"enemies":"3 Sentries","floor":7,"turns":2},{"damage":29,"enemies":"Lagavulin","floor":11,"turns":5},{"damage":0,"enemies":"Small Slimes","floor":14,"turns":1},{"damage":20,"enemies":"The Guardian","floor":16,"turns":3},{"damage":0,"enemies":"Gensokyo:Chomper","floor":18,"turns":3},{"damage":0,"enemies":"Gensokyo:Chomper","floor":19,"turns":1}],"seed_played":"-6061645711662097439","potions_obtained":[{"floor":7,"key":"FairyPotion"},{"floor":14,"key":"Fire Potion"},{"floor":16,"key":"SpeedPotion"}],"is_trial":false,"path_per_floor":["M","M","$","?","?","R","E","R","T","?","E","R","$","M","R","B",null,"M","COS"],"character_chosen":"MARISA","items_purchased":["Akabeko","ClockworkSouvenir"],"campfire_rested":0,"item_purchase_floors":[13,13],"current_hp_per_floor":[75,75,75,75,57,57,57,57,57,57,28,28,28,28,28,8,58,58,58,58],"gold":356,"neow_bonus":"THREE_ENEMY_KILL","is_daily":false,"chose_seed":false,"campfire_upgraded":4,"win_rate":0.0,"timestamp":1609319322,"path_taken":["M","?","$","?","?","R","E","R","T","?","E","R","?","M","R","BOSS","M","COS"],"items_purchased_type":["Relic","Relic"],"build_version":"2020-12-22","purchased_purges":1,"victory":false,"max_hp_per_floor":[75,75,75,75,75,75,75,75,75,75,75,75,75,75,75,75,75,75,75,75],"card_choices":[{"not_picked":["GravityBeat","LuminesStrike","MysteriousBeam"],"picked":"SKIP","floor":1},{"not_picked":["LuminesStrike","NonDirectionalLaser"],"picked":"Acceleration","floor":2},{"not_picked":["GravityBeat","BlazeAway"],"picked":"Singularity","floor":7},{"not_picked":["MeteoricShower","ManaRampage"],"picked":"GasGiant","floor":11},{"not_picked":["ChargeUpSpray","ShootingEcho","DragonMeteor"],"picked":"SKIP","floor":14},{"not_picked":["MillisecondPulsars","CollectingQuirk"],"picked":"FinalSpark","floor":16},{"not_picked":["PulseMagic+1","MysteriousBeam","UnstableBomb"],"picked":"SKIP","floor":18}],"player_experience":427734,"relics_obtained":[{"floor":7,"key":"PreservedInsect"},{"floor":9,"key":"AT_DeathDance"},{"floor":11,"key":"AT_TheCollector"}],"event_choices":[{"damage_healed":0,"gold_gain":0,"player_choice":"Ignored","damage_taken":0,"max_hp_gain":0,"max_hp_loss":0,"event_name":"Liars Game","floor":4,"gold_loss":0},{"damage_healed":0,"gold_gain":0,"player_choice":"Take Damage","damage_taken":18,"relics_obtained":["Golden Idol"],"max_hp_gain":0,"max_hp_loss":0,"event_name":"Golden Idol","floor":5,"gold_loss":0},{"damage_healed":0,"gold_gain":30,"player_choice":"Searched \u00273\u0027 times","damage_taken":0,"relics_obtained":["AT_RedTearstoneRing"],"max_hp_gain":0,"max_hp_loss":0,"event_name":"Dead Adventurer","floor":10,"gold_loss":0}],"is_beta":false,"boss_relics":[{"not_picked":["RampagingMagicTools","REME_DuelDisc"],"picked":"Pandora\u0027s Box"}],"items_purged_floors":[3],"is_endless":false,"potions_floor_spawned":[7,14,16],"killed_by":"Gensokyo:Chomper","ascension_level":5}}