{"host":"Sumable","time":1609353932,"event":{"mods":["AchievementEnabler","BaseMod","Better Note","BetterRewards","Googly Eyes","Hermit","Minty Spire (QoL Compilation)","Quick Restart","Shop Mod","StSLib","The Cursed","everything is the same but u backflip on backflip","slay the spire mod where everything is the same but ironclad has a cowboy hat"],"gold_per_floor":[109,109,184,195,195,227,227,402,402,402,414,447,466,499,499,603,603,619,619,631,643,67,100,100,100,100,100,115,167,167,244,244,244,244],"floor_reached":33,"playtime":1289,"items_purged":["Doubt"],"score":522,"play_id":"b7df2570-2f0a-4c2c-9455-d4e817ded4cc","local_time":"20201230114532","is_ascension_mode":true,"campfire_choices":[{"data":"Cleave","floor":7.0,"key":"SMITH"},{"floor":15,"key":"REST"},{"floor":25,"key":"REST"},{"data":"Rupture","floor":27,"key":"SMITH"},{"floor":30,"key":"REST"},{"floor":32,"key":"REST"}],"circlet_count":0,"master_deck":["AscendersBane","Strike_R","Strike_R","Strike_R","Strike_R","Defend_R","Defend_R","Defend_R","Defend_R","Bash","Cleave+1","Pummel","Exhume","Power Through","Whirlwind","Armaments","Feed","Iron Wave","J.A.X.","Offering","Bandage Up","HandOfGreed","Rupture+1","Parasite","Pummel","Writhe","Headbutt"],"relics":["Burning Blood","NeowsBlessing","Dream Catcher","White Beast Statue","Paper Frog","Smiling Mask","Red Skull","Shuriken","Cursed Key","ClockworkSouvenir","Strawberry","The Courier","Bag of Marbles","Matryoshka"],"acts_visited":["Exordium","TheCity"],"potions_floor_usage":[16,21,21,33,33],"damage_taken":[{"damage":0.0,"enemies":"2 Louse","floor":1.0,"turns":1.0},{"damage":0.0,"enemies":"Jaw Worm","floor":4.0,"turns":1.0},{"damage":0.0,"enemies":"Lagavulin","floor":6.0,"turns":1.0},{"damage":2.0,"enemies":"Small Slimes","floor":11.0,"turns":4.0},{"damage":31.0,"enemies":"Gremlin Nob","floor":12.0,"turns":5.0},{"damage":1.0,"enemies":"3 Louse","floor":13.0,"turns":2.0},{"damage":25.0,"enemies":"Lagavulin","floor":14.0,"turns":6.0},{"damage":48,"enemies":"The Guardian","floor":16,"turns":12},{"damage":1,"enemies":"3 Byrds","floor":18,"turns":4},{"damage":13,"enemies":"Spheric Guardian","floor":20,"turns":4},{"damage":29,"enemies":"Centurion and Healer","floor":21,"turns":11},{"damage":32,"enemies":"Gremlin Leader","floor":23,"turns":5},{"damage":22,"enemies":"3 Cultists","floor":28,"turns":3},{"damage":24,"enemies":"Slavers","floor":29,"turns":6},{"damage":110,"enemies":"Automaton","floor":33,"turns":6}],"seed_played":"-8690313351887162505","potions_obtained":[{"floor":4.0,"key":"DistilledChaos"},{"floor":6.0,"key":"Regen Potion"},{"floor":12.0,"key":"SteroidPotion"},{"floor":14,"key":"DuplicationPotion"},{"floor":16,"key":"Weak Potion"},{"floor":18,"key":"Explosive Potion"},{"floor":21,"key":"Ancient Potion"},{"floor":29,"key":"EntropicBrew"}],"is_trial":false,"path_per_floor":["M","?","?","M","?","E","R","?","T","T","M","E","M","E","R","B",null,"M","?","M","M","$","E","?","R","T","R","M","E","R","T","R","B"],"character_chosen":"IRONCLAD","items_purchased":["Bandage Up","HandOfGreed","SmokeBomb","ClockworkSouvenir"],"campfire_rested":4,"item_purchase_floors":[22,22,22,22],"current_hp_per_floor":[78,71,60,66,66,72,72,72,72,72,76,51,56,52,76,34,69,77,77,70,51,51,36,36,64,64,64,52,38,66,66,94,0,0],"gold":244,"neow_bonus":"THREE_ENEMY_KILL","is_daily":false,"chose_seed":false,"campfire_upgraded":2,"win_rate":0.0,"timestamp":1609353932,"path_taken":["M","?","?","M","?","E","R","?","T","?","M","E","?","E","R","BOSS","M","?","M","M","$","E","?","R","T","R","?","E","R","?","R","BOSS"],"items_purchased_type":["Card","Card","Potion","Relic"],"build_version":"2020-12-18","purchased_purges":1,"victory":false,"max_hp_per_floor":[80,80,80,80,80,80,80,80,80,80,80,80,80,80,80,80,80,83,83,83,87,87,94,94,94,94,94,94,94,94,94,94,94,94],"card_choices":[{"not_picked":["Anger","Body Slam"],"picked":"Cleave","floor":1.0},{"not_picked":["Infernal Blade","Anger"],"picked":"Pummel","floor":4.0},{"not_picked":["Rupture","Anger"],"picked":"Exhume","floor":6.0},{"not_picked":["Perfected Strike","Entrench"],"picked":"Power Through","floor":11.0},{"not_picked":["Twin Strike","Evolve"],"picked":"Whirlwind","floor":12.0},{"not_picked":["Combust","Heavy Blade","Carnage"],"picked":"SKIP","floor":13.0},{"not_picked":["Clash","Rampage"],"picked":"Armaments","floor":14},{"not_picked":["Berserk","Double Tap"],"picked":"Feed","floor":16},{"not_picked":["Carnage","Wild Strike"],"picked":"Iron Wave","floor":18},{"not_picked":["Iron Wave+1","Body Slam","Clash"],"picked":"SKIP","floor":20},{"not_picked":["Flex+1","Perfected Strike"],"picked":"Offering","floor":21},{"not_picked":["Clothesline+1","True Grit","Thunderclap"],"picked":"SKIP","floor":23},{"not_picked":["Clothesline","Clash"],"picked":"Rupture","floor":25},{"not_picked":["Searing Blow","Juggernaut","Cleave"],"picked":"SKIP","floor":28},{"not_picked":["Havoc","Ghostly Armor"],"picked":"Pummel","floor":29},{"not_picked":["Clothesline","Perfected Strike"],"picked":"Headbutt","floor":32}],"player_experience":1009370,"relics_obtained":[{"floor":6.0,"key":"White Beast Statue"},{"floor":9.0,"key":"Paper Frog"},{"floor":10.0,"key":"Smiling Mask"},{"floor":12.0,"key":"Red Skull"},{"floor":14,"key":"Shuriken"},{"floor":23,"key":"Strawberry"},{"floor":26,"key":"The Courier"},{"floor":29,"key":"Bag of Marbles"},{"floor":31,"key":"Matryoshka"}],"event_choices":[{"damage_healed":0.0,"max_hp_gain":0.0,"max_hp_loss":0.0,"gold_gain":0.0,"event_name":"Scrap Ooze","player_choice":"Success","floor":2.0,"gold_loss":0.0,"damage_taken":7.0,"relics_obtained":["Dream Catcher"]},{"damage_healed":0.0,"max_hp_gain":0.0,"max_hp_loss":0.0,"gold_gain":75.0,"event_name":"World of Goop","player_choice":"Gather Gold","floor":3.0,"gold_loss":0.0,"damage_taken":11.0},{"damage_healed":0.0,"max_hp_gain":0.0,"max_hp_loss":0.0,"gold_gain":0.0,"event_name":"Shining Light","player_choice":"Ignored","floor":5.0,"gold_loss":0.0,"damage_taken":0.0},{"damage_healed":0.0,"max_hp_gain":0.0,"max_hp_loss":0.0,"gold_gain":175.0,"event_name":"Liars Game","player_choice":"AGREE","floor":8.0,"gold_loss":0.0,"damage_taken":0.0,"cards_obtained":["Doubt"]},{"damage_healed":0,"gold_gain":0,"player_choice":"Obtain J.A.X.","damage_taken":0,"max_hp_gain":0,"max_hp_loss":0,"event_name":"Drug Dealer","floor":19,"gold_loss":0,"cards_obtained":["J.A.X."]},{"cards_removed":["Strike_R"],"damage_healed":0,"gold_gain":0,"player_choice":"Purged","damage_taken":0,"max_hp_gain":0,"max_hp_loss":0,"event_name":"Purifier","floor":24,"gold_loss":0}],"is_beta":true,"boss_relics":[{"not_picked":["Fusion Hammer","Ectoplasm"],"picked":"Cursed Key"}],"items_purged_floors":[22],"is_endless":false,"potions_floor_spawned":[4,6,11,12,13,14,16,18,20,21,23,28,29],"killed_by":"Automaton","ascension_level":12}}