{"host":"zksvs3x2ysy9npnz","time":1609293711,"event":{"mods":["Aspiration","BaseMod","Beaked The Cultist","BetterRewards","Clockwork Mod","Conspire","Downfall","Duelist Mod","Energized Spire","Halation","Infinite Spire","Jedi Mod","Minty Spire (QoL Compilation)","Quick Restart","Random Character Button","Relic Stats","Replay The Spire","Shop Mod","StSLib","The Blackbeard","The Bladedancer","The Construct"],"gold_per_floor":[139,158,83,8,8,8,36,49,75,88,107,126,126,160,160,234,234,114,114,131,146,146,146,51,51,51,51,51],"floor_reached":27,"playtime":2547,"items_purged":["theDuelist:Sparks"],"score":492,"play_id":"a0d9a0d6-fe98-4738-8110-7f37a5e650ad","local_time":"20201230030151","is_ascension_mode":true,"campfire_choices":[{"data":"theDuelist:FishborgPlanter","floor":6,"key":"SMITH"},{"floor":13,"key":"REST"},{"floor":15,"key":"DIG"},{"data":"theDuelist:ColdEnchanter","floor":19,"key":"SMITH"},{"floor":23,"key":"REST"},{"floor":25,"key":"REST"}],"circlet_count":0,"master_deck":["theDuelist:SevenColoredFish","theDuelist:SevenColoredFish+1","theDuelist:AquaSpirit","theDuelist:CastleWalls","theDuelist:CastleWalls","AscendersBane","theDuelist:IslandTurtle","theDuelist:IslandTurtle+1","theDuelist:RevivalJam","theDuelist:FishborgPlanter+1","theDuelist:Boneheimer","theDuelist:OhFish","theDuelist:GilfordLegend","theDuelist:GraydleCobra","theDuelist:DeepSweeper","theDuelist:OhFish","theDuelist:ColdEnchanter+1","theDuelist:GishkiMarker","theDuelist:FishRain+1","Deep Breath"],"relics":["theDuelist:MillenniumPuzzle","theDuelist:CardPoolRelic","theDuelist:CardPoolBasicRelic","theDuelist:BoosterPackPoolRelic","theDuelist:CardPoolAddRelic","theDuelist:CardPoolMinusRelic","theDuelist:CardPoolSaveRelic","theDuelist:CardPoolOptionsRelic","NeowsBlessing","halation:QuantumPhysicsTextbook","jedi:arcanewood","infinitespire:Eraser","aspiration:RitualDagger","White Beast Statue"],"acts_visited":["Exordium","TheCity"],"potions_floor_usage":[12,27],"damage_taken":[{"damage":0,"enemies":"Small Slimes","floor":1,"turns":1},{"damage":0,"enemies":"Jaw Worm","floor":2,"turns":1},{"damage":0,"enemies":"3 Sentries","floor":7,"turns":4},{"damage":0,"enemies":"Cultist","floor":8,"turns":4},{"damage":0,"enemies":"Red Slaver","floor":10,"turns":7},{"damage":0,"enemies":"Blue Slaver","floor":11,"turns":6},{"damage":7,"enemies":"Large Slime","floor":12,"turns":8},{"damage":3,"enemies":"Lagavulin","floor":14,"turns":9},{"damage":12,"enemies":"The Guardian","floor":16,"turns":17},{"damage":14,"enemies":"2 Thieves","floor":18,"turns":5},{"damage":4,"enemies":"3 Byrds","floor":20,"turns":9},{"damage":39,"enemies":"Snecko","floor":21,"turns":11},{"damage":136,"enemies":"Slavers","floor":27,"turns":11}],"seed_played":"-3277310165684524659","potions_obtained":[{"floor":7,"key":"Elixir"},{"floor":8,"key":"theDuelist:OrbBottle"},{"floor":20,"key":"SkillPotion"}],"is_trial":false,"path_per_floor":["M","M","?","$","?","R","E","M","T","M","M","M","R","E","R","B",null,"M","R","M","M","?","R","$","R","T","E"],"character_chosen":"THE_DUELIST","items_purchased":["Deep Breath"],"campfire_rested":3,"item_purchase_floors":[24],"current_hp_per_floor":[63,63,63,63,42,42,42,42,42,42,42,35,56,53,53,41,63,49,49,45,6,6,27,27,48,48,0,0],"gold":51,"neow_bonus":"THREE_ENEMY_KILL","is_daily":false,"chose_seed":false,"campfire_upgraded":2,"win_rate":0.0,"timestamp":1609293711,"path_taken":["M","M","?","$","?","R","E","M","T","M","?","M","R","E","R","BOSS","M","?","M","?","?","R","$","R","T","E"],"items_purchased_type":["Card"],"build_version":"2020-12-22","purchased_purges":1,"victory":false,"max_hp_per_floor":[70,70,70,70,70,70,70,70,70,70,70,70,70,70,70,70,70,70,70,70,70,70,70,70,70,70,70,70],"relic_stats":{"counters":[13,93],"obtain_stats":[{"NeowsBlessing":0,"halation:QuantumPhysicsTextbook":7,"theDuelist:MillenniumPuzzle":0,"theDuelist:CardPoolSaveRelic":0,"White Beast Statue":26,"theDuelist:BoosterPackPoolRelic":0,"theDuelist:CardPoolMinusRelic":0,"theDuelist:CardPoolBasicRelic":0,"theDuelist:CardPoolAddRelic":0,"theDuelist:CardPoolOptionsRelic":0,"aspiration:RitualDagger":17,"infinitespire:Eraser":15,"jedi:arcanewood":14,"theDuelist:CardPoolRelic":0},{"NeowsBlessing":0,"halation:QuantumPhysicsTextbook":3,"theDuelist:MillenniumPuzzle":0,"theDuelist:CardPoolSaveRelic":0,"White Beast Statue":12,"theDuelist:BoosterPackPoolRelic":0,"theDuelist:CardPoolMinusRelic":0,"theDuelist:CardPoolBasicRelic":0,"theDuelist:CardPoolAddRelic":0,"theDuelist:CardPoolOptionsRelic":0,"aspiration:RitualDagger":9,"infinitespire:Eraser":8,"jedi:arcanewood":8,"theDuelist:CardPoolRelic":0},{"NeowsBlessing":0,"halation:QuantumPhysicsTextbook":6,"theDuelist:MillenniumPuzzle":0,"theDuelist:CardPoolSaveRelic":0,"White Beast Statue":82,"theDuelist:BoosterPackPoolRelic":0,"theDuelist:CardPoolMinusRelic":0,"theDuelist:CardPoolBasicRelic":0,"theDuelist:CardPoolAddRelic":0,"theDuelist:CardPoolOptionsRelic":0,"aspiration:RitualDagger":57,"infinitespire:Eraser":40,"jedi:arcanewood":40,"theDuelist:CardPoolRelic":0}]},"card_choices":[{"not_picked":["theDuelist:Submarineroid","theDuelist:GoldenFlyingFish","theDuelist:FishborgDoctor","theDuelist:ColdWave"],"picked":"theDuelist:FishborgPlanter","floor":1},{"not_picked":["theDuelist:LightningVortex","theDuelist:Fissure","theDuelist:FluteKuriboh","theDuelist:Polymerization","theDuelist:ReinforcementsArmy"],"picked":"SKIP","floor":2},{"not_picked":["theDuelist:AquaSpirit","theDuelist:AbyssWarrior","theDuelist:CatShark","theDuelist:AtlanteanHeavyInfantry"],"picked":"theDuelist:Boneheimer","floor":7},{"not_picked":["theDuelist:TorrentialTribute","theDuelist:ImperialCustom","theDuelist:FishRain","theDuelist:BubbleBringer"],"picked":"theDuelist:OhFish","floor":8},{"not_picked":["theDuelist:BattleOx","theDuelist:Fissure","theDuelist:HammerShot","theDuelist:SangaWater"],"picked":"theDuelist:GilfordLegend","floor":10},{"not_picked":["theDuelist:GishkiEmilia","theDuelist:HyperancientShark","theDuelist:EvigishkiGustkraken","theDuelist:GishkiReliever"],"picked":"theDuelist:GraydleCobra","floor":11},{"not_picked":["theDuelist:LeviairSeaDragon","theDuelist:GiantTurtle","theDuelist:GishkiAvance","theDuelist:EnchantingMermaid"],"picked":"theDuelist:DeepSweeper","floor":12},{"not_picked":["theDuelist:JamBreeding"],"picked":"theDuelist:OhFish","floor":14},{"not_picked":["theDuelist:SplashCapture","theDuelist:MorayGreed","theDuelist:EvigishkiSoulOgre","theDuelist:AquaactressArowana"],"picked":"theDuelist:ColdEnchanter","floor":16},{"not_picked":["theDuelist:BattleOx","theDuelist:Fissure","theDuelist:GilfordLegend","theDuelist:HammerShot"],"picked":"theDuelist:GishkiMarker","floor":18},{"not_picked":["theDuelist:BattleOx","theDuelist:GilfordLegend","theDuelist:BarrierStatue","theDuelist:LegendaryFisherman","theDuelist:Fissure"],"picked":"SKIP","floor":20},{"not_picked":["theDuelist:TorrentialTribute","theDuelist:GraydleParasite","theDuelist:GraydleCombat+1","theDuelist:AegisOceanDragon"],"picked":"theDuelist:FishRain+1","floor":21}],"player_experience":1943810,"relics_obtained":[{"floor":7,"key":"halation:QuantumPhysicsTextbook"},{"floor":14,"key":"jedi:arcanewood"},{"floor":15,"key":"infinitespire:Eraser"},{"floor":26,"key":"White Beast Statue"}],"event_choices":[{"cards_removed":["theDuelist:Sparks"],"damage_healed":0,"gold_gain":0,"player_choice":"Card Removal","damage_taken":0,"max_hp_gain":0,"max_hp_loss":0,"event_name":"The Cleric","floor":3,"gold_loss":75},{"damage_healed":0,"gold_gain":0,"player_choice":"Entered Light","damage_taken":21,"max_hp_gain":0,"max_hp_loss":0,"event_name":"Shining Light","floor":5,"gold_loss":0,"cards_upgraded":["theDuelist:SevenColoredFish","theDuelist:IslandTurtle"]}],"is_beta":false,"boss_relics":[{"not_picked":["conspire:RoyalGoblet","Painkiller Herb"],"picked":"aspiration:RitualDagger"}],"items_purged_floors":[4],"is_endless":false,"potions_floor_spawned":[7,8,10,20],"killed_by":"Slavers","ascension_level":20}}