{"host":"63beink0jfv5ch5g","time":1609348232,"event":{"mods":["AchievementEnabler","Act Like it!","Aspiration","BaseMod","CapriCore","Chen","Conspire","Gensokyo","GungeonMod","Koishi","Marisa£®ÏF”Í°°ƒß¿Ì…≥£©","Minty Spire (QoL Compilation)","MostiFishMod","Pale of the Ancients","Quick Restart","Reimu£®≤©¿ˆ¡È√Œ£©","Remilia£®¿Ÿ√◊¿Ú—«£©","Replay The Spire","SOS£®Àπ∞Õ¥Ô÷Æ◊”£©","Shop Mod","StSLib","The Immortal","The Servant 0.9.4","Waifu the Spire","Youmu£®ªÍ∆«—˝√Œ£©","Yuyuko","vexMod","ÛÙª÷∏ƒœ"],"gold_per_floor":[113,13,28,28,58,58,89,16,43,7,27,27,58,58,58,153,153,164,22,22,22,37,64,64,80,104,104,104,116,145,184,279,381,381,398,410,410,410,424,456,456,473,473,150,9,77,106,6,6,6,6,6,6,41,41],"floor_reached":56,"playtime":3904,"items_purged":["Defend_Lin:ReiMu","Strike_Lin:ReiMu"],"score":1812,"play_id":"3a7119d7-efb9-4eb4-a5c9-b137c57f77aa","local_time":"20201231011032","is_ascension_mode":true,"campfire_choices":[{"data":"CardOfSanctity:ReiMu","floor":6.0,"key":"SMITH"},{"data":"Gathering:ReiMu","floor":12.0,"key":"SMITH"},{"data":"PassingAway:ReiMu","floor":15.0,"key":"SMITH"},{"data":"MikOfLucky:ReiMu","floor":24.0,"key":"SMITH"},{"data":"DependentForm:ReiMu","floor":28.0,"key":"SMITH"},{"data":"UniversalSpiritual:ReiMu","floor":41,"key":"SMITH"},{"floor":49,"key":"RECALL"},{"data":"KamiRite:ReiMu","floor":52,"key":"SMITH"}],"circlet_count":0,"master_deck":["Strike_Lin:ReiMu","Strike_Lin:ReiMu","Strike_Lin:ReiMu","Defend_Lin:ReiMu","Defend_Lin:ReiMu","Defend_Lin:ReiMu","NB:ReiMu","Stagnation:ReiMu","PassingAway:ReiMu+1","CardOfSanctity:ReiMu+1","WonderfulDomain:ReiMu","Gathering:ReiMu+1","RainPray2:ReiMu","RainPray2:ReiMu","MikOfLucky:ReiMu+1","SubAcupoint:ReiMu","DependentForm:ReiMu+1","NineCharacters:ReiMu","TightArray:ReiMu","SealNeedle:ReiMu+1","FantasyBorder:ReiMu","Dreaming2:ReiMu","SpiritualOutbreak2:ReiMu","Crusade:ReiMu","UniversalSpiritual:ReiMu+1","BarrageOfMoneybags:ReiMu","Dreaming:ReiMu","Amulet:ReiMu+1","FineLineFantasy:ReiMu+1","CeremonyResonance:ReiMu","PassingAway:ReiMu+1","SpringWay:ReiMu","FoulBorder2:ReiMu","TightArray:ReiMu+1","OctopathBindingBorder2:ReiMu","KamiRite:ReiMu+1","SpreadBorder2:ReiMu+1"],"relics":["FlyPower:ReiMu","DaveBox","FeatherPendant","NeowsBlessing","SynthV:TestCard","DemoMod:ChaffGrenade","BodyOfKamiR:ReiMu","vexMod:Dragonfruit","Replay:Rubber Ducky","Boot","RuthlessExorcism:ReiMu","TentaclePot:ReiMu","Du-Vu Doll","Bronze Scales","Gensokyo:ConquerorOfFear","DemoMod:Metronome","Pear","Gambling Chip","Mercury Hourglass","ReplayTheSpireMod:TigerMarble","Strange Spoon","SynthV:C4","DemoMod:MeltedRock"],"acts_visited":["Exordium","Gensokyo:Gensokyo","Gensokyo:Gensokyoer","TheEnding"],"potions_floor_usage":[50,55,55,55],"damage_taken":[{"damage":0.0,"enemies":"Gensokyo:3_Fairies","floor":1.0,"turns":2.0},{"damage":0.0,"enemies":"Gensokyo:Gryphon","floor":3.0,"turns":1.0},{"damage":0.0,"enemies":"Gensokyo:Mamizou","floor":5.0,"turns":3.0},{"damage":0.0,"enemies":"Gensokyo:Mamizou","floor":7.0,"turns":4.0},{"damage":0.0,"enemies":"Gensokyo:2_Kodama","floor":11.0,"turns":3.0},{"damage":2.0,"enemies":"Gensokyo:Cirno","floor":13.0,"turns":5.0},{"damage":1.0,"enemies":"Gensokyo:Yukari","floor":16.0,"turns":6.0},{"damage":0.0,"enemies":"Gensokyo:CosmicMonolith","floor":18.0,"turns":5.0},{"damage":0.0,"enemies":"Gensokyo:Chomper","floor":22.0,"turns":4.0},{"damage":0.0,"enemies":"Gensokyo:Reisen","floor":23.0,"turns":4.0},{"damage":1.0,"enemies":"Gensokyo:Wraith","floor":25.0,"turns":3.0},{"damage":0.0,"enemies":"Gensokyo:Chomper_and_Gloop","floor":29.0,"turns":4.0},{"damage":1.0,"enemies":"Gensokyo:Tenshi","floor":30.0,"turns":3.0},{"damage":15.0,"enemies":"conspire:MimicChest","floor":31.0,"turns":6.0},{"damage":0,"enemies":"Gensokyo:Eiki","floor":33,"turns":5},{"damage":2,"enemies":"Gensokyo:3_Bats","floor":35,"turns":3},{"damage":0,"enemies":"Gensokyo:AncientGuardian","floor":36,"turns":2},{"damage":4,"enemies":"Gensokyo:4_Bats","floor":39,"turns":4},{"damage":1,"enemies":"Gensokyo:Doremy","floor":40,"turns":7},{"damage":1,"enemies":"Gensokyo:3_Boulders","floor":42,"turns":3},{"damage":18,"enemies":"Gensokyo:Kasen","floor":47,"turns":4},{"damage":0,"enemies":"Gensokyo:Scarlet_Devils","floor":50,"turns":5},{"damage":0,"enemies":"Shield and Spear","floor":54,"turns":2},{"damage":9,"enemies":"The Heart","floor":55,"turns":7}],"seed_played":"4412179843939075399","potions_obtained":[{"floor":1.0,"key":"Languid Potion"},{"floor":13.0,"key":"PinkPotion:ReiMu"},{"floor":16.0,"key":"LifebloodPotion"},{"floor":35,"key":"BlessingOfTheForge"},{"floor":46,"key":"HakureiPotion:ReiMu"},{"floor":54,"key":"BottledKami:ReiMu"}],"is_trial":false,"path_per_floor":["M","?","M","T","?","R","E","$","T","$","M","R","E","?","R","B",null,"M","COS","?","$","M","E","R","M","T","?","R","M","E","?","R","B",null,"M","M","?","?","M","E","R","M","T","R","COS","?","E","$","R","B",null,"R","$","E","B",null],"character_chosen":"REIMU","items_purchased":["Gathering:ReiMu","RainPray2:ReiMu","FoulBorder2:ReiMu","ReplayTheSpireMod:TigerMarble","TightArray:ReiMu+1"],"campfire_rested":0,"item_purchase_floors":[8,10,44,44,44],"current_hp_per_floor":[65,65,65,65,65,65,70,70,70,70,70,70,68,54,54,53,70,70,70,70,70,70,70,70,69,69,69,69,69,68,63,43,43,80,78,78,78,80,76,75,75,74,74,74,74,54,36,36,36,36,80,80,80,80,71],"gold":41,"neow_bonus":"THREE_ENEMY_KILL","is_daily":false,"chose_seed":false,"campfire_upgraded":7,"win_rate":0.0,"timestamp":1609348232,"path_taken":["M","?","M","?","?","R","E","?","T","$","?","R","E","?","R","BOSS","M","COS","?","$","M","E","R","M","T","?","R","M","E","?","R","BOSS","M","M","?","?","M","E","R","M","T","R","COS","?","E","?","R","BOSS","R","$","E","BOSS"],"items_purchased_type":["Card","Card","Card","Relic","Card"],"build_version":"2020-12-22","purchased_purges":2,"victory":true,"max_hp_per_floor":[65,65,65,65,65,65,70,70,70,70,70,70,70,70,70,70,70,70,70,70,70,70,70,70,70,70,70,70,70,70,80,80,80,80,80,80,80,80,80,80,80,80,80,80,80,80,80,80,80,80,80,80,80,80,80],"card_choices":[{"not_picked":["Enchanting:ReiMu","ForcedLanding:ReiMu","KamiSacrifice:ReiMu"],"picked":"SKIP","floor":1.0},{"not_picked":["KamiSacrifice:ReiMu","ShadowOfCrow2:ReiMu","AirStrike:ReiMu","Conquer:ReiMu"],"picked":"PassingAway:ReiMu","floor":3.0},{"not_picked":["BarrageOfMoneybags:ReiMu","SealNeedle:ReiMu","CareerPray:ReiMu","RainPray2:ReiMu"],"picked":"CardOfSanctity:ReiMu","floor":5.0},{"not_picked":["AirStrike:ReiMu","LearningPray:ReiMu","SafetyPray:ReiMu","ManaGlint:ReiMu"],"picked":"WonderfulDomain:ReiMu","floor":7.0},{"not_picked":["Enchanting:ReiMu","TightArray:ReiMu","ForcedLanding:ReiMu","CareerPray:ReiMu"],"picked":"MikOfLucky:ReiMu","floor":11.0},{"not_picked":["CardOfSanctity:ReiMu","Intuition:ReiMu","UpKicking:ReiMu","SafetyPray:ReiMu"],"picked":"SubAcupoint:ReiMu","floor":13.0},{"not_picked":["CleanRite:ReiMu","KyokaiOfKami:ReiMu","Dreaming:ReiMu","RunawayExorcism:ReiMu"],"picked":"DependentForm:ReiMu","floor":16.0},{"not_picked":["EmergencyTakeOff:ReiMu","YinYangSange:ReiMu+1","CareerPray:ReiMu","SpreadBorder2:ReiMu"],"picked":"NineCharacters:ReiMu","floor":18.0},{"not_picked":["Conquer:ReiMu+1","UpKicking:ReiMu","FineLineFantasy:ReiMu","Gathering:ReiMu+1"],"picked":"TightArray:ReiMu","floor":22.0},{"not_picked":["Gathering:ReiMu+1","SafetyPray:ReiMu+1","ForcedLanding:ReiMu+1","CareerPray:ReiMu","FantasyMoon:ReiMu"],"picked":"SKIP","floor":23.0},{"not_picked":["Meditation:ReiMu","AlertArray:ReiMu","Intuition:ReiMu","SubAcupoint:ReiMu"],"picked":"SealNeedle:ReiMu+1","floor":25.0},{"not_picked":["CollectionFlower2:ReiMu","PrepareRite:ReiMu","SpreadBorder2:ReiMu","WonderfulDomain:ReiMu"],"picked":"FantasyBorder:ReiMu","floor":29.0},{"not_picked":["PrepareRite:ReiMu","SubcavityInstant:ReiMu","CardOfSanctity:ReiMu","OrbThrow:ReiMu+1"],"picked":"Dreaming2:ReiMu","floor":30.0},{"not_picked":["MountainWay:ReiMu+1","SafetyPray:ReiMu","SpringWay:ReiMu","WonderfulDomain:ReiMu+1"],"picked":"SpiritualOutbreak2:ReiMu","floor":31.0},{"not_picked":["TakeOff:ReiMu","WonderfulDomain:ReiMu","RainPray2:ReiMu","CareerPray:ReiMu"],"picked":"Crusade:ReiMu","floor":32.0},{"not_picked":["TightArray:ReiMu","Intuition:ReiMu","DoubleButterfly:ReiMu","SubcavityInstant:ReiMu"],"picked":"UniversalSpiritual:ReiMu","floor":32.0},{"not_picked":["TightArray:ReiMu","PayForSelf:ReiMu","FantasyBorder:ReiMu","CeremonyResonance:ReiMu"],"picked":"BarrageOfMoneybags:ReiMu","floor":32.0},{"not_picked":["Authority:ReiMu","CleanRite:ReiMu","Shading:ReiMu","YinYang:ReiMu"],"picked":"Dreaming:ReiMu","floor":33},{"not_picked":["Dreaming2:ReiMu","TightArray:ReiMu","EmergencyTakeOff:ReiMu+1","SafetyPray:ReiMu"],"picked":"Amulet:ReiMu+1","floor":35},{"not_picked":["AlertArray:ReiMu","SpringWay:ReiMu","Intuition:ReiMu","UniversalSpiritual:ReiMu"],"picked":"FineLineFantasy:ReiMu+1","floor":36},{"not_picked":["NineCharacters:ReiMu","SafetyPray:ReiMu","EmergencyTakeOff:ReiMu+1","TightArray:ReiMu+1"],"picked":"CeremonyResonance:ReiMu","floor":39},{"not_picked":["Dreaming2:ReiMu+1","TightArray:ReiMu+1","AirStrike:ReiMu","KamiSacrifice:ReiMu+1"],"picked":"PassingAway:ReiMu+1","floor":40},{"not_picked":["SubAcupoint:ReiMu","SpreadBorder2:ReiMu","Enchanting:ReiMu+1","RainPray2:ReiMu+1"],"picked":"SpringWay:ReiMu","floor":42},{"not_picked":["LearningPray:ReiMu","FantasyBorder:ReiMu+1","FineLineFantasy:ReiMu+1","SealNeedle:ReiMu"],"picked":"OctopathBindingBorder2:ReiMu","floor":46},{"not_picked":["Dreaming2:ReiMu+1","AirStrike:ReiMu","SpiritualOutbreak2:ReiMu+1","SubAcupoint:ReiMu"],"picked":"KamiRite:ReiMu","floor":47},{"not_picked":["WonderfulDomain:ReiMu","Enchanting:ReiMu+1","AlertArray:ReiMu+1","CareerPray:ReiMu"],"picked":"SpreadBorder2:ReiMu+1","floor":54}],"player_experience":143023,"relics_obtained":[{"floor":1.0,"key":"SynthV:TestCard"},{"floor":5.0,"key":"BodyOfKamiR:ReiMu"},{"floor":7.0,"key":"vexMod:Dragonfruit"},{"floor":9.0,"key":"Replay:Rubber Ducky"},{"floor":13.0,"key":"Boot"},{"floor":23.0,"key":"DemoMod:WeirdEgg"},{"floor":26.0,"key":"Bronze Scales"},{"floor":29.0,"key":"Gensokyo:ConquerorOfFear"},{"floor":30.0,"key":"DemoMod:Metronome"},{"floor":31.0,"key":"Pear"},{"floor":40,"key":"Gambling Chip"},{"floor":43,"key":"Mercury Hourglass"},{"floor":47,"key":"SynthV:C4"},{"floor":54,"key":"DemoMod:MeltedRock"}],"event_choices":[{"damage_healed":0.0,"max_hp_gain":0.0,"max_hp_loss":0.0,"gold_gain":0.0,"event_name":"conspire:Investor","player_choice":"Leave","floor":20.0,"gold_loss":0.0,"damage_taken":0.0}],"is_beta":false,"boss_relics":[{"not_picked":["Replay:Ancient Bell","Runic Dome","Ring of Chaos"]},{"not_picked":["Fusion Hammer","ChewingGum","EE1DDrone"]}],"items_purged_floors":[44,48],"is_endless":false,"potions_floor_spawned":[1,13,16,18,23,29,33,35,39,42,54],"ascension_level":3}}