{"host":"e6rkljqu8jiw0lpc","time":1609302064,"event":{"mods":["Astrologer","Bard","BaseMod","Downfall","Friendly Minions","GifTheSpireLib","HexUI Lib","Hubris","Infinite Spire","Marisa????????","Minty Spire (QoL Compilation)","Replay The Spire","Shop Mod","StSLib","Stuff the Spire","The Bug Knight","The Construct","The Cursed","The Disciple","The Marked","The Mystic","The Necromancer","The Runesmith","The Servant 0.9.4","The Witch"],"gold_per_floor":[119,131,149,149,174,174,214,247,247,247,286,325,325,343,343,472,472,511,539,539,587,635,635,635,697,722,722,722],"floor_reached":27,"playtime":2537,"items_purged":["Strike_MRS"],"score":289,"play_id":"902bf900-43ef-482d-9ddd-5c0e8783ca4f","local_time":"20201230052104","is_ascension_mode":false,"campfire_choices":[{"floor":6,"key":"REST"},{"floor":10,"key":"REST"},{"floor":13,"key":"REST"},{"data":"FairyDestructionRay","floor":15,"key":"SMITH"},{"data":"BinaryStars","floor":24,"key":"SMITH"}],"circlet_count":0,"master_deck":["Strike_MRS","Strike_MRS","Strike_MRS+1","Defend_MRS","Defend_MRS+1","Defend_MRS","Defend_MRS","MasterSpark","UpSweep","DoubleSpark+1","ChargeUpSpray","FairyDestructionRay+1","Singularity","AsteroidBelt","Robbery+1","ChargingUp","OortCloud","PulseMagic","BinaryStars+1","GrandCross","LuminesStrike","MachineGunSpark","GravityBeat"],"relics":["MiniHakkero","infinitespire:Joker Card","StuffTheSpire:Mouthbags","hubris:RunicObelisk","Replay:Baseball","hubris:TenFootPole","Whetstone"],"acts_visited":["Exordium","TheCity"],"potions_floor_usage":[11,16],"damage_taken":[{"damage":12,"enemies":"2 Louse","floor":1,"turns":3},{"damage":0,"enemies":"Cultist","floor":2,"turns":3},{"damage":11,"enemies":"infinitespire:Voidling","floor":3,"turns":4},{"damage":8,"enemies":"Lots of Slimes","floor":5,"turns":4},{"damage":21,"enemies":"Lagavulin","floor":7,"turns":5},{"damage":17,"enemies":"Exordium Thugs","floor":8,"turns":3},{"damage":13,"enemies":"Gremlin Gang","floor":11,"turns":4},{"damage":14,"enemies":"Blue Slaver","floor":12,"turns":3},{"damage":0,"enemies":"3 Louse","floor":14,"turns":1},{"damage":0,"enemies":"Slime Boss","floor":16,"turns":8},{"damage":4,"enemies":"Chosen","floor":18,"turns":3},{"damage":13,"enemies":"3 Byrds","floor":19,"turns":5},{"damage":6,"enemies":"Centurion and Healer","floor":21,"turns":5},{"damage":15,"enemies":"Snecko","floor":22,"turns":4},{"damage":35,"enemies":"Book of Stabbing","floor":25,"turns":4},{"damage":9,"enemies":"Snake Plant","floor":27,"turns":3}],"seed_played":"4566560503788326934","potions_obtained":[{"floor":1,"key":"ColorlessPotion"},{"floor":5,"key":"champ:CounterPotion"},{"floor":11,"key":"ColorlessPotion"},{"floor":12,"key":"Elixir"},{"floor":21,"key":"ShroomBrew"}],"is_trial":false,"path_per_floor":["M","M","M","?","M","R","E","M","T","R","M","M","R","M","R","B",null,"M","M","?","M","M","AVR","R","E","T","M"],"character_chosen":"MARISA","items_purchased":[],"campfire_rested":3,"item_purchase_floors":[],"current_hp_per_floor":[70,70,66,50,42,66,45,28,28,52,39,25,49,49,49,49,82,78,65,65,59,44,44,44,9,9,0,0],"gold":722,"neow_bonus":"TEN_PERCENT_HP_BONUS","is_daily":false,"chose_seed":false,"campfire_upgraded":2,"win_rate":0.0,"timestamp":1609302064,"path_taken":["M","M","M","?","M","R","E","M","T","R","M","M","R","M","R","BOSS","M","M","?","M","?","AVR","R","E","T","M"],"items_purchased_type":[],"build_version":"2020-12-13","purchased_purges":1,"victory":false,"max_hp_per_floor":[82,82,82,82,82,82,82,82,82,82,82,82,82,82,82,82,82,82,82,82,82,82,82,82,82,82,82,82],"card_choices":[{"not_picked":["AlicesGift","MysteriousBeam"],"picked":"DoubleSpark","floor":1},{"not_picked":["StarBarrage","GasGiant"],"picked":"ChargeUpSpray","floor":2},{"not_picked":["WitchLeyline","DC"],"picked":"Robbery","floor":3},{"not_picked":["Robbery","SporeBomb"],"picked":"FairyDestructionRay","floor":5},{"not_picked":["EventHorizon","DragonMeteor"],"picked":"Singularity","floor":7},{"not_picked":["WitchOfGreed","AlicesGift"],"picked":"AsteroidBelt","floor":8},{"not_picked":["DC","StarBarrage"],"picked":"ChargingUp","floor":11},{"not_picked":["WitchLeyline","OpenUniverse"],"picked":"OortCloud","floor":12},{"not_picked":["6A","NonDirectionalLaser"],"picked":"PulseMagic","floor":14},{"not_picked":["EscapeVelocity","BigCrunch"],"picked":"BinaryStars","floor":16},{"not_picked":["FairyDestructionRay","DragonMeteor"],"picked":"GrandCross","floor":18},{"not_picked":["6A","DeepEcoloBomb"],"picked":"LuminesStrike","floor":19},{"not_picked":["MagicAbsorber","MilkyWay"],"picked":"MachineGunSpark","floor":21},{"not_picked":["WitchLeyline","MysteriousBeam"],"picked":"GravityBeat","floor":22},{"not_picked":["MachineGunSpark","NonDirectionalLaser","DeepEcoloBomb"],"picked":"SKIP","floor":25}],"player_experience":10587,"relics_obtained":[{"floor":7,"key":"infinitespire:Joker Card"},{"floor":9,"key":"StuffTheSpire:Mouthbags"},{"floor":25,"key":"hubris:TenFootPole"},{"floor":26,"key":"Whetstone"}],"event_choices":[{"damage_healed":0,"gold_gain":0,"player_choice":"Entered Light","damage_taken":16,"max_hp_gain":0,"max_hp_loss":0,"event_name":"Shining Light","floor":4,"gold_loss":0,"cards_upgraded":["Robbery","Defend_MRS"]},{"cards_removed":["Defend_G"],"damage_healed":0,"gold_gain":0,"player_choice":"Took Card","damage_taken":0,"max_hp_gain":0,"max_hp_loss":0,"event_name":"NoteForYourself","floor":20,"gold_loss":0,"cards_obtained":["Defend_G"]}],"is_beta":false,"boss_relics":[{"not_picked":["StuffTheSpire:Kangaroo","BewitchedHakkero"],"picked":"hubris:RunicObelisk"}],"items_purged_floors":[23],"is_endless":false,"potions_floor_spawned":[1,5,11,12,21,25],"killed_by":"Snake Plant","ascension_level":0}}