{"host":"s9n53dspxjwkh5no","time":1609356927,"event":{"mods":["AchievementEnabler","Aspiration","Bard","BaseMod","Beaked The Cultist","Better Altar","Better Match","Better Note","Better Sensory Stone","Better Skull","Better Third Choice","BetterRewards","Colored Map","Colored Powertips","Conspire","Dio Mod","Disable Question Mark Monsters","Downfall","Energized Spire","Halation","Hermit","Hubris","Marisa????????","Marked Mod","Melee Mod","Minty Spire (QoL Compilation)","Quick Restart","Random Character Button","Rare Cards Sparkle","Reimu??????","Relic Stats","Remilia??????","Replay The Spire","Shade Mod","Small Relic Pack","Spicy Shops","StSLib","The Animator","The Bug Knight","The Construct","The Disciple","The Hierophant","The Problem Sleuth","The Runesmith","The Servant 0.9.4","The Valiant","The Wild Card","TheArtist","TheBandit","TheVacant","Wandering Minibosses","vexMod"],"gold_per_floor":[128,103,103,32,107,140,140,150,150,187,203,203,203,14,14,119,119,136,336,336,351,32,28,28,28],"floor_reached":24,"playtime":911,"items_purged":[],"score":225,"play_id":"ecd6eff9-3e83-4368-bc70-c991225c4f87","local_time":"20201230123527","is_ascension_mode":false,"campfire_choices":[{"floor":7,"key":"RECALL"},{"floor":12,"key":"REST"},{"floor":15,"key":"REST"}],"circlet_count":0,"master_deck":["animator:Strike_Overlord","animator:Defend_Overlord","animator:Strike+1","animator:Strike","animator:Strike","animator:Defend","animator:Defend","animator:Defend","animator:Cocytus+1","animator:Demiurge","animator:Fredrika","animator:Archer","animator:AcuraTooru","animator:Kuribayashi","animator:Shalltear","animator:EmiyaShirou","animator:GazelDwargon","animator:Layla","animator:HigakiRinne","animator:Benimaru","animator:Urushihara","animator:NarberalGamma+1","animator:MetalKnight","animator:Arpeggio","animator:Spearman","animator:Archer"],"relics":["animator:LivingPicture","animator:TheMissingPiece","NeowsBlessing","Whetstone","halation:BottledLove","ReplayTheSpireMod:Ninjato","Fusion Hammer","Sling"],"acts_visited":["Exordium","TheCity"],"potions_floor_usage":[10,16,24],"damage_taken":[{"damage":0,"enemies":"Jaw Worm","floor":1,"turns":1},{"damage":0,"enemies":"Lagavulin","floor":6,"turns":1},{"damage":0,"enemies":"2 Louse","floor":8,"turns":1},{"damage":16,"enemies":"Gremlin Nob","floor":10,"turns":4},{"damage":6,"enemies":"Cultist","floor":11,"turns":4},{"damage":36,"enemies":"Slime Boss","floor":16,"turns":10},{"damage":44,"enemies":"2 Thieves","floor":18,"turns":4},{"damage":8,"enemies":"Shell Parasite","floor":21,"turns":5},{"damage":19,"enemies":"Slavers","floor":24,"turns":1}],"seed_played":"5922011460168006831","potions_obtained":[{"floor":1,"key":"Elixir"},{"floor":8,"key":"Block Potion"},{"floor":10,"key":"SpeedPotion"},{"floor":21,"key":"Energy Potion"}],"is_trial":false,"path_per_floor":["M","?","?","$","?","E","R","M","T","E","M","R","T","$","R","B",null,"M","?","?","M","$","$","E"],"character_chosen":"THE_ANIMATOR","items_purchased":["animator:Archer","animator:GazelDwargon","animator:Layla","PowerPotion","Sling","animator:MetalKnight","animator:Arpeggio","animator:Spearman","animator:Archer"],"campfire_rested":2,"item_purchase_floors":[4,14,14,14,22,22,22,22,23],"current_hp_per_floor":[66,66,66,66,55,56,56,56,56,40,34,54,54,54,67,31,67,23,23,23,16,16,16,0,0],"gold":28,"neow_bonus":"THREE_ENEMY_KILL","is_daily":false,"chose_seed":false,"campfire_upgraded":0,"win_rate":0.0,"timestamp":1609356927,"path_taken":["M","?","?","$","?","E","R","M","T","E","M","R","?","$","R","BOSS","M","?","?","M","?","$","E"],"items_purchased_type":["Card","Card","Card","Potion","Relic","Card","Card","Card","Card"],"build_version":"2020-12-22","purchased_purges":0,"victory":false,"max_hp_per_floor":[66,66,66,66,66,67,67,67,67,67,67,67,67,67,67,67,67,67,67,67,68,68,68,68,68],"relic_stats":{"counters":[9,31],"Whetstone":["animator:Strike","animator:Cocytus"],"obtain_stats":[{"ReplayTheSpireMod:Ninjato":13,"NeowsBlessing":0,"halation:BottledLove":10,"animator:TheMissingPiece":0,"animator:LivingPicture":0,"Fusion Hammer":17,"Whetstone":6,"Sling":22},{"ReplayTheSpireMod:Ninjato":5,"NeowsBlessing":0,"halation:BottledLove":4,"animator:TheMissingPiece":0,"animator:LivingPicture":0,"Fusion Hammer":6,"Whetstone":2,"Sling":8},{"ReplayTheSpireMod:Ninjato":11,"NeowsBlessing":0,"halation:BottledLove":7,"animator:TheMissingPiece":0,"animator:LivingPicture":0,"Fusion Hammer":21,"Whetstone":2,"Sling":30}]},"card_choices":[{"not_picked":["animator:LeleiLaLalena","animator:Cocytus"],"picked":"animator:Fredrika","floor":1},{"not_picked":["animator:HououinKyouma","animator:Kira"],"picked":"animator:NononJakuzure","floor":3},{"not_picked":["animator:Kazuma","animator:TukaLunaMarceau"],"picked":"animator:AcuraTooru","floor":6},{"not_picked":["animator:HighElfArcher","animator:MumenRider"],"picked":"animator:Kuribayashi","floor":8},{"not_picked":["animator:PandorasActor","animator:Entoma"],"picked":"animator:Shalltear","floor":10},{"not_picked":["animator:Cocytus","animator:Benimaru"],"picked":"animator:EmiyaShirou","floor":11},{"not_picked":["animator:Biyorigo","animator:Shizu"],"picked":"animator:HigakiRinne","floor":16},{"not_picked":["animator:Hakurou","animator:GazelDwargon"],"picked":"animator:Benimaru","floor":18},{"not_picked":["animator:Priestess","animator:ZankiKiguchi"],"picked":"animator:NarberalGamma+1","floor":21}],"player_experience":361527,"relics_obtained":[{"floor":6,"key":"Whetstone"},{"floor":10,"key":"halation:BottledLove"},{"floor":13,"key":"ReplayTheSpireMod:Ninjato"}],"event_choices":[{"damage_healed":0,"gold_gain":1,"player_choice":"1","damage_taken":0,"max_hp_gain":0,"max_hp_loss":0,"event_name":"betterStone:BetterStone","floor":3,"gold_loss":0},{"damage_healed":0,"gold_gain":75,"player_choice":"Gold","damage_taken":11,"max_hp_gain":0,"max_hp_loss":0,"event_name":"betterThird:BetterGoop","floor":5,"gold_loss":0},{"damage_healed":0,"gold_gain":200,"player_choice":"Gold","damage_taken":0,"max_hp_gain":0,"max_hp_loss":0,"event_name":"Wheel of Change","floor":19,"gold_loss":0},{"damage_healed":0,"gold_gain":0,"cards_transformed":["animator:NononJakuzure"],"player_choice":"Transformed","damage_taken":0,"max_hp_gain":0,"max_hp_loss":0,"event_name":"Transmorgrifier","floor":20,"gold_loss":0,"cards_obtained":["animator:Urushihara"]}],"is_beta":false,"boss_relics":[{"not_picked":["halation:HeavySnake","Runesmith:UraniumAnvil"],"picked":"Fusion Hammer"}],"items_purged_floors":[],"is_endless":false,"potions_floor_spawned":[1,8,10,21],"killed_by":"Slavers","ascension_level":0}}