{"host":"dw0lfiijjtrmelew","time":1609290981,"event":{"mods":["BaseMod","Minty Spire (QoL Compilation)","Relic Stats","StSLib"],"gold_per_floor":[111,111,122,133,149,161,161,188,188,34,34,34,66,76,76,153,153,166,178,128,128,128],"floor_reached":21,"playtime":707,"items_purged":[],"score":382,"play_id":"b3376ee5-06d6-4035-838b-70c571f722f1","local_time":"20201229191621","is_ascension_mode":true,"campfire_choices":[{"data":"Neutralize","floor":7,"key":"SMITH"},{"data":"Cloak And Dagger","floor":12,"key":"SMITH"},{"floor":15,"key":"REST"}],"circlet_count":0,"master_deck":["AscendersBane","Strike_G","Strike_G","Strike_G","Strike_G","Strike_G","Defend_G","Defend_G","Defend_G","Defend_G","Defend_G","Survivor","Neutralize+1","Dagger Throw","Blade Dance","Cloak And Dagger+1","Footwork","Prepared+1","After Image","Pain","Deadly Poison+1","Caltrops","Bullet Time+1","Backflip+1"],"relics":["Ring of the Snake","NeowsBlessing","Toxic Egg 2","Ninja Scroll","WarpedTongs","Molten Egg 2","Fusion Hammer"],"acts_visited":["Exordium","TheCity"],"potions_floor_usage":[6,8,13],"damage_taken":[{"damage":0,"enemies":"Small Slimes","floor":1,"turns":1},{"damage":0,"enemies":"Cultist","floor":3,"turns":1},{"damage":0,"enemies":"Jaw Worm","floor":4,"turns":1},{"damage":9,"enemies":"Looter","floor":5,"turns":3},{"damage":5,"enemies":"Gremlin Gang","floor":6,"turns":6},{"damage":30,"enemies":"Gremlin Nob","floor":8,"turns":4},{"damage":15,"enemies":"Lagavulin","floor":13,"turns":4},{"damage":1,"enemies":"Blue Slaver","floor":14,"turns":3},{"damage":23,"enemies":"The Guardian","floor":16,"turns":12},{"damage":16,"enemies":"Spheric Guardian","floor":18,"turns":6},{"damage":15,"enemies":"Chosen","floor":19,"turns":6},{"damage":24,"enemies":"Snake Plant","floor":21,"turns":4}],"seed_played":"-8360465105288472665","potions_obtained":[{"floor":3,"key":"SkillPotion"},{"floor":6,"key":"Poison Potion"},{"floor":8,"key":"Strength Potion"},{"floor":16,"key":"Poison Potion"},{"floor":18,"key":"Explosive Potion"}],"is_trial":false,"path_per_floor":["M","?","M","M","M","M","R","E","T","$","?","R","E","M","R","B",null,"M","M","?","M"],"character_chosen":"THE_SILENT","items_purchased":["After Image"],"campfire_rested":1,"item_purchase_floors":[10],"current_hp_per_floor":[59,64,64,64,55,50,50,20,20,20,20,20,5,4,25,2,54,38,23,23,0,0],"gold":128,"neow_bonus":"THREE_ENEMY_KILL","is_daily":false,"chose_seed":false,"campfire_upgraded":2,"win_rate":0.0,"timestamp":1609290981,"path_taken":["M","?","M","M","M","M","R","E","T","$","?","R","E","?","R","BOSS","M","M","?","M"],"items_purchased_type":["Card"],"build_version":"2020-12-22","purchased_purges":0,"victory":false,"max_hp_per_floor":[66,71,71,71,71,71,71,71,71,71,71,71,71,71,71,71,71,71,71,71,71,71],"relic_stats":{"counters":[12,51],"obtain_stats":[{"NeowsBlessing":0,"Ninja Scroll":9,"Molten Egg 2":13,"Fusion Hammer":17,"Toxic Egg 2":8,"Ring of the Snake":0,"WarpedTongs":11},{"NeowsBlessing":0,"Ninja Scroll":6,"Molten Egg 2":7,"Fusion Hammer":9,"Toxic Egg 2":6,"Ring of the Snake":0,"WarpedTongs":6},{"NeowsBlessing":0,"Ninja Scroll":16,"Molten Egg 2":20,"Fusion Hammer":35,"Toxic Egg 2":16,"Ring of the Snake":0,"WarpedTongs":16}],"Ring of the Snake":[24],"WarpedTongs":[35]},"card_choices":[{"not_picked":["Accuracy","Slice"],"picked":"Dagger Throw","floor":1},{"not_picked":["Bane","Setup","Dodge and Roll"],"picked":"SKIP","floor":3},{"not_picked":["PiercingWail","Deflect"],"picked":"Blade Dance","floor":4},{"not_picked":["Skewer","Quick Slash"],"picked":"Cloak And Dagger","floor":5},{"not_picked":["Bane","Dodge and Roll"],"picked":"Footwork","floor":6},{"not_picked":["Bane","Choke"],"picked":"Prepared+1","floor":8},{"not_picked":["Flying Knee+1","Accuracy"],"picked":"Deadly Poison+1","floor":13},{"not_picked":["Reflex+1","Blade Dance+1"],"picked":"Caltrops","floor":14},{"not_picked":["Tools of the Trade","Doppelganger+1"],"picked":"Bullet Time+1","floor":16},{"not_picked":["Well Laid Plans","Underhanded Strike+1","Heel Hook+1"],"picked":"SKIP","floor":18},{"not_picked":["Dagger Throw+1","Quick Slash+1"],"picked":"Backflip+1","floor":19}],"player_experience":1180953,"relics_obtained":[{"floor":8,"key":"Toxic Egg 2"},{"floor":9,"key":"Ninja Scroll"},{"floor":13,"key":"Molten Egg 2"}],"event_choices":[{"damage_healed":0,"gold_gain":0,"player_choice":"Donut","damage_taken":0,"max_hp_gain":5,"max_hp_loss":0,"event_name":"Big Fish","floor":2,"gold_loss":0},{"damage_healed":0,"gold_gain":0,"player_choice":"Rummage","damage_taken":0,"relics_obtained":["WarpedTongs"],"max_hp_gain":0,"max_hp_loss":0,"event_name":"Accursed Blacksmith","floor":11,"gold_loss":0,"cards_obtained":["Pain"]},{"damage_healed":0,"gold_gain":0,"player_choice":"Bet on Owner","damage_taken":0,"max_hp_gain":0,"max_hp_loss":0,"event_name":"The Joust","floor":20,"gold_loss":50}],"is_beta":false,"boss_relics":[{"not_picked":["Coffee Dripper","Tiny House"],"picked":"Fusion Hammer"}],"items_purged_floors":[],"is_endless":false,"potions_floor_spawned":[3,6,8,16,18],"killed_by":"Snake Plant","ascension_level":20}}