{"host":"avjwtc49fhlk6kym","time":1609372161,"event":{"mods":["AchievementEnabler","BaseMod","Better Match","Better Note","Better Third Choice","Colored Map","Colored Powertips","Displayed Cursed Tome","Highlight Path","Minty Spire (QoL Compilation)","Permanent Neow","Quick Restart","StSLib"],"gold_per_floor":[115,115,126,139,151,151,162,337,337,366,40,40,70,89,89,192,192,203,203,17,37,53,53,68,68,68,68,98,109,126,126,126,126,126],"floor_reached":33,"playtime":1309,"items_purged":["Doubt"],"score":279,"play_id":"98c1caa9-d730-457d-bae9-4c5e1e344419","local_time":"20201230184921","is_ascension_mode":false,"campfire_choices":[{"data":"DevaForm","floor":6,"key":"SMITH"},{"floor":12,"key":"REST"},{"floor":15,"key":"REST"},{"data":"BattleHymn","floor":23,"key":"SMITH"},{"floor":25,"key":"REST"},{"floor":27,"key":"REST"},{"floor":32,"key":"REST"}],"circlet_count":0,"master_deck":["Strike_P","Strike_P","Strike_P","Strike_P","Defend_P","Defend_P","Defend_P","Eruption","Vigilance","Conclude+1","FollowUp","FlurryOfBlows","DevaForm+1","FollowUp","CrushJoints","Swift Strike","Protect","Wish","MasterReality","BattleHymn+1","Evaluate","Conclude","FlurryOfBlows+1","SandsOfTime","ThirdEye"],"relics":["PureWater","MealTicket","Anchor","HornCleat","Velvet Choker","Sling","Bottled Lightning","Calipers"],"acts_visited":["Exordium","TheCity"],"potions_floor_usage":[4,10,10,16,16,30],"damage_taken":[{"damage":0,"enemies":"Small Slimes","floor":1,"turns":2},{"damage":7,"enemies":"2 Louse","floor":3,"turns":2},{"damage":0,"enemies":"Jaw Worm","floor":4,"turns":3},{"damage":11,"enemies":"Exordium Wildlife","floor":5,"turns":2},{"damage":0,"enemies":"3 Louse","floor":7,"turns":1},{"damage":35,"enemies":"3 Sentries","floor":10,"turns":7},{"damage":21,"enemies":"Lagavulin","floor":13,"turns":7},{"damage":3,"enemies":"Gremlin Gang","floor":14,"turns":4},{"damage":48,"enemies":"Slime Boss","floor":16,"turns":9},{"damage":10,"enemies":"Shell Parasite","floor":18,"turns":8},{"damage":0,"enemies":"Chosen","floor":21,"turns":3},{"damage":17,"enemies":"Sentry and Sphere","floor":22,"turns":5},{"damage":18,"enemies":"Snake Plant","floor":24,"turns":6},{"damage":38,"enemies":"Gremlin Leader","floor":28,"turns":5},{"damage":0,"enemies":"Cultist and Chosen","floor":29,"turns":4},{"damage":11,"enemies":"Snecko","floor":30,"turns":6},{"damage":44,"enemies":"Champ","floor":33,"turns":6}],"seed_played":"7171088034245140673","potions_obtained":[{"floor":3,"key":"SkillPotion"},{"floor":5,"key":"Ancient Potion"},{"floor":7,"key":"Explosive Potion"},{"floor":13,"key":"StancePotion"},{"floor":14,"key":"Ancient Potion"},{"floor":29,"key":"Energy Potion"},{"floor":30,"key":"GamblersBrew"}],"is_trial":false,"path_per_floor":["M","?","M","M","M","R","M","?","T","E","$","R","E","M","R","B",null,"M","?","$","M","M","R","M","R","T","R","E","M","M","?","R","B"],"character_chosen":"WATCHER","items_purchased":["Anchor","Swift Strike","Sling","BattleHymn"],"campfire_rested":5,"item_purchase_floors":[11,11,20,20],"current_hp_per_floor":[72,72,65,65,54,54,54,54,54,19,34,55,34,31,52,4,72,62,62,72,72,55,55,37,58,58,72,34,34,23,23,44,0,0],"gold":126,"neow_bonus":"TRANSFORM_CARD","is_daily":false,"chose_seed":false,"campfire_upgraded":2,"win_rate":0.0,"timestamp":1609372161,"path_taken":["M","?","M","M","M","R","M","?","T","E","$","R","E","M","R","BOSS","M","?","$","M","M","R","M","R","T","R","E","M","M","?","R","BOSS"],"items_purchased_type":["Relic","Card","Relic","Card"],"build_version":"2020-12-22","purchased_purges":1,"victory":false,"max_hp_per_floor":[72,72,72,72,72,72,72,72,72,72,72,72,72,72,72,72,72,72,72,72,72,72,72,72,72,72,72,72,72,72,72,72,72,72],"card_choices":[{"not_picked":["PathToVictory","SandsOfTime"],"picked":"FollowUp","floor":1},{"not_picked":["ClearTheMind","Perseverance","SashWhip"],"picked":"SKIP","floor":3},{"not_picked":["CutThroughFate","FlyingSleeves"],"picked":"FlurryOfBlows","floor":4},{"not_picked":["Indignation","EmptyBody"],"picked":"DevaForm","floor":5},{"not_picked":["EmptyBody","ThirdEye"],"picked":"FollowUp","floor":7},{"not_picked":["Protect","ClearTheMind"],"picked":"CrushJoints","floor":10},{"not_picked":["EmptyFist","MentalFortress"],"picked":"Protect","floor":13},{"not_picked":["BowlingBash","FlyingSleeves"],"picked":"Wish","floor":14},{"not_picked":["Vault","DevaForm"],"picked":"MasterReality","floor":16},{"not_picked":["BowlingBash","FlyingSleeves","Halt"],"picked":"SKIP","floor":18},{"not_picked":["Wireheading","WreathOfFlame+1"],"picked":"Evaluate","floor":21},{"not_picked":["Halt","CutThroughFate"],"picked":"Conclude","floor":22},{"not_picked":["JustLucky+1","Crescendo"],"picked":"FlurryOfBlows+1","floor":24},{"not_picked":["Ragnarok","PathToVictory+1"],"picked":"SandsOfTime","floor":28},{"not_picked":["Worship","EmptyFist"],"picked":"ThirdEye","floor":29},{"not_picked":["BowlingBash","EmptyMind","PathToVictory"],"picked":"SKIP","floor":30}],"player_experience":359692,"relics_obtained":[{"floor":10,"key":"MealTicket"},{"floor":13,"key":"HornCleat"},{"floor":26,"key":"Bottled Lightning"},{"floor":28,"key":"Calipers"}],"event_choices":[{"damage_healed":0,"gold_gain":0,"player_choice":"Grow","damage_taken":0,"max_hp_gain":0,"max_hp_loss":0,"event_name":"Living Wall","floor":2,"gold_loss":0,"cards_upgraded":["Conclude"]},{"damage_healed":0,"gold_gain":175,"player_choice":"AGREE","damage_taken":162,"max_hp_gain":0,"max_hp_loss":0,"event_name":"betterThird:BetterSerpent","floor":8,"gold_loss":0},{"cards_removed":["Defend_P"],"damage_healed":0,"gold_gain":0,"player_choice":"Give","damage_taken":0,"max_hp_gain":0,"max_hp_loss":0,"event_name":"betterNote:BetterNote","floor":19,"gold_loss":0,"cards_obtained":["Defend_P"]},{"damage_healed":0,"gold_gain":0,"player_choice":"Ignored","damage_taken":0,"max_hp_gain":0,"max_hp_loss":0,"event_name":"Ghosts","floor":31,"gold_loss":0}],"is_beta":false,"boss_relics":[{"not_picked":["Snecko Eye","Coffee Dripper"],"picked":"Velvet Choker"}],"items_purged_floors":[11],"is_endless":false,"potions_floor_spawned":[3,5,7,13,14,29,30],"killed_by":"Champ","ascension_level":0}}