{"host":"r6wilvrr1tovskr2","time":1609315077,"event":{"mods":["2.2 Compatiblity","AchievementEnabler","Aspiration","BaseMod","Bestiary","Better Altar","Better Match","Better Note","Better Sensory Stone","Better Skull","Better Third Choice","Colored Powertips","Conspire","Energized Spire","GifTheSpireLib","Halation","Highlight Path","Hubris","Infinite Spire","Marked Mod","Minty Spire (QoL Compilation)","Quick Restart","Replay The Spire","Shop Mod","Spicy Shops","Spikes Relics","StSLib","Stuff the Spire","vexMod"],"gold_per_floor":[115,115,115,93,9,22,22,22,46,63,63,63,63,95,95,196,196,208,208,225,225,225,259,259,271,296,296,296,322,335,335,335,361,361,361,361],"floor_reached":35,"playtime":2287,"items_purged":["Injury"],"score":588,"play_id":"cf807c7a-fb77-4343-90ea-89438fd55abc","local_time":"20201230015757","is_ascension_mode":true,"campfire_choices":[{"floor":11,"key":"REST"},{"floor":13,"key":"RECALL"},{"data":"Die Die Die","floor":15,"key":"SMITH"},{"floor":24,"key":"REST"},{"data":"Die Die Die","floor":31,"key":"SMITH"}],"circlet_count":0,"master_deck":["conspire:GhostlyStrike","conspire:GhostlyStrike","conspire:GhostlyStrike","conspire:GhostlyStrike","conspire:GhostlyStrike+1","conspire:GhostlyDefend+1","conspire:GhostlyDefend","conspire:GhostlyDefend","conspire:GhostlyDefend","conspire:GhostlyDefend","Survivor","Neutralize","Vigilance","Vigilance","Predator","Fluid Movement","Slice","Fluid Movement","Infinite Blades","Die Die Die+1","StuffTheSpire:Injection","StuffTheSpire:ClusterCrunch+1","Quick Slash+1","Die Die Die+1","Pot Of Greed","Pot Of Greed","Pot Of Greed"],"relics":["Ring of the Snake","betterThird:SlimedRelic","RollingBoulder","Bag of Preparation","halation:PromiseList","Replay:Ancient Bell","StuffTheSpire:WitherSkull","Kunai","CaptainsWheel","halation:PinkSoulGem","Dream Catcher","StuffTheSpire:Mouthbags","ReplayTheSpireMod:TigerMarble","hubris:ScarierMask","StuffTheSpire:ForceGauntlet","Grinning Jar"],"acts_visited":["Exordium","TheCity"],"potions_floor_usage":[14,14,29,30,35],"damage_taken":[{"damage":2,"enemies":"Small Slimes","floor":1,"turns":4},{"damage":0,"enemies":"Jaw Worm","floor":6,"turns":4},{"damage":3,"enemies":"2 Louse","floor":10,"turns":4},{"damage":0,"enemies":"Gremlin Nob","floor":14,"turns":2},{"damage":53,"enemies":"Slime Boss","floor":16,"turns":20},{"damage":17,"enemies":"Spheric Guardian","floor":18,"turns":10},{"damage":0,"enemies":"Chosen","floor":20,"turns":6},{"damage":0,"enemies":"Nightmare","floor":23,"turns":16},{"damage":1,"enemies":"Snecko","floor":25,"turns":4},{"damage":3,"enemies":"conspire:SneckoGhost","floor":29,"turns":8},{"damage":0,"enemies":"Centurion and Healer","floor":30,"turns":6},{"damage":0,"enemies":"Slavers","floor":33,"turns":3},{"damage":69,"enemies":"Collector","floor":35,"turns":7}],"seed_played":"2898750558437734568","potions_obtained":[{"floor":1,"key":"FearPotion"},{"floor":10,"key":"CunningPotion"},{"floor":23,"key":"Block Potion"},{"floor":25,"key":"Explosive Potion"},{"floor":30,"key":"Block Potion"}],"is_trial":false,"path_per_floor":["M","?","?","?","$","M","T","$","T","M","R","T","R","E","R","B",null,"M","?","M","?","?","NM","R","M","T","PTL","PTL","E","M","R","AVR","E","R","B"],"character_chosen":"THE_SILENT","items_purchased":["Fluid Movement","Slice"],"campfire_rested":2,"item_purchase_floors":[5,5],"current_hp_per_floor":[61,47,47,36,36,36,36,36,36,33,54,54,54,54,54,1,53,36,36,36,36,36,36,57,56,56,56,56,53,53,53,53,53,53,0,0],"gold":361,"neow_bonus":"THREE_RARE_CARDS","is_daily":false,"chose_seed":false,"campfire_upgraded":2,"win_rate":0.0,"timestamp":1609315077,"path_taken":["M","?","?","?","$","M","?","?","T","?","R","?","R","E","R","BOSS","M","?","M","?","?","NM","R","M","T","PTL","PTL","E","M","R","AVR","E","R","BOSS"],"items_purchased_type":["Card","Card"],"build_version":"2020-12-22","purchased_purges":1,"victory":false,"max_hp_per_floor":[70,70,70,70,70,70,70,70,70,70,70,70,70,70,70,70,70,70,70,70,70,70,70,70,70,70,70,70,70,70,70,70,70,70,70,70],"card_choices":[{"not_picked":["Phantasmal Killer","Night Terror"],"picked":"Die Die Die","floor":0},{"not_picked":["Poisoned Stab","Skewer"],"picked":"Predator","floor":1},{"not_picked":["StuffTheSpire:Injection","Flechettes"],"picked":"Fluid Movement","floor":6},{"not_picked":["conspire:DoublingDagger","StuffTheSpire:Sprint"],"picked":"Infinite Blades","floor":10},{"not_picked":["Hidden Blade","Tools of the Trade","Well Laid Plans"],"picked":"SKIP","floor":14},{"not_picked":["Bullet Time","Venomology"],"picked":"Die Die Die","floor":16},{"not_picked":["hubris:Compulsion","Regret"],"picked":"Injury","floor":17},{"not_picked":["hubris:Compulsion","Parasite"],"picked":"Overencumbered","floor":17},{"not_picked":["Spreading Infection","hubris:Sloth"],"picked":"CloudedMind","floor":17},{"not_picked":["Backflip","Dagger Spray"],"picked":"StuffTheSpire:Injection","floor":18},{"not_picked":["Outmaneuver","PiercingWail"],"picked":"StuffTheSpire:ClusterCrunch+1","floor":20},{"not_picked":["StuffTheSpire:Python","Dodge and Roll+1"],"picked":"Quick Slash+1","floor":23},{"not_picked":["Caltrops+1","Hidden Blade","StuffTheSpire:BrimstoneBlast"],"picked":"SKIP","floor":25},{"not_picked":["Hidden Blade","Phantasmal Killer","StuffTheSpire:BumpUp"],"picked":"SKIP","floor":29},{"not_picked":["Flying Knee","Deflect","Underhanded Strike"],"picked":"SKIP","floor":30},{"not_picked":["Flying Knee","StuffTheSpire:BumpUp","Distraction"],"picked":"SKIP","floor":33}],"player_experience":1150213,"relics_obtained":[{"floor":9,"key":"RollingBoulder"},{"floor":12,"key":"Bag of Preparation"},{"floor":14,"key":"halation:PromiseList"},{"floor":23,"key":"Dream Catcher"},{"floor":26,"key":"StuffTheSpire:Mouthbags"},{"floor":29,"key":"ReplayTheSpireMod:TigerMarble"},{"floor":33,"key":"Grinning Jar"}],"event_choices":[{"damage_healed":61,"gold_gain":0,"player_choice":"Upgrade","damage_taken":14,"max_hp_gain":0,"max_hp_loss":70,"event_name":"betterThird:BetterShining","floor":2,"gold_loss":0,"cards_upgraded":["Defend_G","Strike_G"]},{"damage_healed":0,"gold_gain":0,"player_choice":"Agree","damage_taken":0,"max_hp_gain":0,"max_hp_loss":0,"event_name":"conspire:LoneGhost","floor":3,"gold_loss":0},{"damage_healed":0,"gold_gain":0,"player_choice":"Slimed","damage_taken":11,"max_hp_gain":0,"max_hp_loss":0,"event_name":"betterThird:BetterGoop","floor":4,"gold_loss":22},{"cards_removed":["Overencumbered"],"damage_healed":0,"gold_gain":0,"player_choice":"Elegance","damage_taken":0,"max_hp_gain":0,"max_hp_loss":0,"event_name":"betterThird:BetterWriting","floor":22,"gold_loss":0}],"is_beta":false,"boss_relics":[{"not_picked":["vexMod:MegatonBomb","CosmicIsotope"],"picked":"Replay:Ancient Bell"},{"not_picked":["Akabeko","infinitespire:Lucky Rock"],"picked":"StuffTheSpire:WitherSkull"},{"not_picked":["Shuriken","aspiration:SeaSaltIceCream"],"picked":"Kunai"},{"not_picked":["StuffTheSpire:DarkSteelAnvil","Unceasing Top"],"picked":"CaptainsWheel"}],"items_purged_floors":[32],"is_endless":true,"potions_floor_spawned":[1,10,23,25,30],"killed_by":"Collector","ascension_level":8}}