{"host":"ayyvhwlj3bvx7fjd","time":1609370568,"event":{"mods":["AchievementEnabler","Act Like it!","Aspiration","Bard","BaseMod","Beaked The Cultist","Better Altar","Better Match","Better Note","Better Sensory Stone","Better Skull","Better Third Choice","BetterRewards","CCEM","Clawfect","Colored Map","Conspire","Downfall","GifTheSpireLib","Googly Eyes","Halation","Hallownest","Hermit","Highlight Path","Hubris","Hunter ??","Infinite Spire","Jedi Mod","Jorbs\u0027s Wanderer Trilogy","Mad Scientist","Marisa????????","Mimic Mod","Minty Spire (QoL Compilation)","Permanent Neow","Replay The Spire","Shade Mod","Shop Mod","Spicy Shops","StSLib","Stuff the Spire","The Administrix","The Blackbeard","The Bug Knight","The Construct","The Cursed","The Disciple","The Gatherer","The Hierophant","The IronCluck","The Jungle","The Mystic","The Necromancer","The Problem Sleuth","The Runesmith","The Servant 0.9.4","The Spell Scribe","The Witch","Unceasing Turn Reminder","[IsaacMod]????","everything is the same but u backflip on backflip","slay the spire mod where everything is the same but ironclad has a cowboy hat"],"gold_per_floor":[118,131,31,31,45,45,45,45,70,70,103,113,129,129,145,160,160,284,284,303,303,350,165,165,505,530,530,580,178,198,219,219,219],"floor_reached":32,"playtime":3016,"items_purged":[],"score":368,"play_id":"0fd6bf6e-3ca4-46a9-a274-ec9091876bc0","local_time":"20201230172248","is_ascension_mode":true,"campfire_choices":[{"floor":8,"key":"REST"},{"floor":27,"key":"REST"}],"circlet_count":0,"master_deck":["Gash","Gash","Gash","Gash","Gash","Defend_B","Defend_B+1","Defend_B","Defend_B","Defend_B","Coolheaded","Leap","Ghostly+1","infinitespire:FutureSight","Static Discharge","Mirror Shield","Clawfect:ClawCell","ReplaySolidLightProjector","Clawfect:ClawSnap","StuffTheSpire:Coldhearted","Clawfect:ScrapingClaw","jedi:studyfrost","Clawfect:ClawingBeam+1","StuffTheSpire:Plugnplay","StuffTheSpire:LoadUp+1","Clawfect:ScrapingClaw+1","StuffTheSpire:Coldhearted+1","ReplayTheSpireMod:Dual Polarity+1","BasicCrystalCard"],"relics":["StuffTheSpire:OccultApparatus","HushsDoor","KeepersGift","NeowsBlessing","aspiration:Lifesprig","infinitespire:Beetle Shell","Golden Idol","Runesmith:UraniumAnvil","GuppysHairball","CCEMRelics:TinyMinotavrHorn","theJungle:Creamberry","Old Coin","ReplayTheSpireMod:Ninjato","infinitespire:SolderingIron","Runic Capacitor"],"acts_visited":["Exordium","Exordium"],"potions_floor_usage":[],"damage_taken":[{"damage":2,"enemies":"Jaw Worm","floor":1,"turns":2},{"damage":4,"enemies":"conspire:RoseBush","floor":2,"turns":2},{"damage":1,"enemies":"Small Slimes","floor":5,"turns":3},{"damage":40,"enemies":"3 Sentries","floor":9,"turns":10},{"damage":0,"enemies":"2 Fungi Beasts","floor":11,"turns":9},{"damage":5,"enemies":"2 Fungi Beasts","floor":12,"turns":5},{"damage":1,"enemies":"Blue Slaver","floor":13,"turns":5},{"damage":2,"enemies":"Exordium Wildlife","floor":15,"turns":5},{"damage":9,"enemies":"Large Slime","floor":16,"turns":6},{"damage":0,"enemies":"Slime Boss","floor":18,"turns":10},{"damage":5,"enemies":"theJungle:Flameango_and_Byrd","floor":20,"turns":8},{"damage":18,"enemies":"conspire:MimicChest","floor":22,"turns":9},{"damage":21,"enemies":"theJungle:Cassacara","floor":25,"turns":7},{"damage":3,"enemies":"Shell Parasite","floor":26,"turns":6},{"damage":10,"enemies":"theJungle:2_Flameangoes","floor":28,"turns":8},{"damage":15,"enemies":"theJungle:2_Flameangoes","floor":30,"turns":7},{"damage":0,"enemies":"theJungle:SlimyTreeVines","floor":31,"turns":6},{"damage":14,"enemies":"Snake Plant","floor":32,"turns":3}],"seed_played":"-266113388051825067","potions_obtained":[{"floor":2,"key":"Death Potion"},{"floor":9,"key":"PowerPotion"},{"floor":12,"key":"Guardian:BlockOnCardUsePotion"},{"floor":13,"key":"Flashbang"},{"floor":25,"key":"Doom Potion"}],"is_trial":false,"path_per_floor":["M","M","?","?","M","PTL","PTL","R","E","?","MIM","M","M","?","M","M","R_BF","B",null,"M","?","?","?","?","E","M","R","MIM","$","M","M","M"],"character_chosen":"DEFECT","items_purchased":["GuppysHairball","infinitespire:SolderingIron","Runic Capacitor"],"campfire_rested":2,"item_purchase_floors":[19,29,29],"current_hp_per_floor":[73,69,69,50,49,49,49,71,31,31,31,26,25,25,23,14,34,34,59,54,54,36,36,36,15,12,29,19,19,4,10,0,0],"gold":219,"neow_bonus":"THREE_ENEMY_KILL","is_daily":false,"chose_seed":false,"campfire_upgraded":0,"win_rate":0.0,"timestamp":1609370568,"path_taken":["M","M","?","?","M","PTL","PTL","R","E","?","MIM","?","M","?","M","?","R_BF","BOSS","M","?","?","?","?","E","M","R","MIM","?","M","?","?"],"items_purchased_type":["Relic","Relic","Relic"],"build_version":"2020-12-22","purchased_purges":0,"victory":false,"max_hp_per_floor":[75,75,75,75,75,75,75,75,75,75,75,75,75,69,69,69,69,69,59,59,59,59,59,59,59,59,59,59,59,59,59,59,59],"card_choices":[{"not_picked":[],"picked":"ChaosCard","floor":0},{"not_picked":["Crystallizer","Clawfect:ClawCell"],"picked":"Coolheaded","floor":1},{"not_picked":["FTL","Clawfect:Clawrage"],"picked":"Leap","floor":2},{"not_picked":["ReplayTheSpireMod:??????????????????????","ReplayTheSpireMod:Haul"],"picked":"infinitespire:FutureSight","floor":4},{"not_picked":["Storm","jedi:BurstFrost"],"picked":"Static Discharge","floor":5},{"not_picked":["Genetic Algorithm","jedi:BurstFrost"],"picked":"Mirror Shield","floor":9},{"not_picked":["StuffTheSpire:Plugnplay","Clawfect:ClawLightning"],"picked":"Clawfect:ClawCell","floor":11},{"not_picked":["Clawfect:ScrapingClaw","Consume"],"picked":"ReplaySolidLightProjector","floor":12},{"not_picked":["Steam","Clawfect:ClawingBeam"],"picked":"Clawfect:ClawSnap","floor":13},{"not_picked":["jedi:blockon","Clawfect:ClawSnap"],"picked":"StuffTheSpire:Coldhearted","floor":15},{"not_picked":["Loop","Steam"],"picked":"Clawfect:ScrapingClaw","floor":16},{"not_picked":["jedi:bruteforce","hubris:Prefetch"],"picked":"jedi:studyfrost","floor":18},{"not_picked":["ReplaySolidLightProjector","jedi:BurstFrost"],"picked":"Clawfect:ClawingBeam+1","floor":20},{"not_picked":["StuffTheSpire:Rend","Coolheaded"],"picked":"StuffTheSpire:Plugnplay","floor":22},{"not_picked":["Clawfect:Clawline","Reboot+1"],"picked":"StuffTheSpire:LoadUp+1","floor":25},{"not_picked":["Clawfect:ClawpileDriver","hubris:PowerSurge+1"],"picked":"Clawfect:ScrapingClaw+1","floor":26},{"not_picked":["Clawfect:ClawCell","Coolheaded"],"picked":"StuffTheSpire:Coldhearted+1","floor":28},{"not_picked":["jedi:studyfrost+1","Clawfect:Clawrage"],"picked":"ReplayTheSpireMod:Dual Polarity+1","floor":30},{"not_picked":["Clawfect:ScrapingClaw+1","Crystallizer+1"],"picked":"BasicCrystalCard","floor":31}],"player_experience":111155,"relics_obtained":[{"floor":9,"key":"aspiration:Lifesprig"},{"floor":11,"key":"infinitespire:Beetle Shell"},{"floor":22,"key":"CCEMRelics:TinyMinotavrHorn"},{"floor":25,"key":"Old Coin"},{"floor":28,"key":"ReplayTheSpireMod:Ninjato"}],"event_choices":[{"damage_healed":0,"gold_gain":0,"player_choice":"Argue","damage_taken":0,"max_hp_gain":0,"max_hp_loss":0,"event_name":"conspire:LoneGhost","floor":3,"gold_loss":0},{"damage_healed":0,"gold_gain":0,"player_choice":"Lose Max HP","damage_taken":0,"relics_obtained":["Golden Idol"],"max_hp_gain":0,"max_hp_loss":6,"event_name":"Golden Idol","floor":14,"gold_loss":0}],"is_beta":false,"boss_relics":[{"not_picked":["Velvet Choker","conspire:SlowCooker"],"picked":"Runesmith:UraniumAnvil"},{"not_picked":[]}],"items_purged_floors":[],"is_endless":false,"potions_floor_spawned":[2,9,12,13,18,25,26,30,31],"killed_by":"Snake Plant","ascension_level":2}}