{"host":"1sep654oresgee70","time":1609371878,"event":{"mods":["2.2 Compatiblity","Aspiration","BaseMod","Better Altar","Better Match","Better Note","Better Sensory Stone","Better Skull","Better Third Choice","Better Vampires","Better-Laid Plans","BetterRewards","Block Reminder","Conspire","Curses Come First","Displayed Cursed Tome","Gold Saver","Hubris","Infinite Spire","Minty Spire (QoL Compilation)","Potion Indicator Mod","Red Circlet Mod","Replay The Spire","Shop Mod","Spicy Shops","StSLib","Thieving Mod","Transform Curses","UnlockEverythingMod"],"gold_per_floor":[685,700,28,43,43,43,73,73,73,103,133,148,148,163,163,263,263,278,278,278,293,392,407,437,452,452,452,452],"floor_reached":27,"playtime":1312,"items_purged":["hubris:Disease"],"score":303,"play_id":"646ee19b-63ed-4591-8cf0-ff0ef792ea58","local_time":"20201231004438","daily_mods":["Cursed Run","Diverse","DeadlyEvents"],"is_ascension_mode":false,"campfire_choices":[{"data":"Doom and Gloom","floor":6,"key":"SMITH"},{"floor":8,"key":"REST"},{"floor":15,"key":"REST"}],"circlet_count":0,"master_deck":["Strike_B","Strike_B","Strike_B","Strike_B","Defend_B","Defend_B","Defend_B","Defend_B","Zap","Dualcast","Go for the Eyes","Swivel","Armaments","Beam Cell","Barricade","Footwork","Gash","Doom and Gloom+1","Evolve+1","conspire:Banana","Study","LessonLearned+1","ReplayTheSpireMod:Calculation Training","FIFO Queue","Wallop+1","Anger+1","SpiritShield","Accuracy+1","infinitespire:Punishment+1","hubris:Fate","Havoc","CutThroughFate+1","Flame Barrier","conspire:ExplosiveBarrier","Replay:Hysterical Blindness"],"relics":["Cursed Key","Darkstone Periapt","Du-Vu Doll","Orrery","Bird Faced Urn","Molten Egg 2","Shovel","Gremlin Horn","hubris:GlazedTorus","aspiration:PoetsPen_weak","Carrot","aspiration:IroncladSkillbook","aspiration:RitualStick","Boot","conspire:DecoderRing"],"acts_visited":["Exordium","TheCity"],"potions_floor_usage":[11,16,18,24],"damage_taken":[{"damage":15,"enemies":"infinitespire:Voidling","floor":1,"turns":4},{"damage":4,"enemies":"Cultist","floor":2,"turns":4},{"damage":0,"enemies":"Small Slimes","floor":4,"turns":4},{"damage":21,"enemies":"Gremlin Nob","floor":7,"turns":4},{"damage":24,"enemies":"Lagavulin","floor":10,"turns":7},{"damage":12,"enemies":"Replay:BlueRogue","floor":11,"turns":6},{"damage":19,"enemies":"Red Slaver","floor":12,"turns":4},{"damage":1,"enemies":"2 Fungi Beasts","floor":14,"turns":5},{"damage":24,"enemies":"Fading Forest","floor":16,"turns":11},{"damage":38,"enemies":"3 Byrds","floor":18,"turns":7},{"damage":0,"enemies":"Chosen","floor":21,"turns":1},{"damage":13,"enemies":"conspire:HollyBat","floor":23,"turns":8},{"damage":32,"enemies":"Nightmare","floor":24,"turns":6},{"damage":21,"enemies":"Snake Plant","floor":25,"turns":3},{"damage":26,"enemies":"Snecko","floor":27,"turns":4}],"seed_played":"9091901603564859836","potions_obtained":[{"floor":10,"key":"FearPotion"},{"floor":12,"key":"LifebloodPotion"},{"floor":16,"key":"BlessingOfTheForge"},{"floor":21,"key":"SteroidPotion"}],"is_trial":false,"path_per_floor":["M","M","$","M","$","R","E","R","T","E","E","M","?","M","R","B",null,"M","AVR","?","M","?","M","NM","M","T","M"],"character_chosen":"DEFECT","items_purchased":["Orrery","Bird Faced Urn","Doom and Gloom","Evolve","conspire:Banana"],"campfire_rested":2,"item_purchase_floors":[3,3,3,3,3],"current_hp_per_floor":[67,63,63,70,70,70,55,76,82,63,60,46,46,54,79,72,93,59,59,40,44,44,46,24,10,16,0,0],"gold":452,"neow_bonus":"","is_daily":true,"chose_seed":false,"campfire_upgraded":1,"win_rate":0.0,"timestamp":1609371878,"path_taken":["M","M","$","?","$","R","?","R","T","E","?","M","?","M","R","BOSS","M","AVR","?","M","?","?","NM","M","T","M"],"items_purchased_type":["Relic","Relic","Card","Card","Card"],"build_version":"2020-12-22","purchased_purges":1,"victory":false,"max_hp_per_floor":[75,75,75,76,76,76,76,76,82,83,84,85,85,86,86,93,93,95,95,95,95,95,96,96,97,103,104,104],"card_choices":[{"not_picked":["SandsOfTime","CrushJoints"],"picked":"Go for the Eyes","floor":1},{"not_picked":["ThirdEye","hubris:SharpeningStone"],"picked":"Swivel","floor":2},{"not_picked":["Heavy Blade","Wild Strike"],"picked":"Armaments","floor":3},{"not_picked":["Disarm","ReachHeaven"],"picked":"Beam Cell","floor":3},{"not_picked":["Replay:ManipulateFuture","Iron Wave"],"picked":"Barricade","floor":3},{"not_picked":["Pommel Strike","Brutality"],"picked":"Footwork","floor":3},{"not_picked":["Heel Hook","Hemokinesis"],"picked":"Gash","floor":3},{"not_picked":["Choke","PathToVictory"],"picked":"Study","floor":4},{"not_picked":["Setup","DeceiveReality"],"picked":"LessonLearned+1","floor":7},{"not_picked":["Warcry","Replay:Battleflow"],"picked":"ReplayTheSpireMod:Calculation Training","floor":10},{"not_picked":["Halt","Replay:BluntJabs+1"],"picked":"FIFO Queue","floor":11},{"not_picked":["Clash+1","PathToVictory"],"picked":"Wallop+1","floor":12},{"not_picked":["Replay:ManipulateFuture","Twin Strike+1"],"picked":"Anger+1","floor":14},{"not_picked":["Reboot","MasterReality"],"picked":"SpiritShield","floor":16},{"not_picked":["Steam","True Grit"],"picked":"Accuracy+1","floor":18},{"not_picked":["Scrape+1","True Grit","hubris:SlightOfHand"],"picked":"Havoc","floor":21},{"not_picked":["Sweeping Beam+1","EmptyFist+1","Flying Knee+1"],"picked":"CutThroughFate+1","floor":23},{"not_picked":["Replay:Many Hands","Hologram","conspire:Charge+1"],"picked":"Flame Barrier","floor":24},{"not_picked":["ReplayTheSpireMod:Strike From Hell+1","ReplayTheSpireMod:GoodbyeWorld+1","Evaluate"],"picked":"conspire:ExplosiveBarrier","floor":25}],"player_experience":2408105,"relics_obtained":[{"floor":7,"key":"Molten Egg 2"},{"floor":9,"key":"Shovel"},{"floor":10,"key":"Gremlin Horn"},{"floor":11,"key":"hubris:GlazedTorus"},{"floor":24,"key":"Boot"},{"floor":26,"key":"conspire:DecoderRing"}],"event_choices":[{"cards_removed":["Decay"],"damage_healed":0,"gold_gain":0,"player_choice":"Purged","damage_taken":0,"max_hp_gain":0,"max_hp_loss":0,"event_name":"Purifier","floor":13,"gold_loss":0},{"damage_healed":0,"gold_gain":99,"player_choice":"Steal","damage_taken":0,"max_hp_gain":0,"max_hp_loss":0,"event_name":"betterThird:BetterNest","floor":22,"gold_loss":0}],"is_beta":false,"boss_relics":[{"not_picked":["Black Star","conspire:SlowCooker"],"picked":"aspiration:PoetsPen_weak"}],"items_purged_floors":[19],"is_endless":true,"potions_floor_spawned":[10,12,16,21],"killed_by":"Snecko","ascension_level":0}}