{"host":"wbdly04l9mkn9nrc","time":1609324628,"event":{"mods":["AchievementEnabler","BaseMod","BetterRewards","Minty Spire (QoL Compilation)","StSLib","[IsaacMod]ÒÔÈö¼âËþ"],"gold_per_floor":[111,111,10,27,41,41,57,57,134,168,240,240,288,303,303,404,404,417,435,215,227,102,136,59,89,89,103,133,133,133,151,151,256,256,275,286,339,339,352,385,311,311,380,412,412,450,480,480,480,480],"floor_reached":51,"playtime":2572,"items_purged":["Strike_G","Defend_G","Strike_G","Defend_G","Strike_G","Writhe","Strike_G"],"score":2065,"play_id":"46c289ff-5476-4059-b711-df7876be4b71","local_time":"20201230183708","is_ascension_mode":true,"campfire_choices":[{"floor":6,"key":"REST"},{"floor":12,"key":"REST"},{"floor":15,"key":"REST"},{"data":"After Image","floor":29,"key":"SMITH"},{"data":"Neutralize","floor":32,"key":"SMITH"},{"data":"Wraith Form v2","floor":42,"key":"SMITH"},{"data":"Accuracy","floor":49,"key":"SMITH"}],"circlet_count":0,"master_deck":["AscendersBane","Defend_G+1","Defend_G","Survivor","Neutralize+1","BettingIsNotGood","Blade Dance+1","Accuracy+1","Dagger Throw+1","Bullet Time+1","Poisoned Stab+1","Infinite Blades+1","Acrobatics+1","Backflip+1","Malaise+1","Cloak And Dagger+1","Quick Slash+1","Blade Dance+1","Wraith Form v2+1","Blur+1","Backflip+1","Cloak And Dagger+1","Calculated Gamble+1","After Image+1","Venomology+1","Storm of Steel+1","Blade Dance+1","Apotheosis+1","Calculated Gamble+1","Finisher+1"],"relics":["Ring of the Snake","HushsDoor","GuppysTail","Vajra","Membership Card","Molten Egg 2","Toxic Egg 2","Habit","Sling","Vajra","Matryoshka","Dream Catcher","MealTicket","DeathBook","Bronze Scales","Empty Cage","BelialBook","PreservedInsect","Singing Bowl","Anchor","Happy Flower","TheBible","Nunchaku","Void","Orichalcum","Nilry\u0027s Codex","Coffee Dripper","Tingsha","Oddly Smooth Stone","SteamSale","Ice Cream","Bag of Preparation","Darkstone Periapt","BookofShadows","Frozen Egg 2","Unceasing Top","HandDrill","PokeGo","Pen Nib","Toy Ornithopter","TheAbacus"],"acts_visited":["Exordium","TheCity","TheBeyond"],"potions_floor_usage":[25,27,33,35,35,44,46],"damage_taken":[{"damage":3.0,"enemies":"Cultist","floor":1.0,"turns":2.0},{"damage":4,"enemies":"Small Slimes","floor":4,"turns":3},{"damage":3,"enemies":"2 Louse","floor":5,"turns":2},{"damage":0,"enemies":"Blue Slaver","floor":7,"turns":2},{"damage":0,"enemies":"Lagavulin","floor":10,"turns":3},{"damage":0,"enemies":"3 Sentries","floor":13,"turns":1},{"damage":0,"enemies":"Exordium Thugs","floor":14,"turns":2},{"damage":7,"enemies":"Hexaghost","floor":16,"turns":6},{"damage":0,"enemies":"Shell Parasite","floor":18,"turns":1},{"damage":0,"enemies":"Chosen","floor":19,"turns":2},{"damage":0,"enemies":"Sentry and Sphere","floor":21,"turns":3},{"damage":0,"enemies":"Gremlin Leader","floor":23,"turns":2},{"damage":0,"enemies":"Slavers","floor":25,"turns":1},{"damage":0,"enemies":"Cultist and Chosen","floor":27,"turns":3},{"damage":0,"enemies":"Book of Stabbing","floor":28,"turns":1},{"damage":0,"enemies":"3 Cultists","floor":31,"turns":4},{"damage":0,"enemies":"Champ","floor":33,"turns":4},{"damage":0,"enemies":"3 Shapes","floor":35,"turns":3},{"damage":3,"enemies":"Orb Walker","floor":36,"turns":2},{"damage":0,"enemies":"2 Orb Walkers","floor":37,"turns":2},{"damage":0,"enemies":"Transient","floor":39,"turns":5},{"damage":0,"enemies":"Nemesis","floor":40,"turns":3},{"damage":0,"enemies":"Giant Head","floor":44,"turns":2},{"damage":0,"enemies":"Spire Growth","floor":46,"turns":4},{"damage":0,"enemies":"Nemesis","floor":47,"turns":3},{"damage":7,"enemies":"Awakened One","floor":50,"turns":6}],"seed_played":"2928030545006494304","potions_obtained":[{"floor":5,"key":"Weak Potion"},{"floor":16,"key":"SkillPotion"},{"floor":23,"key":"SteroidPotion"},{"floor":28,"key":"AttackPotion"},{"floor":37,"key":"Explosive Potion"},{"floor":44,"key":"BlessingOfTheForge"},{"floor":46,"key":"FairyPotion"}],"is_trial":false,"path_per_floor":["M","?","$","M","M","R","M","?","T","E","T","R","E","M","R","B",null,"M","M","$","M","$","E","$","E","T","M","E","R","?","M","R","B",null,"M","M","?","?","M","E","$","R","T","E","$","M","E","$","R","B",null],"character_chosen":"THE_SILENT","items_purchased":["Vajra","Blade Dance","Diplopia","Accuracy","Membership Card","Molten Egg 2","Toxic Egg 2","Habit","Dagger Throw+1","Bullet Time+1","Poisoned Stab+1","Sling","Acrobatics+1","Backflip+1","BelialBook","PreservedInsect","After Image","Singing Bowl","Happy Flower","SteamSale","Ice Cream","Bag of Preparation","Apotheosis+1","Calculated Gamble+1","Frozen Egg 2","Unceasing Top","HandDrill","Pen Nib","Toy Ornithopter","TheAbacus"],"campfire_rested":3,"item_purchase_floors":[0,0,0,0,0,0,0,0,0,0,0,0,3,3,17,20,20,22,24,41,41,41,41,41,45,45,45,48,48,48],"current_hp_per_floor":[18,18,18,14,11,32,32,18,18,18,18,39,39,39,60,53,58,58,58,60,60,60,62,62,62,62,64,66,66,50,52,52,52,64,66,65,65,72,74,76,76,76,76,78,78,80,80,80,80,80],"gold":480,"neow_bonus":"","is_daily":false,"chose_seed":false,"campfire_upgraded":4,"win_rate":0.0,"timestamp":1609324628,"path_taken":["M","?","$","M","M","R","M","?","T","E","?","R","E","?","R","BOSS","M","M","$","M","$","E","$","E","T","M","E","R","?","M","R","BOSS","M","M","?","?","M","E","?","R","T","E","$","M","E","$","R","BOSS"],"items_purchased_type":["Relic","Card","Relic","Card","Relic","Relic","Relic","Relic","Card","Card","Card","Relic","Card","Card","Relic","Relic","Card","Relic","Relic","Relic","Relic","Relic","Card","Card","Relic","Relic","Relic","Relic","Relic","Relic"],"build_version":"2020-12-22","purchased_purges":7,"victory":true,"max_hp_per_floor":[70,70,70,70,70,70,70,70,70,70,70,70,70,70,70,70,60,60,60,60,60,60,62,62,62,62,64,66,66,66,68,68,68,68,70,72,72,72,74,76,76,76,76,78,78,80,80,80,80,80],"card_choices":[{"not_picked":[],"picked":"BettingIsNotGood","floor":0.0},{"not_picked":["Sucker Punch+1","Crippling Poison+1"],"picked":"Infinite Blades","floor":1.0},{"not_picked":["PiercingWail+1","Outmaneuver+1"],"picked":"Malaise+1","floor":4},{"not_picked":["Sucker Punch+1","Acrobatics+1"],"picked":"Cloak And Dagger+1","floor":5},{"not_picked":["PiercingWail+1","Leg Sweep+1"],"picked":"Quick Slash+1","floor":7},{"not_picked":["Noxious Fumes","Bane+1","Leg Sweep+1"],"picked":"SKIP","floor":10},{"not_picked":["Dagger Spray+1","Tactician+1"],"picked":"Blade Dance+1","floor":12},{"not_picked":["Dodge and Roll+1","Deflect+1"],"picked":"Wraith Form v2","floor":13},{"not_picked":["Bane+1","Flying Knee+1"],"picked":"Blur+1","floor":14},{"not_picked":["Deflect+1","PiercingWail+1"],"picked":"Backflip+1","floor":15},{"not_picked":["Bane+1","Blade Dance+1"],"picked":"Cloak And Dagger+1","floor":18},{"not_picked":["Flying Knee+1","Backflip+1"],"picked":"Calculated Gamble+1","floor":19},{"not_picked":["Dodge and Roll+1","Poisoned Stab+1","Dagger Throw+1"],"picked":"SKIP","floor":21},{"not_picked":["Dagger Spray+1","Infinite Blades","Acrobatics+1"],"picked":"Singing Bowl","floor":23},{"not_picked":["Backflip+1","Predator+1"],"picked":"Venomology+1","floor":25},{"not_picked":["Outmaneuver+1","Acrobatics+1","Bane+1"],"picked":"Singing Bowl","floor":27},{"not_picked":["Skewer+1","PiercingWail+1","Reflex+1"],"picked":"Singing Bowl","floor":28},{"not_picked":["Leg Sweep+1","Caltrops","Sucker Punch+1"],"picked":"Singing Bowl","floor":31},{"not_picked":["Corpse Explosion+1","Unload+1"],"picked":"Storm of Steel+1","floor":33},{"not_picked":["Backflip+1","Heel Hook+1","Dodge and Roll+1"],"picked":"Singing Bowl","floor":35},{"not_picked":["PiercingWail+1","All Out Attack+1","Caltrops+1"],"picked":"Singing Bowl","floor":36},{"not_picked":["Tactician+1","Outmaneuver+1"],"picked":"Blade Dance+1","floor":37},{"not_picked":["PiercingWail+1","Flechettes+1","Underhanded Strike+1"],"picked":"Singing Bowl","floor":39},{"not_picked":["Outmaneuver+1","Flechettes+1","Bouncing Flask+1"],"picked":"Singing Bowl","floor":40},{"not_picked":["Heel Hook+1","Flying Knee+1","Cloak And Dagger+1"],"picked":"Singing Bowl","floor":44},{"not_picked":["Dodge and Roll+1","Skewer+1","Backflip+1"],"picked":"Singing Bowl","floor":46},{"not_picked":["Poisoned Stab+1","Terror+1"],"picked":"Finisher+1","floor":47}],"player_experience":163262,"relics_obtained":[{"floor":9,"key":"Matryoshka"},{"floor":10,"key":"Dream Catcher"},{"floor":11,"key":"MealTicket"},{"floor":11,"key":"DeathBook"},{"floor":13,"key":"Bronze Scales"},{"floor":23,"key":"Anchor"},{"floor":25,"key":"TheBible"},{"floor":26,"key":"Nunchaku"},{"floor":26,"key":"Void"},{"floor":28,"key":"Orichalcum"},{"floor":30,"key":"Nilry\u0027s Codex"},{"floor":37,"key":"Tingsha"},{"floor":40,"key":"Oddly Smooth Stone"},{"floor":43,"key":"Darkstone Periapt"},{"floor":44,"key":"BookofShadows"},{"floor":47,"key":"PokeGo"}],"event_choices":[{"damage_healed":0,"gold_gain":0,"player_choice":"Upgraded","damage_taken":0,"max_hp_gain":0,"max_hp_loss":0,"event_name":"Upgrade Shrine","floor":2,"gold_loss":0,"cards_upgraded":["Infinite Blades"]},{"damage_healed":0,"gold_gain":0,"player_choice":"Entered Light","damage_taken":14,"max_hp_gain":0,"max_hp_loss":0,"event_name":"Shining Light","floor":8,"gold_loss":0,"cards_upgraded":["Blade Dance","Defend_G"]},{"damage_healed":0,"gold_gain":0,"player_choice":"Obtained Book","damage_taken":16,"max_hp_gain":0,"max_hp_loss":0,"event_name":"Cursed Tome","floor":30,"gold_loss":0},{"damage_healed":0,"gold_gain":0,"player_choice":"Fight","damage_taken":0,"max_hp_gain":0,"max_hp_loss":0,"event_name":"Mysterious Sphere","floor":37,"gold_loss":0},{"damage_healed":18,"gold_gain":0,"player_choice":"Writhe","damage_taken":0,"max_hp_gain":0,"max_hp_loss":0,"event_name":"Winding Halls","floor":38,"gold_loss":0,"cards_obtained":["Writhe"]}],"is_beta":false,"boss_relics":[{"not_picked":["Snecko Eye","SacredBark"],"picked":"Empty Cage"},{"not_picked":[]},{"not_picked":["HoveringKite","Sozu"],"picked":"Coffee Dripper"},{"not_picked":[]}],"items_purged_floors":[0,0,3,20,41,45,48],"is_endless":false,"potions_floor_spawned":[5,16,21,23,28,31,37,40,44,46],"ascension_level":12}}