{"host":"vddkjx04kiwje1tk","time":1609332568,"event":{"mods":["AchievementEnabler","BaseMod","Colored Map","Minty Spire (QoL Compilation)","Quick Restart","SuperFastMode"],"gold_per_floor":[118,118,133,58,8,43,43,76,102,112,128,128,39,52,52,147,147,158,176,194,208,158,192,192,220,232,244,51,65,65,83,83,205,205,216,234,110,128,138,138,138],"floor_reached":40,"playtime":1630,"items_purged":["Strike_B","Strike_B","Dualcast","Strike_B","Defend_B"],"score":618,"play_id":"e814f8bf-13c1-4f7c-99c3-ed5887662a62","local_time":"20201230214928","is_ascension_mode":true,"campfire_choices":[{"floor":12,"key":"REST"},{"floor":15,"key":"REST"},{"floor":24,"key":"REST"},{"data":"Blizzard","floor":27,"key":"SMITH"},{"floor":32,"key":"REST"}],"circlet_count":0,"master_deck":["Strike_B","Defend_B","Zap","Cold Snap","Genetic Algorithm","Echo Form","Blizzard+1","Glacier","Buffer","Coolheaded","Skim"],"relics":["Cracked Core","NeowsBlessing","Smiling Mask","Omamori","Busted Crown","Letter Opener","MawBank","Gambling Chip","Tiny Chest","Nloth\u0027s Gift","Calling Bell","Toy Ornithopter","InkBottle","Emotion Chip"],"acts_visited":["Exordium","TheCity","TheBeyond"],"potions_floor_usage":[14,16,33,40,40],"damage_taken":[{"damage":0,"enemies":"Small Slimes","floor":1,"turns":1},{"damage":0,"enemies":"Cultist","floor":3,"turns":1},{"damage":0,"enemies":"3 Sentries","floor":6,"turns":1},{"damage":58,"enemies":"Lagavulin","floor":8,"turns":7},{"damage":10,"enemies":"2 Louse","floor":10,"turns":3},{"damage":0,"enemies":"Large Slime","floor":11,"turns":5},{"damage":24,"enemies":"Gremlin Gang","floor":14,"turns":4},{"damage":0,"enemies":"Slime Boss","floor":16,"turns":9},{"damage":0,"enemies":"Spheric Guardian","floor":18,"turns":4},{"damage":2,"enemies":"Shell Parasite","floor":19,"turns":7},{"damage":14,"enemies":"Sentry and Sphere","floor":20,"turns":8},{"damage":16,"enemies":"Chosen and Byrds","floor":21,"turns":8},{"damage":9,"enemies":"Book of Stabbing","floor":23,"turns":10},{"damage":24,"enemies":"Gremlin Leader","floor":25,"turns":7},{"damage":0,"enemies":"Snecko","floor":29,"turns":4},{"damage":11,"enemies":"Sentry and Sphere","floor":31,"turns":6},{"damage":23,"enemies":"Automaton","floor":33,"turns":11},{"damage":0,"enemies":"Orb Walker","floor":35,"turns":5},{"damage":0,"enemies":"3 Darklings","floor":36,"turns":5},{"damage":0,"enemies":"Maw","floor":38,"turns":8},{"damage":18,"enemies":"4 Shapes","floor":39,"turns":6},{"damage":63,"enemies":"Nemesis","floor":40,"turns":14}],"seed_played":"9204806119806935394","potions_obtained":[{"floor":1,"key":"Ancient Potion"},{"floor":3,"key":"SpeedPotion"},{"floor":14,"key":"FocusPotion"},{"floor":18,"key":"ColorlessPotion"},{"floor":25,"key":"SkillPotion"},{"floor":35,"key":"Dexterity Potion"}],"is_trial":false,"path_per_floor":["M","?","M","$","?","E","?","E","T","M","M","R","$","M","R","B",null,"M","M","M","M","$","E","R","E","T","R","$","M","?","M","R","B",null,"M","M","$","M","M","E"],"character_chosen":"DEFECT","items_purchased":["Blizzard","Tiny Chest","Skim"],"campfire_rested":4,"item_purchase_floors":[13,28,37],"current_hp_per_floor":[75,75,75,75,75,75,75,17,17,7,7,29,29,5,27,27,75,75,73,59,43,43,34,56,32,32,32,32,32,32,21,43,20,75,75,75,75,75,57,4,4],"gold":138,"neow_bonus":"THREE_ENEMY_KILL","is_daily":false,"chose_seed":false,"campfire_upgraded":1,"win_rate":0.0,"timestamp":1609332568,"path_taken":["M","?","?","$","?","E","?","E","T","?","M","R","?","M","R","BOSS","M","M","M","M","$","E","R","E","T","R","$","M","?","?","R","BOSS","M","M","$","M","M","E"],"items_purchased_type":["Card","Relic","Card"],"build_version":"2020-12-22","purchased_purges":5,"victory":false,"max_hp_per_floor":[75,75,75,75,75,75,75,75,75,75,75,75,75,75,75,75,75,75,75,75,75,75,75,75,75,75,75,75,75,75,75,75,75,75,75,75,75,75,75,75,75],"card_choices":[{"not_picked":["Chaos","FTL","Auto Shields"],"picked":"SKIP","floor":1},{"not_picked":["Turbo","Streamline"],"picked":"Chill","floor":3},{"not_picked":["Barrage","BootSequence"],"picked":"Genetic Algorithm","floor":6},{"not_picked":["Gash","Ball Lightning"],"picked":"Echo Form","floor":8},{"not_picked":["Leap","Turbo","Chill"],"picked":"SKIP","floor":10},{"not_picked":["Turbo","Coolheaded","Steam"],"picked":"SKIP","floor":11},{"not_picked":["Compile Driver","Blizzard"],"picked":"Glacier","floor":14},{"not_picked":["Rainbow","Electrodynamics"],"picked":"Buffer","floor":16},{"not_picked":["Steam"],"picked":"SKIP","floor":18},{"not_picked":["Leap+1"],"picked":"SKIP","floor":19},{"not_picked":[],"picked":"Coolheaded","floor":20},{"not_picked":["Gash"],"picked":"SKIP","floor":21},{"not_picked":["Fusion+1"],"picked":"SKIP","floor":23},{"not_picked":["Sweeping Beam"],"picked":"SKIP","floor":25},{"not_picked":["Static Discharge+1"],"picked":"SKIP","floor":29},{"not_picked":["Stack"],"picked":"SKIP","floor":31},{"not_picked":["Conserve Battery"],"picked":"SKIP","floor":35},{"not_picked":["Cold Snap"],"picked":"SKIP","floor":36},{"not_picked":["Chill"],"picked":"SKIP","floor":38},{"not_picked":["Sweeping Beam"],"picked":"SKIP","floor":39}],"player_experience":230496,"relics_obtained":[{"floor":6,"key":"Smiling Mask"},{"floor":8,"key":"Omamori"},{"floor":9,"key":"Lantern"},{"floor":23,"key":"Letter Opener"},{"floor":25,"key":"MawBank"},{"floor":26,"key":"Gambling Chip"},{"floor":34,"key":"Toy Ornithopter"},{"floor":34,"key":"InkBottle"},{"floor":34,"key":"Emotion Chip"}],"event_choices":[{"damage_healed":0,"gold_gain":0,"cards_transformed":["Defend_B"],"player_choice":"Transformed","damage_taken":0,"max_hp_gain":0,"max_hp_loss":0,"event_name":"Transmorgrifier","floor":2,"gold_loss":0,"cards_obtained":["Cold Snap"]},{"cards_removed":["Defend_B"],"damage_healed":0,"gold_gain":0,"player_choice":"Card Removal","damage_taken":0,"max_hp_gain":0,"max_hp_loss":0,"event_name":"The Cleric","floor":5,"gold_loss":50},{"cards_removed":["Chill"],"damage_healed":0,"gold_gain":0,"player_choice":"Offered Uncommon","damage_taken":0,"max_hp_gain":0,"max_hp_loss":0,"event_name":"Bonfire Elementals","floor":7,"gold_loss":0},{"damage_healed":0,"gold_gain":0,"player_choice":"Traded Relic","damage_taken":0,"relics_obtained":["Nloth\u0027s Gift"],"max_hp_gain":0,"max_hp_loss":0,"event_name":"N\u0027loth","floor":30,"relics_lost":["Lantern"],"gold_loss":0}],"is_beta":false,"boss_relics":[{"not_picked":["Black Star","SacredBark"],"picked":"Busted Crown"},{"not_picked":["Runic Dome","Fusion Hammer"],"picked":"Calling Bell"}],"items_purged_floors":[4,13,22,28,37],"is_endless":false,"potions_floor_spawned":[1,3,14,18,25,29,35,36,39],"killed_by":"Nemesis","ascension_level":4}}