{"host":"8fjsnt81u6xsmhji","time":1609305219,"event":{"mods":["BaseMod","Beaked The Cultist","Colored Powertips","Downfall","Glutton Mod","Hermit","Minty Spire (QoL Compilation)","Quick Restart","StSLib","The Bug Knight","The Forsaken","The Hierophant"],"gold_per_floor":[11,22,40,59,9,27,27,27,27,27,39,57,112,124,124,222,222,242,228,143,154,154,154,154],"floor_reached":23,"playtime":947,"items_purged":[],"score":231,"play_id":"6444c9a0-7b34-4785-a45d-4a7b5eb085a7","local_time":"20201229231339","is_ascension_mode":true,"campfire_choices":[{"floor":7,"key":"REST"},{"floor":15,"key":"REST"}],"circlet_count":0,"master_deck":["Defend_B","Defend_B","Defend_B","Defend_B","Zap","Dualcast","Go for the Eyes","Streamline","Gash","Conserve Battery","Melter","Scrape","Glacier","Darkness","Gash","Echo Form","Conserve Battery","Go for the Eyes+1","Bite","Bite","Bite","Bite","Bite"],"relics":["Cracked Core","theForsaken:Kindling","Unceasing Top","Thread and Needle","Darkstone Periapt"],"acts_visited":["Exordium","TheCity"],"potions_floor_usage":[13,18,21,23],"damage_taken":[{"damage":3,"enemies":"2 Louse","floor":1,"turns":2},{"damage":8,"enemies":"Jaw Worm","floor":2,"turns":4},{"damage":0,"enemies":"Small Slimes","floor":3,"turns":2},{"damage":0,"enemies":"Exordium Thugs","floor":4,"turns":5},{"damage":6,"enemies":"Looter","floor":6,"turns":3},{"damage":9,"enemies":"Blue Slaver","floor":11,"turns":3},{"damage":6,"enemies":"2 Fungi Beasts","floor":12,"turns":3},{"damage":19,"enemies":"3 Sentries","floor":13,"turns":6},{"damage":0,"enemies":"Exordium Wildlife","floor":14,"turns":3},{"damage":33,"enemies":"The Guardian","floor":16,"turns":10},{"damage":14,"enemies":"Shell Parasite","floor":18,"turns":5},{"damage":17,"enemies":"2 Thieves","floor":19,"turns":4},{"damage":31,"enemies":"Snake Plant","floor":21,"turns":4},{"damage":23,"enemies":"Slavers","floor":23,"turns":2}],"seed_played":"4623322531684320403","potions_obtained":[{"floor":3,"key":"hexamod:EctoCoolerPotion"},{"floor":11,"key":"SpeedPotion"},{"floor":14,"key":"Energy Potion"},{"floor":16,"key":"CultistPotion"},{"floor":19,"key":"champ:CounterPotion"},{"floor":21,"key":"GamblersBrew"}],"is_trial":false,"path_per_floor":["M","M","M","M","?","M","R","?","T","$","M","M","?","M","R","B",null,"M","M","?","M","?","E"],"character_chosen":"DEFECT","items_purchased":[],"campfire_rested":2,"item_purchase_floors":[],"current_hp_per_floor":[72,64,64,64,64,58,80,80,80,80,71,65,46,46,75,42,85,71,54,54,23,23,0,0],"gold":154,"neow_bonus":"ONE_RARE_RELIC","is_daily":false,"chose_seed":false,"campfire_upgraded":0,"win_rate":0.0,"timestamp":1609305219,"path_taken":["M","M","M","M","?","M","R","?","T","?","M","M","?","M","R","BOSS","M","M","?","M","?","E"],"items_purchased_type":[],"build_version":"2020-12-22","purchased_purges":0,"victory":false,"max_hp_per_floor":[75,75,75,75,75,75,80,80,80,80,80,80,80,80,85,85,85,85,85,85,85,59,59,59],"card_choices":[{"not_picked":["Coolheaded","Leap"],"picked":"Go for the Eyes","floor":1},{"not_picked":["Steam","Rebound"],"picked":"Streamline","floor":2},{"not_picked":["Stack","Auto Shields"],"picked":"Gash","floor":3},{"not_picked":["Leap","Redo"],"picked":"Conserve Battery","floor":4},{"not_picked":["Redo","Recycle"],"picked":"Melter","floor":6},{"not_picked":["Compile Driver","Cold Snap"],"picked":"Scrape","floor":11},{"not_picked":["Undo","Double Energy"],"picked":"Glacier","floor":12},{"not_picked":["Recycle","Thunder Strike"],"picked":"Darkness","floor":13},{"not_picked":["Steam","Reprogram"],"picked":"Gash","floor":14},{"not_picked":["Machine Learning","Rainbow"],"picked":"Echo Form","floor":16},{"not_picked":["Ball Lightning+1","Redo"],"picked":"Conserve Battery","floor":18},{"not_picked":["Sweeping Beam","Compile Driver","Ball Lightning"],"picked":"SKIP","floor":19},{"not_picked":["Ball Lightning","Defragment"],"picked":"Go for the Eyes+1","floor":21}],"player_experience":618628,"relics_obtained":[{"floor":9,"key":"Unceasing Top"},{"floor":13,"key":"Thread and Needle"}],"event_choices":[{"cards_removed":["Strike_B"],"damage_healed":0,"gold_gain":0,"player_choice":"Card Removal","damage_taken":0,"max_hp_gain":0,"max_hp_loss":0,"event_name":"The Cleric","floor":5,"gold_loss":50},{"damage_healed":0,"gold_gain":0,"player_choice":"Ignored","damage_taken":0,"max_hp_gain":0,"max_hp_loss":0,"event_name":"Shining Light","floor":8,"gold_loss":0},{"damage_healed":0,"gold_gain":30,"player_choice":"Searched \u00273\u0027 times","damage_taken":0,"max_hp_gain":0,"max_hp_loss":0,"event_name":"Dead Adventurer","floor":13,"gold_loss":0},{"damage_healed":0,"gold_gain":0,"player_choice":"Obtained Relic","damage_taken":0,"relics_obtained":["Darkstone Periapt"],"max_hp_gain":0,"max_hp_loss":0,"event_name":"Addict","floor":20,"gold_loss":85},{"damage_healed":0,"gold_gain":0,"player_choice":"Became a vampire","damage_taken":0,"max_hp_gain":0,"max_hp_loss":26,"event_name":"Vampires","floor":22,"gold_loss":0,"cards_obtained":["Bite","Bite","Bite","Bite","Bite"]}],"is_beta":false,"boss_relics":[{"not_picked":["Snecko Eye","Runic Dome","Velvet Choker"]}],"items_purged_floors":[],"is_endless":false,"potions_floor_spawned":[3,11,14,16,19,21],"killed_by":"Slavers","ascension_level":2}}