{"host":"1z2w61dzjw3mdsmh","time":1609354148,"event":{"mods":["BaseMod","Downfall","Minty Spire (QoL Compilation)","StSLib"],"gold_per_floor":[99,99,99,99,99,119,119,134,153,153,164,0,20,5,15,117,117,117,117,117,117,117,117,117,117,117,117,32,32,32,32,32,32,32,32,32,32,32,32,32,32,32,32,32,32],"floor_reached":43,"playtime":3259,"items_purged":[],"score":466,"play_id":"de46f1ce-ed29-4f37-bc36-343061168f81","local_time":"20201230194908","is_ascension_mode":false,"campfire_choices":[{"data":"Slimebound:CorrosiveSpit","floor":1,"key":"SMITH"},{"data":"Slimebound:SlimeSlap","floor":18,"key":"SMITH"},{"data":"Slimebound:PrepareCrush","floor":35,"key":"SMITH"}],"circlet_count":0,"master_deck":["Slimebound:Strike_Slimebound","Slimebound:Strike_Slimebound","Slimebound:Strike_Slimebound","Slimebound:Tackle","Slimebound:Defend_Slimebound","Slimebound:Defend_Slimebound","Slimebound:Split","Slimebound:CorrosiveSpit+1","Slimebound:OneTwoCombo","Slimebound:SpikyOuterGoop","Slimebound:MegaLick","Slimebound:OozeBath","Slimebound:SlimeBarrage","Slimebound:RainOfGoop","Slimebound:LeechEnergy","Slimebound:Nibble","Slimebound:RejuvenatingLick","Slimebound:PressTheAttack","Slimebound:SplitLeeching","Slimebound:SplitMire","Slimebound:SlimeSlap+1","Slimebound:SlimeBrawl+1","Slimebound:GoopTackle+1","Slimebound:RollThrough+1","Slimebound:MassRepurpose","Slimebound:SlimeSlap","Slimebound:SplitBruiser+1","Slimebound:Schlurp","Slimebound:ComboTackle","Slimebound:LeadByExample","Slimebound:LevelUp","Slimebound:LeadByExample+1","Slimebound:SlimeTap","Slimebound:SlimeTap","Slimebound:Grow+1","Slimebound:PrepareCrush+1","Slimebound:LeechEnergy+1","Slimebound:SplitBruiser+1","Slimebound:Replication","Slimebound:FirmFortitude+1","Slimebound:OozeBath"],"relics":["Slimebound:AbsorbEndCombat","downfall:HeartsMalice","HornCleat","Letter Opener","Boot","downfall:Hecktoplasm","Anchor","Vajra","downfall:CloakOfManyFaces","CultistMask","FaceOfCleric","NlothsMask","GremlinMask","SsserpentHead","StoneCalendar","SlaversCollar"],"acts_visited":["Exordium","TheCity","TheBeyond"],"potions_floor_usage":[14,16,16,29,31,40,43],"damage_taken":[{"damage":0,"enemies":"2 Louse","floor":3,"turns":1},{"damage":0,"enemies":"Cultist","floor":4,"turns":1},{"damage":0,"enemies":"Small Slimes","floor":5,"turns":1},{"damage":23,"enemies":"Exordium Thugs","floor":6,"turns":4},{"damage":22,"enemies":"Large Slime","floor":8,"turns":5},{"damage":4,"enemies":"2 Fungi Beasts","floor":9,"turns":2},{"damage":9,"enemies":"Exordium Thugs","floor":11,"turns":4},{"damage":4,"enemies":"downfall:FleeingMerchant","floor":12,"turns":4},{"damage":7,"enemies":"Large Slime","floor":13,"turns":4},{"damage":8,"enemies":"downfall:FleeingMerchant","floor":14,"turns":4},{"damage":11,"enemies":"2 Fungi Beasts","floor":15,"turns":2},{"damage":39,"enemies":"downfall:Ironclad","floor":16,"turns":6},{"damage":12,"enemies":"Shell Parasite","floor":19,"turns":3},{"damage":8,"enemies":"Spheric Guardian","floor":20,"turns":2},{"damage":27,"enemies":"Snake Plant","floor":21,"turns":3},{"damage":39,"enemies":"Chosen and Byrds","floor":22,"turns":5},{"damage":22,"enemies":"Gremlin Leader","floor":23,"turns":5},{"damage":12,"enemies":"downfall:FaceTrader","floor":25,"turns":3},{"damage":19,"enemies":"3 Cultists","floor":26,"turns":4},{"damage":13,"enemies":"Snake Plant","floor":27,"turns":3},{"damage":12,"enemies":"downfall:FleeingMerchant","floor":28,"turns":4},{"damage":22,"enemies":"Centurion and Healer","floor":29,"turns":5},{"damage":4,"enemies":"downfall:FleeingMerchant","floor":30,"turns":1},{"damage":34,"enemies":"Slavers","floor":31,"turns":4},{"damage":12,"enemies":"Cultist and Chosen","floor":32,"turns":3},{"damage":57,"enemies":"downfall:Silent","floor":33,"turns":6},{"damage":43,"enemies":"3 Darklings","floor":36,"turns":4},{"damage":4,"enemies":"3 Shapes","floor":37,"turns":3},{"damage":23,"enemies":"Transient","floor":39,"turns":5},{"damage":45,"enemies":"Maw","floor":40,"turns":6},{"damage":43,"enemies":"Reptomancer","floor":43,"turns":2}],"seed_played":"7131772441752077447","potions_obtained":[{"floor":6,"key":"SpeedPotion"},{"floor":9,"key":"SkillPotion"},{"floor":13,"key":"LiquidBronze"},{"floor":15,"key":"SpeedPotion"},{"floor":19,"key":"EssenceOfSteel"},{"floor":20,"key":"Strength Potion"},{"floor":23,"key":"Strength Potion"},{"floor":26,"key":"SkillPotion"},{"floor":29,"key":"Weak Potion"},{"floor":39,"key":"Fire Potion"}],"is_trial":false,"path_per_floor":["R","?","M","M","M","M","T","M","M","T","M","$","M","$","M","B",null,"R","M","M","M","M","E","T","?","M","M","$","M","$","E","M","B",null,"R","M","M","?","M","M","T","$","E"],"character_chosen":"SLIMEBOUND","items_purchased":["Boot","Slimebound:LevelUp"],"campfire_rested":0,"item_purchase_floors":[12,28],"current_hp_per_floor":[60,60,60,60,60,49,49,37,41,41,44,54,57,60,59,45,60,60,60,60,53,40,52,52,60,56,62,63,56,57,52,67,49,68,68,42,51,51,61,41,41,41,0,0,0],"gold":32,"neow_bonus":"THREE_ENEMY_KILL","is_daily":false,"chose_seed":false,"campfire_upgraded":3,"win_rate":0.0,"timestamp":1609354148,"path_taken":["R","?","?","M","M","M","T","M","M","?","M","$","M","?","M","BOSS","R","M","M","M","M","E","T","?","M","M","$","?","$","E","M","BOSS","R","M","M","?","M","M","T","?","E"],"items_purchased_type":["Relic","Card"],"build_version":"2020-12-22","purchased_purges":0,"victory":false,"max_hp_per_floor":[60,60,60,60,60,60,60,60,60,60,60,60,60,60,60,60,60,60,60,60,60,60,60,60,60,61,62,63,64,65,66,67,68,68,68,69,70,70,71,72,72,72,72,72,72],"card_choices":[{"not_picked":["Slimebound:ComboTackle","Slimebound:LeechingTouch"],"picked":"Slimebound:SpikyOuterGoop","floor":3},{"not_picked":["Slimebound:FinishingTackle","Slimebound:PressTheAttack"],"picked":"Slimebound:MegaLick","floor":4},{"not_picked":["Slimebound:LeechEnergy","Slimebound:SplitMire"],"picked":"Slimebound:OozeBath","floor":5},{"not_picked":["Slimebound:SplitAcid","Slimebound:ComboTackle"],"picked":"Slimebound:SlimeBarrage","floor":6},{"not_picked":["Slimebound:ViciousTackle","Slimebound:Schlurp"],"picked":"Slimebound:RainOfGoop","floor":8},{"not_picked":["Slimebound:GoopSpray","Slimebound:FlameTackle"],"picked":"Slimebound:LeechEnergy","floor":9},{"not_picked":["Slimebound:RejuvenatingLick","Slimebound:SelfFormingGoo"],"picked":"Slimebound:Nibble","floor":11},{"not_picked":["Slimebound:GrowthPunch","Slimebound:PressTheAttack"],"picked":"Slimebound:RejuvenatingLick","floor":12},{"not_picked":["Slimebound:Dissolve","Slimebound:LeechingTouch"],"picked":"Slimebound:PressTheAttack","floor":13},{"not_picked":["Slimebound:GrowthPunch","Slimebound:SplitMire"],"picked":"Slimebound:SplitLeeching","floor":14},{"not_picked":["Slimebound:LivingWall","Slimebound:TongueLash"],"picked":"Slimebound:SplitMire","floor":15},{"not_picked":["Slimebound:MinionMaster","Slimebound:DuplicatedForm"],"picked":"Slimebound:SlimeSlap","floor":16},{"not_picked":["Slimebound:ViciousTackle","Slimebound:MegaLick"],"picked":"Slimebound:SlimeBrawl+1","floor":19},{"not_picked":["Slimebound:LeechingTouch+1","Slimebound:SlimeSpikes"],"picked":"Slimebound:GoopTackle+1","floor":20},{"not_picked":["Slimebound:ViciousTackle","Slimebound:SlimeSpikes+1"],"picked":"Slimebound:RollThrough+1","floor":21},{"not_picked":["Slimebound:SamplingLick","Slimebound:ViciousTackle+1"],"picked":"Slimebound:MassRepurpose","floor":22},{"not_picked":["Slimebound:SplitAcid","Slimebound:RollThrough"],"picked":"Slimebound:SlimeSlap","floor":23},{"not_picked":["Slimebound:ComboTackle","Slimebound:ViciousTackle"],"picked":"Slimebound:SplitBruiser+1","floor":25},{"not_picked":["Slimebound:SamplingLick","Slimebound:HauntingLick"],"picked":"Slimebound:Schlurp","floor":26},{"not_picked":["Slimebound:LeechEnergy","Slimebound:RollThrough+1"],"picked":"Slimebound:ComboTackle","floor":27},{"not_picked":["Slimebound:SplitAcid","Slimebound:ViciousTackle"],"picked":"Slimebound:LeadByExample","floor":28},{"not_picked":["Slimebound:ComboTackle","Slimebound:Schlurp"],"picked":"Slimebound:LeadByExample+1","floor":29},{"not_picked":["Slimebound:SplitLeeching","Slimebound:LevelUp"],"picked":"Slimebound:SlimeTap","floor":30},{"not_picked":["Slimebound:SplitLeeching","Slimebound:Gluttony"],"picked":"Slimebound:SlimeTap","floor":31},{"not_picked":["Slimebound:ForwardTackle","Slimebound:Schlurp+1"],"picked":"Slimebound:Grow+1","floor":32},{"not_picked":["Slimebound:DuplicatedForm","Slimebound:Overexert"],"picked":"Slimebound:PrepareCrush","floor":33},{"not_picked":["Slimebound:LeechingTouch+1","Slimebound:PressTheAttack+1"],"picked":"Slimebound:LeechEnergy+1","floor":36},{"not_picked":["Slimebound:SplitLeeching","Slimebound:FormOfPuddle+1"],"picked":"Slimebound:SplitBruiser+1","floor":37},{"not_picked":["Slimebound:SplitBruiser+1","Slimebound:SplitLeeching"],"picked":"Slimebound:FirmFortitude+1","floor":39},{"not_picked":["Slimebound:Repurpose+1","Slimebound:SamplingLick"],"picked":"Slimebound:OozeBath","floor":40}],"player_experience":58370,"relics_obtained":[{"floor":7,"key":"HornCleat"},{"floor":10,"key":"Letter Opener"},{"floor":23,"key":"Anchor"},{"floor":24,"key":"Vajra"},{"floor":25,"key":"downfall:CloakOfManyFaces"},{"floor":31,"key":"StoneCalendar"}],"event_choices":[{"damage_healed":0,"gold_gain":0,"cards_transformed":["Slimebound:Defend_Slimebound"],"player_choice":"Transformed","damage_taken":0,"max_hp_gain":0,"max_hp_loss":0,"event_name":"Transmorgrifier","floor":2,"gold_loss":0,"cards_obtained":["Slimebound:OneTwoCombo"]},{"damage_healed":0,"gold_gain":0,"cards_transformed":["Slimebound:Defend_Slimebound"],"player_choice":"Transformed","damage_taken":0,"max_hp_gain":0,"max_hp_loss":0,"event_name":"Transmorgrifier","floor":38,"gold_loss":0,"cards_obtained":["Slimebound:Replication"]}],"is_beta":false,"boss_relics":[{"not_picked":["SacredBark","Calling Bell"],"picked":"downfall:Hecktoplasm"},{"not_picked":["Busted Crown","Sozu"],"picked":"SlaversCollar"}],"items_purged_floors":[],"is_endless":false,"potions_floor_spawned":[6,9,13,15,19,20,23,26,29,39],"killed_by":"Reptomancer","ascension_level":0}}