{"host":"i0avyit1s6jb1siw","time":1609347487,"event":{"mods":["BaseMod","DeckTracker","Dota2Spire","Highlight Path","Minty Spire (QoL Compilation)","Quick Restart","Replay The Spire","StSLib","SuperFastMode"],"gold_per_floor":[10,10,10,35,56,70,70,90,90,133,156,156,156,177,177,279,279,303,303,321,344,344,344],"floor_reached":22,"playtime":574,"items_purged":[],"score":384,"play_id":"9a8eac38-0e8d-429c-ba7c-08707377bd7d","local_time":"20201230175807","is_ascension_mode":true,"campfire_choices":[{"data":"Neutralize","floor":7.0,"key":"SMITH"},{"floor":15.0,"key":"REST"}],"circlet_count":0,"master_deck":["Strike_G","Strike_G","Strike_G","Strike_G","Strike_G","Defend_G","Defend_G","Defend_G","Defend_G","Defend_G","Survivor","Neutralize+1","Blade Dance","Dagger Spray","Backflip","Noxious Fumes+1","Caltrops","Adrenaline","PiercingWail","Deflect"],"relics":["Ring of the Snake","Replay:Kaleidoscope","Golden Idol","Kunai","CeramicFish","ChewingGum"],"acts_visited":["Exordium","TheCity"],"potions_floor_usage":[],"damage_taken":[{"damage":3.0,"enemies":"Cultist","floor":1.0,"turns":5.0},{"damage":0.0,"enemies":"Small Slimes","floor":4.0,"turns":4.0},{"damage":0.0,"enemies":"Jaw Worm","floor":5.0,"turns":3.0},{"damage":0.0,"enemies":"3 Louse","floor":6.0,"turns":3.0},{"damage":17.0,"enemies":"Red Slaver","floor":8.0,"turns":5.0},{"damage":33.0,"enemies":"3 Sentries","floor":10.0,"turns":8.0},{"damage":0.0,"enemies":"Lots of Slimes","floor":11.0,"turns":1.0},{"damage":0.0,"enemies":"2 Fungi Beasts","floor":12.0,"turns":1.0},{"damage":3.0,"enemies":"Large Slime","floor":14.0,"turns":7.0},{"damage":9.0,"enemies":"The Guardian","floor":16.0,"turns":10.0},{"damage":16.0,"enemies":"Shell Parasite","floor":18.0,"turns":6.0},{"damage":5.0,"enemies":"Spheric Guardian","floor":20.0,"turns":4.0},{"damage":16.0,"enemies":"3 Cultists","floor":21.0,"turns":5.0},{"damage":12,"enemies":"Cultist and Chosen","floor":22,"turns":5}],"seed_played":"2244925168010714543","potions_obtained":[{"floor":5.0,"key":"SpeedPotion"},{"floor":6.0,"key":"SmokeBomb"},{"floor":10.0,"key":"Toxic Potion"},{"floor":14.0,"key":"FearPotion"},{"floor":18.0,"key":"SteroidPotion"},{"floor":20.0,"key":"Dota2Spire:Clarity"}],"is_trial":false,"path_per_floor":["M","?","?","M","M","M","R","M","T","E","M","M","?","M","R","B",null,"M","T","M","M","M"],"character_chosen":"THE_SILENT","items_purchased":[],"campfire_rested":1,"item_purchase_floors":[],"current_hp_per_floor":[56,56,56,56,56,56,56,39,39,6,6,6,6,3,21,12,48,32,32,27,11,0,0],"gold":344,"neow_bonus":"ONE_RARE_RELIC","is_daily":false,"chose_seed":false,"campfire_upgraded":1,"win_rate":0.0,"timestamp":1609347487,"path_taken":["M","?","?","M","M","M","R","M","T","E","M","?","?","M","R","BOSS","M","?","?","M","M"],"items_purchased_type":[],"build_version":"2020-12-22","purchased_purges":0,"victory":false,"max_hp_per_floor":[66,66,60,60,60,60,60,60,60,60,60,60,60,60,60,60,60,60,60,60,60,60,60],"card_choices":[{"not_picked":["Terror","Bane"],"picked":"Blade Dance","floor":1.0},{"not_picked":["Underhanded Strike","Flying Knee"],"picked":"Dagger Spray","floor":4.0},{"not_picked":["Dagger Spray","Sneak Up","Distraction"],"picked":"SKIP","floor":5.0},{"not_picked":["Blade Dance","Calculated Gamble"],"picked":"Backflip","floor":6.0},{"not_picked":["Outmaneuver","Slice"],"picked":"Noxious Fumes","floor":8.0},{"not_picked":["Dodge and Roll","Doppelganger"],"picked":"Caltrops","floor":10.0},{"not_picked":["ReplayTheSpireMod:The Works","Fluid Movement","Quick Slash"],"picked":"SKIP","floor":11.0},{"not_picked":["ReplayTheSpireMod:Scrap Shanks","Skewer","Prepared"],"picked":"SKIP","floor":14.0},{"not_picked":["Tools of the Trade","Replay:Bag of Tricks"],"picked":"Adrenaline","floor":16.0},{"not_picked":["Concentrate","Draining Mist"],"picked":"PiercingWail","floor":18.0},{"not_picked":["Flying Knee","Dagger Spray","Outmaneuver"],"picked":"SKIP","floor":20.0},{"not_picked":["Blade Dance","Heel Hook"],"picked":"Deflect","floor":21.0}],"player_experience":2143917,"relics_obtained":[{"floor":9.0,"key":"Kunai"},{"floor":10.0,"key":"CeramicFish"}],"event_choices":[{"damage_healed":0.0,"max_hp_gain":0.0,"max_hp_loss":6.0,"gold_gain":0.0,"event_name":"Golden Idol","player_choice":"Lose Max HP","floor":3.0,"gold_loss":0.0,"damage_taken":0.0,"relics_obtained":["Golden Idol"]},{"damage_healed":0.0,"max_hp_gain":0.0,"max_hp_loss":0.0,"gold_gain":0.0,"event_name":"Upgrade Shrine","player_choice":"Upgraded","floor":13.0,"gold_loss":0.0,"damage_taken":0.0,"cards_upgraded":["Noxious Fumes"]}],"is_beta":false,"boss_relics":[{"not_picked":["ReplayTheSpireMod:DimensionalGlitch","Velvet Choker"],"picked":"ChewingGum"}],"items_purged_floors":[],"is_endless":false,"potions_floor_spawned":[5,6,10,14,18,20],"killed_by":"Cultist and Chosen","ascension_level":20}}