{"host":"krfavdy50n20h8mu","time":1609305463,"event":{"mods":["AchievementEnabler","BaseMod","Colored Map","Colored Powertips","Curses Come First","Downfall","Minty Spire (QoL Compilation)","Relic Stats","StSLib","TestMod","vexMod"],"gold_per_floor":[99,11500,11500,11518,10658,10583,10583,10615,10540,10553,10588,10438,10471,10297,10307,10406,10406,10406,10425,9961,9978,9978,10014,10014,9939,9438,9460,9500,9520,9520,9171,9194,9309,9309,9309,9340,9369,9403,9436,9091,9140,9171,9210,8754,8754,8777,8777,8386,8433,8461],"floor_reached":51,"playtime":3389,"items_purged":["Slimebound:Defend_Slimebound","Slimebound:Strike_Slimebound","Slimebound:Tackle","Slimebound:LeadByExample"],"score":1472,"play_id":"dbe914af-a7ad-489d-9f7f-47c41df812f8","local_time":"20201230131743","is_ascension_mode":true,"campfire_choices":[{"floor":1,"key":"RECALL"},{"data":"Slimebound:CorrosiveSpit","floor":6,"key":"SMITH"},{"data":"expansioncontent:QuickStudy","floor":9,"key":"SMITH"},{"data":"Slimebound:DuplicatedForm","floor":18,"key":"SMITH"},{"data":"Slimebound:MegaLick","floor":25,"key":"SMITH"},{"data":"Slimebound:RejuvenatingLick","floor":35,"key":"SMITH"},{"data":"Slimebound:OneTwoCombo","floor":45,"key":"SMITH"},{"data":"Violence","floor":47,"key":"SMITH"}],"circlet_count":0,"master_deck":["Slimebound:Split+1","Slimebound:CorrosiveSpit+1","Slimebound:MegaLick+1","Slimebound:LeechLife","Slimebound:Overexert+1","expansioncontent:QuickStudy+1","Slimebound:DisruptingSlam","Slimebound:SpikyOuterGoop","Slimebound:SplitSpecialist","Slimebound:SamplingLick","Slimebound:DuplicatedForm+1","Slimebound:RejuvenatingLick+1","Slimebound:Gluttony","Slimebound:ComboTackle","Slimebound:SamplingLick","Slimebound:SplitSpecialist","Slimebound:FinishingTackle","Slimebound:SlimeTap","Slimebound:LeadByExample+1","Slimebound:AcidTongue+1","Slimebound:Nibble+1","Slimebound:PrepareCrush+1","Slimebound:Chomp+1","Slimebound:OneTwoCombo+1","Slimebound:ProtectTheBoss+1","Slimebound:MinionMaster+1","Slimebound:ForwardTackle+1","Slimebound:SlimeBarrage+1","Violence+1","Slimebound:LevelUp+1","Dramatic Entrance","testmod-DisillusionmentEcho+1","Distraction+1"],"relics":["Slimebound:AbsorbEndCombat","testmod-TestBox","testmod-Temperance","Oddly Smooth Stone","testmod-Hope","Membership Card","downfall:HeartBlessingRed","Ornamental Fan","testmod-InjuryResistance","downfall:HeartBlessingGreen","FossilizedHelix","Meat on the Bone","Nunchaku","White Beast Statue","Slimebound:SelfDamagePreventRelic","testmod-DeterminationOfClimber","WingedGreaves","Bronze Scales","vexMod:PaidLearning","Blue Candle","downfall:HeartBlessingBlue","Frozen Egg 2","StrikeDummy","vexMod:Cooldron","testmod-Maize","Boot","testmod-BouquetWithThorns","TheAbacus","testmod-TimeTraveler","Kunai","vexMod:PlasmaPancake","vexMod:MemoryStick","testmod-TurbochargingSystem","Slimebound:MaxSlimesRelic","testmod-Register","testmod-AssaultLearning","Dead Branch","Potion Belt","PrismaticShard"],"acts_visited":["Exordium","TheCity","TheBeyond","TheEnding"],"potions_floor_usage":[5,8,8,8,10,13,14,15,16,16,16,29,31,32,33,33,33,33,33,33,33,42,50,50],"damage_taken":[{"damage":11,"enemies":"Jaw Worm","floor":2,"turns":4},{"damage":4,"enemies":"Small Slimes","floor":4,"turns":3},{"damage":7,"enemies":"downfall:FleeingMerchant","floor":5,"turns":4},{"damage":31,"enemies":"3 Sentries","floor":8,"turns":4},{"damage":4,"enemies":"Cultist","floor":10,"turns":2},{"damage":7,"enemies":"Gremlin Nob","floor":11,"turns":4},{"damage":22,"enemies":"3 Sentries","floor":13,"turns":3},{"damage":2,"enemies":"downfall:FleeingMerchant","floor":14,"turns":2},{"damage":3,"enemies":"Lots of Slimes","floor":15,"turns":2},{"damage":0,"enemies":"downfall:Ironclad","floor":16,"turns":2},{"damage":3,"enemies":"3 Byrds","floor":19,"turns":3},{"damage":7,"enemies":"Spheric Guardian","floor":21,"turns":1},{"damage":14,"enemies":"Slavers","floor":23,"turns":1},{"damage":20,"enemies":"Snecko","floor":27,"turns":1},{"damage":5,"enemies":"Book of Stabbing","floor":28,"turns":1},{"damage":5,"enemies":"3 Cultists","floor":29,"turns":1},{"damage":1,"enemies":"Shelled Parasite and Fungi","floor":32,"turns":1},{"damage":7,"enemies":"downfall:Silent","floor":33,"turns":2},{"damage":1,"enemies":"3 Shapes","floor":36,"turns":1},{"damage":8,"enemies":"Orb Walker","floor":37,"turns":1},{"damage":2,"enemies":"4 Shapes","floor":38,"turns":1},{"damage":6,"enemies":"Writhing Mass","floor":39,"turns":1},{"damage":7,"enemies":"Sphere and 2 Shapes","floor":42,"turns":1},{"damage":7,"enemies":"Maw","floor":43,"turns":1},{"damage":8,"enemies":"Transient","floor":49,"turns":2},{"damage":19,"enemies":"downfall:Watcher","floor":50,"turns":1}],"seed_played":"7148198874222693608","potions_obtained":[{"floor":4,"key":"SteroidPotion"},{"floor":8,"key":"DuplicationPotion"},{"floor":11,"key":"PowerPotion"},{"floor":13,"key":"PowerPotion"},{"floor":15,"key":"Fire Potion"},{"floor":16,"key":"FearPotion"},{"floor":19,"key":"FearPotion"},{"floor":21,"key":"Dexterity Potion"},{"floor":32,"key":"EntropicBrew"},{"floor":33,"key":"EntropicBrew"},{"floor":42,"key":"EntropicBrew"},{"floor":49,"key":"EntropicBrew"}],"is_trial":false,"path_per_floor":["R","M","?","M","$","R","T","E","R","M","E","?","E","$","M","B",null,"R","M","$","M","?","E","T","R","$","M","E","M","?","$","M","B",null,"R","M","M","M","M","$","T","M","M","$","R","T","R","$","M","B",null],"character_chosen":"SLIMEBOUND","items_purchased":["Oddly Smooth Stone","testmod-Hope","Membership Card","Slimebound:Overexert","Strength Potion","Strength Potion","FearPotion","expansioncontent:QuickStudy","Slimebound:DisruptingSlam","Nunchaku","White Beast Statue","Slimebound:SelfDamagePreventRelic","Slimebound:SplitSpecialist","Slimebound:SamplingLick","Block Potion","Block Potion","hexamod:EctoCoolerPotion","WingedGreaves","Bronze Scales","vexMod:PaidLearning","Slimebound:Gluttony","Fire Potion","SkillPotion","Slimebound:ComboTackle","Slimebound:FinishingTackle","Frozen Egg 2","StrikeDummy","vexMod:Cooldron","Slimebound:SlimeTap","Slimebound:LeadByExample+1","Boot","testmod-BouquetWithThorns","TheAbacus","EntropicBrew","Kunai","vexMod:PlasmaPancake","Slimebound:MinionMaster+1","testmod-TurbochargingSystem","Slimebound:MaxSlimesRelic","testmod-Register","Violence","Slimebound:LevelUp+1","Dramatic Entrance","Dead Branch","Potion Belt","PrismaticShard","testmod-DisillusionmentEcho+1"],"campfire_rested":0,"item_purchase_floors":[5,5,5,5,5,5,5,5,5,14,14,14,14,14,14,14,14,20,20,20,20,20,20,20,26,26,26,26,26,26,31,31,31,31,40,40,40,44,44,44,44,44,44,48,48,48,48],"current_hp_per_floor":[66,61,61,66,66,66,66,47,47,59,66,76,76,76,76,76,76,76,76,76,76,76,76,76,86,86,86,82,86,86,86,86,86,86,86,86,86,86,86,92,92,92,92,92,92,92,92,92,90,90],"gold":8461,"neow_bonus":"TEN_PERCENT_HP_BONUS","is_daily":false,"chose_seed":false,"campfire_upgraded":7,"win_rate":0.0,"timestamp":1609305463,"path_taken":["R","M","?","M","$","R","T","E","R","M","E","?","E","$","M","BOSS","R","M","$","?","?","E","T","R","$","?","E","M","?","$","M","BOSS","R","M","M","M","M","$","T","M","M","$","R","?","R","$","M","BOSS"],"items_purchased_type":["Relic","Relic","Relic","Card","Potion","Potion","Potion","Card","Card","Relic","Relic","Relic","Card","Card","Potion","Potion","Potion","Relic","Relic","Relic","Card","Potion","Potion","Card","Card","Relic","Relic","Relic","Card","Card","Relic","Relic","Relic","Potion","Relic","Relic","Card","Relic","Relic","Relic","Card","Card","Card","Relic","Relic","Relic","Card"],"build_version":"2020-12-22","purchased_purges":4,"victory":true,"max_hp_per_floor":[66,66,66,66,66,66,66,66,66,66,66,76,76,76,76,76,76,76,76,76,76,76,76,76,86,86,86,86,86,86,86,86,86,86,86,86,86,86,86,92,92,92,92,92,92,92,92,92,92,92],"relic_stats":{"Nunchaku":[9],"TheAbacus":[24],"counters":[26,48],"Ornamental Fan":[116],"Bronze Scales":[18],"Blue Candle":[0],"Dead Branch":[32],"Kunai":[12],"Boot":[7],"obtain_stats":[{"vexMod:PlasmaPancake":40,"vexMod:MemoryStick":41,"testmod-Temperance":0,"downfall:HeartBlessingGreen":9,"Boot":31,"testmod-BouquetWithThorns":31,"PrismaticShard":48,"Nunchaku":14,"testmod-InjuryResistance":8,"TheAbacus":31,"Slimebound:MaxSlimesRelic":44,"downfall:HeartBlessingBlue":25,"WingedGreaves":20,"testmod-DeterminationOfClimber":17,"Kunai":40,"Potion Belt":48,"testmod-Maize":28,"testmod-TestBox":0,"Slimebound:SelfDamagePreventRelic":14,"testmod-TimeTraveler":34,"downfall:HeartBlessingRed":6,"testmod-Register":44,"Blue Candle":23,"Dead Branch":48,"Oddly Smooth Stone":5,"vexMod:PaidLearning":20,"testmod-TurbochargingSystem":44,"Frozen Egg 2":26,"White Beast Statue":14,"vexMod:Cooldron":26,"Ornamental Fan":7,"Bronze Scales":20,"testmod-AssaultLearning":46,"testmod-Hope":5,"Slimebound:AbsorbEndCombat":0,"Membership Card":5,"StrikeDummy":26,"FossilizedHelix":11,"Meat on the Bone":13},{"vexMod:PlasmaPancake":22,"vexMod:MemoryStick":22,"testmod-Temperance":0,"downfall:HeartBlessingGreen":4,"Boot":16,"testmod-BouquetWithThorns":16,"PrismaticShard":24,"Nunchaku":8,"testmod-InjuryResistance":4,"TheAbacus":16,"Slimebound:MaxSlimesRelic":24,"downfall:HeartBlessingBlue":13,"WingedGreaves":11,"testmod-DeterminationOfClimber":10,"Kunai":22,"Potion Belt":24,"testmod-Maize":15,"testmod-TestBox":0,"Slimebound:SelfDamagePreventRelic":8,"testmod-TimeTraveler":18,"downfall:HeartBlessingRed":3,"testmod-Register":24,"Blue Candle":13,"Dead Branch":24,"Oddly Smooth Stone":3,"vexMod:PaidLearning":11,"testmod-TurbochargingSystem":24,"Frozen Egg 2":13,"White Beast Statue":8,"vexMod:Cooldron":13,"Ornamental Fan":3,"Bronze Scales":11,"testmod-AssaultLearning":24,"testmod-Hope":3,"Slimebound:AbsorbEndCombat":0,"Membership Card":3,"StrikeDummy":13,"FossilizedHelix":6,"Meat on the Bone":7},{"vexMod:PlasmaPancake":43,"vexMod:MemoryStick":43,"testmod-Temperance":0,"downfall:HeartBlessingGreen":15,"Boot":36,"testmod-BouquetWithThorns":36,"PrismaticShard":45,"Nunchaku":26,"testmod-InjuryResistance":15,"TheAbacus":36,"Slimebound:MaxSlimesRelic":45,"downfall:HeartBlessingBlue":33,"WingedGreaves":31,"testmod-DeterminationOfClimber":29,"Kunai":43,"Potion Belt":45,"testmod-Maize":35,"testmod-TestBox":0,"Slimebound:SelfDamagePreventRelic":26,"testmod-TimeTraveler":39,"downfall:HeartBlessingRed":11,"testmod-Register":45,"Blue Candle":33,"Dead Branch":45,"Oddly Smooth Stone":11,"vexMod:PaidLearning":31,"testmod-TurbochargingSystem":45,"Frozen Egg 2":33,"White Beast Statue":26,"vexMod:Cooldron":33,"Ornamental Fan":11,"Bronze Scales":31,"testmod-AssaultLearning":45,"testmod-Hope":11,"Slimebound:AbsorbEndCombat":0,"Membership Card":11,"StrikeDummy":33,"FossilizedHelix":21,"Meat on the Bone":24}],"Meat on the Bone":0},"card_choices":[{"not_picked":["Slimebound:GoopSpray","Slimebound:TongueLash"],"picked":"Slimebound:MegaLick","floor":2},{"not_picked":["Slimebound:RollThrough","Slimebound:FinishingTackle","Slimebound:GoopSpray"],"picked":"SKIP","floor":4},{"not_picked":["Slimebound:GrowthPunch","Slimebound:MassRepurpose"],"picked":"Slimebound:LeechLife","floor":5},{"not_picked":["Slimebound:Chomp","Slimebound:AcidTongue"],"picked":"Slimebound:SpikyOuterGoop","floor":8},{"not_picked":["Slimebound:GoopSpray","Slimebound:Repurpose"],"picked":"Slimebound:SplitAcid","floor":10},{"not_picked":["Slimebound:SplitAcid","Slimebound:SplitBruiser","Slimebound:PressTheAttack"],"picked":"SKIP","floor":11},{"not_picked":["Slimebound:SpikyOuterGoop","Slimebound:ItLooksTasty"],"picked":"Slimebound:LeadByExample","floor":13},{"not_picked":["Slimebound:Schlurp","Slimebound:SplitBruiser"],"picked":"Slimebound:TongueLash","floor":14},{"not_picked":["Slimebound:Overexert","Slimebound:SplitMire","Slimebound:GoopSpray"],"picked":"SKIP","floor":15},{"not_picked":["Slimebound:WasteNot","Slimebound:MassFeed"],"picked":"Slimebound:DuplicatedForm","floor":16},{"not_picked":["Slimebound:SplitLeeching","Slimebound:SlimeBrawl"],"picked":"Slimebound:RejuvenatingLick","floor":19},{"not_picked":["Slimebound:LeechingTouch","Slimebound:FirmFortitude+1"],"picked":"Slimebound:SamplingLick","floor":21},{"not_picked":["Slimebound:SplitLeeching+1","Slimebound:LeechEnergy"],"picked":"Slimebound:SplitSpecialist","floor":23},{"not_picked":["Slimebound:Chomp","Slimebound:ViciousTackle+1"],"picked":"Slimebound:AcidTongue+1","floor":27},{"not_picked":["Slimebound:PressTheAttack","Slimebound:ForwardTackle"],"picked":"Slimebound:Nibble+1","floor":28},{"not_picked":["Slimebound:SamplingLick","Slimebound:Repurpose"],"picked":"Slimebound:PrepareCrush","floor":29},{"not_picked":["Slimebound:Equalize","Slimebound:LeechingTouch+1"],"picked":"Slimebound:Chomp+1","floor":32},{"not_picked":["Slimebound:MassRepurpose","Slimebound:DuplicatedForm+1"],"picked":"Slimebound:OneTwoCombo","floor":33},{"not_picked":["Slimebound:LeechingTouch","Slimebound:LivingWall+1","Slimebound:DisruptingSlam"],"picked":"SKIP","floor":36},{"not_picked":["Slimebound:LivingWall","Slimebound:FinishingTackle+1","Slimebound:LeechingTouch+1"],"picked":"SKIP","floor":37},{"not_picked":["Slimebound:AcidTongue+1","Slimebound:PressTheAttack+1","Slimebound:SplitAcid+1"],"picked":"SKIP","floor":38},{"not_picked":["Slimebound:GoopTackle","Slimebound:Chomp"],"picked":"Slimebound:ProtectTheBoss+1","floor":39},{"not_picked":["Slimebound:SplitBruiser","Slimebound:FinishingTackle"],"picked":"Slimebound:ForwardTackle+1","floor":42},{"not_picked":["Slimebound:FlameTackle+1","Slimebound:AcidTongue+1"],"picked":"Slimebound:SlimeBarrage+1","floor":43},{"not_picked":["Dodge and Roll","Blind+1"],"picked":"Distraction+1","floor":49}],"player_experience":376294,"relics_obtained":[{"floor":7,"key":"Ornamental Fan"},{"floor":8,"key":"testmod-InjuryResistance"},{"floor":11,"key":"FossilizedHelix"},{"floor":13,"key":"Meat on the Bone"},{"floor":23,"key":"Blue Candle"},{"floor":28,"key":"testmod-Maize"},{"floor":41,"key":"vexMod:MemoryStick"},{"floor":46,"key":"testmod-AssaultLearning"}],"event_choices":[{"cards_removed":["Slimebound:Defend_Slimebound"],"damage_healed":0,"gold_gain":0,"player_choice":"Card Removal","damage_taken":0,"max_hp_gain":0,"max_hp_loss":0,"event_name":"The Cleric","floor":3,"gold_loss":0},{"cards_removed":["Slimebound:TongueLash"],"damage_healed":0,"gold_gain":0,"player_choice":"Purged","damage_taken":0,"max_hp_gain":0,"max_hp_loss":0,"event_name":"Purifier","floor":22,"gold_loss":0},{"damage_healed":0,"gold_gain":0,"player_choice":"Upgraded","damage_taken":0,"max_hp_gain":0,"max_hp_loss":0,"event_name":"Upgrade Shrine","floor":30,"gold_loss":0,"cards_upgraded":["Slimebound:PrepareCrush"]}],"is_beta":false,"boss_relics":[{"not_picked":["Fusion Hammer","Slimebound:AbsorbEndCombatUpgraded"],"picked":"testmod-DeterminationOfClimber"},{"not_picked":["testmod-EnergyCheck","testmod-CardMagician"],"picked":"testmod-TimeTraveler"}],"items_purged_floors":[5,14,20,26],"is_endless":false,"potions_floor_spawned":[4,8,11,13,15,16,19,21,23,27,28,29,32,33,36,37,38,39,42,43,49],"ascension_level":3}}