{"host":"w4b7hmige5bnqipq","time":1609357628,"event":{"mods":["2.2 Compatiblity","BaseMod","Colored Map","DeckTracker","Keyboard Shortcuts","Minty Spire (QoL Compilation)","Permanent Neow","Rare Cards Sparkle","SuperFastMode","everything is the same but u backflip on backflip","slay the spire mod where everything is the same but ironclad has a cowboy hat"],"gold_per_floor":[119,119,119,131,142,175,186,214,214,232,232,250,280,342,342,414,414,433,448,229,248,266,266,298,331,331,364,314,330,123,123,123,200,200,210,0,222,222,222,255,255,289,301,328,340,385,397,427,439,451,463,475,47,77,77],"floor_reached":56,"playtime":1786,"items_purged":["Strike_R","Strike_R","Strike_R","Strike_R","Strike_R"],"score":2264,"play_id":"3bb27298-2e56-40bc-9dcb-eb81f6486a8e","local_time":"20201231044708","is_ascension_mode":true,"campfire_choices":[{"data":"Pommel Strike","floor":11.0,"key":"SMITH"},{"data":"Blood for Blood","floor":15.0,"key":"SMITH"},{"data":"Shockwave","floor":23.0,"key":"SMITH"},{"data":"Inflame","floor":32,"key":"SMITH"},{"floor":41,"key":"RECALL"},{"data":"Corruption","floor":45,"key":"SMITH"},{"data":"Deep Breath","floor":47,"key":"SMITH"},{"data":"Sword Boomerang","floor":49,"key":"SMITH"},{"data":"Burning Pact","floor":52,"key":"SMITH"}],"circlet_count":0,"master_deck":["AscendersBane","Defend_R","Defend_R","Defend_R","Defend_R","Bash+1","Twin Strike","Flex","Pommel Strike+1","Battle Trance","Power Through","Impervious+1","Whirlwind","Carnage","Blood for Blood+1","Reaper","Feel No Pain","Shockwave+1","Inflame+1","Double Tap+1","Corruption+1","Offering","Deep Breath+1","Finesse","Sword Boomerang+1","Shrug It Off+1","Burning Pact+1","Dark Embrace+1"],"relics":["Burning Blood","Anchor","Bronze Scales","Dream Catcher","Smiling Mask","Mummified Hand","Tiny Chest","Sozu","PreservedInsect","Bag of Marbles","Red Mask","Vajra","War Paint","TheAbacus","SlaversCollar","HornCleat","MawBank","Singing Bowl","Mercury Hourglass","Membership Card","Red Skull","Bottled Tornado","Eternal Feather"],"acts_visited":["Exordium","TheCity","TheBeyond","TheEnding"],"potions_floor_usage":[50,50],"damage_taken":[{"damage":2.0,"enemies":"Jaw Worm","floor":1.0,"turns":3.0},{"damage":0.0,"enemies":"2 Louse","floor":4.0,"turns":2.0},{"damage":0.0,"enemies":"Cultist","floor":5.0,"turns":2.0},{"damage":32.0,"enemies":"Gremlin Nob","floor":6.0,"turns":4.0},{"damage":1.0,"enemies":"3 Louse","floor":7.0,"turns":4.0},{"damage":30.0,"enemies":"3 Sentries","floor":8.0,"turns":9.0},{"damage":0.0,"enemies":"Looter","floor":10.0,"turns":2.0},{"damage":0.0,"enemies":"2 Fungi Beasts","floor":12.0,"turns":3.0},{"damage":8.0,"enemies":"Gremlin Nob","floor":13.0,"turns":3.0},{"damage":8.0,"enemies":"Gremlin Nob","floor":14.0,"turns":3.0},{"damage":19.0,"enemies":"Slime Boss","floor":16.0,"turns":7.0},{"damage":0.0,"enemies":"3 Byrds","floor":18.0,"turns":4.0},{"damage":12.0,"enemies":"Chosen","floor":19.0,"turns":3.0},{"damage":14.0,"enemies":"Snake Plant","floor":21.0,"turns":4.0},{"damage":14.0,"enemies":"Snecko","floor":22.0,"turns":5.0},{"damage":31.0,"enemies":"Slavers","floor":24.0,"turns":5.0},{"damage":9.0,"enemies":"Masked Bandits","floor":25.0,"turns":4.0},{"damage":21.0,"enemies":"Book of Stabbing","floor":27.0,"turns":3.0},{"damage":6,"enemies":"Cultist and Chosen","floor":29,"turns":3},{"damage":45,"enemies":"Collector","floor":33,"turns":9},{"damage":15,"enemies":"3 Darklings","floor":35,"turns":5},{"damage":11,"enemies":"Nemesis","floor":40,"turns":5},{"damage":30,"enemies":"Reptomancer","floor":42,"turns":5},{"damage":0,"enemies":"3 Shapes","floor":44,"turns":3},{"damage":19,"enemies":"Giant Head","floor":46,"turns":5},{"damage":6,"enemies":"3 Darklings","floor":48,"turns":2},{"damage":85,"enemies":"Awakened One","floor":50,"turns":11},{"damage":36,"enemies":"Shield and Spear","floor":54,"turns":3},{"damage":95,"enemies":"The Heart","floor":55,"turns":9}],"seed_played":"-2268644188791170439","potions_obtained":[{"floor":6.0,"key":"Regen Potion"},{"floor":7.0,"key":"Strength Potion"},{"floor":8.0,"key":"Strength Potion"},{"floor":10.0,"key":"GamblersBrew"},{"floor":16.0,"key":"Fruit Juice"}],"is_trial":false,"path_per_floor":["M","?","?","M","M","E","M","E","T","M","R","M","E","?","R","B",null,"M","M","$","M","M","R","E","?","T","E","$","M","$","?","R","B",null,"M","$","?","T","?","E","R","E","T","M","R","E","R","M","R","B",null,"R","$","E","B",null],"character_chosen":"IRONCLAD","items_purchased":["PreservedInsect","TheAbacus","Offering","Membership Card","Red Skull","Bottled Tornado"],"campfire_rested":0,"item_purchase_floors":[20,30,36,53,53,53],"current_hp_per_floor":[72,77,77,80,80,54,59,50,50,56,56,62,60,58,58,45,71,80,80,80,78,74,74,59,56,56,51,51,65,65,65,65,44,71,65,65,65,65,60,62,62,38,38,65,65,52,52,80,80,18,68,68,68,87,22],"gold":77,"neow_bonus":"RANDOM_COMMON_RELIC","is_daily":false,"chose_seed":false,"campfire_upgraded":8,"win_rate":0.0,"timestamp":1609357628,"path_taken":["M","?","?","M","?","E","M","E","T","M","R","M","E","?","R","BOSS","M","M","$","M","M","R","E","?","T","E","$","M","$","?","R","BOSS","M","$","?","?","?","E","R","E","T","M","R","E","R","M","R","BOSS","R","$","E","BOSS"],"items_purchased_type":["Relic","Relic","Card","Relic","Relic","Relic"],"build_version":"2020-12-22","purchased_purges":5,"victory":true,"max_hp_per_floor":[75,80,80,80,80,80,80,80,80,80,80,80,80,80,80,80,80,80,80,80,80,80,80,80,80,80,80,80,80,80,80,80,80,80,80,80,80,80,80,80,80,80,80,80,80,80,80,80,80,85,85,85,85,87,87],"card_choices":[{"not_picked":["True Grit","Iron Wave"],"picked":"Twin Strike","floor":1.0},{"not_picked":["Clothesline","Havoc"],"picked":"Flex","floor":4.0},{"not_picked":["Warcry","Havoc","Anger"],"picked":"SKIP","floor":5.0},{"not_picked":["Anger","Warcry"],"picked":"Pommel Strike","floor":6.0},{"not_picked":["Heavy Blade","Armaments"],"picked":"Battle Trance","floor":7.0},{"not_picked":["Combust","Heavy Blade"],"picked":"Power Through","floor":8.0},{"not_picked":["Armaments","Dropkick"],"picked":"Impervious","floor":10.0},{"not_picked":["Clash","Cleave"],"picked":"Whirlwind","floor":12.0},{"not_picked":["Thunderclap","Anger"],"picked":"Carnage","floor":13.0},{"not_picked":["Dropkick","Carnage"],"picked":"Blood for Blood","floor":14.0},{"not_picked":["Bludgeon","Double Tap"],"picked":"Reaper","floor":16.0},{"not_picked":["Disarm","Flex","Warcry"],"picked":"SKIP","floor":18.0},{"not_picked":["Intimidate","Sentinel"],"picked":"Feel No Pain","floor":19.0},{"not_picked":["Dual Wield","Heavy Blade"],"picked":"Shockwave","floor":21.0},{"not_picked":["Rampage","Sword Boomerang","Clothesline"],"picked":"SKIP","floor":22.0},{"not_picked":["Sever Soul","Bloodletting","Anger"],"picked":"SKIP","floor":24.0},{"not_picked":["Spot Weakness","Twin Strike"],"picked":"Inflame","floor":25.0},{"not_picked":["Anger","Cleave"],"picked":"Double Tap","floor":27.0},{"not_picked":["Warcry","Sever Soul","Wild Strike+1"],"picked":"SKIP","floor":29},{"not_picked":["Feed","Bludgeon"],"picked":"Corruption","floor":33},{"not_picked":["Clothesline","Blood for Blood+1","Rage+1"],"picked":"SKIP","floor":35},{"not_picked":["Madness","Finesse"],"picked":"Deep Breath","floor":39},{"not_picked":["Secret Technique","Swift Strike"],"picked":"Finesse","floor":39},{"not_picked":["Armaments+1","Intimidate","Infernal Blade"],"picked":"SKIP","floor":40},{"not_picked":["Flex","Entrench"],"picked":"Sword Boomerang","floor":42},{"not_picked":["Ghostly Armor+1","Clash"],"picked":"Shrug It Off+1","floor":44},{"not_picked":["Wild Strike+1","Heavy Blade"],"picked":"Burning Pact","floor":46},{"not_picked":["Disarm","Burning Pact"],"picked":"Dark Embrace+1","floor":48},{"not_picked":["Shockwave","Iron Wave","Body Slam"],"picked":"Singing Bowl","floor":54}],"player_experience":442584,"relics_obtained":[{"floor":6.0,"key":"Bronze Scales"},{"floor":8.0,"key":"Dream Catcher"},{"floor":9.0,"key":"Smiling Mask"},{"floor":13.0,"key":"Mummified Hand"},{"floor":14.0,"key":"Tiny Chest"},{"floor":24.0,"key":"Bag of Marbles"},{"floor":25.0,"key":"Red Mask"},{"floor":26.0,"key":"Vajra"},{"floor":27.0,"key":"War Paint"},{"floor":40,"key":"HornCleat"},{"floor":42,"key":"MawBank"},{"floor":43,"key":"Singing Bowl"},{"floor":46,"key":"Mercury Hourglass"},{"floor":54,"key":"Eternal Feather"}],"event_choices":[{"damage_healed":0.0,"max_hp_gain":5.0,"max_hp_loss":0.0,"gold_gain":0.0,"event_name":"Big Fish","player_choice":"Donut","floor":2.0,"gold_loss":0.0,"damage_taken":0.0},{"damage_healed":0.0,"max_hp_gain":0.0,"max_hp_loss":0.0,"gold_gain":0.0,"event_name":"Upgrade Shrine","player_choice":"Upgraded","floor":3.0,"gold_loss":0.0,"damage_taken":0.0,"cards_upgraded":["Bash"]},{"damage_healed":0.0,"max_hp_gain":0.0,"max_hp_loss":0.0,"gold_gain":0.0,"event_name":"Dead Adventurer","player_choice":"Searched \u00271\u0027 times","floor":14.0,"gold_loss":0.0,"damage_taken":0.0},{"damage_healed":0.0,"max_hp_gain":0.0,"max_hp_loss":0.0,"gold_gain":0.0,"event_name":"Masked Bandits","player_choice":"Fought Bandits","floor":25.0,"gold_loss":0.0,"damage_taken":0.0},{"damage_healed":0,"gold_gain":0,"player_choice":"Ignored","damage_taken":0,"max_hp_gain":0,"max_hp_loss":0,"event_name":"Ghosts","floor":31,"gold_loss":0},{"damage_healed":0,"gold_gain":222,"player_choice":"Wore Mask","damage_taken":0,"max_hp_gain":0,"max_hp_loss":0,"event_name":"Tomb of Lord Red Mask","floor":37,"gold_loss":0},{"damage_healed":0,"gold_gain":0,"player_choice":"Memory 2","damage_taken":5,"max_hp_gain":0,"max_hp_loss":0,"event_name":"SensoryStone","floor":39,"gold_loss":0}],"is_beta":false,"boss_relics":[{"not_picked":["Tiny House","Cursed Key"],"picked":"Sozu"},{"not_picked":["Fusion Hammer","Black Blood"],"picked":"SlaversCollar"}],"items_purged_floors":[20,28,30,36,53],"is_endless":false,"potions_floor_spawned":[6,7,8,10,16,21,22,24,25,29,35,44,46,54],"ascension_level":18}}