{"host":"uyrebrj0204enqpc","time":1609335129,"event":{"mods":["Act Like it!","Bard","BaseMod","Block Reminder","Challenge The Spire","Colored Map","Colored Powertips","DeckTracker","Downfall","GifTheSpireLib","HexUI Lib","Highlight Path","Hubris","Infinite Spire","Minty Spire (QoL Compilation)","Pale of the Ancients","Quick Restart","Random Character Button","Relic Sorter","Relic Stats","Replay The Spire","Shop Mod","StSLib","The Blue Laboratory","The Bug Knight","The Cursed","The Jungle","The Marked","Wandering Minibosses"],"gold_per_floor":[117,130,130,147,147,147,72,105,105,135,135,35,35,35,35,134,134,154,172,172,182,200,200,226,246,246,259,259,259],"floor_reached":28,"playtime":1251,"items_purged":["theMarked:Defend","theMarked:Strike"],"score":285,"play_id":"5afb7b67-7cf5-4978-9878-2fa894b0e693","local_time":"20201230083209","is_ascension_mode":true,"campfire_choices":[{"floor":6.0,"key":"RECALL"},{"floor":13.0,"key":"REST"},{"floor":15.0,"key":"REST"},{"floor":23.0,"key":"REST"}],"circlet_count":0,"master_deck":["theMarked:Strike","theMarked:Strike","theMarked:Strike","theMarked:Strike","theMarked:Defend","theMarked:Defend","theMarked:Defend","theMarked:SoldierOfQuellstein","Apotheosis+1","theMarked:Opportunist+1","theMarked:BanishingStrike","theMarked:SoldierOfQuellstein","theMarked:Challenge","theMarked:BanishingStrike+1","theMarked:BanishingStrike","theMarked:Seal"],"relics":["theMarked:BronzeBlade","hubris:Icosahedron","Quantum Egg","Frozen Egg 2","Pear","Garlic","Singing Bowl","Bottled Tornado","Iron Hammer"],"acts_visited":["Exordium","TheCity"],"potions_floor_usage":[25],"damage_taken":[{"damage":2.0,"enemies":"Jaw Worm","floor":1.0,"turns":4.0},{"damage":0.0,"enemies":"Cultist","floor":2.0,"turns":3.0},{"damage":0.0,"enemies":"2 Louse","floor":4.0,"turns":2.0},{"damage":7.0,"enemies":"Replay:BlueRogue","floor":8.0,"turns":5.0},{"damage":24.0,"enemies":"3 Sentries","floor":10.0,"turns":6.0},{"damage":5.0,"enemies":"The Guardian","floor":16.0,"turns":9.0},{"damage":18.0,"enemies":"2 Thieves","floor":18.0,"turns":3.0},{"damage":9.0,"enemies":"Spheric Guardian","floor":19.0,"turns":3.0},{"damage":20.0,"enemies":"Snake Plant","floor":21.0,"turns":5.0},{"damage":5.0,"enemies":"Snecko","floor":22.0,"turns":4.0},{"damage":1.0,"enemies":"HollowMod:Nosk","floor":24.0,"turns":5.0},{"damage":12,"enemies":"Centurion and Healer","floor":25,"turns":5},{"damage":6,"enemies":"Cultist and Chosen","floor":27,"turns":4},{"damage":43,"enemies":"Nightmare","floor":28,"turns":6}],"seed_played":"-4949656431923030102","potions_obtained":[{"floor":4.0,"key":"Block Potion"},{"floor":8.0,"key":"hexamod:EctoCoolerPotion"},{"floor":24.0,"key":"AttackPotion"},{"floor":25,"key":"blueLaboratory:EnragingPotion"}],"is_trial":false,"path_per_floor":["M","M","?","M","?","R","$","E","T","E","?","$","R","?","R","B",null,"M","M","T","M","M","R","E","M","T","M","NM"],"character_chosen":"THE_DEFAULT","items_purchased":[],"campfire_rested":3,"item_purchase_floors":[],"current_hp_per_floor":[47,47,47,47,29,29,29,22,32,8,8,8,32,32,56,51,80,62,53,53,33,30,54,55,43,43,37,0,0],"gold":259,"neow_bonus":"RANDOM_COLORLESS_2","is_daily":false,"chose_seed":false,"campfire_upgraded":0,"win_rate":0.0,"timestamp":1609335129,"path_taken":["M","M","?","?","?","R","$","E","T","E","?","?","R","?","R","BOSS","M","M","?","M","M","R","E","M","T","M","NM"],"items_purchased_type":[],"build_version":"2020-12-22","purchased_purges":2,"victory":false,"max_hp_per_floor":[70,70,70,70,70,70,70,70,80,80,80,80,80,80,80,80,80,80,80,80,80,82,82,84,84,84,84,84,84],"relic_stats":{"Singing Bowl":4,"counters":[14,64],"obtain_stats":[{"theMarked:ArtifactOfAir":0,"Pear":9,"hubris:Icosahedron":11,"Singing Bowl":20,"Quantum Egg":5,"Iron Hammer":26,"Garlic":10,"theMarked:BronzeBlade":17,"Frozen Egg 2":8,"Bottled Tornado":24},{"theMarked:ArtifactOfAir":0,"Pear":4,"hubris:Icosahedron":5,"Singing Bowl":8,"Quantum Egg":3,"Iron Hammer":12,"Garlic":5,"theMarked:BronzeBlade":6,"Frozen Egg 2":4,"Bottled Tornado":11},{"theMarked:ArtifactOfAir":0,"Pear":14,"hubris:Icosahedron":20,"Singing Bowl":35,"Quantum Egg":9,"Iron Hammer":54,"Garlic":20,"theMarked:BronzeBlade":29,"Frozen Egg 2":14,"Bottled Tornado":49}]},"card_choices":[{"not_picked":["expansioncontent:DashGenerateEvil","The Bomb"],"picked":"Apotheosis","floor":0.0},{"not_picked":["theMarked:RepellingDischarge","theMarked:ElectricStrings","theMarked:Parkour"],"picked":"SKIP","floor":1.0},{"not_picked":["theMarked:Panic","theMarked:ElectricStrings","theMarked:ResourceFulStrike"],"picked":"SKIP","floor":2.0},{"not_picked":["theMarked:TunnelVision","theMarked:Electrify","theMarked:Frustration"],"picked":"SKIP","floor":4.0},{"not_picked":["theMarked:EnhanceMovement","theMarked:TurnInvisible"],"picked":"theMarked:Opportunist+1","floor":8.0},{"not_picked":["theMarked:ContemptForTheProud","theMarked:BanishingWave"],"picked":"theMarked:BanishingStrike","floor":10.0},{"not_picked":["theMarked:DispelDoubt","theMarked:SuspiciousRaven"],"picked":"theMarked:Challenge","floor":16.0},{"not_picked":["theMarked:RogueSparks+1","theMarked:GodGivenPower+1","theMarked:TwofoldDefense"],"picked":"SKIP","floor":18.0},{"not_picked":["theMarked:KeepCalmAndFightOn","theMarked:HeightenedSenses","theMarked:Electrocute"],"picked":"SKIP","floor":19.0},{"not_picked":["theMarked:Static+1","theMarked:Parkour"],"picked":"theMarked:BanishingStrike+1","floor":21.0},{"not_picked":["theMarked:Improvise+1","theMarked:WastefulAttack+1","theMarked:WastefulDefense"],"picked":"Singing Bowl","floor":22.0},{"not_picked":["theMarked:GodGivenPower+1","theMarked:SelfDefenseTraining+1","theMarked:ParalyzingBlade"],"picked":"Singing Bowl","floor":24.0},{"not_picked":["theMarked:Overcharge","theMarked:EmpowerWeapon"],"picked":"theMarked:BanishingStrike","floor":25},{"not_picked":["theMarked:Improvise","theMarked:TwofoldDefense"],"picked":"theMarked:Seal","floor":27}],"player_experience":1003066,"relics_obtained":[{"floor":8.0,"key":"Frozen Egg 2"},{"floor":9.0,"key":"Pear"},{"floor":10.0,"key":"Garlic"},{"floor":20.0,"key":"Singing Bowl"},{"floor":24.0,"key":"Bottled Tornado"},{"floor":26,"key":"Iron Hammer"}],"event_choices":[{"damage_healed":0.0,"max_hp_gain":0.0,"max_hp_loss":0.0,"gold_gain":0.0,"event_name":"Upgrade Shrine","player_choice":"Upgraded","floor":3.0,"gold_loss":0.0,"damage_taken":0.0,"cards_upgraded":["Apotheosis"]},{"damage_healed":0.0,"max_hp_gain":0.0,"max_hp_loss":0.0,"gold_gain":0.0,"event_name":"Scrap Ooze","player_choice":"Success","floor":5.0,"gold_loss":0.0,"damage_taken":18.0,"relics_obtained":["Quantum Egg"]},{"damage_healed":0.0,"max_hp_gain":0.0,"max_hp_loss":0.0,"gold_gain":0.0,"event_name":"Match and Keep!","player_choice":"1 cards matched","floor":14.0,"gold_loss":0.0,"damage_taken":0.0,"cards_obtained":["theMarked:SoldierOfQuellstein"]}],"is_beta":false,"boss_relics":[{"not_picked":["hubris:GrandSneckoEye","Coffee Dripper"],"picked":"theMarked:BronzeBlade"}],"items_purged_floors":[7,12],"is_endless":false,"potions_floor_spawned":[4,8,24,25],"killed_by":"Nightmare","ascension_level":3}}