{"host":"gkh5j5k5w4qf7k7n","time":1609333659,"event":{"mods":["2.2 Compatiblity","AchievementEnabler","BaseMod","Colored Map","Colored Powertips","GifTheSpireLib","Keyboard Shortcuts","Minty Spire (QoL Compilation)","Quick Restart","StSLib","SuperFastMode","The Construct","The Problem Sleuth","¡¼?Úª?ø«¡½REMEMod"],"gold_per_floor":[117,133,133,133,145,145,96,96,96,96,96,96,96,96],"floor_reached":12,"playtime":411,"items_purged":[],"score":106,"play_id":"f9950efc-2784-4ccf-b0b2-51788bdcbd9c","local_time":"20201230220739","is_ascension_mode":true,"campfire_choices":[{"data":"theSleuth:KeyHandgun","floor":6,"key":"SMITH"},{"data":"theSleuth:ThinkAhead","floor":8,"key":"SMITH"},{"data":"theSleuth:Diplomacy","floor":11,"key":"SMITH"}],"circlet_count":0,"master_deck":["AscendersBane","theSleuth:Strike","theSleuth:Defend","theSleuth:Defend","theSleuth:KeyHandgun+1","theSleuth:TakeInventory+1","theSleuth:Diplomacy+1","theSleuth:TheZillyhammer","theSleuth:CandyCane","theSleuth:ThinkAhead+1"],"relics":["theSleuth:Typewriter","REME_ComplimentaryCards","construct:FoamFinger"],"acts_visited":["Exordium"],"potions_floor_usage":[],"damage_taken":[{"damage":6,"enemies":"Cultist","floor":1,"turns":5},{"damage":0,"enemies":"Jaw Worm","floor":2,"turns":10},{"damage":0,"enemies":"Small Slimes","floor":5,"turns":4},{"damage":55,"enemies":"Gremlin Nob","floor":12,"turns":9}],"seed_played":"5217132671524397837","potions_obtained":[{"floor":5,"key":"BlessingOfTheForge"}],"is_trial":false,"path_per_floor":["M","M","?","?","M","R","$","R","T","?","R","E"],"character_chosen":"THE_sleuth","items_purchased":["theSleuth:ThinkAhead"],"campfire_rested":0,"item_purchase_floors":[7],"current_hp_per_floor":[42,42,42,42,42,42,42,42,42,42,42,0,0,0],"gold":96,"neow_bonus":"REMOVE_TWO","is_daily":false,"chose_seed":false,"campfire_upgraded":3,"win_rate":0.0,"timestamp":1609333659,"path_taken":["M","M","?","?","M","R","$","R","T","?","R","E"],"items_purchased_type":["Card"],"build_version":"2020-12-22","purchased_purges":0,"victory":false,"max_hp_per_floor":[73,73,73,73,73,73,73,73,73,73,73,73,73,73],"card_choices":[{"not_picked":["theSleuth:Leer","theSleuth:RetrieveArms","theSleuth:KeyringTommygun"],"picked":"SKIP","floor":1},{"not_picked":["theSleuth:Distill","theSleuth:SpadeDig"],"picked":"theSleuth:OpportunityCost","floor":2},{"not_picked":["theSleuth:PezUzi","theSleuth:ForceDeck"],"picked":"theSleuth:CandyCane","floor":5}],"player_experience":942335,"relics_obtained":[{"floor":9,"key":"construct:FoamFinger"}],"event_choices":[{"cards_removed":["theSleuth:Defend"],"damage_healed":0,"gold_gain":0,"player_choice":"Card Removal","damage_taken":0,"max_hp_gain":0,"max_hp_loss":0,"event_name":"Wheel of Change","floor":3,"gold_loss":0},{"cards_removed":["theSleuth:Strike"],"damage_healed":0,"gold_gain":0,"player_choice":"Offered Basic","damage_taken":0,"max_hp_gain":0,"max_hp_loss":0,"event_name":"Bonfire Elementals","floor":4,"gold_loss":0},{"damage_healed":0,"gold_gain":0,"player_choice":"Bought 0 Potions","damage_taken":0,"max_hp_gain":0,"max_hp_loss":0,"event_name":"The Woman in Blue","floor":10,"gold_loss":0}],"is_beta":false,"boss_relics":[],"items_purged_floors":[],"is_endless":false,"potions_floor_spawned":[5],"killed_by":"Gremlin Nob","ascension_level":12}}