{"host":"fxgsgr3e13htip8z","time":1609365626,"event":{"mods":["Arknights The Spire","Aspiration","BaseMod","Dota2Spire","Hubris","Hyrulean Relics","Minty Spire (QoL Compilation)","Relic Stats","Replay The Spire","Robot Space Explorer","StSLib","The Cursed","The Marked","Trackpad","Wandering Minibosses","vexMod"],"gold_per_floor":[114,114,114,66,80,108,108,134,134,134,153,153,163,173,173,278,278,297,341,354,374,384,384,384],"floor_reached":23,"playtime":2025,"items_purged":["ats:Strike G"],"score":230,"play_id":"36ee43e9-14b8-4f29-b5b2-c019e60d767f","local_time":"20201230160026","is_ascension_mode":false,"campfire_choices":[{"data":"ats:Neurotoxin","floor":7,"key":"SMITH"},{"data":"ats:Burning Ground","floor":12,"key":"SMITH"},{"data":"ats:Emotion Absorption","floor":15,"key":"SMITH"}],"circlet_count":0,"master_deck":["ats:Strike S","ats:Strike V","ats:Armor Crushing Shot","ats:Defend","ats:Defend","ats:Defend","ats:Defend","ats:Emotion Absorption+1","ats:Song Of Battle","ats:Apocalypse","ats:Neurotoxin+1","ats:Composite Medical Shells","ats:Explosion Area Strengthen","ats:Burning Ground+1","ats:Wolf Pack","ats:Thorns","ats:Poison Spread"],"relics":["ats:Sanity","NeowsBlessing","Dota2Spire:MagicBottle","ats:Originium","Ornamental Fan","hubris:OldNail","Dota2Spire:OrchidMalevolence","hubris:HollowSoul"],"acts_visited":["Exordium","TheCity"],"potions_floor_usage":[21,21,22],"damage_taken":[{"damage":0,"enemies":"Cultist","floor":1,"turns":1},{"damage":0,"enemies":"Small Slimes","floor":5,"turns":2},{"damage":0,"enemies":"3 Sentries","floor":6,"turns":2},{"damage":46,"enemies":"Lagavulin","floor":8,"turns":8},{"damage":6,"enemies":"Jaw Worm","floor":11,"turns":3},{"damage":8,"enemies":"Red Slaver","floor":13,"turns":4},{"damage":14,"enemies":"Blue Slaver","floor":14,"turns":3},{"damage":41,"enemies":"Hexaghost","floor":16,"turns":8},{"damage":13,"enemies":"3 Byrds","floor":18,"turns":4},{"damage":5,"enemies":"Spheric Guardian","floor":19,"turns":5},{"damage":47,"enemies":"Shelled Parasite and Fungi","floor":20,"turns":11},{"damage":5,"enemies":"Snake Plant","floor":21,"turns":5},{"damage":20,"enemies":"Snecko","floor":22,"turns":6},{"damage":33,"enemies":"Book of Stabbing","floor":23,"turns":4}],"seed_played":"-4363469562069245567","potions_obtained":[{"floor":1,"key":"Explosive Potion"},{"floor":11,"key":"Block Potion"},{"floor":13,"key":"FearPotion"},{"floor":20,"key":"Adrenaline Potion"},{"floor":21,"key":"AttackPotion"}],"is_trial":false,"path_per_floor":["M","$","?","$","M","E","R","E","T","T","M","R","M","M","R","B",null,"M","M","M","M","M","E"],"character_chosen":"DOCTOR_CLASS","items_purchased":["Dota2Spire:MagicBottle","ats:Apocalypse"],"campfire_rested":0,"item_purchase_floors":[2,4],"current_hp_per_floor":[72,57,50,50,54,54,54,30,30,30,34,34,43,43,43,36,72,59,58,31,30,18,0,0],"gold":384,"neow_bonus":"THREE_ENEMY_KILL","is_daily":false,"chose_seed":false,"campfire_upgraded":3,"win_rate":0.0,"timestamp":1609365626,"path_taken":["M","?","?","?","M","E","R","E","T","?","M","R","M","M","R","BOSS","M","M","M","M","M","E"],"items_purchased_type":["Relic","Card"],"build_version":"2020-12-22","purchased_purges":1,"victory":false,"max_hp_per_floor":[72,72,72,72,72,72,72,72,72,72,72,72,72,72,72,72,72,72,72,72,72,72,72,72],"relic_stats":{"counters":[14,70],"Ornamental Fan":[16],"obtain_stats":[{"Dota2Spire:MagicBottle":2,"NeowsBlessing":0,"ats:Originium":6,"Ornamental Fan":6,"Dota2Spire:OrchidMalevolence":9,"hubris:HollowSoul":17,"ats:Sanity":0,"hubris:OldNail":8},{"Dota2Spire:MagicBottle":1,"NeowsBlessing":0,"ats:Originium":3,"Ornamental Fan":3,"Dota2Spire:OrchidMalevolence":4,"hubris:HollowSoul":8,"ats:Sanity":0,"hubris:OldNail":4},{"Dota2Spire:MagicBottle":1,"NeowsBlessing":0,"ats:Originium":5,"Ornamental Fan":5,"Dota2Spire:OrchidMalevolence":13,"hubris:HollowSoul":31,"ats:Sanity":0,"hubris:OldNail":13}]},"card_choices":[{"not_picked":["ats:Very Hot Blade","ats:Assault Order"],"picked":"ats:Song Of Battle","floor":1},{"not_picked":["ats:Explosion Area Strengthen","ats:Shadow Raid"],"picked":"ats:Neurotoxin","floor":5},{"not_picked":["ats:Leaping Hammer","ats:Poison Spread"],"picked":"ats:Composite Medical Shells","floor":6},{"not_picked":["ats:Flame Of Heaven","ats:Part Time Job"],"picked":"ats:Explosion Area Strengthen","floor":8},{"not_picked":["ats:Spore Proliferation","ats:Charging Defense"],"picked":"ats:Burning Ground","floor":11},{"not_picked":["ats:Flexible Camouflage","ats:Encircling Forest","ats:Hammer On"],"picked":"SKIP","floor":13},{"not_picked":["ats:Explosion Area Strengthen","ats:Chain Hook","ats:Magnetic Hammer"],"picked":"SKIP","floor":14},{"not_picked":["ats:Roar Of Ursus","ats:Soul Rend"],"picked":"ats:Wolf Pack","floor":16},{"not_picked":["ats:Flexible Camouflage","ats:Assault Order","ats:Curse Doll"],"picked":"SKIP","floor":18},{"not_picked":["ats:Red Shift+1","ats:Very Hot Blade"],"picked":"ats:Thorns","floor":19},{"not_picked":["ats:Charging Defense","ats:Part Time Job"],"picked":"ats:Poison Spread","floor":20},{"not_picked":["ats:Assault Order","ats:Cat Scratch","ats:Hammer On"],"picked":"SKIP","floor":21},{"not_picked":["ats:Cat Scratch+1","ats:Volcano","ats:Sword Rain"],"picked":"SKIP","floor":22}],"player_experience":1510774,"relics_obtained":[{"floor":6,"key":"ats:Originium"},{"floor":6,"key":"Ornamental Fan"},{"floor":8,"key":"ats:Originium"},{"floor":8,"key":"hubris:OldNail"},{"floor":9,"key":"Dota2Spire:OrchidMalevolence"}],"event_choices":[{"cards_removed":["ats:Strike C"],"damage_healed":0,"gold_gain":0,"player_choice":"Card Removal","damage_taken":7,"max_hp_gain":0,"max_hp_loss":0,"event_name":"Golden Wing","floor":3,"gold_loss":0}],"is_beta":false,"boss_relics":[{"not_picked":["aspiration:IroncladSkillbook","aspiration:WatcherSkillbook"],"picked":"hubris:HollowSoul"}],"items_purged_floors":[2],"is_endless":false,"potions_floor_spawned":[1,11,13,19,20,21],"killed_by":"Book of Stabbing","ascension_level":0}}