{"host":"6yklbc9za0aylqsj","time":1609362522,"event":{"mods":["AchievementEnabler","BaseMod","Bestiary","Colored Map","Colored Powertips","Minty Spire (QoL Compilation)","Rare Cards Sparkle","Relic Stats","Slay-I","StSLib"],"gold_per_floor":[10,27,27,46,65,96,96,96,96],"floor_reached":8,"playtime":363,"items_purged":[],"score":116,"play_id":"bd50f381-54dd-4625-9ff2-0ddaac2ffe6b","local_time":"20201230220842","is_ascension_mode":true,"campfire_choices":[{"data":"Footwork","floor":7.0,"key":"SMITH"}],"circlet_count":0,"master_deck":["AscendersBane","Strike_G","Strike_G","Strike_G","Strike_G","Strike_G","Defend_G","Defend_G","Defend_G","Defend_G","Defend_G","Survivor","Neutralize","Cloak And Dagger","Sucker Punch+1","Footwork+1","Backstab"],"relics":["Ring of the Snake","Turnip","Blood Vial"],"acts_visited":["Exordium"],"potions_floor_usage":[8],"damage_taken":[{"damage":4.0,"enemies":"Jaw Worm","floor":1.0,"turns":6.0},{"damage":0.0,"enemies":"2 Louse","floor":2.0,"turns":2.0},{"damage":0.0,"enemies":"Small Slimes","floor":4.0,"turns":5.0},{"damage":0.0,"enemies":"Red Slaver","floor":5.0,"turns":6.0},{"damage":22.0,"enemies":"3 Sentries","floor":6.0,"turns":17.0},{"damage":23,"enemies":"Lagavulin","floor":8,"turns":9}],"seed_played":"-8788959322687716908","potions_obtained":[{"floor":1.0,"key":"Ancient Potion"},{"floor":2.0,"key":"SkillPotion"}],"is_trial":false,"path_per_floor":["M","M","?","M","M","E","R","E"],"character_chosen":"THE_SILENT","items_purchased":[],"campfire_rested":0,"item_purchase_floors":[],"current_hp_per_floor":[55,55,55,55,55,33,33,12,12],"gold":96,"neow_bonus":"ONE_RARE_RELIC","is_daily":false,"chose_seed":false,"campfire_upgraded":1,"win_rate":0.0,"timestamp":1609362522,"path_taken":["M","M","?","M","M","E","R","E"],"items_purchased_type":[],"build_version":"2020-12-22","purchased_purges":0,"victory":false,"max_hp_per_floor":[66,66,66,66,66,66,66,66,66],"relic_stats":{"Blood Vial":2,"counters":[6,45],"Turnip":[0],"obtain_stats":[{"Blood Vial":6,"Turnip":0,"Ring of the Snake":0},{"Blood Vial":5,"Turnip":0,"Ring of the Snake":0},{"Blood Vial":36,"Turnip":0,"Ring of the Snake":0}],"Ring of the Snake":[12]},"card_choices":[{"not_picked":["Reflex","Flechettes"],"picked":"Cloak And Dagger","floor":1.0},{"not_picked":["PiercingWail","Dagger Throw"],"picked":"Sucker Punch","floor":2.0},{"not_picked":["Dodge and Roll","Quick Slash"],"picked":"Footwork","floor":4.0},{"not_picked":["Flechettes","Flying Knee","Distraction"],"picked":"SKIP","floor":5.0},{"not_picked":["Crippling Poison","Underhanded Strike"],"picked":"Backstab","floor":6.0}],"player_experience":688668,"relics_obtained":[{"floor":6.0,"key":"Blood Vial"}],"event_choices":[{"damage_healed":0.0,"max_hp_gain":0.0,"max_hp_loss":0.0,"gold_gain":0.0,"event_name":"Living Wall","player_choice":"Grow","floor":3.0,"gold_loss":0.0,"damage_taken":0.0,"cards_upgraded":["Sucker Punch"]}],"is_beta":false,"boss_relics":[],"items_purged_floors":[],"is_endless":false,"potions_floor_spawned":[1,2],"killed_by":"Lagavulin","ascension_level":20}}