{"host":"hwrdjx5eod2cxh09","time":1609335378,"event":{"mods":["AchievementEnabler","BaseMod","Bestiary","Minty Spire (QoL Compilation)","Relic Stats"],"gold_per_floor":[117,135,151,3,3,33,33,60,60,78,78,88,105,117,117,213,213,230,230,241,261,278,305,305,305,329,346,359,359,359],"floor_reached":29,"playtime":1730,"items_purged":[],"score":286,"play_id":"f12326d1-9afd-4b1f-b7d6-1fce35a82f79","local_time":"20201230223618","is_ascension_mode":false,"campfire_choices":[{"data":"Zap","floor":7,"key":"SMITH"},{"data":"Coolheaded","floor":15,"key":"SMITH"},{"floor":25,"key":"REST"}],"circlet_count":0,"master_deck":["Strike_B","Strike_B","Strike_B","Strike_B","Defend_B","Defend_B","Defend_B","Defend_B","Zap+1","Dualcast","Conserve Battery","Coolheaded+1","Chaos+1","Glacier+1","Consume+1","Cold Snap","Leap+1","Electrodynamics","Rainbow+1","Loop","Loop","Defragment+1","Coolheaded+1"],"relics":["Cracked Core","PreservedInsect","Toxic Egg 2","Mango","Black Star","Bottled Lightning","MealTicket","Dream Catcher","Nunchaku","Potion Belt"],"acts_visited":["Exordium","TheCity"],"potions_floor_usage":[6,20,23],"damage_taken":[{"damage":1,"enemies":"Jaw Worm","floor":1,"turns":3},{"damage":6,"enemies":"2 Louse","floor":2,"turns":3},{"damage":0,"enemies":"Cultist","floor":3,"turns":4},{"damage":9,"enemies":"Gremlin Nob","floor":6,"turns":4},{"damage":18,"enemies":"Lagavulin","floor":8,"turns":8},{"damage":0,"enemies":"Looter","floor":10,"turns":4},{"damage":1,"enemies":"Red Slaver","floor":12,"turns":3},{"damage":6,"enemies":"Lots of Slimes","floor":13,"turns":7},{"damage":0,"enemies":"Looter","floor":14,"turns":3},{"damage":20,"enemies":"The Guardian","floor":16,"turns":14},{"damage":13,"enemies":"Spheric Guardian","floor":18,"turns":5},{"damage":1,"enemies":"3 Byrds","floor":20,"turns":5},{"damage":0,"enemies":"Cultist and Chosen","floor":21,"turns":6},{"damage":3,"enemies":"Snecko","floor":22,"turns":6},{"damage":39,"enemies":"Book of Stabbing","floor":23,"turns":8},{"damage":23,"enemies":"Centurion and Healer","floor":27,"turns":7},{"damage":10,"enemies":"Cultist and Chosen","floor":28,"turns":6},{"damage":45,"enemies":"Gremlin Leader","floor":29,"turns":4}],"seed_played":"6537828965700780326","potions_obtained":[{"floor":3,"key":"FearPotion"},{"floor":6,"key":"Energy Potion"},{"floor":11,"key":"ColorlessPotion"},{"floor":11,"key":"Block Potion"},{"floor":20,"key":"ColorlessPotion"},{"floor":22,"key":"BlessingOfTheForge"},{"floor":28,"key":"Block Potion"}],"is_trial":false,"path_per_floor":["M","M","M","$","?","E","R","E","T","M","?","M","M","M","R","B",null,"M","T","M","M","M","E","?","R","T","M","M","E"],"character_chosen":"DEFECT","items_purchased":["PreservedInsect"],"campfire_rested":1,"item_purchase_floors":[4],"current_hp_per_floor":[81,75,75,75,75,66,66,62,62,62,62,61,55,55,55,35,96,83,83,82,82,79,40,40,68,68,45,35,0,0],"gold":359,"neow_bonus":"TEN_PERCENT_HP_BONUS","is_daily":false,"chose_seed":false,"campfire_upgraded":2,"win_rate":0.0,"timestamp":1609335378,"path_taken":["M","M","M","$","?","E","R","E","T","M","?","M","M","M","R","BOSS","M","?","M","M","M","E","?","R","T","?","M","E"],"items_purchased_type":["Relic"],"build_version":"2020-12-22","purchased_purges":0,"victory":false,"max_hp_per_floor":[82,82,82,82,82,82,82,96,96,96,96,96,96,96,96,96,96,96,96,96,96,96,96,96,96,96,96,96,96,96],"relic_stats":{"Dream Catcher":1,"Nunchaku":[0],"counters":[18,100],"MealTicket":0,"PreservedInsect":132,"Black Star":1,"obtain_stats":[{"Potion Belt":26,"Dream Catcher":23,"Nunchaku":24,"Mango":8,"MealTicket":23,"PreservedInsect":4,"Black Star":17,"Bottled Lightning":19,"Toxic Egg 2":6,"Cracked Core":0},{"Potion Belt":15,"Dream Catcher":15,"Nunchaku":15,"Mango":5,"MealTicket":15,"PreservedInsect":3,"Black Star":10,"Bottled Lightning":11,"Toxic Egg 2":4,"Cracked Core":0},{"Potion Belt":83,"Dream Catcher":83,"Nunchaku":83,"Mango":22,"MealTicket":83,"PreservedInsect":10,"Black Star":53,"Bottled Lightning":58,"Toxic Egg 2":14,"Cracked Core":0}]},"card_choices":[{"not_picked":["Go for the Eyes","Steam"],"picked":"Conserve Battery","floor":1},{"not_picked":["Stack","Skim"],"picked":"Coolheaded","floor":2},{"not_picked":["Capacitor","Force Field"],"picked":"Chaos","floor":3},{"not_picked":["Go for the Eyes","Multi-Cast+1"],"picked":"Glacier+1","floor":6},{"not_picked":["Hello World","Recycle+1","Heatsinks"],"picked":"SKIP","floor":8},{"not_picked":["Go for the Eyes","Sweeping Beam"],"picked":"Consume+1","floor":10},{"not_picked":["Beam Cell","Static Discharge"],"picked":"Cold Snap","floor":12},{"not_picked":["Blizzard","Rip and Tear"],"picked":"Leap+1","floor":13},{"not_picked":["Self Repair","Streamline"],"picked":"Electrodynamics","floor":14},{"not_picked":["All For One","Thunder Strike"],"picked":"Rainbow+1","floor":16},{"not_picked":["Cold Snap+1","Genetic Algorithm+1","Conserve Battery+1"],"picked":"SKIP","floor":18},{"not_picked":["Conserve Battery+1","Streamline","Leap+1"],"picked":"SKIP","floor":20},{"not_picked":["Gash","Sweeping Beam"],"picked":"Loop","floor":21},{"not_picked":["Hologram+1","Gash"],"picked":"Loop","floor":22},{"not_picked":["Beam Cell","Steam+1","Barrage"],"picked":"SKIP","floor":23},{"not_picked":["Auto Shields+1","Core Surge"],"picked":"Defragment+1","floor":25},{"not_picked":["Tempest+1","Conserve Battery+1"],"picked":"Coolheaded+1","floor":27},{"not_picked":["Conserve Battery+1","Recycle+1","Steam+1"],"picked":"SKIP","floor":28}],"player_experience":104382,"relics_obtained":[{"floor":6,"key":"Toxic Egg 2"},{"floor":8,"key":"Mango"},{"floor":19,"key":"Bottled Lightning"},{"floor":23,"key":"MealTicket"},{"floor":23,"key":"Dream Catcher"},{"floor":26,"key":"Potion Belt"}],"event_choices":[{"damage_healed":0,"gold_gain":0,"player_choice":"Grow","damage_taken":0,"max_hp_gain":0,"max_hp_loss":0,"event_name":"Living Wall","floor":5,"gold_loss":0,"cards_upgraded":["Chaos"]},{"damage_healed":0,"gold_gain":0,"player_choice":"Got Potions","damage_taken":0,"max_hp_gain":0,"max_hp_loss":0,"event_name":"Lab","floor":11,"gold_loss":0},{"damage_healed":0,"gold_gain":0,"player_choice":"Gave Potion","damage_taken":0,"relics_obtained":["Nunchaku"],"max_hp_gain":0,"max_hp_loss":0,"event_name":"WeMeetAgain","floor":24,"gold_loss":0}],"is_beta":false,"boss_relics":[{"not_picked":["Fusion Hammer","Sozu"],"picked":"Black Star"}],"items_purged_floors":[],"is_endless":false,"potions_floor_spawned":[3,6,16,18,20,22,28],"killed_by":"Gremlin Leader","ascension_level":0}}