{"host":"xcuflocadasoaqda","time":1609307600,"event":{"mods":["BaseMod","Bestiary","Filter the Spire","Minty Spire (QoL Compilation)","Relic Stats"],"gold_per_floor":[116,116,136,136,148,148,183,204,204,235,247,247,290,313,313,402,402,427,352,352,352,352,352,368,408,433,433,467,480,460,35,35,131,131,155,155,176,189,79,79,110,110,110,123,147,178,221,244,244,244,244,244,244,0,41,41],"floor_reached":57,"playtime":3340,"items_purged":["A Thousand Cuts"],"score":2886,"play_id":"12ebbf3b-40d0-492c-a75a-f435725e2007","local_time":"20201229235320","is_ascension_mode":true,"campfire_choices":[{"data":"Crippling Poison","floor":6.0,"key":"SMITH"},{"data":"Catalyst","floor":15.0,"key":"SMITH"},{"data":"Wraith Form v2","floor":23,"key":"SMITH"},{"data":"Deadly Poison","floor":27,"key":"SMITH"},{"data":"Noxious Fumes","floor":32,"key":"SMITH"},{"data":"Well Laid Plans","floor":40,"key":"SMITH"},{"floor":42,"key":"RECALL"},{"data":"Wraith Form v2","floor":49,"key":"SMITH"},{"data":"After Image","floor":53,"key":"SMITH"}],"circlet_count":0,"master_deck":["AscendersBane","Survivor","Neutralize","Skewer","Leg Sweep","PiercingWail","Flechettes","Backflip","Crippling Poison+1","Dodge and Roll","Deadly Poison+1","Dagger Spray+1","Blur","Predator+1","Bane+1","Backflip","Catalyst+1","Wraith Form v2+1","Well Laid Plans+1","Noxious Fumes+1","Master of Strategy+1","Night Terror","Crippling Poison","After Image+1","Parasite","Wraith Form v2+1","Catalyst","Leg Sweep+1"],"relics":["Pandora\u0027s Box","Molten Egg 2","Lantern","Odd Mushroom","Boot","Golden Idol","Bag of Marbles","Coffee Dripper","Paper Crane","Nloth\u0027s Gift","Mummified Hand","Snake Skull","Unceasing Top","Happy Flower","Snecko Eye","Meat on the Bone","Tingsha","Pear","OrangePellets","Bottled Lightning"],"acts_visited":["Exordium","TheCity","TheBeyond","TheEnding"],"potions_floor_usage":[44,56,56],"damage_taken":[{"damage":2.0,"enemies":"Small Slimes","floor":1.0,"turns":5.0},{"damage":0.0,"enemies":"2 Louse","floor":3.0,"turns":3.0},{"damage":4.0,"enemies":"Jaw Worm","floor":5.0,"turns":4.0},{"damage":10.0,"enemies":"Lagavulin","floor":7.0,"turns":8.0},{"damage":0.0,"enemies":"The Mushroom Lair","floor":8.0,"turns":3.0},{"damage":18.0,"enemies":"Gremlin Nob","floor":10.0,"turns":4.0},{"damage":0.0,"enemies":"Looter","floor":11.0,"turns":2.0},{"damage":5.0,"enemies":"3 Sentries","floor":13.0,"turns":8.0},{"damage":0.0,"enemies":"Exordium Wildlife","floor":14.0,"turns":2.0},{"damage":4.0,"enemies":"The Guardian","floor":16.0,"turns":10.0},{"damage":1.0,"enemies":"3 Byrds","floor":18.0,"turns":4.0},{"damage":0,"enemies":"2 Thieves","floor":24,"turns":3},{"damage":2,"enemies":"Slavers","floor":25,"turns":5},{"damage":0,"enemies":"Gremlin Leader","floor":28,"turns":4},{"damage":0,"enemies":"Snecko","floor":29,"turns":4},{"damage":10,"enemies":"Champ","floor":33,"turns":8},{"damage":0,"enemies":"3 Shapes","floor":35,"turns":3},{"damage":0,"enemies":"Orb Walker","floor":37,"turns":2},{"damage":5,"enemies":"Jaw Worm Horde","floor":38,"turns":2},{"damage":0,"enemies":"Nemesis","floor":41,"turns":3},{"damage":0,"enemies":"Maw","floor":44,"turns":6},{"damage":0,"enemies":"Writhing Mass","floor":45,"turns":4},{"damage":0,"enemies":"Mind Bloom Boss Battle","floor":46,"turns":5},{"damage":18,"enemies":"Reptomancer","floor":47,"turns":7},{"damage":0,"enemies":"Jaw Worm Horde","floor":48,"turns":3},{"damage":2,"enemies":"Donu and Deca","floor":50,"turns":10},{"damage":2,"enemies":"Awakened One","floor":51,"turns":13},{"damage":0,"enemies":"Shield and Spear","floor":55,"turns":6},{"damage":3,"enemies":"The Heart","floor":56,"turns":7}],"seed_played":"-9204774909180170460","potions_obtained":[{"floor":3.0,"key":"Weak Potion"},{"floor":8.0,"key":"Swift Potion"},{"floor":13.0,"key":"BlessingOfTheForge"},{"floor":14.0,"key":"Energy Potion"},{"floor":18.0,"key":"Fire Potion"},{"floor":33,"key":"Ancient Potion"},{"floor":47,"key":"FearPotion"}],"is_trial":false,"path_per_floor":["M","?","M","?","M","R","E","?","T","E","M","?","E","M","R","B",null,"M","?","?","T","?","R","M","E","T","R","E","M","?","$","R","B",null,"M","?","M","M","?","R","E","R","T","M","M","?","E","M","R","B","B",null,"R","$","E","B",null],"character_chosen":"THE_SILENT","items_purchased":["Happy Flower","Master of Strategy","OrangePellets","Catalyst"],"campfire_rested":0,"item_purchase_floors":[31,31,54,54],"current_hp_per_floor":[57,22,22,44,40,40,30,30,30,12,12,12,7,7,7,3,46,45,45,45,45,45,45,45,43,43,43,43,43,43,43,43,33,53,53,53,53,48,48,48,48,48,48,48,48,48,52,52,52,50,48,65,65,65,65,62],"gold":41,"neow_bonus":"BOSS_RELIC","is_daily":false,"chose_seed":false,"campfire_upgraded":8,"win_rate":0.0,"timestamp":1609307600,"path_taken":["M","?","M","?","M","R","E","?","T","E","M","?","E","?","R","BOSS","M","?","?","?","?","R","?","E","T","R","E","M","?","$","R","BOSS","M","?","M","M","?","R","E","R","T","?","M","?","E","M","R","BOSS","BOSS","R","$","E","BOSS"],"items_purchased_type":["Relic","Card","Relic","Card"],"build_version":"2020-12-22","purchased_purges":1,"victory":true,"max_hp_per_floor":[66,66,66,66,66,66,66,66,66,66,66,60,60,60,60,60,60,60,60,60,60,60,60,60,60,60,60,60,60,60,60,60,60,60,60,60,60,60,60,60,60,60,60,60,60,60,70,70,70,70,70,70,70,70,70,70],"relic_stats":{"Happy Flower":[26],"counters":[29,148],"Golden Idol":188,"Tingsha":[9],"Snake Skull":[171],"Boot":[169],"OrangePellets":[7],"Mummified Hand":[123],"Snecko Eye":[119,104,101,124],"Pandora\u0027s Box":["Skewer","Deflect","Leg Sweep","PiercingWail","Flechettes","Backflip","Crippling Poison","Dodge and Roll","Accuracy","A Thousand Cuts"],"Nloth\u0027s Gift":1,"obtain_stats":[{"Lantern":7,"Pear":47,"Happy Flower":31,"Golden Idol":12,"Tingsha":46,"Snake Skull":26,"Odd Mushroom":8,"Paper Crane":21,"Boot":10,"OrangePellets":54,"Mummified Hand":25,"Snecko Eye":34,"Pandora\u0027s Box":0,"Molten Egg 2":2,"Bag of Marbles":13,"Coffee Dripper":17,"Nloth\u0027s Gift":22,"Kunai":9,"Bottled Lightning":55,"Unceasing Top":28,"Ring of the Snake":0,"Meat on the Bone":41},{"Lantern":4,"Pear":24,"Happy Flower":15,"Golden Idol":7,"Tingsha":23,"Snake Skull":13,"Odd Mushroom":5,"Paper Crane":11,"Boot":6,"OrangePellets":27,"Mummified Hand":13,"Snecko Eye":16,"Pandora\u0027s Box":0,"Molten Egg 2":1,"Bag of Marbles":8,"Coffee Dripper":10,"Nloth\u0027s Gift":11,"Kunai":5,"Bottled Lightning":28,"Unceasing Top":14,"Ring of the Snake":0,"Meat on the Bone":20},{"Lantern":20,"Pear":109,"Happy Flower":69,"Golden Idol":29,"Tingsha":102,"Snake Skull":61,"Odd Mushroom":23,"Paper Crane":53,"Boot":27,"OrangePellets":135,"Mummified Hand":61,"Snecko Eye":77,"Pandora\u0027s Box":0,"Molten Egg 2":5,"Bag of Marbles":37,"Coffee Dripper":49,"Nloth\u0027s Gift":53,"Kunai":23,"Bottled Lightning":141,"Unceasing Top":65,"Ring of the Snake":0,"Meat on the Bone":87}],"Unceasing Top":[2],"Meat on the Bone":12},"card_choices":[{"not_picked":["Acrobatics","Flying Knee"],"picked":"Deadly Poison","floor":1.0},{"not_picked":["Deflect","Acrobatics"],"picked":"Dagger Spray+1","floor":3.0},{"not_picked":["Slice+1","Crippling Poison"],"picked":"Blur","floor":5.0},{"not_picked":["All Out Attack+1","Infinite Blades"],"picked":"Predator+1","floor":7.0},{"not_picked":["Backstab+1","Backflip"],"picked":"Bane+1","floor":8.0},{"not_picked":["Flying Knee+1","Tactician"],"picked":"Backflip","floor":10.0},{"not_picked":["Prepared","Caltrops"],"picked":"Catalyst","floor":11.0},{"not_picked":["Heel Hook+1","Eviscerate+1","A Thousand Cuts"],"picked":"SKIP","floor":13.0},{"not_picked":["Underhanded Strike+1","All Out Attack+1","Acrobatics"],"picked":"SKIP","floor":14.0},{"not_picked":["Unload+1","Glass Knife+1"],"picked":"Wraith Form v2","floor":16.0},{"not_picked":["Dagger Throw+1","Setup","Flying Knee+1"],"picked":"SKIP","floor":18.0},{"not_picked":["Quick Slash+1","Underhanded Strike+1"],"picked":"Well Laid Plans","floor":24},{"not_picked":["Dodge and Roll","Eviscerate+1"],"picked":"Prepared+1","floor":25},{"not_picked":["Prepared","Well Laid Plans+1","Reflex+1"],"picked":"SKIP","floor":28},{"not_picked":["Sucker Punch+1","Dodge and Roll"],"picked":"Noxious Fumes","floor":29},{"not_picked":["Glass Knife+1","Unload+1"],"picked":"Night Terror","floor":33},{"not_picked":["Prepared","Deflect","Dagger Throw+1"],"picked":"SKIP","floor":35},{"not_picked":["Acrobatics","Deflect"],"picked":"Crippling Poison","floor":37},{"not_picked":["Prepared","Concentrate+1","Bane+1"],"picked":"SKIP","floor":38},{"not_picked":["Quick Slash+1","Grand Finale+1"],"picked":"After Image","floor":41},{"not_picked":["Tactician+1","Slice+1","Outmaneuver"],"picked":"SKIP","floor":44},{"not_picked":["Crippling Poison","Dodge and Roll","Tactician"],"picked":"SKIP","floor":45},{"not_picked":["Quick Slash+1","Phantasmal Killer","Deadly Poison"],"picked":"SKIP","floor":47},{"not_picked":["Deflect+1","Quick Slash+1"],"picked":"Wraith Form v2","floor":48},{"not_picked":["Footwork","Prepared"],"picked":"Leg Sweep+1","floor":55}],"player_experience":1822639,"relics_obtained":[{"floor":7.0,"key":"Lantern"},{"floor":8.0,"key":"Odd Mushroom"},{"floor":9.0,"key":"Kunai"},{"floor":10.0,"key":"Boot"},{"floor":13.0,"key":"Bag of Marbles"},{"floor":21.0,"key":"Paper Crane"},{"floor":25,"key":"Mummified Hand"},{"floor":26,"key":"Snake Skull"},{"floor":28,"key":"Unceasing Top"},{"floor":41,"key":"Meat on the Bone"},{"floor":46,"key":"Tingsha"},{"floor":47,"key":"Pear"},{"floor":55,"key":"Bottled Lightning"}],"event_choices":[{"damage_healed":0.0,"max_hp_gain":0.0,"max_hp_loss":0.0,"gold_gain":0.0,"event_name":"Scrap Ooze","player_choice":"Success","floor":2.0,"gold_loss":0.0,"damage_taken":35.0,"relics_obtained":["Molten Egg 2"]},{"damage_healed":22.0,"max_hp_gain":0.0,"max_hp_loss":0.0,"gold_gain":0.0,"event_name":"Big Fish","player_choice":"Banana","floor":4.0,"gold_loss":0.0,"damage_taken":0.0},{"damage_healed":0.0,"max_hp_gain":0.0,"max_hp_loss":0.0,"gold_gain":0.0,"event_name":"Mushrooms","player_choice":"Fought Mushrooms","floor":8.0,"gold_loss":0.0,"damage_taken":0.0},{"damage_healed":0.0,"max_hp_gain":0.0,"max_hp_loss":6.0,"gold_gain":0.0,"event_name":"Golden Idol","player_choice":"Lose Max HP","floor":12.0,"gold_loss":0.0,"damage_taken":0.0,"relics_obtained":["Golden Idol"]},{"cards_removed":["Accuracy"],"damage_healed":0.0,"max_hp_gain":0.0,"max_hp_loss":0.0,"gold_gain":0.0,"event_name":"Beggar","player_choice":"Gave Gold","floor":19.0,"gold_loss":75.0,"damage_taken":0.0},{"damage_healed":0.0,"max_hp_gain":0.0,"max_hp_loss":0.0,"gold_gain":0.0,"event_name":"The Mausoleum","player_choice":"Ignored","floor":20.0,"gold_loss":0.0,"damage_taken":0.0},{"damage_healed":0,"gold_gain":0,"player_choice":"Traded Relic","damage_taken":0,"relics_obtained":["Nloth\u0027s Gift"],"max_hp_gain":0,"max_hp_loss":0,"event_name":"N\u0027loth","floor":22,"relics_lost":["Kunai"],"gold_loss":0},{"damage_healed":0,"gold_gain":0,"player_choice":"Bought 1 Potion","damage_taken":0,"max_hp_gain":0,"max_hp_loss":0,"event_name":"The Woman in Blue","floor":30,"gold_loss":0},{"cards_removed":["Prepared"],"damage_healed":0,"gold_gain":0,"player_choice":"Removed Skill","damage_taken":0,"max_hp_gain":0,"max_hp_loss":0,"event_name":"Falling","floor":36,"gold_loss":0},{"cards_removed":["Deflect"],"damage_healed":0,"gold_gain":0,"player_choice":"Upgrade and Remove","damage_taken":0,"max_hp_gain":0,"max_hp_loss":0,"event_name":"Designer","floor":39,"gold_loss":110,"cards_upgraded":["Master of Strategy"]},{"damage_healed":0,"gold_gain":0,"player_choice":"Fight","damage_taken":0,"max_hp_gain":0,"max_hp_loss":0,"event_name":"MindBloom","floor":46,"gold_loss":0}],"is_beta":false,"boss_relics":[{"not_picked":["Fusion Hammer","Ectoplasm"],"picked":"Coffee Dripper"},{"not_picked":["WristBlade","Philosopher\u0027s Stone"],"picked":"Snecko Eye"}],"items_purged_floors":[31],"is_endless":false,"potions_floor_spawned":[3,8,13,14,18,25,33,38,41,47,48,55],"ascension_level":20}}