{"host":"rag04wbrzwiojxfu","time":1609304877,"event":{"mods":["AchievementEnabler","Alarm Clock","BaseMod","Bestiary","Block Reminder","Colored Powertips","Highlight Path","Minty Spire (QoL Compilation)","Quick Restart","Relic Sorter","Relic Stats","Shop Mod","StSLib"],"gold_per_floor":[111,111,36,47,47,47,47,47],"floor_reached":7,"playtime":1126,"items_purged":["Warcry"],"score":78,"play_id":"ef161892-66d2-46df-b7e0-6a22a1b2e511","local_time":"20201229230757","daily_mods":["Draft","Allstar","Diverse","Colorless Cards","Heirloom","Flight"],"is_ascension_mode":true,"campfire_choices":[{"data":"Dramatic Entrance","floor":6,"key":"SMITH"}],"circlet_count":0,"master_deck":["AscendersBane","Dual Wield","Recycle","Terror","Sucker Punch","Disarm","Battle Trance","ThirdEye","Deep Breath","Dramatic Entrance+1","Concentrate","Warcry","Footwork","Stack","Deadly Poison","Self Repair"],"relics":["Burning Blood","Gambling Chip"],"acts_visited":["Exordium"],"potions_floor_usage":[7,7],"damage_taken":[{"damage":17,"enemies":"2 Louse","floor":1,"turns":4},{"damage":3,"enemies":"Cultist","floor":4,"turns":4},{"damage":65,"enemies":"3 Sentries","floor":7,"turns":12}],"seed_played":"-6721139253623654499","potions_obtained":[{"floor":2,"key":"ElixirPotion"},{"floor":2,"key":"Block Potion"}],"is_trial":true,"path_per_floor":["M","?","$","M","?","R","E"],"character_chosen":"IRONCLAD","items_purchased":[],"campfire_rested":0,"item_purchase_floors":[],"current_hp_per_floor":[57,57,57,60,60,60,0,0],"gold":47,"neow_bonus":"","is_daily":false,"chose_seed":false,"campfire_upgraded":1,"win_rate":0.0,"timestamp":1609304877,"path_taken":["M","?","$","?","?","R","E"],"items_purchased_type":[],"build_version":"2020-12-22","purchased_purges":1,"victory":false,"max_hp_per_floor":[75,75,75,75,75,75,75,75],"relic_stats":{"counters":[3,20],"Gambling Chip":[8],"obtain_stats":[{"Gambling Chip":0,"Burning Blood":0},{"Gambling Chip":0,"Burning Blood":0},{"Gambling Chip":0,"Burning Blood":0}],"Burning Blood":12},"card_choices":[{"not_picked":["Jack Of All Trades","Perfected Strike"],"picked":"Dual Wield","floor":0},{"not_picked":["Havoc","Wild Strike"],"picked":"Streamline","floor":0},{"not_picked":["Body Slam","Hologram"],"picked":"Recycle","floor":0},{"not_picked":["Heatsinks","FollowUp"],"picked":"Terror","floor":0},{"not_picked":["True Grit","Evaluate"],"picked":"Sucker Punch","floor":0},{"not_picked":["EmptyMind","Entrench"],"picked":"Disarm","floor":0},{"not_picked":["Anger","Finisher"],"picked":"Warcry","floor":0},{"not_picked":["Sweeping Beam","Armaments"],"picked":"Battle Trance","floor":0},{"not_picked":["Steam","Reflex"],"picked":"ThirdEye","floor":0},{"not_picked":["Beam Cell","Acrobatics"],"picked":"Deep Breath","floor":0},{"not_picked":["Blade Dance","Stack"],"picked":"Dramatic Entrance","floor":0},{"not_picked":["Choke","Flying Knee"],"picked":"Concentrate","floor":0},{"not_picked":["Protect","Tempest"],"picked":"Warcry","floor":0},{"not_picked":["Rip and Tear","True Grit"],"picked":"Footwork","floor":0},{"not_picked":["Wild Strike","Acrobatics"],"picked":"Stack","floor":0},{"not_picked":["Body Slam","Setup"],"picked":"Deadly Poison","floor":1},{"not_picked":["Slice","Masterful Stab"],"picked":"Self Repair","floor":4}],"player_experience":244415,"relics_obtained":[],"event_choices":[{"damage_healed":0,"gold_gain":0,"player_choice":"Got Potions","damage_taken":0,"max_hp_gain":0,"max_hp_loss":0,"event_name":"Lab","floor":2,"gold_loss":0},{"cards_removed":["Streamline"],"damage_healed":0,"gold_gain":0,"player_choice":"Purged","damage_taken":0,"max_hp_gain":0,"max_hp_loss":0,"event_name":"Purifier","floor":5,"gold_loss":0}],"is_beta":false,"boss_relics":[],"items_purged_floors":[3],"is_endless":false,"potions_floor_spawned":[4],"killed_by":"3 Sentries","ascension_level":20}}