{"host":"msepye59htvs4aw4","time":1609355811,"event":{"mods":["BaseMod","Colored Map","DeckTracker","Highlight Path","Minty Spire (QoL Compilation)","Shop Mod","StSLib","SuperFastMode"],"gold_per_floor":[115,115,134,144,144,144,174,225,302,267,267,22,33,50,50,151,151,168,168,197,197,208,208,233,233,233,248,278,278,278,289,289,289,289],"floor_reached":33,"playtime":1479,"items_purged":[],"score":475,"play_id":"397bcd78-326c-4155-a89f-739847e42eb7","local_time":"20201230201651","is_ascension_mode":true,"campfire_choices":[{"data":"Armaments","floor":6,"key":"SMITH"},{"floor":11,"key":"REST"},{"data":"Sword Boomerang","floor":15,"key":"SMITH"},{"data":"Ghostly","floor":23,"key":"SMITH"},{"data":"Ghostly","floor":25,"key":"SMITH"},{"data":"Infernal Blade","floor":29,"key":"SMITH"},{"floor":32,"key":"REST"}],"circlet_count":0,"master_deck":["AscendersBane","Defend_R","Defend_R","Defend_R","Defend_R","Bash+1","Spot Weakness","Armaments+1","Body Slam","Warcry","Sword Boomerang+1","Feed","Shockwave+1","Bite","Bite","Bite","Bite","Bite","Cleave","Ghostly+1","Ghostly+1","Ghostly","Ghostly","Ghostly","Cleave+1","Ghostly Armor+1","Infernal Blade+1","Necronomicurse","Immolate"],"relics":["Burning Blood","Oddly Smooth Stone","Toy Ornithopter","MerchantsRug","Toolbox","Sozu","Red Mask","Juzu Bracelet","Kunai","Nunchaku","Necronomicon"],"acts_visited":["Exordium","TheCity"],"potions_floor_usage":[16,20],"damage_taken":[{"damage":11,"enemies":"Small Slimes","floor":1,"turns":5},{"damage":1,"enemies":"Cultist","floor":3,"turns":4},{"damage":19,"enemies":"Jaw Worm","floor":4,"turns":5},{"damage":35,"enemies":"3 Sentries","floor":7,"turns":8},{"damage":22,"enemies":"Large Slime","floor":13,"turns":6},{"damage":5,"enemies":"Looter","floor":14,"turns":3},{"damage":33,"enemies":"The Guardian","floor":16,"turns":10},{"damage":8,"enemies":"Chosen","floor":18,"turns":3},{"damage":38,"enemies":"Masked Bandits","floor":20,"turns":4},{"damage":13,"enemies":"3 Byrds","floor":22,"turns":7},{"damage":8,"enemies":"Gremlin Leader","floor":24,"turns":6},{"damage":17,"enemies":"Snake Plant","floor":27,"turns":12},{"damage":14,"enemies":"Book of Stabbing","floor":28,"turns":6},{"damage":14,"enemies":"Sentry and Sphere","floor":31,"turns":6},{"damage":46,"enemies":"Automaton","floor":33,"turns":8}],"seed_played":"2229995969452790052","potions_obtained":[{"floor":13,"key":"SteroidPotion"},{"floor":16,"key":"DuplicationPotion"}],"is_trial":false,"path_per_floor":["M","?","M","M","?","R","E","?","T","?","R","$","M","M","R","B",null,"M","?","?","?","M","R","E","R","T","M","E","R","?","M","R","B"],"character_chosen":"IRONCLAD","items_purchased":["MerchantsRug","Toolbox"],"campfire_rested":2,"item_purchase_floors":[12,12],"current_hp_per_floor":[75,75,80,67,60,60,31,31,31,53,79,79,63,64,64,42,77,75,61,41,32,36,36,36,36,36,35,36,36,20,23,34,0,0],"gold":289,"neow_bonus":"TEN_PERCENT_HP_BONUS","is_daily":false,"chose_seed":false,"campfire_upgraded":5,"win_rate":0.0,"timestamp":1609355811,"path_taken":["M","?","?","M","?","R","E","?","T","?","R","$","M","M","R","BOSS","M","?","?","?","M","R","E","R","T","M","E","R","?","M","R","BOSS"],"items_purchased_type":["Relic","Relic"],"build_version":"2020-12-22","purchased_purges":0,"victory":false,"max_hp_per_floor":[88,88,88,88,88,88,88,88,88,88,88,88,88,88,88,88,88,88,61,64,32,36,36,36,36,36,39,39,39,39,39,39,39,39],"card_choices":[{"not_picked":["Warcry","Headbutt","Iron Wave"],"picked":"SKIP","floor":1},{"not_picked":["Iron Wave","Clothesline"],"picked":"Spot Weakness","floor":3},{"not_picked":["Clothesline","Wild Strike"],"picked":"Armaments","floor":4},{"not_picked":["Uppercut","Twin Strike"],"picked":"Body Slam","floor":7},{"not_picked":["Havoc","Headbutt"],"picked":"Warcry","floor":13},{"not_picked":["Clash","Second Wind"],"picked":"Sword Boomerang","floor":14},{"not_picked":["Offering","Juggernaut"],"picked":"Feed","floor":16},{"not_picked":["Thunderclap","Clash"],"picked":"Shockwave+1","floor":18},{"not_picked":["Thunderclap","Evolve"],"picked":"Cleave","floor":20},{"not_picked":["Bloodletting","Iron Wave"],"picked":"Cleave+1","floor":22},{"not_picked":["Warcry+1","Reckless Charge"],"picked":"Ghostly Armor+1","floor":24},{"not_picked":["Hemokinesis","Reckless Charge","Perfected Strike"],"picked":"SKIP","floor":27},{"not_picked":["Warcry","Evolve"],"picked":"Infernal Blade","floor":28},{"not_picked":["Sever Soul","Hemokinesis+1"],"picked":"Immolate","floor":31}],"player_experience":1613304,"relics_obtained":[{"floor":7,"key":"Toy Ornithopter"},{"floor":9,"key":"Bottled Flame"},{"floor":20,"key":"Red Mask"},{"floor":24,"key":"Juzu Bracelet"},{"floor":26,"key":"Kunai"},{"floor":28,"key":"Nunchaku"},{"floor":30,"key":"Necronomicon"}],"event_choices":[{"damage_healed":0,"gold_gain":0,"player_choice":"Forge","damage_taken":0,"max_hp_gain":0,"max_hp_loss":0,"event_name":"Accursed Blacksmith","floor":2,"gold_loss":0,"cards_upgraded":["Bash"]},{"damage_healed":0,"gold_gain":0,"player_choice":"Success","damage_taken":7,"relics_obtained":["Oddly Smooth Stone"],"max_hp_gain":0,"max_hp_loss":0,"event_name":"Scrap Ooze","floor":5,"gold_loss":0},{"damage_healed":0,"gold_gain":51,"player_choice":"Gained Gold","damage_taken":0,"max_hp_gain":0,"max_hp_loss":0,"event_name":"Golden Wing","floor":8,"gold_loss":0},{"damage_healed":22,"gold_gain":0,"player_choice":"Healed","damage_taken":0,"max_hp_gain":0,"max_hp_loss":0,"event_name":"The Cleric","floor":10,"gold_loss":35},{"damage_healed":0,"gold_gain":0,"player_choice":"Became a vampire","damage_taken":0,"max_hp_gain":0,"max_hp_loss":27,"event_name":"Vampires","floor":19,"gold_loss":0,"cards_obtained":["Bite","Bite","Bite","Bite","Bite"]},{"damage_healed":0,"gold_gain":0,"player_choice":"Fought Bandits","damage_taken":0,"max_hp_gain":0,"max_hp_loss":0,"event_name":"Masked Bandits","floor":20,"gold_loss":0},{"damage_healed":0,"gold_gain":0,"player_choice":"Became a Ghost","damage_taken":0,"max_hp_gain":0,"max_hp_loss":32,"event_name":"Ghosts","floor":21,"gold_loss":0,"cards_obtained":["Ghostly","Ghostly","Ghostly","Ghostly","Ghostly"]},{"damage_healed":0,"gold_gain":0,"player_choice":"Obtained Book","damage_taken":16,"max_hp_gain":0,"max_hp_loss":0,"event_name":"Cursed Tome","floor":30,"gold_loss":0}],"is_beta":false,"boss_relics":[{"not_picked":["Fusion Hammer","Pandora\u0027s Box"],"picked":"Sozu"}],"items_purged_floors":[],"is_endless":false,"potions_floor_spawned":[13,16,24,28],"killed_by":"Automaton","ascension_level":10}}