{"host":"bf9sa99gaumonoeu","time":1609359508,"event":{"mods":["AchievementEnabler","BaseMod","Colored Map","Downfall","Friendly Minions","Marisa????????","Minty Spire (QoL Compilation)","Replay The Spire","StSLib","The Cursed","The Disciple","The Servant 0.9.4"],"gold_per_floor":[99,118,132,144,164,164,187,200,228,238,238,238,250,282,297,393,393,393,409,423,196,213,213,213,42,42,42,59,59,85,85,10,26,38,142,142,142,154,154,168,178,190,190,207,57,70,103,103,103,154,171,171,171,202,25,25,25],"floor_reached":58,"playtime":8966,"items_purged":["champ:Strike","Wraith","champ:DefensiveStyle"],"score":1552,"play_id":"c5d289ed-c351-4164-9298-b3d379c2a51c","local_time":"20201230181828","is_ascension_mode":false,"campfire_choices":[{"floor":1.0,"key":"DIG"},{"data":"champ:DancingMaster","floor":27,"key":"SMITH"},{"data":"champ:CheapShot","floor":29,"key":"SMITH"},{"data":"champ:SteelEdge","floor":32,"key":"SMITH"},{"floor":37,"key":"RECALL"},{"data":"champ:RecklessLeap","floor":45,"key":"SMITH"},{"data":"champ:ShieldSlam","floor":49,"key":"SMITH"},{"data":"champ:SteelEdge","floor":56,"key":"SMITH"}],"circlet_count":0,"master_deck":["champ:Strike","champ:Strike","champ:Defend","champ:Defend","champ:Defend","champ:Execute","champ:Taunt","champ:RecklessLeap+1","champ:CrookedStrike","champ:BringItOn","champ:DefensiveStyle","champ:FaceSlap","champ:SteelEdge+1","champ:BringItOn+1","champ:DancingMaster+1","champ:FocusedGladiator+1","champ:ViciousMockery+1","champ:TornadoPunch","champ:StrikeOfGenius","champ:Lariat+1","champ:Backstep+1","champ:CheapShot+1","champ:HoldFirm+1","champ:FlashCut","champ:FanOfKnives+1","Pot Of Greed+1","Pot Of Greed+1","Pot Of Greed+1","champ:SkillfulDodge+1","champ:IgnorePain+1","champ:ShieldSlam+1","champ:HoldFirm+1","Parasite","champ:Shatter+1","champ:SwordThrow","champ:Encircle","champ:SteelEdge+1","Pot Of Greed+1"],"relics":["champ:ChampionCrownUpgraded","Art of War","Gremlin Food","Toxic Egg 2","Regal Pillow","SlaversCollar","Grinning Jar","Divine Protection","Blue Doll","downfall:HeartBlessingGreen","downfall:HeartBlessingBlue","downfall:HeartBlessingRed","PreservedInsect","Bag of Marbles","Replay:Towering Pillar of Hats"],"acts_visited":["Exordium","TheCity","TheBeyond","TheEnding"],"potions_floor_usage":[19,22,30,35,52,52,54,57],"damage_taken":[{"damage":5.0,"enemies":"Small Slimes","floor":2.0,"turns":5.0},{"damage":21.0,"enemies":"Cultist","floor":3.0,"turns":3.0},{"damage":21.0,"enemies":"Jaw Worm","floor":4.0,"turns":3.0},{"damage":23.0,"enemies":"Red Slaver","floor":5.0,"turns":3.0},{"damage":32.0,"enemies":"Blue Slaver","floor":8.0,"turns":4.0},{"damage":20.0,"enemies":"Replay:BlueRogue","floor":9.0,"turns":5.0},{"damage":24.0,"enemies":"Large Slime","floor":10.0,"turns":5.0},{"damage":23.0,"enemies":"Exordium Thugs","floor":13.0,"turns":5.0},{"damage":19.0,"enemies":"3 Sentries","floor":14.0,"turns":5.0},{"damage":15.0,"enemies":"Lots of Slimes","floor":15.0,"turns":4.0},{"damage":46.0,"enemies":"downfall:Watcher","floor":16.0,"turns":9.0},{"damage":25,"enemies":"Chosen","floor":19,"turns":5},{"damage":5,"enemies":"Spheric Guardian","floor":20,"turns":4},{"damage":17,"enemies":"downfall:FleeingMerchant","floor":21,"turns":4},{"damage":15,"enemies":"Chosen and Byrds","floor":22,"turns":7},{"damage":21,"enemies":"downfall:FleeingMerchant","floor":25,"turns":4},{"damage":23,"enemies":"Centurion and Healer","floor":28,"turns":7},{"damage":18,"enemies":"Book of Stabbing","floor":30,"turns":9},{"damage":17,"enemies":"Snecko","floor":33,"turns":5},{"damage":7,"enemies":"Shelled Parasite and Fungi","floor":34,"turns":7},{"damage":25,"enemies":"downfall:Ironclad","floor":35,"turns":7},{"damage":1,"enemies":"Orb Walker","floor":38,"turns":3},{"damage":24,"enemies":"3 Shapes","floor":40,"turns":5},{"damage":15,"enemies":"Maw","floor":41,"turns":13},{"damage":46,"enemies":"Transient","floor":42,"turns":5},{"damage":22,"enemies":"3 Darklings","floor":44,"turns":9},{"damage":0,"enemies":"Writhing Mass","floor":46,"turns":7},{"damage":44,"enemies":"Nemesis","floor":47,"turns":11},{"damage":26,"enemies":"downfall:FleeingMerchant","floor":50,"turns":5},{"damage":22,"enemies":"Jaw Worm Horde","floor":51,"turns":3},{"damage":47,"enemies":"downfall:Defect","floor":52,"turns":7},{"damage":46,"enemies":"downfall:CharBossMerchant","floor":54,"turns":10},{"damage":95,"enemies":"downfall:NeowBoss","floor":57,"turns":24}],"seed_played":"-818347714226249752","potions_obtained":[{"floor":4.0,"key":"Flashbang"},{"floor":5.0,"key":"Ancient Potion"},{"floor":8.0,"key":"DistilledChaos"},{"floor":16.0,"key":"Ancient Potion"},{"floor":20,"key":"Block Potion"},{"floor":22,"key":"DistilledChaos"},{"floor":28,"key":"DistilledChaos"},{"floor":30,"key":"Venom Potion"},{"floor":31,"key":"CultistPotion"},{"floor":34,"key":"champ:UltimateStancePotion"},{"floor":42,"key":"champ:CounterPotion"},{"floor":54,"key":"SpeedPotion"}],"is_trial":false,"path_per_floor":["R_BF","M","M","M","M","?","T","M","E","M","?","?","M","E","M","B",null,"R_BF","M","M","$","M","PTL","PTL","$","T","R","M","R","E","?","R","M","M","B",null,"R","M","?","M","M","M","T","M","R","M","E","?","R","$","M","B",null,"E","$","R","B",null],"character_chosen":"THE_CHAMP","items_purchased":["champ:HoldFirm+1","Grinning Jar","champ:Encircle","Bag of Marbles","AttackPotion"],"campfire_rested":0,"item_purchase_floors":[21,25,50,50,55],"current_hp_per_floor":[99,99,98,92,84,84,84,70,70,51,51,51,43,39,39,20,99,99,97,97,97,97,97,97,97,97,97,94,94,99,99,99,99,99,99,99,99,99,99,99,99,80,80,82,92,95,103,103,103,109,93,101,109,109,109,109,109],"gold":25,"neow_bonus":"TEN_PERCENT_HP_BONUS","is_daily":false,"chose_seed":false,"campfire_upgraded":6,"win_rate":0.0,"timestamp":1609359508,"path_taken":["R_BF","M","M","M","M","?","T","M","E","M","?","?","?","E","M","BOSS","R_BF","M","M","$","M","PTL","PTL","$","T","R","M","R","E","?","R","M","M","BOSS","R","M","?","?","M","M","T","M","R","M","E","?","R","$","M","BOSS","E","$","R","BOSS"],"items_purchased_type":["Card","Relic","Card","Relic","Potion"],"build_version":"2020-12-22","purchased_purges":3,"victory":true,"max_hp_per_floor":[99,99,99,99,99,99,99,99,99,99,99,99,99,99,99,99,99,99,99,99,99,99,99,99,99,99,99,99,99,99,99,99,99,99,99,99,99,99,99,99,99,99,99,99,109,109,109,109,109,109,109,109,109,109,109,109,109],"card_choices":[{"not_picked":["champ:Backstep","champ:PerfectedStrike"],"picked":"champ:RecklessLeap","floor":2.0},{"not_picked":["champ:BladeFlurry","champ:Lariat"],"picked":"champ:CrookedStrike","floor":3.0},{"not_picked":["champ:Haymaker","champ:DefensiveStyle"],"picked":"champ:BringItOn","floor":4.0},{"not_picked":["champ:Circumvent","champ:BerserkersShout"],"picked":"champ:DefensiveStyle","floor":5.0},{"not_picked":["champ:Backstep","champ:GladiatorsShout"],"picked":"champ:FaceSlap","floor":8.0},{"not_picked":["champ:Shatter","champ:EnragedBash"],"picked":"champ:SteelEdge","floor":9.0},{"not_picked":["champ:DefensiveStyle","champ:FanOfKnives"],"picked":"champ:BringItOn+1","floor":10.0},{"not_picked":["champ:TornadoPunch","champ:BringItOn+1"],"picked":"champ:FocusedGladiator+1","floor":13.0},{"not_picked":["champ:StanceDance+1","champ:GutPunch"],"picked":"champ:ViciousMockery+1","floor":14.0},{"not_picked":["champ:ShieldWall","champ:DefensiveShout+1"],"picked":"champ:TornadoPunch","floor":15.0},{"not_picked":["champ:DancingMaster","champ:Improvising"],"picked":"champ:StrikeOfGenius","floor":16.0},{"not_picked":["champ:BerserkersShout+1","champ:GutPunch+1"],"picked":"champ:Backstep+1","floor":19},{"not_picked":["champ:DefensiveShout+1","champ:BringItOn+1","champ:CrookedStrike"],"picked":"SKIP","floor":20},{"not_picked":["champ:Circumvent+1","champ:RecklessLeap"],"picked":"champ:CheapShot","floor":21},{"not_picked":["champ:Haymaker","champ:RisingSlash"],"picked":"champ:FlashCut","floor":22},{"not_picked":["champ:GutPunch","champ:Lariat+1"],"picked":"champ:FanOfKnives+1","floor":25},{"not_picked":["champ:TornadoPunch+1","champ:StanceDance+1","champ:CrookedStrike"],"picked":"SKIP","floor":28},{"not_picked":["champ:Backstep+1","champ:FightOn"],"picked":"champ:SkillfulDodge+1","floor":30},{"not_picked":["champ:ShieldWall","champ:FanOfKnives"],"picked":"champ:IgnorePain+1","floor":33},{"not_picked":["champ:CrookedStrike+1","champ:BerserkersShout+1","champ:FaceSlap+1"],"picked":"SKIP","floor":34},{"not_picked":["champ:VampiricStrike","champ:SteelEdge"],"picked":"champ:ShieldSlam","floor":35},{"not_picked":["champ:DefensiveShout+1","champ:BladeFlurry+1","champ:FocusedBerserking+1"],"picked":"SKIP","floor":38},{"not_picked":["champ:GladiatorsShout+1","champ:AdrenalArmor+1","champ:Encircle+1"],"picked":"SKIP","floor":40},{"not_picked":["champ:BerserkersShout+1","champ:BladeFlurry","champ:Backstep+1"],"picked":"SKIP","floor":41},{"not_picked":["champ:FlashCut+1","champ:FanOfKnives","champ:PerfectedStrike+1"],"picked":"SKIP","floor":42},{"not_picked":["champ:TornadoPunch+1","champ:Backstep+1","champ:BerserkerStyle"],"picked":"SKIP","floor":44},{"not_picked":["champ:LastStand","champ:Haymaker","champ:FlashCut"],"picked":"SKIP","floor":46},{"not_picked":["champ:DefensiveShout+1","champ:BringItOn+1"],"picked":"champ:Shatter+1","floor":47},{"not_picked":["champ:Lariat+1","champ:GutPunch"],"picked":"champ:SwordThrow","floor":50},{"not_picked":["champ:FightOn","champ:BringItOn+1","champ:FocusedDefense+1"],"picked":"SKIP","floor":51},{"not_picked":["champ:GladiatorsShout+1","champ:Circumvent+1"],"picked":"champ:SteelEdge","floor":54}],"player_experience":589562,"relics_obtained":[{"floor":1.0,"key":"Art of War"},{"floor":7.0,"key":"Gremlin Food"},{"floor":9.0,"key":"Toxic Egg 2"},{"floor":14.0,"key":"Regal Pillow"},{"floor":26,"key":"Divine Protection"},{"floor":30,"key":"Blue Doll"},{"floor":47,"key":"PreservedInsect"},{"floor":54,"key":"Replay:Towering Pillar of Hats"}],"event_choices":[{"damage_healed":0.0,"max_hp_gain":0.0,"max_hp_loss":0.0,"gold_gain":0.0,"cards_transformed":["champ:Defend"],"event_name":"Living Wall","player_choice":"Change","floor":11.0,"gold_loss":0.0,"damage_taken":0.0,"cards_obtained":["champ:DancingMaster"]},{"damage_healed":0,"gold_gain":0,"player_choice":"Copied","damage_taken":0,"max_hp_gain":0,"max_hp_loss":0,"event_name":"Duplicator","floor":39,"gold_loss":0,"cards_obtained":["champ:HoldFirm"]},{"damage_healed":0,"gold_gain":0,"player_choice":"Ignored","damage_taken":0,"max_hp_gain":0,"max_hp_loss":0,"event_name":"OrinTheCat","floor":48,"gold_loss":0}],"is_beta":false,"boss_relics":[{"not_picked":["Kintsugi","Replay:Drink Me"],"picked":"SlaversCollar"},{"not_picked":["Replay:Wanted Poster","Painkiller Herb"],"picked":"champ:ChampionCrownUpgraded"}],"items_purged_floors":[21,50,55],"is_endless":false,"potions_floor_spawned":[4,5,8,9,16,20,22,28,30,34,42,44,46,54],"ascension_level":0}}