{"host":"0azimyi6n3ugndj4","time":1609344687,"event":{"mods":["2.2 Compatiblity","BaseMod","Bestiary","Conspire","Curses Come First","Defuse TimeMaze Blight","Hyrulean Relics","Infinite Spire","Minty Spire (QoL Compilation)","Relic Stats","Replay The Spire","StSLib","SuperFastMode","Uncapped","¡¼?Úª?ø«¡½REMEMod"],"gold_per_floor":[150,100,25,61,61,61,61,112,139,139,139,246,246,246,246,487,487,526,588,588,588,643,643,664,664],"floor_reached":24,"playtime":430,"items_purged":["Replay:AtTheReady"],"score":434,"play_id":"2e985137-541d-48dd-b6f2-61428498b27c","local_time":"20201231011127","daily_mods":["Insanity","Vintage","ControlledChaos","Diverse","Colorless Cards","Heirloom","Time Dilation","Flight","Elite Swarm","Lethality","Midas","Night Terrors","Binary"],"is_ascension_mode":true,"campfire_choices":[{"data":"JustLucky","floor":6,"key":"PURGE"},{"floor":15,"key":"REST"},{"data":"CommonCold","floor":23,"key":"PURGE"}],"circlet_count":0,"master_deck":["AscendersBane","Iron Wave+1","Poisoned Stab","Panacea","BasicCrystalCard","Rage","Twin Strike","Redo","Consecrate","Time Bomb","Cleave","ReplayTheSpireMod:Calculation Training","ClearTheMind","Skewer","EmptyFist","PathToVictory","ReplayTheSpireMod:Corrosion Curse","Cloak And Dagger","conspire:ExplosiveBarrier","Underhanded Strike","REME_TwoStrings","Anger","Coolheaded","Stack","FlurryOfBlows","Warcry","Deflect","ReplayTheSpireMod:Strike From Hell","Ball Lightning","REME_MagicPocketWatch","Sentinel","SignatureMove","Gash","Clothesline","Poisoned Stab","Melter","Leap","Slice","BowlingBash","Outmaneuver","Protect","Hemokinesis","Replay:BluntJabs","Distraction","Backstab","Quick Slash","Blade Dance","Backflip","CrushJoints","REME_EmptyShield","conspire:SpireCoStock","infinitespire:Menacing","REME_Repentance"],"relics":["Burning Blood","Frozen Eye","Busted Crown","REME_ComplimentaryCards","infinitespire:Golems Mask","Mirror","Peace Pipe","Nunchaku","Replay:WaspNest","zeldaRelics:CouragePiece","Golden Idol","ReplayTheSpireMod:Ring of Collecting","Black Star","FossilizedHelix","Gremlin Food","GremlinMask","Pondfish Scales"],"acts_visited":["Exordium","TheCity"],"potions_floor_usage":[24,24],"damage_taken":[{"damage":0,"enemies":"Jaw Worm","floor":1,"turns":1},{"damage":2,"enemies":"Small Slimes","floor":4,"turns":1},{"damage":0,"enemies":"2 Louse","floor":8,"turns":1},{"damage":20,"enemies":"3 Sentries","floor":12,"turns":4},{"damage":29,"enemies":"Fading Forest","floor":16,"turns":13},{"damage":55,"enemies":"2 Thieves","floor":18,"turns":3},{"damage":0,"enemies":"Spheric Guardian","floor":19,"turns":3},{"damage":0,"enemies":"Snake Plant","floor":22,"turns":2},{"damage":29,"enemies":"Nightmare","floor":24,"turns":6}],"seed_played":"-436389662837982400","potions_obtained":[{"floor":1,"key":"AttackPotion"},{"floor":4,"key":"Explosive Potion"}],"is_trial":true,"path_per_floor":["M","?","$","M","$","R","?","M","T","?","?","E","?","?","R","B",null,"M","M","?","?","M","R","NM"],"character_chosen":"IRONCLAD","items_purchased":[],"campfire_rested":1,"item_purchase_floors":[],"current_hp_per_floor":[74,74,74,75,75,75,75,75,75,56,30,16,16,16,70,47,64,15,21,21,21,27,27,0,0],"gold":664,"neow_bonus":"","is_daily":false,"chose_seed":false,"campfire_upgraded":0,"win_rate":0.0,"timestamp":1609344687,"path_taken":["M","?","?","M","$","R","?","?","T","?","?","E","?","?","R","BOSS","M","M","?","?","?","R","NM"],"items_purchased_type":[],"build_version":"2020-12-22","purchased_purges":1,"victory":false,"max_hp_per_floor":[75,75,75,75,75,75,75,75,75,75,75,75,75,75,70,70,70,70,70,70,70,70,70,70,70],"relic_stats":{"Peace Pipe":2,"Nunchaku":[7],"Busted Crown":10,"counters":[9,34],"Golden Idol":39,"Black Star":0,"obtain_stats":[{"Gremlin Food":19,"Golden Idol":11,"GremlinMask":21,"Replay:WaspNest":8,"Burning Blood":0,"Peace Pipe":4,"Frozen Eye":0,"Nunchaku":7,"Pondfish Scales":22,"Busted Crown":0,"ReplayTheSpireMod:Ring of Collecting":13,"infinitespire:Golems Mask":0,"zeldaRelics:CouragePiece":9,"Black Star":17,"Mirror":1,"FossilizedHelix":18,"REME_ComplimentaryCards":0},{"Gremlin Food":7,"Golden Idol":3,"GremlinMask":7,"Replay:WaspNest":3,"Burning Blood":0,"Peace Pipe":2,"Frozen Eye":0,"Nunchaku":2,"Pondfish Scales":8,"Busted Crown":0,"ReplayTheSpireMod:Ring of Collecting":4,"infinitespire:Golems Mask":0,"zeldaRelics:CouragePiece":3,"Black Star":5,"Mirror":1,"FossilizedHelix":6,"REME_ComplimentaryCards":0},{"Gremlin Food":26,"Golden Idol":3,"GremlinMask":26,"Replay:WaspNest":3,"Burning Blood":0,"Peace Pipe":2,"Frozen Eye":0,"Nunchaku":2,"Pondfish Scales":28,"Busted Crown":0,"ReplayTheSpireMod:Ring of Collecting":7,"infinitespire:Golems Mask":0,"zeldaRelics:CouragePiece":3,"Black Star":20,"Mirror":1,"FossilizedHelix":23,"REME_ComplimentaryCards":0}],"Burning Blood":39},"card_choices":[{"not_picked":["infinitespire:Gouge","infinitespire:FinalStrike"],"picked":"infinitespire:Menacing","floor":10}],"player_experience":1463413,"relics_obtained":[{"floor":1,"key":"Mirror"},{"floor":4,"key":"Peace Pipe"},{"floor":7,"key":"Nunchaku"},{"floor":8,"key":"Replay:WaspNest"},{"floor":9,"key":"zeldaRelics:CouragePiece"},{"floor":12,"key":"zeldaRelics:CouragePiece"},{"floor":13,"key":"ReplayTheSpireMod:Ring of Collecting"},{"floor":18,"key":"FossilizedHelix"},{"floor":19,"key":"Gremlin Food"},{"floor":22,"key":"Pondfish Scales"}],"event_choices":[{"damage_healed":0,"gold_gain":0,"player_choice":"Invest 1","damage_taken":0,"max_hp_gain":0,"max_hp_loss":0,"event_name":"conspire:Investor","floor":2,"gold_loss":0},{"damage_healed":0,"gold_gain":0,"player_choice":"Take Damage","damage_taken":26,"relics_obtained":["Golden Idol"],"max_hp_gain":0,"max_hp_loss":0,"event_name":"Golden Idol","floor":11,"gold_loss":0},{"damage_healed":0,"gold_gain":0,"player_choice":"Upgraded","damage_taken":0,"max_hp_gain":0,"max_hp_loss":0,"event_name":"Upgrade Shrine","floor":14,"gold_loss":0,"cards_upgraded":["Iron Wave"]},{"damage_healed":0,"gold_gain":0,"player_choice":"Read","damage_taken":0,"max_hp_gain":0,"max_hp_loss":0,"event_name":"The Library","floor":20,"gold_loss":0,"cards_obtained":["REME_Repentance"]},{"damage_healed":0,"gold_gain":0,"player_choice":"Trade","damage_taken":0,"relics_obtained":["GremlinMask"],"max_hp_gain":0,"max_hp_loss":0,"event_name":"FaceTrader","floor":21,"gold_loss":0}],"is_beta":false,"boss_relics":[{"not_picked":["Snecko Eye","ChewingGum"],"picked":"Black Star"}],"items_purged_floors":[3],"is_endless":false,"potions_floor_spawned":[1,4],"killed_by":"Nightmare","ascension_level":20}}