{"host":"0ulgfg5uyx5zlmwg","time":1609333592,"event":{"mods":["Act Like it!","BaseMod","BetterRewards","Challenge The Spire","Grow up Mod","Marked Mod","Minty Spire (QoL Compilation)","RumiaBox-露米娅的神秘盒子","Shop Mod","Spicy Shops","StSLib","TestMod","Transform Curses","vexMod","【功能Mod】混沌之环修复补丁","【遗物卡牌】REMEMod","篝火指南"],"gold_per_floor":[117,117,137,212,230,259,108,124,124,157,157,157,171,201,45,149,149,168,198,45,45,45,75,75,100,100,100,53,67,93,8,8,111,111,128,103,325,325,305,414,414,425,425,199,231,76,107,133,145,185,197,209,34,69,77],"floor_reached":56,"playtime":3413,"items_purged":["Strike_R"],"score":1639,"play_id":"b599b2c9-c47f-42b9-a28c-fa0406149ede","local_time":"20201230210632","is_ascension_mode":true,"campfire_choices":[{"data":"Infernal Blade","floor":24.0,"key":"SMITH"},{"data":"Rupture","floor":27.0,"key":"SMITH"},{"data":"Thunderclap","floor":32.0,"key":"SMITH"},{"floor":49,"key":"RECALL"},{"data":"Sword Boomerang","floor":52,"key":"SMITH"}],"circlet_count":0,"master_deck":["Strike_R","Strike_R","Strike_R","Strike_R","Defend_R","Defend_R+1","Defend_R+1","Defend_R","Bash","Bloodletting","Rupture+1","Dual Wield","Inflame","Thunderclap+1","Whirlwind+1","Infernal Blade+1","Armaments+1","Sword Boomerang+1","Sword Boomerang+1","Flex","Exhume+1","Rage+1","Seeing Red","Rage+1","Flex+1","Sword Boomerang+1"],"relics":["Burning Blood","testmod-TestBox","REME_ComplimentaryCards","testmod-RealStoneCalender","Incense Burner","SecretRecord","SecretRecord","AddBug","SecretRecord","testmod-TestBox","testmod-LifeArmor","REME_HandOfSuture","Runic Cube","Red Mask","Oddly Smooth Stone","Tiny Chest","Darkstone Periapt","StrikeDummy","Darkstone Periapt","PreservedInsect","Red Skull","Coffee Dripper","vexMod:ConsolationPrize","testmod-TestBox","Bottled Flame","testmod-BalancedPeriapt","Vajra","testmod-TestBox","vexMod:InvisibilityCloak","vexMod:PaidLearning","MawBank","testmod-RealStoneCalender","Membership Card","Nunchaku","Ice Cream","Pen Nib"],"acts_visited":["Exordium","TheCity","TheBeyond","TheEnding"],"potions_floor_usage":[42,42],"damage_taken":[{"damage":0.0,"enemies":"2 Louse","floor":1.0,"turns":3.0},{"damage":3.0,"enemies":"Small Slimes","floor":3.0,"turns":2.0},{"damage":4.0,"enemies":"Jaw Worm","floor":5.0,"turns":3.0},{"damage":11.0,"enemies":"3 Sentries","floor":6.0,"turns":5.0},{"damage":7.0,"enemies":"3 Louse","floor":8.0,"turns":3.0},{"damage":4.0,"enemies":"Gremlin Nob","floor":10.0,"turns":3.0},{"damage":0.0,"enemies":"2 Fungi Beasts","floor":13.0,"turns":2.0},{"damage":3.0,"enemies":"Lagavulin","floor":14.0,"turns":3.0},{"damage":3.0,"enemies":"Slime Boss","floor":16.0,"turns":3.0},{"damage":0.0,"enemies":"3 Byrds","floor":18.0,"turns":3.0},{"damage":9.0,"enemies":"Masked Bandits","floor":19.0,"turns":3.0},{"damage":0.0,"enemies":"Book of Stabbing","floor":23.0,"turns":2.0},{"damage":25.0,"enemies":"REME_1_Revenger","floor":25.0,"turns":3.0},{"damage":3.0,"enemies":"Shell Parasite","floor":29.0,"turns":2.0},{"damage":0.0,"enemies":"Gremlin Leader","floor":30.0,"turns":2.0},{"damage":16.0,"enemies":"Champ","floor":33.0,"turns":4.0},{"damage":3.0,"enemies":"Orb Walker","floor":35.0,"turns":1.0},{"damage":45.0,"enemies":"Nemesis","floor":40.0,"turns":3.0},{"damage":1,"enemies":"3 Darklings","floor":42,"turns":2},{"damage":0,"enemies":"Reptomancer","floor":45,"turns":1},{"damage":0,"enemies":"Giant Head","floor":47,"turns":2},{"damage":0,"enemies":"Sphere and 2 Shapes","floor":48,"turns":1},{"damage":28,"enemies":"Time Eater","floor":50,"turns":6},{"damage":0,"enemies":"Shield and Spear","floor":54,"turns":1},{"damage":9,"enemies":"The Heart","floor":55,"turns":5}],"seed_played":"-3544828554527614088","potions_obtained":[{"floor":1.0,"key":"Dexterity Potion"},{"floor":5.0,"key":"Swift Potion"},{"floor":10.0,"key":"Block Potion"},{"floor":13.0,"key":"AttackPotion"},{"floor":18.0,"key":"REME_GoldPotion"},{"floor":23.0,"key":"Strength Potion"},{"floor":30.0,"key":"SneckoOil"},{"floor":33.0,"key":"AttackPotion"},{"floor":35.0,"key":"Swift Potion"},{"floor":39.0,"key":"Dexterity Potion"},{"floor":40.0,"key":"PowerPotion"}],"is_trial":false,"path_per_floor":["M","?","M","?","M","E","R","M","T","E","?","?","M","E","R","B",null,"M","?","$","?","?","E","R","E","T","R","$","M","E","?","R","B",null,"M","?","?","T","?","E","R","M","T","R","E","R","E","M","R","B",null,"R","$","E","B",null],"character_chosen":"IRONCLAD","items_purchased":["Thunderclap","REME_HandOfSuture","Oddly Smooth Stone","Flex","Vajra","Flex","vexMod:PaidLearning","Membership Card","Nunchaku","Ice Cream"],"campfire_rested":0,"item_purchase_floors":[7,15,20,28,44,44,46,53,53,53],"current_hp_per_floor":[92,84,97,96,108,113,123,132,142,154,164,174,190,203,213,226,252,262,269,279,223,233,249,259,250,260,270,280,293,309,319,329,329,427,437,447,457,467,477,448,458,473,483,493,509,519,535,551,561,549,597,607,617,627,644],"gold":77,"neow_bonus":"ONE_RARE_RELIC","is_daily":false,"chose_seed":false,"campfire_upgraded":4,"win_rate":0.0,"timestamp":1609333592,"path_taken":["M","?","M","?","M","E","R","M","T","E","?","?","M","E","R","BOSS","M","?","$","?","?","E","R","E","T","R","$","M","E","?","R","BOSS","M","?","?","?","?","E","R","M","T","R","E","R","E","M","R","BOSS","R","$","E","BOSS"],"items_purchased_type":["Card","Relic","Relic","Card","Relic","Card","Relic","Relic","Relic","Relic"],"build_version":"2020-12-22","purchased_purges":1,"victory":true,"max_hp_per_floor":[92,102,112,122,132,142,152,162,172,182,192,202,212,222,232,242,252,262,272,282,297,307,317,327,337,347,357,367,377,387,397,407,417,427,437,447,457,467,477,487,497,507,517,527,537,547,557,567,577,587,597,607,617,627,647],"card_choices":[{"not_picked":["Shrug It Off","Body Slam"],"picked":"Rupture","floor":1.0},{"not_picked":["Iron Wave","Thunderclap"],"picked":"Dual Wield","floor":3.0},{"not_picked":["Flex","Rage"],"picked":"Inflame","floor":5.0},{"not_picked":["Armaments","Anger","Heavy Blade"],"picked":"SKIP","floor":6.0},{"not_picked":["Heavy Blade","Headbutt"],"picked":"Whirlwind","floor":8.0},{"not_picked":["Clash","REME_SingleHolding","Clothesline"],"picked":"SKIP","floor":10.0},{"not_picked":["Feel No Pain","Body Slam","Armaments"],"picked":"SKIP","floor":13.0},{"not_picked":["Twin Strike","Headbutt","Warcry"],"picked":"SKIP","floor":14.0},{"not_picked":["Pommel Strike","Warcry"],"picked":"Infernal Blade","floor":18.0},{"not_picked":["Whirlwind","Entrench"],"picked":"Armaments+1","floor":19.0},{"not_picked":["Anger","Perfected Strike+1"],"picked":"Sword Boomerang+1","floor":23.0},{"not_picked":["Rage","Whirlwind+1"],"picked":"Sword Boomerang","floor":25.0},{"not_picked":["REME_Scribble","Headbutt","Blood for Blood+1"],"picked":"SKIP","floor":29.0},{"not_picked":["Anger","Bloodletting","Havoc+1"],"picked":"SKIP","floor":30.0},{"not_picked":["Brutality","Juggernaut"],"picked":"Exhume","floor":33.0},{"not_picked":["Sever Soul","Intimidate+1"],"picked":"Rage+1","floor":35.0},{"not_picked":["Bloodletting+1","Battle Trance"],"picked":"Seeing Red","floor":40.0},{"not_picked":["Perfected Strike+1","Heavy Blade+1"],"picked":"Rage+1","floor":42},{"not_picked":["Armaments","Havoc+1"],"picked":"Sword Boomerang+1","floor":45},{"not_picked":["Shockwave+1","REME_Cut+1","Anger+1"],"picked":"SKIP","floor":47},{"not_picked":["Pommel Strike","Perfected Strike","Heavy Blade+1"],"picked":"SKIP","floor":48},{"not_picked":["Shockwave+1","Feed","REME_TheLastStrike"],"picked":"SKIP","floor":54}],"player_experience":454806,"relics_obtained":[{"floor":1.0,"key":"AddBug"},{"floor":6.0,"key":"Akabeko"},{"floor":10.0,"key":"SecretRecord"},{"floor":10.0,"key":"REME_ArchaeologicalTools"},{"floor":13.0,"key":"SecretRecord"},{"floor":14.0,"key":"testmod-TestBox"},{"floor":14.0,"key":"testmod-LifeArmor"},{"floor":19.0,"key":"Red Mask"},{"floor":23.0,"key":"Tiny Chest"},{"floor":25.0,"key":"Darkstone Periapt"},{"floor":26.0,"key":"StrikeDummy"},{"floor":29.0,"key":"Darkstone Periapt"},{"floor":30.0,"key":"PreservedInsect"},{"floor":38.0,"key":"vexMod:ConsolationPrize"},{"floor":40.0,"key":"testmod-TestBox"},{"floor":40.0,"key":"Bottled Flame"},{"floor":43,"key":"testmod-BalancedPeriapt"},{"floor":45,"key":"testmod-TestBox"},{"floor":45,"key":"vexMod:InvisibilityCloak"},{"floor":47,"key":"MawBank"},{"floor":48,"key":"testmod-RealStoneCalender"},{"floor":54,"key":"Pen Nib"}],"event_choices":[{"damage_healed":0.0,"max_hp_gain":0.0,"max_hp_loss":0.0,"gold_gain":0.0,"event_name":"Shining Light","player_choice":"Entered Light","floor":2.0,"gold_loss":0.0,"damage_taken":18.0,"cards_upgraded":["Defend_R","Defend_R"]},{"damage_healed":0.0,"max_hp_gain":0.0,"max_hp_loss":0.0,"gold_gain":75.0,"event_name":"World of Goop","player_choice":"Gather Gold","floor":4.0,"gold_loss":0.0,"damage_taken":11.0},{"damage_healed":0.0,"max_hp_gain":0.0,"max_hp_loss":0.0,"gold_gain":0.0,"event_name":"给自己的盒子","player_choice":"Swap Relic","floor":11.0,"relics_lost":["AddBug"],"gold_loss":0.0,"damage_taken":0.0,"relics_obtained":["AddBug"]},{"damage_healed":0.0,"max_hp_gain":0.0,"max_hp_loss":0.0,"gold_gain":0.0,"event_name":"Living Wall","player_choice":"Grow","floor":12.0,"gold_loss":0.0,"damage_taken":0.0,"cards_upgraded":["Whirlwind"]},{"damage_healed":0.0,"max_hp_gain":0.0,"max_hp_loss":0.0,"gold_gain":0.0,"event_name":"Masked Bandits","player_choice":"Fought Bandits","floor":19.0,"gold_loss":0.0,"damage_taken":0.0},{"damage_healed":0.0,"max_hp_gain":5.0,"max_hp_loss":0.0,"gold_gain":0.0,"event_name":"Forgotten Altar","player_choice":"Shed Blood","floor":21.0,"gold_loss":0.0,"damage_taken":71.0},{"damage_healed":0.0,"max_hp_gain":0.0,"max_hp_loss":0.0,"gold_gain":0.0,"event_name":"Ghosts","player_choice":"Ignored","floor":22.0,"gold_loss":0.0,"damage_taken":0.0},{"damage_healed":0.0,"max_hp_gain":0.0,"max_hp_loss":0.0,"gold_gain":0.0,"event_name":"Addict","player_choice":"Obtained Relic","floor":31.0,"gold_loss":85.0,"damage_taken":0.0,"relics_obtained":["Red Skull"]},{"damage_healed":0.0,"max_hp_gain":0.0,"max_hp_loss":0.0,"gold_gain":222.0,"event_name":"Tomb of Lord Red Mask","player_choice":"Wore Mask","floor":37.0,"gold_loss":0.0,"damage_taken":0.0},{"damage_healed":0.0,"max_hp_gain":0.0,"max_hp_loss":0.0,"gold_gain":0.0,"event_name":"The Woman in Blue","player_choice":"Bought 1 Potion","floor":39.0,"gold_loss":0.0,"damage_taken":0.0}],"is_beta":false,"boss_relics":[{"not_picked":["Runic Dome","vexMod:FluxCapacitor"],"picked":"Runic Cube"},{"not_picked":["Astrolabe","Fusion Hammer"],"picked":"Coffee Dripper"}],"items_purged_floors":[7],"is_endless":false,"potions_floor_spawned":[1,5,10,13,18,23,30,33,35,40],"ascension_level":1}}