{"host":"aaqofma31c3gm2hj","time":1609329128,"event":{"mods":["BaseMod","Minty Spire (QoL Compilation)","Replay The Spire","Spicy Shops","StSLib"],"gold_per_floor":[115,135,120,45,69,94,94,19,19,19,30,30,105,137,137,137,137],"floor_reached":16,"playtime":257,"items_purged":["Strike_R"],"score":262,"play_id":"9220be58-6e99-496d-acdf-bd835d6163b1","local_time":"20201230195208","is_ascension_mode":true,"campfire_choices":[{"data":"Armaments","floor":7.0,"key":"SMITH"},{"data":"Pommel Strike","floor":10.0,"key":"SMITH"},{"data":"Rupture","floor":15.0,"key":"SMITH"}],"circlet_count":0,"master_deck":["AscendersBane","Strike_R","Strike_R","Strike_R","Defend_R","Defend_R","Defend_R","Defend_R","Bash","ReplayTheSpireMod:Muscle Training","Pommel Strike+1","Offering","Armaments+1","Rupture+1","Shrug It Off"],"relics":["Burning Blood","NeowsBlessing","King of Hearts","Strawberry","Bottled Lightning","Blue Doll"],"acts_visited":["Exordium"],"potions_floor_usage":[],"damage_taken":[{"damage":0.0,"enemies":"Cultist","floor":1.0,"turns":1.0},{"damage":0.0,"enemies":"Jaw Worm","floor":2.0,"turns":1.0},{"damage":0.0,"enemies":"Gremlin Nob","floor":6.0,"turns":1.0},{"damage":8.0,"enemies":"Small Slimes","floor":11.0,"turns":3.0},{"damage":37.0,"enemies":"3 Sentries","floor":14.0,"turns":14.0},{"damage":6,"enemies":"Hexaghost","floor":16,"turns":1}],"seed_played":"372591144793896029","potions_obtained":[{"floor":6.0,"key":"LiquidMemories"},{"floor":14.0,"key":"HeartOfIron"}],"is_trial":false,"path_per_floor":["M","M","$","?","T","E","R","$","T","R","M","$","?","E","R","B"],"character_chosen":"IRONCLAD","items_purchased":["Offering"],"campfire_rested":0,"item_purchase_floors":[3],"current_hp_per_floor":[74,75,75,75,75,82,82,82,82,82,80,80,69,38,38,32,32],"gold":137,"neow_bonus":"THREE_ENEMY_KILL","is_daily":false,"chose_seed":false,"campfire_upgraded":3,"win_rate":0.0,"timestamp":1609329128,"path_taken":["M","?","?","?","?","E","R","$","T","R","?","?","?","E","R","BOSS"],"items_purchased_type":["Card"],"build_version":"2020-12-22","purchased_purges":1,"victory":false,"max_hp_per_floor":[75,75,75,75,75,82,82,82,82,82,82,82,82,82,82,82,82],"card_choices":[{"not_picked":["Clash","Infernal Blade"],"picked":"ReplayTheSpireMod:Muscle Training","floor":1.0},{"not_picked":["Heavy Blade","Iron Wave"],"picked":"Pommel Strike","floor":2.0},{"not_picked":["Battle Trance","Shrug It Off"],"picked":"Armaments","floor":6.0},{"not_picked":["Warcry","Seeing Red"],"picked":"Rupture","floor":11.0},{"not_picked":["Headbutt","Run Through"],"picked":"Shrug It Off","floor":14.0}],"player_experience":550328,"relics_obtained":[{"floor":5.0,"key":"King of Hearts"},{"floor":6.0,"key":"Strawberry"},{"floor":9.0,"key":"Bottled Lightning"},{"floor":14.0,"key":"Blue Doll"}],"event_choices":[{"cards_removed":["Strike_R"],"damage_healed":0.0,"max_hp_gain":0.0,"max_hp_loss":0.0,"gold_gain":0.0,"event_name":"The Cleric","player_choice":"Card Removal","floor":4.0,"gold_loss":75.0,"damage_taken":0.0},{"damage_healed":0.0,"max_hp_gain":0.0,"max_hp_loss":0.0,"gold_gain":75.0,"event_name":"World of Goop","player_choice":"Gather Gold","floor":13.0,"gold_loss":0.0,"damage_taken":11.0}],"is_beta":false,"boss_relics":[],"items_purged_floors":[8],"is_endless":false,"potions_floor_spawned":[6,14],"killed_by":"Hexaghost","ascension_level":20}}