{"host":"32dedufnxebqtmo3","time":1609307316,"event":{"mods":["AchievementEnabler","Act Like it!","BaseMod","Better Third Choice","Card Filter","Colored Powertips","Defuse TimeMaze Blight","Gensokyo","GifTheSpireLib","Minty Spire (QoL Compilation)","Permanent Neow","Relic Filter","Relic Stats","Remove Card Discount Mod","Shop Mod","StSLib","The Cursed","TheLocksmith","Unceasing Turn Reminder"],"gold_per_floor":[116,132,144,41,67,67,67,67],"floor_reached":6,"playtime":651,"items_purged":[],"score":46,"play_id":"fe27a9c6-9d43-4191-8d9d-c9a3dee99dc2","local_time":"20201229214836","is_ascension_mode":false,"campfire_choices":[],"circlet_count":0,"master_deck":["locksmith:Strike","locksmith:Strike","locksmith:Strike","locksmith:Strike","locksmith:Defend","locksmith:Defend","locksmith:Defend","locksmith:Defend","locksmith:KeyMove","locksmith:LockCrash","locksmith:Grab","locksmith:KeychainRain","locksmith:ValueDummy","Gensokyo:BlemishedSteel","Gensokyo:TarnishedGold","locksmith:KeychainRain"],"relics":["locksmith:FreeKey","Omamori","Akabeko"],"acts_visited":["Exordium"],"potions_floor_usage":[5],"damage_taken":[{"damage":6,"enemies":"Gensokyo:2_Kodama","floor":1,"turns":6},{"damage":6,"enemies":"Gensokyo:Python","floor":2,"turns":3},{"damage":0,"enemies":"Gensokyo:3_Fairies","floor":3,"turns":3},{"damage":44,"enemies":"Gensokyo:Cirno","floor":5,"turns":9},{"damage":25,"enemies":"Gensokyo:Aya","floor":6,"turns":5}],"seed_played":"140554237842729908","potions_obtained":[{"floor":2,"key":"SkillPotion"}],"is_trial":false,"path_per_floor":["M","M","M","COS","?","E"],"character_chosen":"THE_LOCKSMITH","items_purchased":[],"campfire_rested":0,"item_purchase_floors":[],"current_hp_per_floor":[73,67,67,67,23,0,0,0],"gold":67,"neow_bonus":"RANDOM_COMMON_RELIC","is_daily":false,"chose_seed":false,"campfire_upgraded":0,"win_rate":0.0,"timestamp":1609307316,"path_taken":["M","M","M","COS","?","E"],"items_purchased_type":[],"build_version":"2020-12-22","purchased_purges":0,"victory":false,"max_hp_per_floor":[79,79,79,79,79,79,79,79],"relic_stats":{"counters":[5,26],"obtain_stats":[{"locksmith:FreeKey":0,"Omamori":0,"Akabeko":5},{"locksmith:FreeKey":0,"Omamori":0,"Akabeko":4},{"locksmith:FreeKey":0,"Omamori":0,"Akabeko":21}]},"card_choices":[{"not_picked":["locksmith:LockBlock","locksmith:ShrapnelLock"],"picked":"locksmith:Grab","floor":1},{"not_picked":["locksmith:ShrapnelLock","locksmith:LockBlock"],"picked":"locksmith:KeychainRain","floor":2},{"not_picked":["locksmith:Prep","locksmith:Capitalize"],"picked":"locksmith:ValueDummy","floor":3},{"not_picked":["locksmith:Harvest","locksmith:DarkMagic"],"picked":"locksmith:KeychainRain","floor":5}],"player_experience":675048,"relics_obtained":[{"floor":5,"key":"Akabeko"}],"event_choices":[],"is_beta":false,"boss_relics":[],"items_purged_floors":[],"is_endless":false,"potions_floor_spawned":[2],"killed_by":"Gensokyo:Aya","ascension_level":0}}