{"host":"7w1f7px7r26mario","time":1609321154,"event":{"mods":["Act Like it!","BaseMod","Conspire","Gensokyo","Lobotomy","LobotomyExtend","Minty Spire (QoL Compilation)","Quick Restart","Relic Stats","Replay The Spire","StSLib","TestMod","[IsaacMod]ÒÔÈö¼âËþ","vexMod"],"gold_per_floor":[111,126,140,159,174,136,194,194,194,194,194],"floor_reached":7,"playtime":570,"items_purged":["Strike_R"],"score":63,"play_id":"135a375b-8a90-44b8-bb13-25a196c9c56e","local_time":"20201230173914","is_ascension_mode":true,"campfire_choices":[{"data":"Hemogenesis","floor":6,"key":"SMITH"}],"circlet_count":0,"master_deck":["Strike_R","Strike_R","Strike_R","Strike_R","Defend_R","Defend_R","Defend_R","Defend_R","Bash","DoctorFetus","ReplayTheSpireMod:Muscle Training","Wellcheers","ShyLook","Flex","Thunderclap","Hemogenesis+1","Replay:Undeath\u0027s Touch"],"relics":["Burning Blood","testmod-TestBox","HushsDoor","SteamSale","testmod-ChristmasGift","CogitoBucket","LetterFromLob","conspire:BottledYoYo","YumHeart"],"acts_visited":["Exordium"],"potions_floor_usage":[7,7,7,7,7,7],"damage_taken":[{"damage":0,"enemies":"conspire:RoseBush","floor":1,"turns":3},{"damage":11,"enemies":"Jaw Worm","floor":2,"turns":5},{"damage":1,"enemies":"2 Louse","floor":3,"turns":3},{"damage":1,"enemies":"Small Slimes","floor":1,"turns":2},{"damage":14,"enemies":"2 Louse","floor":2,"turns":3},{"damage":99,"enemies":"3 Sentries","floor":7,"turns":3}],"seed_played":"5404990745237598771","potions_obtained":[{"floor":3,"key":"LifebloodPotion"}],"is_trial":false,"path_per_floor":["M","M","M","M","M","M","$","?","?","R","E"],"character_chosen":"IRONCLAD","items_purchased":[],"campfire_rested":0,"item_purchase_floors":[],"current_hp_per_floor":[79,75,80,80,72,72,52,40,65,0,0],"gold":194,"neow_bonus":"","is_daily":false,"chose_seed":false,"campfire_upgraded":1,"win_rate":0.0,"timestamp":1609321154,"path_taken":["M","M","M","M","M","M","$","?","?","R","E"],"items_purchased_type":[],"build_version":"2020-12-22","purchased_purges":1,"victory":false,"max_hp_per_floor":[80,80,80,80,80,80,80,80,80,80,80],"relic_stats":{"counters":[6,19],"obtain_stats":[{"KeepersGift":0,"CogitoBucket":0,"YumHeart":5,"testmod-TestBox":0,"LetterFromLob":1,"conspire:BottledYoYo":4,"HushsDoor":0,"SteamSale":0,"testmod-ChristmasGift":0,"Burning Blood":0},{"KeepersGift":0,"CogitoBucket":0,"YumHeart":5,"testmod-TestBox":0,"LetterFromLob":1,"conspire:BottledYoYo":5,"HushsDoor":0,"SteamSale":0,"testmod-ChristmasGift":0,"Burning Blood":0},{"KeepersGift":0,"CogitoBucket":0,"YumHeart":16,"testmod-TestBox":0,"LetterFromLob":3,"conspire:BottledYoYo":16,"HushsDoor":0,"SteamSale":0,"testmod-ChristmasGift":0,"Burning Blood":0}],"Burning Blood":21},"card_choices":[{"not_picked":[],"picked":"DoctorFetus","floor":0},{"not_picked":["Cleave","Pummel"],"picked":"ReplayTheSpireMod:Muscle Training","floor":1},{"not_picked":["BeautyBeast","MeatLantern"],"picked":"Wellcheers","floor":2},{"not_picked":["Headbutt","ReplayTheSpireMod:Strike From Hell","Blood for Blood"],"picked":"SKIP","floor":2},{"not_picked":["Variant","WallGazer"],"picked":"ShyLook","floor":3},{"not_picked":["ReplayTheSpireMod:Stacked","Replay:Undeath\u0027s Touch"],"picked":"Flex","floor":3},{"not_picked":["Battle Trance","Cleave"],"picked":"Thunderclap","floor":1},{"not_picked":["Pommel Strike","Power Through","Shockwave"],"picked":"SKIP","floor":2},{"not_picked":["Run Through","Ghostly Armor"],"picked":"Hemogenesis","floor":4},{"not_picked":["Body Slam","Intimidate"],"picked":"Replay:Undeath\u0027s Touch","floor":4}],"player_experience":244232,"relics_obtained":[{"floor":1,"key":"LetterFromLob"},{"floor":1,"key":"LetterFromLob"},{"floor":4,"key":"conspire:BottledYoYo"}],"event_choices":[{"damage_healed":0,"gold_gain":0,"player_choice":"Success","damage_taken":12,"relics_obtained":["YumHeart"],"max_hp_gain":0,"max_hp_loss":0,"event_name":"Scrap Ooze","floor":5,"gold_loss":0}],"is_beta":false,"boss_relics":[],"items_purged_floors":[3],"is_endless":false,"potions_floor_spawned":[3,2],"killed_by":"3 Sentries","ascension_level":8}}