{"host":"yo9wwslrag05lh37","time":1609354366,"event":{"mods":["AchievementEnabler","BaseMod","Block Reminder","Colored Map","Colored Powertips","GifTheSpireLib","HexUI Lib","Highlight Path","Minty Spire (QoL Compilation)","Rare Cards Sparkle","Relic Stats","StSLib","everything is the same but u backflip on backflip"],"gold_per_floor":[116,132,151,151,151,151,161,189,215,241,241,257,313,327,327,405,405,418,438,438,456,506,538,538,571,571,590,640,671,686,696,696,696,696],"floor_reached":33,"playtime":1615,"items_purged":[],"score":688,"play_id":"b476631f-0f96-498b-9a2f-a6453ee98868","local_time":"20201230195246","is_ascension_mode":true,"campfire_choices":[{"data":"Terror","floor":6.0,"key":"SMITH"},{"data":"Bouncing Flask","floor":11.0,"key":"SMITH"},{"data":"Prepared","floor":15.0,"key":"SMITH"},{"floor":32.0,"key":"REST"}],"circlet_count":0,"master_deck":["AscendersBane","Survivor","Neutralize","Bouncing Flask+1","Prepared","A Thousand Cuts","Footwork","Bane","A Thousand Cuts","Burst","Predator","Terror+1","Prepared+1","Flying Knee","Deflect","Poisoned Stab","Tactician","Poisoned Stab","Tactician","Prepared","Dodge and Roll","Predator","Footwork","Reflex","Crippling Poison","Infinite Blades","Predator+1"],"relics":["Pandora\u0027s Box","PreservedInsect","Akabeko","Blood Vial","Eternal Feather","HornCleat","Philosopher\u0027s Stone","Matryoshka","Bronze Scales","Potion Belt","Blue Candle","Strawberry"],"acts_visited":["Exordium","TheCity"],"potions_floor_usage":[],"damage_taken":[{"damage":0.0,"enemies":"Jaw Worm","floor":1.0,"turns":3.0},{"damage":12.0,"enemies":"Small Slimes","floor":2.0,"turns":3.0},{"damage":4.0,"enemies":"Cultist","floor":3.0,"turns":3.0},{"damage":2.0,"enemies":"Exordium Wildlife","floor":7.0,"turns":3.0},{"damage":37.0,"enemies":"3 Sentries","floor":8.0,"turns":5.0},{"damage":14.0,"enemies":"Lagavulin","floor":10.0,"turns":6.0},{"damage":4.0,"enemies":"2 Fungi Beasts","floor":12.0,"turns":3.0},{"damage":0.0,"enemies":"Gremlin Nob","floor":13.0,"turns":3.0},{"damage":6.0,"enemies":"Red Slaver","floor":14.0,"turns":2.0},{"damage":2.0,"enemies":"Hexaghost","floor":16.0,"turns":8.0},{"damage":10.0,"enemies":"Shell Parasite","floor":18.0,"turns":3.0},{"damage":0.0,"enemies":"Chosen","floor":19.0,"turns":3.0},{"damage":0.0,"enemies":"Snake Plant","floor":21.0,"turns":2.0},{"damage":40.0,"enemies":"Slavers","floor":23.0,"turns":4.0},{"damage":16.0,"enemies":"Book of Stabbing","floor":25.0,"turns":3.0},{"damage":9.0,"enemies":"3 Cultists","floor":27.0,"turns":4.0},{"damage":0.0,"enemies":"Slavers","floor":29.0,"turns":3.0},{"damage":8.0,"enemies":"Chosen and Byrds","floor":30.0,"turns":4.0},{"damage":17.0,"enemies":"Snecko","floor":31.0,"turns":5.0},{"damage":69,"enemies":"Champ","floor":33,"turns":8}],"seed_played":"5228838346499633057","potions_obtained":[{"floor":2.0,"key":"FearPotion"},{"floor":7.0,"key":"Block Potion"},{"floor":10.0,"key":"Regen Potion"},{"floor":21.0,"key":"CunningPotion"},{"floor":23.0,"key":"CunningPotion"},{"floor":25.0,"key":"GhostInAJar"},{"floor":29.0,"key":"Explosive Potion"},{"floor":30.0,"key":"Fruit Juice"}],"is_trial":false,"path_per_floor":["M","M","M","?","?","R","M","E","T","E","R","M","?","M","R","B",null,"M","M","?","M","?","E","?","E","T","M","?","E","M","M","R","B"],"character_chosen":"THE_SILENT","items_purchased":[],"campfire_rested":1,"item_purchase_floors":[],"current_hp_per_floor":[59,47,43,32,66,66,64,27,27,15,24,22,24,20,32,32,58,50,52,52,54,54,30,30,16,16,9,9,18,12,2,40,0,0],"gold":696,"neow_bonus":"BOSS_RELIC","is_daily":false,"chose_seed":false,"campfire_upgraded":3,"win_rate":0.0,"timestamp":1609354366,"path_taken":["M","M","M","?","?","R","?","E","T","E","R","M","?","M","R","BOSS","M","M","?","?","?","E","?","E","T","?","?","E","M","M","R","BOSS"],"items_purchased_type":[],"build_version":"2020-12-22","purchased_purges":0,"victory":false,"max_hp_per_floor":[66,66,66,66,66,66,66,66,66,66,66,66,66,66,66,66,66,66,66,66,66,66,66,66,66,66,66,66,73,73,78,78,78,78],"relic_stats":{"Blood Vial":30,"counters":[20,78],"Bronze Scales":[65],"Blue Candle":[0],"Pandora\u0027s Box":["Bouncing Flask","Prepared","A Thousand Cuts","Footwork","Bane","A Thousand Cuts","Burst","Predator","Terror","Prepared"],"Eternal Feather":36,"PreservedInsect":205,"obtain_stats":[{"Potion Belt":26,"Blue Candle":26,"Eternal Feather":10,"PreservedInsect":4,"Akabeko":8,"Blood Vial":9,"HornCleat":13,"Matryoshka":23,"Bronze Scales":25,"Strawberry":29,"Pandora\u0027s Box":0,"Philosopher\u0027s Stone":17,"Ring of the Snake":0},{"Potion Belt":15,"Blue Candle":15,"Eternal Feather":6,"PreservedInsect":3,"Akabeko":5,"Blood Vial":5,"HornCleat":8,"Matryoshka":14,"Bronze Scales":15,"Strawberry":17,"Pandora\u0027s Box":0,"Philosopher\u0027s Stone":10,"Ring of the Snake":0},{"Potion Belt":54,"Blue Candle":54,"Eternal Feather":23,"PreservedInsect":9,"Akabeko":17,"Blood Vial":17,"HornCleat":29,"Matryoshka":51,"Bronze Scales":54,"Strawberry":61,"Pandora\u0027s Box":0,"Philosopher\u0027s Stone":39,"Ring of the Snake":0}]},"card_choices":[{"not_picked":["Outmaneuver","Skewer"],"picked":"Flying Knee","floor":1.0},{"not_picked":["Eviscerate","Blur"],"picked":"Deflect","floor":2.0},{"not_picked":["Dash","Expertise"],"picked":"Poisoned Stab","floor":3.0},{"not_picked":["Dagger Spray","Outmaneuver"],"picked":"Tactician","floor":7.0},{"not_picked":["Blade Dance","Bane"],"picked":"Poisoned Stab","floor":8.0},{"not_picked":["Bane","Poisoned Stab"],"picked":"Tactician","floor":10.0},{"not_picked":["Deadly Poison","Bane","Sucker Punch"],"picked":"SKIP","floor":12.0},{"not_picked":["Flechettes","Finisher"],"picked":"Prepared","floor":13.0},{"not_picked":["Bane","Tactician"],"picked":"Dodge and Roll","floor":14.0},{"not_picked":["Caltrops","Bane","Poisoned Stab"],"picked":"SKIP","floor":18.0},{"not_picked":["Flying Knee","Riddle With Holes","Distraction"],"picked":"SKIP","floor":19.0},{"not_picked":["Distraction","Dash","Dagger Spray"],"picked":"SKIP","floor":21.0},{"not_picked":["Dagger Throw","Deadly Poison"],"picked":"Predator","floor":23.0},{"not_picked":["Setup","Slice"],"picked":"Reflex","floor":25.0},{"not_picked":["Cloak And Dagger","Flechettes"],"picked":"Crippling Poison","floor":27.0},{"not_picked":["Poisoned Stab","Cloak And Dagger","Flying Knee"],"picked":"SKIP","floor":29.0},{"not_picked":["Choke","Phantasmal Killer"],"picked":"Infinite Blades","floor":30.0},{"not_picked":["Prepared","Flying Knee"],"picked":"Predator+1","floor":31.0}],"player_experience":1412900,"relics_obtained":[{"floor":8.0,"key":"Akabeko"},{"floor":9.0,"key":"Blood Vial"},{"floor":10.0,"key":"Eternal Feather"},{"floor":13.0,"key":"HornCleat"},{"floor":23.0,"key":"Matryoshka"},{"floor":25.0,"key":"Bronze Scales"},{"floor":26.0,"key":"Potion Belt"},{"floor":26.0,"key":"Blue Candle"},{"floor":29.0,"key":"Strawberry"}],"event_choices":[{"damage_healed":0.0,"max_hp_gain":0.0,"max_hp_loss":0.0,"gold_gain":0.0,"event_name":"Scrap Ooze","player_choice":"Success","floor":4.0,"gold_loss":0.0,"damage_taken":11.0,"relics_obtained":["PreservedInsect"]},{"damage_healed":34.0,"max_hp_gain":0.0,"max_hp_loss":0.0,"gold_gain":0.0,"event_name":"Wheel of Change","player_choice":"Full Heal","floor":5.0,"gold_loss":0.0,"damage_taken":0.0},{"damage_healed":0.0,"max_hp_gain":0.0,"max_hp_loss":0.0,"gold_gain":0.0,"event_name":"Dead Adventurer","player_choice":"Searched \u00271\u0027 times","floor":13.0,"gold_loss":0.0,"damage_taken":0.0},{"damage_healed":0.0,"max_hp_gain":0.0,"max_hp_loss":0.0,"gold_gain":0.0,"event_name":"Match and Keep!","player_choice":"0 cards matched","floor":20.0,"gold_loss":0.0,"damage_taken":0.0,"cards_obtained":[]},{"damage_healed":0.0,"max_hp_gain":0.0,"max_hp_loss":0.0,"gold_gain":50.0,"event_name":"Nest","player_choice":"Stole From Cult","floor":22.0,"gold_loss":0.0,"damage_taken":0.0},{"damage_healed":0.0,"max_hp_gain":0.0,"max_hp_loss":0.0,"gold_gain":0.0,"event_name":"Duplicator","player_choice":"Copied","floor":24.0,"gold_loss":0.0,"damage_taken":0.0,"cards_obtained":["Footwork"]},{"damage_healed":0.0,"max_hp_gain":0.0,"max_hp_loss":0.0,"gold_gain":100.0,"event_name":"The Joust","player_choice":"Bet on Murderer","floor":28.0,"gold_loss":50.0,"damage_taken":0.0}],"is_beta":false,"boss_relics":[{"not_picked":["Ectoplasm","Fusion Hammer"],"picked":"Philosopher\u0027s Stone"}],"items_purged_floors":[],"is_endless":false,"potions_floor_spawned":[2,7,10,16,21,23,25,29,30],"killed_by":"Champ","ascension_level":20}}