{"host":"0i8dz4ityulxi1rd","time":1609318790,"event":{"mods":["BaseMod","Colored Map","Colored Powertips","Custom Start","Highlight Path","Keyboard Shortcuts","Minty Spire (QoL Compilation)","StSLib","SuperFastMode"],"gold_per_floor":[99,24,24,24,24,24,24,24,24,24,0,0,0,0,0,0,0,0,0,0,0],"floor_reached":20,"playtime":496,"items_purged":["Strike_B"],"score":348,"play_id":"7c979d3f-1ba0-46fb-80a0-c25e9e13a6b5","local_time":"20201230175950","is_ascension_mode":true,"campfire_choices":[{"data":"Chaos","floor":6.0,"key":"SMITH"},{"floor":8.0,"key":"REST"},{"floor":15,"key":"REST"}],"circlet_count":0,"master_deck":["AscendersBane","Zap","Dualcast+1","Gash","Chaos+1","Rebound","Reprogram","Hologram","All For One","Biased Cognition","Blizzard","Reinforced Body","Force Field","Reinforced Body","Core Surge","Consume","Cold Snap","FTL"],"relics":["Ectoplasm","CultistMask","Odd Mushroom","InkBottle","Pen Nib","Pandora\u0027s Box"],"acts_visited":["Exordium","TheCity"],"potions_floor_usage":[14,16],"damage_taken":[{"damage":7.0,"enemies":"Jaw Worm","floor":1.0,"turns":3.0},{"damage":8.0,"enemies":"2 Louse","floor":5.0,"turns":3.0},{"damage":12.0,"enemies":"The Mushroom Lair","floor":7.0,"turns":5.0},{"damage":0.0,"enemies":"Cultist","floor":10.0,"turns":2.0},{"damage":1.0,"enemies":"Looter","floor":11.0,"turns":3.0},{"damage":48,"enemies":"Gremlin Nob","floor":13,"turns":5},{"damage":0,"enemies":"2 Fungi Beasts","floor":14,"turns":1},{"damage":29,"enemies":"Slime Boss","floor":16,"turns":10},{"damage":37,"enemies":"Shell Parasite","floor":18,"turns":6},{"damage":13,"enemies":"Spheric Guardian","floor":19,"turns":5},{"damage":7,"enemies":"Snake Plant","floor":20,"turns":5}],"seed_played":"1307734505522723310","potions_obtained":[{"floor":5.0,"key":"SmokeBomb"},{"floor":10.0,"key":"Regen Potion"},{"floor":16,"key":"SpeedPotion"},{"floor":18,"key":"EntropicBrew"}],"is_trial":false,"path_per_floor":["M","$","?","?","M","R","?","R","T","M","M","?","E","M","R","B",null,"M","M","M"],"character_chosen":"DEFECT","items_purchased":[],"campfire_rested":2,"item_purchase_floors":[],"current_hp_per_floor":[57,57,36,36,28,28,16,37,37,37,36,59,11,11,32,12,56,19,6,0,0],"gold":0,"neow_bonus":"BOSS_RELIC","is_daily":false,"chose_seed":false,"campfire_upgraded":1,"win_rate":0.0,"timestamp":1609318790,"path_taken":["M","$","?","?","?","R","?","R","T","M","M","?","E","M","R","BOSS","M","M","M"],"items_purchased_type":[],"build_version":"2020-12-22","purchased_purges":1,"victory":false,"max_hp_per_floor":[71,71,71,71,71,71,71,71,71,71,71,71,71,71,71,71,71,71,71,71,71],"card_choices":[{"not_picked":["Leap","Static Discharge"],"picked":"Gash","floor":1.0},{"not_picked":["Go for the Eyes","Steam"],"picked":"Chaos","floor":5.0},{"not_picked":["Coolheaded","Streamline"],"picked":"Rebound","floor":7.0},{"not_picked":["Force Field","Beam Cell"],"picked":"Reprogram","floor":10.0},{"not_picked":["Go for the Eyes","Blizzard"],"picked":"Hologram","floor":11.0},{"not_picked":["Chill","Coolheaded"],"picked":"All For One","floor":13},{"not_picked":["Stack","Go for the Eyes+1"],"picked":"Cold Snap","floor":18},{"not_picked":["Hologram","Conserve Battery"],"picked":"FTL","floor":19}],"player_experience":1271621,"relics_obtained":[{"floor":7.0,"key":"Odd Mushroom"},{"floor":9.0,"key":"InkBottle"},{"floor":13,"key":"Pen Nib"}],"event_choices":[{"damage_healed":0.0,"max_hp_gain":0.0,"max_hp_loss":0.0,"gold_gain":0.0,"event_name":"Shining Light","player_choice":"Entered Light","floor":3.0,"gold_loss":0.0,"damage_taken":21.0,"cards_upgraded":["Defend_B","Dualcast"]},{"damage_healed":0.0,"max_hp_gain":0.0,"max_hp_loss":0.0,"gold_gain":0.0,"event_name":"FaceTrader","player_choice":"Trade","floor":4.0,"gold_loss":0.0,"damage_taken":0.0,"relics_obtained":["CultistMask"]},{"damage_healed":0.0,"max_hp_gain":0.0,"max_hp_loss":0.0,"gold_gain":0.0,"event_name":"Mushrooms","player_choice":"Fought Mushrooms","floor":7.0,"gold_loss":0.0,"damage_taken":0.0},{"damage_healed":23.0,"max_hp_gain":0.0,"max_hp_loss":0.0,"gold_gain":0.0,"event_name":"Big Fish","player_choice":"Banana","floor":12.0,"gold_loss":0.0,"damage_taken":0.0}],"is_beta":false,"boss_relics":[{"not_picked":["Busted Crown","Black Star"],"picked":"Pandora\u0027s Box"}],"items_purged_floors":[2],"is_endless":false,"potions_floor_spawned":[5,10,16,18],"killed_by":"Snake Plant","ascension_level":20}}