{"host":"toh0bbw446wnuexf","time":1609368432,"event":{"mods":["BaseMod","Downfall","Hermit","Minty Spire (QoL Compilation)","Random Character Button","StSLib"],"gold_per_floor":[99,113,132,152,62,76,151,151,163,173,192,192,192,222,241,344,344,344,363,378,378,378,392,392,392,420,420,420,249,249,265,283,381,381,381,398,409,394,394,410,459,459,476,492,492,506,506,517,535,535,535,535],"floor_reached":50,"playtime":3899,"items_purged":["hexamod:Sear"],"score":496,"play_id":"7da7f969-5d3a-4dca-84a2-878d9a2bfca7","local_time":"20201231114712","is_ascension_mode":true,"campfire_choices":[{"data":"hexamod:Float","floor":1,"key":"SMITH"},{"data":"hexamod:HexaLevel","floor":8,"key":"SMITH"},{"floor":13,"key":"REST"},{"data":"hexamod:Rewind","floor":18,"key":"SMITH"},{"floor":25,"key":"REST"},{"floor":27,"key":"REST"},{"data":"hexamod:GhostOfSpirePast","floor":30,"key":"SMITH"},{"data":"hexamod:EmpoweredFlame","floor":35,"key":"SMITH"},{"floor":45,"key":"REST"},{"floor":47,"key":"REST"}],"circlet_count":0,"master_deck":["hexamod:Strike","hexamod:Strike","hexamod:Strike","hexamod:Strike","hexamod:Defend","hexamod:Defend","hexamod:Defend","hexamod:Defend","hexamod:Float+1","hexamod:BacktrackSmack","hexamod:HexaLevel+1","hexamod:Rewind+1","hexamod:EmpoweredFlame+1","hexamod:GhostOfSpirePast+1","hexamod:TimeWarp"],"relics":["hexamod:SpiritBrand","Boot","Shuriken","Oddly Smooth Stone","hexamod:IceCube","Meat on the Bone","Prayer Wheel","hexamod:BolsterEngine","MealTicket"],"acts_visited":["Exordium","TheCity","TheBeyond"],"potions_floor_usage":[10,16,16,16,37,37,48,49,50],"damage_taken":[{"damage":0,"enemies":"Cultist","floor":2,"turns":3},{"damage":11,"enemies":"2 Louse","floor":3,"turns":3},{"damage":0,"enemies":"Jaw Worm","floor":4,"turns":3},{"damage":0,"enemies":"downfall:FleeingMerchant","floor":5,"turns":4},{"damage":1,"enemies":"Blue Slaver","floor":6,"turns":3},{"damage":12,"enemies":"3 Louse","floor":9,"turns":4},{"damage":5,"enemies":"Lots of Slimes","floor":10,"turns":3},{"damage":8,"enemies":"Blue Slaver","floor":11,"turns":4},{"damage":21,"enemies":"3 Sentries","floor":14,"turns":6},{"damage":9,"enemies":"Gremlin Gang","floor":15,"turns":6},{"damage":17,"enemies":"downfall:Silent","floor":16,"turns":7},{"damage":4,"enemies":"Chosen","floor":19,"turns":5},{"damage":9,"enemies":"Snake Plant","floor":20,"turns":3},{"damage":6,"enemies":"3 Cultists","floor":23,"turns":5},{"damage":42,"enemies":"Gremlin Leader","floor":26,"turns":8},{"damage":0,"enemies":"downfall:FleeingMerchant","floor":29,"turns":4},{"damage":20,"enemies":"Snecko","floor":31,"turns":7},{"damage":12,"enemies":"Snake Plant","floor":32,"turns":3},{"damage":39,"enemies":"downfall:Ironclad","floor":33,"turns":6},{"damage":0,"enemies":"Orb Walker","floor":36,"turns":3},{"damage":2,"enemies":"3 Shapes","floor":37,"turns":6},{"damage":2,"enemies":"downfall:FleeingMerchant","floor":38,"turns":4},{"damage":24,"enemies":"3 Darklings","floor":40,"turns":5},{"damage":17,"enemies":"Sphere and 2 Shapes","floor":43,"turns":6},{"damage":36,"enemies":"Maw","floor":44,"turns":7},{"damage":26,"enemies":"Jaw Worm Horde","floor":46,"turns":4},{"damage":33,"enemies":"Writhing Mass","floor":48,"turns":5},{"damage":12,"enemies":"Maw","floor":49,"turns":7},{"damage":22,"enemies":"downfall:Defect","floor":50,"turns":5}],"seed_played":"-2708831589405840148","potions_obtained":[{"floor":4,"key":"FearPotion"},{"floor":9,"key":"Explosive Potion"},{"floor":10,"key":"SteroidPotion"},{"floor":11,"key":"EssenceOfSteel"},{"floor":16,"key":"Dexterity Potion"},{"floor":20,"key":"Explosive Potion"},{"floor":26,"key":"AttackPotion"},{"floor":31,"key":"Fire Potion"},{"floor":37,"key":"sneckomod:MuddlingPotion"},{"floor":43,"key":"LiquidBronze"},{"floor":48,"key":"Block Potion"},{"floor":49,"key":"SpeedPotion"}],"is_trial":false,"path_per_floor":["R","M","M","M","$","M","T","R","M","M","M","?","R","E","M","B",null,"R","M","M","?","?","M","T","R","E","R","?","$","R","M","M","B",null,"R","M","M","$","?","M","T","?","M","M","R","M","R","M","M","B"],"character_chosen":"THE_SPIRIT","items_purchased":["hexamod:BolsterEngine"],"campfire_rested":5,"item_purchase_floors":[29],"current_hp_per_floor":[70,70,59,59,59,58,58,58,46,41,33,33,54,33,24,7,70,70,66,57,57,57,51,51,70,40,61,61,61,61,41,41,14,70,70,70,68,66,66,42,42,42,37,13,34,20,41,20,20,0,0,0],"gold":535,"neow_bonus":"RANDOM_COMMON_RELIC","is_daily":false,"chose_seed":false,"campfire_upgraded":5,"win_rate":0.0,"timestamp":1609368432,"path_taken":["R","M","?","M","$","M","T","R","M","M","M","?","R","E","M","BOSS","R","M","M","?","?","M","T","R","E","R","?","$","R","M","M","BOSS","R","M","M","$","?","M","T","?","M","M","R","M","R","M","M","BOSS"],"items_purchased_type":["Relic"],"build_version":"2020-12-22","purchased_purges":1,"victory":false,"max_hp_per_floor":[70,70,70,70,70,70,70,70,70,70,70,70,70,70,70,70,70,70,70,70,70,70,70,70,70,70,70,70,70,70,70,70,70,70,70,70,70,70,70,70,70,70,70,70,70,70,70,70,70,70,70,70],"card_choices":[{"not_picked":["hexamod:Hexaguard","hexamod:AdvancingGuard"],"picked":"hexamod:BacktrackSmack","floor":2},{"not_picked":["hexamod:ThermalTransfer","hexamod:AdvancingGuard","hexamod:Hexaguard"],"picked":"SKIP","floor":3},{"not_picked":["hexamod:GhostLash","hexamod:InspiringFlames","hexamod:HauntingEcho"],"picked":"SKIP","floor":4},{"not_picked":["hexamod:EtherealExpedition","hexamod:ThermalTransfer"],"picked":"hexamod:HexaLevel","floor":5},{"not_picked":["hexamod:SpectersWail","hexamod:HauntingEcho","hexamod:SwordOfDarkness"],"picked":"SKIP","floor":6},{"not_picked":["hexamod:Firestarter","hexamod:ShieldOfDarkness","hexamod:GhostLash"],"picked":"SKIP","floor":9},{"not_picked":["hexamod:Haunt","hexamod:NightmareStrike"],"picked":"hexamod:Rewind","floor":10},{"not_picked":["hexamod:SoulSteal","hexamod:SearingWound","hexamod:Hexaguard"],"picked":"SKIP","floor":11},{"not_picked":["hexamod:SecondSeal","hexamod:ThirdSeal","hexamod:HauntingEcho"],"picked":"SKIP","floor":14},{"not_picked":["hexamod:PhantomFireball","hexamod:BacktrackSmack","hexamod:RainOfEmbers"],"picked":"SKIP","floor":15},{"not_picked":["hexamod:RadiantFlame","hexamod:ThermalTransfer","hexamod:SwordOfDarkness"],"picked":"SKIP","floor":19},{"not_picked":["hexamod:GhostLash+1","hexamod:NightmareGuise","hexamod:PowerFromBeyond"],"picked":"SKIP","floor":20},{"not_picked":["hexamod:SwordOfDarkness","hexamod:RainOfEmbers","hexamod:HeatCrush"],"picked":"SKIP","floor":23},{"not_picked":["hexamod:BurningTouch","hexamod:ChargedBarrage"],"picked":"hexamod:EmpoweredFlame","floor":26},{"not_picked":["hexamod:GhostShield+1","hexamod:NightmareGuise+1"],"picked":"hexamod:GhostOfSpirePast","floor":29},{"not_picked":["hexamod:ThermalTransfer+1","hexamod:SecondSeal","hexamod:Again+1"],"picked":"SKIP","floor":31},{"not_picked":["hexamod:GhostLash+1","hexamod:RainOfEmbers","hexamod:VolcanoVisage"],"picked":"SKIP","floor":31},{"not_picked":["hexamod:ThermalTransfer+1","hexamod:SecondSeal","hexamod:Again+1"],"picked":"SKIP","floor":31},{"not_picked":["hexamod:GhostLash+1","hexamod:RainOfEmbers","hexamod:VolcanoVisage"],"picked":"SKIP","floor":31},{"not_picked":["hexamod:Firestarter","hexamod:NecessarySacrifice","hexamod:GhostShield+1"],"picked":"SKIP","floor":32},{"not_picked":["hexamod:SwordOfDarkness","hexamod:BurningTouch","hexamod:InspiringFlames"],"picked":"SKIP","floor":32},{"not_picked":["hexamod:FourthSeal","hexamod:PhantomFireball","hexamod:GhostLash"],"picked":"SKIP","floor":36},{"not_picked":["hexamod:ShieldOfDarkness+1","hexamod:FirstSeal","hexamod:SpectralAdrenaline+1"],"picked":"SKIP","floor":36},{"not_picked":["hexamod:FourthSeal","hexamod:PhantomFireball","hexamod:GhostLash"],"picked":"SKIP","floor":36},{"not_picked":["hexamod:ShieldOfDarkness+1","hexamod:FirstSeal","hexamod:SpectralAdrenaline+1"],"picked":"SKIP","floor":36},{"not_picked":["hexamod:GhostflameBarrier","hexamod:NightmareStrike","hexamod:RainOfEmbers+1"],"picked":"SKIP","floor":37},{"not_picked":["hexamod:RainOfEmbers","hexamod:FastForward+1","hexamod:SpectersWail"],"picked":"SKIP","floor":37},{"not_picked":["hexamod:PhantomCloak","hexamod:SoulSteal+1","hexamod:FastForward"],"picked":"SKIP","floor":38},{"not_picked":["hexamod:FourthSeal","hexamod:NightmareGuise+1","hexamod:Again+1"],"picked":"SKIP","floor":40},{"not_picked":["hexamod:Firestarter","hexamod:SwordOfDarkness","hexamod:SpectralSpark"],"picked":"SKIP","floor":40},{"not_picked":["hexamod:Firestarter","hexamod:Again","hexamod:NightmareGuise"],"picked":"SKIP","floor":43},{"not_picked":["hexamod:NightmareStrike+1","hexamod:RainOfEmbers","hexamod:Again"],"picked":"SKIP","floor":43},{"not_picked":["hexamod:SpectersWail","hexamod:SwordOfDarkness","hexamod:BacktrackSmack"],"picked":"SKIP","floor":44},{"not_picked":["hexamod:SpectersWail","hexamod:GhostOfSpireFuture+1","hexamod:GhostShield"],"picked":"SKIP","floor":44},{"not_picked":["hexamod:ParanormalForm","hexamod:Again","hexamod:SpectersWail"],"picked":"SKIP","floor":46},{"not_picked":["hexamod:StepThrough","hexamod:AdvancingGuard","hexamod:Firestarter"],"picked":"SKIP","floor":46},{"not_picked":["hexamod:ThermalTransfer","hexamod:NightmareGuise","hexamod:PowerFromBeyond"],"picked":"SKIP","floor":48},{"not_picked":["hexamod:Hexaguard","hexamod:PhantomCloak","hexamod:FastForward"],"picked":"SKIP","floor":48},{"not_picked":["hexamod:NightmareStrike","hexamod:Firestarter"],"picked":"hexamod:TimeWarp","floor":49},{"not_picked":["hexamod:SecondSeal","hexamod:BurningTouch","hexamod:SwordOfDarkness"],"picked":"SKIP","floor":49}],"player_experience":573116,"relics_obtained":[{"floor":7,"key":"Shuriken"},{"floor":14,"key":"Oddly Smooth Stone"},{"floor":24,"key":"Meat on the Bone"},{"floor":26,"key":"Prayer Wheel"},{"floor":41,"key":"MealTicket"}],"event_choices":[{"damage_healed":0,"gold_gain":0,"player_choice":"Fled","damage_taken":0,"max_hp_gain":0,"max_hp_loss":0,"event_name":"Scrap Ooze","floor":12,"gold_loss":0},{"damage_healed":0,"gold_gain":0,"player_choice":"Ignored","damage_taken":0,"max_hp_gain":0,"max_hp_loss":0,"event_name":"Mysterious Sphere","floor":42,"gold_loss":0}],"is_beta":false,"boss_relics":[{"not_picked":["Coffee Dripper","Sozu"],"picked":"hexamod:IceCube"},{"not_picked":["Runic Dome","Astrolabe","Empty Cage"]}],"items_purged_floors":[5],"is_endless":false,"potions_floor_spawned":[4,9,10,11,15,16,20,26,31,37,43,48,49],"killed_by":"downfall:Defect","ascension_level":1}}