{"host":"bf9sa99gaumonoeu","time":1609339059,"event":{"mods":["AchievementEnabler","BaseMod","Colored Map","Downfall","Friendly Minions","Marisa????????","Minty Spire (QoL Compilation)","Replay The Spire","StSLib","The Cursed","The Disciple","The Servant 0.9.4"],"gold_per_floor":[99,116,266,277,289,302,326,360,360,360,371,399,416,431,446,543,543,543,562,574,590,590,609,681,700,729,739,758,775,550,575,594,694,694,694,708,725,725,21,51,51,51,86,86,105,105,105,105,135,215,247,259],"floor_reached":53,"playtime":6700,"items_purged":["hexamod:Defend"],"score":921,"play_id":"15869d94-883e-44f9-bfcf-79f0642a78da","local_time":"20201230123739","is_ascension_mode":true,"campfire_choices":[{"floor":1.0,"key":"DIG"},{"floor":10.0,"key":"REST"},{"floor":18.0,"key":"RECALL"},{"data":"hexamod:GiftsFromTheDead","floor":30,"key":"SMITH"},{"floor":42,"key":"REST"},{"floor":44,"key":"REST"},{"data":"hexamod:ShieldOfDarkness","floor":46,"key":"SMITH"}],"circlet_count":0,"master_deck":["hexamod:Strike","hexamod:Strike","hexamod:Defend+1","hexamod:Defend","hexamod:Defend","hexamod:Sear","hexamod:Float+1","hexamod:AdvancingGuard","Slimebound:Icky","hexamod:SpectersWail+1","hexamod:ThermalTransfer+1","hexamod:EmpoweredFlame+1","hexamod:ShieldOfDarkness+1","Pot Of Greed+1","Pot Of Greed+1","hexamod:InspiringFlames+1","hexamod:NecessarySacrifice+1","hexamod:AdvancingGuard+1","hexamod:FirstSeal","hexamod:TurnItUp+1","hexamod:BurningTouch+1","hexamod:HeatShield+1","hexamod:Haunted","Pot Of Greed+1","hexamod:FastForward+1","hexamod:GiftsFromTheDead+1","hexamod:RainOfEmbers+1","hexamod:RecurringNightmare+1","hexamod:VolcanoVisage","hexamod:Rewind+1","hexamod:Hexaguard+1","hexamod:DynamicBlow+1","hexamod:GhostOfSpireFuture","hexamod:SixthSeal","hexamod:DynamicBlow+1","hexamod:GhostflameInferno+1","hexamod:GhostflameInferno+1","Pot Of Greed+1","hexamod:PhantomFireball+1","hexamod:SpectersWail+1","Delirium","hexamod:SpectersWail+1","hexamod:InspiringFlames+1","hexamod:RadiantFlame+1","TheCursedMod:Dregs","hexamod:EtherealExpedition+1"],"relics":["hexamod:SpiritBrand","Replay:Kaleidoscope","Oddly Smooth Stone","Replay:Mystery Machine","Blue Doll","Toxic Egg 2","Grinning Jar","Cursed Key","Snack Pack","downfall:HeartBlessingRed","downfall:HeartBlessingGreen","downfall:HeartBlessingBlue","WingedGreaves","Honey Jar","Ice Cream","Bag of Preparation","Singing Bowl","Mercury Hourglass","Nunchaku","Replay:Bandana","HornCleat"],"acts_visited":["Exordium","TheCity","TheBeyond"],"potions_floor_usage":[25,26,26,33,52],"damage_taken":[{"damage":0.0,"enemies":"Small Slimes","floor":2.0,"turns":3.0},{"damage":0.0,"enemies":"Jaw Worm","floor":4.0,"turns":3.0},{"damage":0.0,"enemies":"Cultist","floor":5.0,"turns":3.0},{"damage":0.0,"enemies":"2 Fungi Beasts","floor":6.0,"turns":3.0},{"damage":9.0,"enemies":"3 Sentries","floor":8.0,"turns":6.0},{"damage":2.0,"enemies":"Exordium Thugs","floor":11.0,"turns":3.0},{"damage":0.0,"enemies":"Lagavulin","floor":12.0,"turns":7.0},{"damage":1.0,"enemies":"Exordium Wildlife","floor":13.0,"turns":4.0},{"damage":0.0,"enemies":"2 Fungi Beasts","floor":14.0,"turns":4.0},{"damage":0.0,"enemies":"Large Slime","floor":15.0,"turns":3.0},{"damage":8.0,"enemies":"downfall:Watcher","floor":16.0,"turns":10.0},{"damage":4.0,"enemies":"Shell Parasite","floor":19.0,"turns":5.0},{"damage":0,"enemies":"Snecko","floor":20,"turns":5},{"damage":5,"enemies":"Centurion and Healer","floor":21,"turns":8},{"damage":1,"enemies":"Snake Plant","floor":23,"turns":3},{"damage":0,"enemies":"Cultist and Chosen","floor":25,"turns":6},{"damage":14,"enemies":"Gremlin Leader","floor":26,"turns":6},{"damage":8,"enemies":"Shelled Parasite and Fungi","floor":27,"turns":6},{"damage":11,"enemies":"Snake Plant","floor":28,"turns":5},{"damage":8,"enemies":"Centurion and Healer","floor":29,"turns":5},{"damage":1,"enemies":"Book of Stabbing","floor":31,"turns":5},{"damage":9,"enemies":"Snecko","floor":32,"turns":5},{"damage":10,"enemies":"downfall:Defect","floor":33,"turns":9},{"damage":0,"enemies":"3 Shapes","floor":36,"turns":3},{"damage":0,"enemies":"3 Darklings","floor":37,"turns":5},{"damage":0,"enemies":"downfall:FleeingMerchant","floor":39,"turns":4},{"damage":63,"enemies":"Nemesis","floor":40,"turns":9},{"damage":24,"enemies":"Reptomancer","floor":43,"turns":5},{"damage":0,"enemies":"Maw","floor":45,"turns":6},{"damage":5,"enemies":"Nemesis","floor":49,"turns":5},{"damage":0,"enemies":"4 Shapes","floor":51,"turns":3},{"damage":1,"enemies":"downfall:Ironclad","floor":52,"turns":7}],"seed_played":"8559900786234962452","potions_obtained":[{"floor":4.0,"key":"SteroidPotion"},{"floor":5.0,"key":"SpeedPotion"},{"floor":8.0,"key":"Guardian:BlockOnCardUsePotion"},{"floor":12.0,"key":"Strength Potion"},{"floor":14.0,"key":"Ancient Potion"},{"floor":16.0,"key":"Block Potion"},{"floor":21,"key":"SkillPotion"},{"floor":23,"key":"SkillPotion"},{"floor":25,"key":"ColorlessPotion"},{"floor":27,"key":"FearPotion"},{"floor":31,"key":"Reflective Coating"},{"floor":36,"key":"Elixir"},{"floor":43,"key":"sneckomod:MuddlingPotion"},{"floor":51,"key":"EntropicBrew"}],"is_trial":false,"path_per_floor":["R_BF","M","?","M","M","M","T","E","?","R","M","E","M","M","M","B",null,"R_BF","M","M","M","?","M","T","M","E","M","M","M","R","E","M","B",null,"R_BF","M","M","?","$","E","T","R","E","R","M","R","PTL","PTL","E","T","M","B",null],"character_chosen":"THE_SPIRIT","items_purchased":["Ice Cream","Bag of Preparation","hexamod:GhostflameInferno+1","hexamod:PhantomFireball+1"],"campfire_rested":3,"item_purchase_floors":[39,39,39,39],"current_hp_per_floor":[49,49,49,49,49,49,49,40,22,43,41,41,40,40,40,39,70,70,66,66,68,68,67,67,70,63,64,60,59,69,79,77,74,80,80,80,80,80,80,28,28,52,37,62,73,73,73,73,81,81,88,88],"gold":259,"neow_bonus":"ONE_RARE_RELIC","is_daily":false,"chose_seed":false,"campfire_upgraded":2,"win_rate":0.0,"timestamp":1609339059,"path_taken":["R_BF","M","?","M","M","M","T","E","?","R","?","E","M","M","M","BOSS","R_BF","M","M","?","?","M","T","M","E","M","M","M","R","E","M","BOSS","R_BF","M","M","?","?","E","T","R","E","R","M","R","PTL","PTL","E","?","M","BOSS"],"items_purchased_type":["Relic","Relic","Card","Card"],"build_version":"2020-12-22","purchased_purges":1,"victory":true,"max_hp_per_floor":[70,70,70,70,70,70,70,70,70,70,70,70,70,70,70,70,70,70,70,70,70,70,70,70,70,70,70,70,70,80,80,80,80,80,80,80,80,80,80,82,82,82,84,84,86,86,86,86,88,88,88,88],"card_choices":[{"not_picked":["hexamod:NightmareGuise","hexamod:HeatMetal"],"picked":"hexamod:AdvancingGuard","floor":2.0},{"not_picked":["hexamod:ShieldOfDarkness","hexamod:HeatCrush"],"picked":"hexamod:SpectersWail","floor":4.0},{"not_picked":["hexamod:HeatCrush","hexamod:ShieldOfDarkness"],"picked":"hexamod:ThermalTransfer","floor":5.0},{"not_picked":["hexamod:GhostShield","hexamod:FastForward"],"picked":"hexamod:EmpoweredFlame","floor":6.0},{"not_picked":["hexamod:EmpoweringStance","hexamod:FlamesFromBeyond"],"picked":"hexamod:ShieldOfDarkness","floor":8.0},{"not_picked":["hexamod:ExtraCrispy","hexamod:HeatShield+1","hexamod:GhostLash"],"picked":"SKIP","floor":11.0},{"not_picked":["hexamod:ChargedBarrage+1","hexamod:HeatCrush"],"picked":"hexamod:InspiringFlames+1","floor":12.0},{"not_picked":["hexamod:AdvancingGuard+1","hexamod:GhostOfSpirePresent"],"picked":"hexamod:NecessarySacrifice+1","floor":13.0},{"not_picked":["hexamod:Again+1","hexamod:ThermalTransfer"],"picked":"hexamod:AdvancingGuard+1","floor":14.0},{"not_picked":["hexamod:ExtraCrispy","hexamod:PhantomFireball"],"picked":"hexamod:FirstSeal","floor":15.0},{"not_picked":["hexamod:SearingWound+1","hexamod:UnleashSpirits"],"picked":"hexamod:TurnItUp+1","floor":16.0},{"not_picked":["hexamod:GhostLash","hexamod:InspiringFlames+1"],"picked":"hexamod:BurningTouch+1","floor":19.0},{"not_picked":["hexamod:FirstSeal","hexamod:RainOfEmbers"],"picked":"hexamod:HeatShield+1","floor":20},{"not_picked":["hexamod:RainOfEmbers","hexamod:GhostShield+1","hexamod:NightmareStrike+1"],"picked":"SKIP","floor":21},{"not_picked":["hexamod:GhostShield+1","hexamod:SwordOfDarkness","hexamod:InspiringFlames+1"],"picked":"SKIP","floor":23},{"not_picked":["hexamod:BacktrackSmack+1","hexamod:Firestarter"],"picked":"hexamod:FastForward+1","floor":25},{"not_picked":["hexamod:InspiringFlames+1","hexamod:HeatShield+1","hexamod:SpectersWail"],"picked":"SKIP","floor":26},{"not_picked":["hexamod:GhostShield+1","hexamod:ThermalTransfer"],"picked":"hexamod:GiftsFromTheDead","floor":27},{"not_picked":["hexamod:SpectralAdrenaline+1","hexamod:NightmareGuise+1"],"picked":"hexamod:RainOfEmbers+1","floor":28},{"not_picked":["hexamod:GhostLash","hexamod:BurningTouch+1"],"picked":"hexamod:RecurringNightmare+1","floor":29},{"not_picked":["hexamod:GhostShield+1","hexamod:Incineration","hexamod:GhostOfSpirePast"],"picked":"SKIP","floor":31},{"not_picked":["hexamod:GhostflameBarrier+1","hexamod:HeatMetal","hexamod:PhantomFireball+1"],"picked":"SKIP","floor":32},{"not_picked":["hexamod:EmpoweringStance","hexamod:GiftsFromTheDead"],"picked":"hexamod:VolcanoVisage","floor":33},{"not_picked":["hexamod:SecondSeal","hexamod:RetreatToShadows+1","hexamod:BacktrackSmack"],"picked":"hexamod:Hexaguard+1","floor":36},{"not_picked":["hexamod:NightmareStrike+1","hexamod:GhostShield+1","hexamod:BurningTouch+1"],"picked":"hexamod:DynamicBlow+1","floor":37},{"not_picked":["hexamod:Hexaguard+1","hexamod:InspiringFlames+1","hexamod:SpectersWail"],"picked":"hexamod:DynamicBlow+1","floor":39},{"not_picked":["hexamod:FirstSeal","hexamod:SpectersWail+1","hexamod:FifthSeal","hexamod:FastForward+1"],"picked":"Singing Bowl","floor":40},{"not_picked":["hexamod:GhostLash","hexamod:SpectersWail+1","hexamod:FirstSeal","hexamod:GhostOfSpireFuture"],"picked":"Singing Bowl","floor":43},{"not_picked":["hexamod:InspiringFlames+1","hexamod:FastForward+1","hexamod:AdvancingGuard+1","hexamod:BacktrackSmack+1"],"picked":"Singing Bowl","floor":45},{"not_picked":["hexamod:RadiantFlame+1","hexamod:ThermalTransfer","hexamod:RainOfEmbers+1","hexamod:SkipABeat+1"],"picked":"Singing Bowl","floor":49},{"not_picked":["hexamod:Hexaguard+1","hexamod:HeatMetal","hexamod:InspiringFlames+1"],"picked":"hexamod:EtherealExpedition+1","floor":51}],"player_experience":582862,"relics_obtained":[{"floor":1.0,"key":"Oddly Smooth Stone"},{"floor":7.0,"key":"Replay:Mystery Machine"},{"floor":8.0,"key":"Blue Doll"},{"floor":12.0,"key":"Grinning Jar"},{"floor":26,"key":"Snack Pack"},{"floor":31,"key":"WingedGreaves"},{"floor":40,"key":"Singing Bowl"},{"floor":41,"key":"Mercury Hourglass"},{"floor":43,"key":"Nunchaku"},{"floor":49,"key":"Replay:Bandana"},{"floor":50,"key":"HornCleat"}],"event_choices":[{"damage_healed":0.0,"max_hp_gain":0.0,"max_hp_loss":0.0,"gold_gain":0.0,"event_name":"Scrap Ooze","player_choice":"Success","floor":9.0,"gold_loss":0.0,"damage_taken":18.0,"relics_obtained":["Toxic Egg 2"]}],"is_beta":false,"boss_relics":[{"not_picked":["SlaversCollar","ChewingGum"],"picked":"Cursed Key"},{"not_picked":["Snecko Eye","ReplayTheSpireMod:DimensionalGlitch"],"picked":"Honey Jar"}],"items_purged_floors":[39],"is_endless":false,"potions_floor_spawned":[4,5,8,12,14,16,21,23,25,27,31,32,36,43,51],"ascension_level":1}}