{"host":"j0vzbnzm6n2ctevn","time":1609317136,"event":{"mods":["AchievementEnabler","BaseMod","Minty Spire (QoL Compilation)","Quick Restart","Shop Mod","Spicy Shops","StSLib"],"gold_per_floor":[113,113,128,88,102,102,130,130,200,125,139,139,139,157,157,157,157],"floor_reached":16,"playtime":792,"items_purged":["Defend_P"],"score":100,"play_id":"f366756a-528d-4172-af83-9fcf9570d98d","local_time":"20201230163216","is_ascension_mode":false,"campfire_choices":[{"data":"Eruption","floor":6.0,"key":"SMITH"},{"data":"ClearTheMind","floor":8.0,"key":"SMITH"},{"data":"Strike_P","floor":15.0,"key":"SMITH"}],"circlet_count":0,"master_deck":["Strike_P+1","Strike_P","Strike_P","Strike_P","Defend_P+1","Defend_P","Defend_P","Eruption+1","Vigilance+1","CurseOfTheBell","LikeWater","ClearTheMind+1","LikeWater"],"relics":["Calling Bell","Bird Faced Urn","Ornamental Fan","War Paint","Bronze Scales","MealTicket","HornCleat","Question Card"],"acts_visited":["Exordium"],"potions_floor_usage":[16],"damage_taken":[{"damage":2.0,"enemies":"Small Slimes","floor":1.0,"turns":6.0},{"damage":0.0,"enemies":"2 Louse","floor":3.0,"turns":3.0},{"damage":0.0,"enemies":"Cultist","floor":5.0,"turns":4.0},{"damage":8.0,"enemies":"3 Sentries","floor":7.0,"turns":9.0},{"damage":9.0,"enemies":"Exordium Thugs","floor":11.0,"turns":5.0},{"damage":0.0,"enemies":"3 Louse","floor":14.0,"turns":4.0},{"damage":75,"enemies":"Slime Boss","floor":16,"turns":12}],"seed_played":"1303879122582349571","potions_obtained":[{"floor":4.0,"key":"Dexterity Potion"},{"floor":4.0,"key":"DistilledChaos"},{"floor":4.0,"key":"BottledMiracle"},{"floor":5.0,"key":"PowerPotion"},{"floor":7.0,"key":"SpeedPotion"}],"is_trial":false,"path_per_floor":["M","?","M","?","M","R","E","R","T","$","M","T","?","M","R","B"],"character_chosen":"WATCHER","items_purchased":[],"campfire_rested":0,"item_purchase_floors":[],"current_hp_per_floor":[70,58,58,58,60,60,54,54,54,69,62,62,62,64,64,0,0],"gold":157,"neow_bonus":"BOSS_RELIC","is_daily":false,"chose_seed":false,"campfire_upgraded":3,"win_rate":0.0,"timestamp":1609317136,"path_taken":["M","?","M","?","?","R","E","R","T","$","M","?","?","M","R","BOSS"],"items_purchased_type":[],"build_version":"2020-12-22","purchased_purges":1,"victory":false,"max_hp_per_floor":[72,72,72,72,72,72,72,72,72,72,72,72,72,72,72,72,72],"card_choices":[{"not_picked":["JustLucky","SignatureMove","Nirvana"],"picked":"SKIP","floor":1.0},{"not_picked":["CrushJoints","SashWhip"],"picked":"LikeWater","floor":3.0},{"not_picked":["Weave","FlurryOfBlows","Adaptation"],"picked":"SKIP","floor":5.0},{"not_picked":["Ragnarok","Halt"],"picked":"ClearTheMind","floor":7.0},{"not_picked":["ThirdEye","Halt","ClearTheMind"],"picked":"SKIP","floor":11.0},{"not_picked":["ReachHeaven","Fasting2","EmptyBody"],"picked":"LikeWater","floor":14.0}],"player_experience":66327,"relics_obtained":[{"floor":0.0,"key":"Bird Faced Urn"},{"floor":0.0,"key":"Ornamental Fan"},{"floor":0.0,"key":"War Paint"},{"floor":7.0,"key":"MealTicket"},{"floor":9.0,"key":"HornCleat"},{"floor":12.0,"key":"Question Card"}],"event_choices":[{"damage_healed":0.0,"max_hp_gain":0.0,"max_hp_loss":0.0,"gold_gain":0.0,"event_name":"Scrap Ooze","player_choice":"Success","floor":2.0,"gold_loss":0.0,"damage_taken":12.0,"relics_obtained":["Bronze Scales"]},{"damage_healed":0.0,"max_hp_gain":0.0,"max_hp_loss":0.0,"gold_gain":0.0,"event_name":"The Woman in Blue","player_choice":"Bought 3 Potions","floor":4.0,"gold_loss":0.0,"damage_taken":0.0},{"damage_healed":0.0,"max_hp_gain":0.0,"max_hp_loss":0.0,"gold_gain":0.0,"event_name":"Match and Keep!","player_choice":"0 cards matched","floor":13.0,"gold_loss":0.0,"damage_taken":0.0,"cards_obtained":[]}],"is_beta":false,"boss_relics":[],"items_purged_floors":[10],"is_endless":false,"potions_floor_spawned":[5,7,14],"killed_by":"Slime Boss","ascension_level":0}}