{"host":"873t0y8ybyo38pfq","time":1609358592,"event":{"mods":["BaseMod","Bestiary","Colored Map","Colored Powertips","Highlight Path","Minty Spire (QoL Compilation)","Quick Restart","RNG Fix","Rare Cards Sparkle","Relic Stats","StSLib"],"gold_per_floor":[114,134,144,161,10,10,43,43,43,69,69,97,97,17,17,92,92,92,92,42,42,42,42,42,42,42,42,42,42],"floor_reached":28,"playtime":1114,"items_purged":["Strike_G"],"score":513,"play_id":"ea95f4ca-3b65-4459-930b-28bf57a38758","local_time":"20201230150312","is_ascension_mode":true,"campfire_choices":[{"data":"Phantasmal Killer","floor":6,"key":"SMITH"},{"floor":8,"key":"REST"},{"floor":13,"key":"REST"},{"data":"Noxious Fumes","floor":15,"key":"SMITH"},{"data":"Neutralize","floor":24,"key":"SMITH"},{"data":"Malaise","floor":27,"key":"SMITH"}],"circlet_count":0,"master_deck":["AscendersBane","Defend_G","Defend_G","Defend_G","Defend_G","Defend_G","Survivor","Neutralize+1","Blade Dance","Outmaneuver","Dagger Spray","PiercingWail","Phantasmal Killer+1","Malaise+1","Dagger Throw","Noxious Fumes+1","Adrenaline","Bouncing Flask","Infinite Blades","Bite","Bite","Bite","Bite","Bite","Crippling Poison","Acrobatics+1"],"relics":["Ring of the Snake","NeowsBlessing","Art of War","WingedGreaves","Ancient Tea Set","HornCleat","Ectoplasm","Ice Cream","Mummified Hand"],"acts_visited":["Exordium","TheCity"],"potions_floor_usage":[7,16,19,23,28,28],"damage_taken":[{"damage":0,"enemies":"2 Louse","floor":1,"turns":1},{"damage":0,"enemies":"Cultist","floor":2,"turns":1},{"damage":0,"enemies":"Small Slimes","floor":3,"turns":1},{"damage":14,"enemies":"Blue Slaver","floor":4,"turns":5},{"damage":44,"enemies":"Gremlin Nob","floor":7,"turns":4},{"damage":40,"enemies":"3 Sentries","floor":12,"turns":9},{"damage":9,"enemies":"The Guardian","floor":16,"turns":12},{"damage":4,"enemies":"Chosen","floor":18,"turns":6},{"damage":0,"enemies":"3 Byrds","floor":19,"turns":5},{"damage":34,"enemies":"Book of Stabbing","floor":23,"turns":6},{"damage":5,"enemies":"Snake Plant","floor":25,"turns":5},{"damage":25,"enemies":"Slavers","floor":28,"turns":4}],"seed_played":"-5998612690543349196","potions_obtained":[{"floor":2,"key":"Swift Potion"},{"floor":12,"key":"Regen Potion"},{"floor":16,"key":"Swift Potion"},{"floor":19,"key":"DuplicationPotion"},{"floor":23,"key":"Poison Potion"},{"floor":25,"key":"Fire Potion"}],"is_trial":false,"path_per_floor":["M","M","M","M","$","R","E","R","T","T","?","E","R","$","R","B",null,"M","M","?","?","?","E","R","M","T","R","E"],"character_chosen":"THE_SILENT","items_purchased":["Phantasmal Killer","Noxious Fumes"],"campfire_rested":2,"item_purchase_floors":[5,14],"current_hp_per_floor":[59,59,59,45,45,45,1,20,20,20,42,2,21,21,21,27,56,52,52,52,46,35,13,13,14,14,14,0,0],"gold":42,"neow_bonus":"THREE_ENEMY_KILL","is_daily":false,"chose_seed":false,"campfire_upgraded":4,"win_rate":0.0,"timestamp":1609358592,"path_taken":["M","M","M","M","$","R","E","R","T","?","?","E","R","?","R","BOSS","M","M","?","?","?","E","R","?","T","R","E"],"items_purchased_type":["Card","Card"],"build_version":"2020-12-22","purchased_purges":1,"victory":false,"max_hp_per_floor":[66,66,66,66,66,66,66,66,66,66,66,66,66,66,66,66,66,66,66,66,46,51,51,51,51,51,51,51,51],"relic_stats":{"counters":[12,59],"Mummified Hand":[2],"Ectoplasm":65,"Art of War":[7],"obtain_stats":[{"Ice Cream":23,"HornCleat":12,"NeowsBlessing":0,"Mummified Hand":26,"WingedGreaves":9,"Ectoplasm":17,"Art of War":7,"Ancient Tea Set":10,"Ring of the Snake":0},{"Ice Cream":10,"HornCleat":6,"NeowsBlessing":0,"Mummified Hand":11,"WingedGreaves":5,"Ectoplasm":7,"Art of War":5,"Ancient Tea Set":5,"Ring of the Snake":0},{"Ice Cream":50,"HornCleat":21,"NeowsBlessing":0,"Mummified Hand":55,"WingedGreaves":12,"Ectoplasm":33,"Art of War":12,"Ancient Tea Set":12,"Ring of the Snake":0}],"Ring of the Snake":[24]},"card_choices":[{"not_picked":["Deflect","Endless Agony"],"picked":"Blade Dance","floor":1},{"not_picked":["PiercingWail","Caltrops"],"picked":"Outmaneuver","floor":2},{"not_picked":["Sucker Punch","PiercingWail"],"picked":"Dagger Spray","floor":3},{"not_picked":["Blur","Well Laid Plans"],"picked":"PiercingWail","floor":4},{"not_picked":["Quick Slash","Doppelganger"],"picked":"Malaise","floor":7},{"not_picked":["Setup","Distraction"],"picked":"Dagger Throw","floor":12},{"not_picked":["Burst","Venomology"],"picked":"Adrenaline","floor":16},{"not_picked":["Flying Knee","Prepared"],"picked":"Bouncing Flask","floor":18},{"not_picked":["Bouncing Flask","Crippling Poison"],"picked":"Infinite Blades","floor":19},{"not_picked":["Distraction","Eviscerate"],"picked":"Crippling Poison","floor":23},{"not_picked":["Expertise","Heel Hook"],"picked":"Acrobatics+1","floor":25}],"player_experience":1427373,"relics_obtained":[{"floor":7,"key":"Art of War"},{"floor":9,"key":"WingedGreaves"},{"floor":10,"key":"Ancient Tea Set"},{"floor":12,"key":"HornCleat"},{"floor":23,"key":"Ice Cream"},{"floor":26,"key":"Mummified Hand"}],"event_choices":[{"damage_healed":22,"gold_gain":0,"player_choice":"Banana","damage_taken":0,"max_hp_gain":0,"max_hp_loss":0,"event_name":"Big Fish","floor":11,"gold_loss":0},{"damage_healed":0,"gold_gain":0,"player_choice":"Bet on Murderer","damage_taken":0,"max_hp_gain":0,"max_hp_loss":0,"event_name":"The Joust","floor":20,"gold_loss":50},{"damage_healed":0,"gold_gain":0,"player_choice":"Became a vampire","damage_taken":0,"max_hp_gain":0,"max_hp_loss":20,"event_name":"Vampires","floor":21,"gold_loss":0,"cards_obtained":["Bite","Bite","Bite","Bite","Bite"]},{"damage_healed":0,"gold_gain":0,"player_choice":"Shed Blood","damage_taken":16,"max_hp_gain":5,"max_hp_loss":0,"event_name":"Forgotten Altar","floor":22,"gold_loss":0}],"is_beta":false,"boss_relics":[{"not_picked":["SlaversCollar","Snecko Eye"],"picked":"Ectoplasm"}],"items_purged_floors":[5],"is_endless":false,"potions_floor_spawned":[2,12,16,19,23,25],"killed_by":"Slavers","ascension_level":20}}