{"host":"flm17o2q7bfjyna6","time":1609345180,"event":{"mods":["2.2 Compatiblity","Act Like it!","BaseMod","Better Altar","Better Match","Better Note","Better Sensory Stone","Better Skull","Better Third Choice","Better Vampires","Colored Map","Colored Powertips","DeckTracker","Hermit","Minty Spire (QoL Compilation)","Quick Restart","Replay The Spire","Reworked Bosses","Spicy Shops","StSLib","Wandering Minibosses"],"gold_per_floor":[118,118,118,118,118,138,148,148,161,61,61,78,104,11,24,59,59,157,157,173,173,186,6,6,6,6],"floor_reached":25,"playtime":694,"items_purged":[],"score":354,"play_id":"a0783a01-0020-4cda-899c-20c09a1973b8","local_time":"20201230111940","is_ascension_mode":true,"campfire_choices":[{"data":"Streamline","floor":8,"key":"SMITH"}],"circlet_count":0,"master_deck":["AscendersBane","Strike_B","Strike_B","Strike_B","Defend_B","Defend_B","Defend_B","Defend_B","Zap","Dualcast+1","Streamline+1","Mayhem","Blizzard","Beam Cell","Ball Lightning+1","Steam","Cold Snap","Reinforced Body","Echo Form","Bandage Up+1","Go for the Eyes","ReplayTheSpireMod:Omega Cannon","ReplayGash","Steam+1","Gash","Bandage Up+1"],"relics":["Cracked Core","NeowsBlessing","Dream Catcher","Blue Candle","Bottled Tornado","Incense Burner","Inserter","Dead Branch","War Paint"],"acts_visited":["Exordium","TheCity"],"potions_floor_usage":[16,20,25],"damage_taken":[{"damage":0,"enemies":"Small Slimes","floor":1,"turns":1},{"damage":0,"enemies":"2 Louse","floor":6,"turns":1},{"damage":0,"enemies":"Cultist","floor":7,"turns":1},{"damage":31,"enemies":"Lots of Slimes","floor":9,"turns":4},{"damage":2,"enemies":"Exordium Wildlife","floor":12,"turns":4},{"damage":17,"enemies":"Gremlin Nob","floor":13,"turns":4},{"damage":13,"enemies":"Large Slime","floor":15,"turns":3},{"damage":1,"enemies":"Lagavulin","floor":16,"turns":5},{"damage":16,"enemies":"The Guardian","floor":18,"turns":12},{"damage":25,"enemies":"2 Thieves","floor":20,"turns":3},{"damage":10,"enemies":"3 Byrds","floor":22,"turns":3},{"damage":44,"enemies":"Gremlin Leader","floor":25,"turns":4}],"seed_played":"-8467984405477370491","potions_obtained":[{"floor":12,"key":"Ancient Potion"},{"floor":13,"key":"Flashbang"},{"floor":18,"key":"AttackPotion"},{"floor":20,"key":"Swift Potion"}],"is_trial":false,"path_per_floor":["M","?","?","PTL","PTL","M","M","R","M","$","T","M","E","$","M","E","R_BF","B",null,"M","?","M","$","?","E"],"character_chosen":"DEFECT","items_purchased":["Dream Catcher","Cold Snap","Bandage Up","War Paint","Gash"],"campfire_rested":0,"item_purchase_floors":[10,10,14,23,23],"current_hp_per_floor":[68,68,68,68,68,68,68,68,37,37,37,35,18,18,9,12,34,22,62,41,41,35,35,35,0,0],"gold":6,"neow_bonus":"THREE_ENEMY_KILL","is_daily":false,"chose_seed":false,"campfire_upgraded":1,"win_rate":0.0,"timestamp":1609345180,"path_taken":["M","?","?","PTL","PTL","?","M","R","M","$","T","M","E","?","M","E","R_BF","BOSS","M","?","M","$","?","E"],"items_purchased_type":["Relic","Card","Card","Relic","Card"],"build_version":"2020-12-22","purchased_purges":0,"victory":false,"max_hp_per_floor":[75,75,75,75,75,75,75,75,75,75,75,75,75,75,75,75,75,75,75,75,75,75,75,75,75,75],"card_choices":[{"not_picked":["Steam","Coolheaded"],"picked":"Streamline","floor":1},{"not_picked":["Magnetism","Mind Blast"],"picked":"Mayhem","floor":2},{"not_picked":["Consume","Undo"],"picked":"Beam Cell","floor":6},{"not_picked":["ReplayTheSpireMod:GoodbyeWorld","ReplaySolidLightProjector"],"picked":"Ball Lightning","floor":7},{"not_picked":["Lockon","Auto Shields"],"picked":"Steam","floor":9},{"not_picked":["Sweeping Beam","Leap"],"picked":"Reinforced Body","floor":12},{"not_picked":["Rebound","Hologram"],"picked":"Echo Form","floor":13},{"not_picked":["Rebound","Barrage","Compile Driver"],"picked":"SKIP","floor":15},{"not_picked":["Steam","Leap"],"picked":"Go for the Eyes","floor":16},{"not_picked":["Echo Form","ReplayRNGCard"],"picked":"ReplayTheSpireMod:Omega Cannon","floor":18},{"not_picked":["ReplayTheSpireMod:Repulse","Darkness"],"picked":"ReplayGash","floor":20},{"not_picked":["Rebound","Genetic Algorithm"],"picked":"Steam+1","floor":22}],"player_experience":1618939,"relics_obtained":[{"floor":11,"key":"Blue Candle"},{"floor":13,"key":"Bottled Tornado"},{"floor":16,"key":"Incense Burner"}],"event_choices":[{"damage_healed":0,"gold_gain":1,"player_choice":"1","damage_taken":0,"max_hp_gain":0,"max_hp_loss":0,"event_name":"betterStone:BetterStone","floor":2,"gold_loss":0},{"damage_healed":0,"gold_gain":0,"cards_transformed":["Strike_B"],"player_choice":"Transformed","damage_taken":0,"max_hp_gain":0,"max_hp_loss":0,"event_name":"Transmorgrifier","floor":3,"gold_loss":0,"cards_obtained":["Blizzard"]},{"damage_healed":0,"gold_gain":0,"player_choice":"Gave Potion","damage_taken":0,"relics_obtained":["Dead Branch"],"max_hp_gain":0,"max_hp_loss":0,"event_name":"WeMeetAgain","floor":21,"gold_loss":0},{"damage_healed":0,"gold_gain":0,"player_choice":"Copied","damage_taken":0,"max_hp_gain":0,"max_hp_loss":0,"event_name":"Duplicator","floor":24,"gold_loss":0,"cards_obtained":["Bandage Up"]}],"is_beta":false,"boss_relics":[{"not_picked":["Ring of Chaos","Philosopher\u0027s Stone"],"picked":"Inserter"}],"items_purged_floors":[],"is_endless":false,"potions_floor_spawned":[12,13,18,20],"killed_by":"Gremlin Leader","ascension_level":10}}