{"host":"a1u4jo6xlg3w0wsm","time":1609329506,"event":{"mods":["BaseMod","Better Third Choice","DeckTracker","Downfall","Hermit","Hubris","Minty Spire (QoL Compilation)","Rare Cards Sparkle","Replay The Spire","StSLib"],"gold_per_floor":[113,113,132,151,151,151,151],"floor_reached":6,"playtime":340,"items_purged":[],"score":40,"play_id":"faefbbb4-afe2-49a1-bbd6-472b3918eb50","local_time":"20201231005826","is_ascension_mode":true,"campfire_choices":[],"circlet_count":0,"master_deck":["hermit:Strike_Hermit","hermit:Strike_Hermit","hermit:Strike_Hermit","hermit:Strike_Hermit","hermit:Defend_Hermit","hermit:Defend_Hermit","hermit:Defend_Hermit","hermit:Defend_Hermit","hermit:Snapshot","hermit:Covet","hermit:Vantage","hermit:Quickdraw","hermit:Vantage"],"relics":["hermit:Momento","Art of War","CultistMask","hubris:EvacipatedBox","hubris:Macrotransations"],"acts_visited":["Exordium"],"potions_floor_usage":[3],"damage_taken":[{"damage":1,"enemies":"Cultist","floor":1,"turns":4},{"damage":0,"enemies":"Jaw Worm","floor":3,"turns":3},{"damage":0,"enemies":"2 Louse","floor":4,"turns":2},{"damage":16,"enemies":"Lagavulin","floor":6,"turns":6}],"seed_played":"-970164611523494455","potions_obtained":[{"floor":1,"key":"AttackPotion"}],"is_trial":false,"path_per_floor":["M","?","M","M","$","E"],"character_chosen":"HERMIT","items_purchased":["hubris:EvacipatedBox","hubris:Macrotransations"],"campfire_rested":0,"item_purchase_floors":[5,5],"current_hp_per_floor":[74,74,74,74,36,20,20],"gold":151,"neow_bonus":"RANDOM_COMMON_RELIC","is_daily":false,"chose_seed":false,"campfire_upgraded":0,"win_rate":0.0,"timestamp":1609329506,"path_taken":["M","?","?","M","?","E"],"items_purchased_type":["Relic","Relic"],"build_version":"2020-12-13","purchased_purges":0,"victory":false,"max_hp_per_floor":[75,75,75,75,75,75,75],"card_choices":[{"not_picked":["hermit:TakeAim","hermit:Manifest"],"picked":"hermit:Vantage","floor":1},{"not_picked":["hermit:Dive","hermit:DeadMansHand"],"picked":"hermit:Quickdraw","floor":3},{"not_picked":["hermit:HighCaliber","hermit:Misfire"],"picked":"hermit:Vantage","floor":4}],"player_experience":252266,"relics_obtained":[],"event_choices":[{"damage_healed":0,"gold_gain":0,"player_choice":"Trade","damage_taken":0,"relics_obtained":["CultistMask"],"max_hp_gain":0,"max_hp_loss":0,"event_name":"FaceTrader","floor":2,"gold_loss":0}],"is_beta":false,"boss_relics":[],"items_purged_floors":[],"is_endless":false,"potions_floor_spawned":[1],"killed_by":"Lagavulin","ascension_level":2}}