{"host":"nox","time":1609343548,"event":{"mods":["Act Like it!","Aspiration","BaseMod","Better Altar","Better Match","Better Note","Better Sensory Stone","Better Skull","Better Third Choice","BetterRewards","Colored Powertips","Conspire","Energized Spire","GifTheSpireLib","Hubris","Infinite Spire","Minty Spire (QoL Compilation)","Pale of the Ancients","Quick Restart","Rare Cards Sparkle","Replay The Spire","Shop Mod","Spikes Relics","StSLib","Stuff the Spire","SuperFastMode","The Alterego","vexMod"],"gold_per_floor":[116,71,81,108,127,127,141,141,211,211,230,258,37,55,55,55,55],"floor_reached":16,"playtime":408,"items_purged":[],"score":138,"play_id":"485e1005-6a55-4e40-a825-34861f1a3802","local_time":"20201230225228","is_ascension_mode":true,"campfire_choices":[{"data":"Flex","floor":6.0,"key":"SMITH"},{"floor":8.0,"key":"REST"},{"floor":10.0,"key":"RECALL"},{"floor":15.0,"key":"REST"}],"circlet_count":0,"master_deck":["Strike_G","Strike_G","Strike_G","Strike_G","Strike_G","Defend_G","Defend_G","Defend_G","Defend_G","Defend_G","Survivor","Neutralize","Flex+1","Dagger Spray","Blade Dance","Clash","Barricade","Poisoned Stab"],"relics":["Iron Core","MerchantsRug","RetroEgg"],"acts_visited":["Exordium"],"potions_floor_usage":[16,16],"damage_taken":[{"damage":3.0,"enemies":"2 Louse","floor":1.0,"turns":3.0},{"damage":1.0,"enemies":"Cultist","floor":3.0,"turns":4.0},{"damage":26.0,"enemies":"conspire:MimicChest","floor":4.0,"turns":5.0},{"damage":7.0,"enemies":"Small Slimes","floor":5.0,"turns":3.0},{"damage":1.0,"enemies":"Exordium Wildlife","floor":7.0,"turns":3.0},{"damage":14.0,"enemies":"Exordium Thugs","floor":11.0,"turns":4.0},{"damage":23.0,"enemies":"Gremlin Nob","floor":12.0,"turns":5.0},{"damage":0.0,"enemies":"Blue Slaver","floor":14.0,"turns":3.0},{"damage":31,"enemies":"Hexaghost","floor":16,"turns":8}],"seed_played":"4047259187630632533","potions_obtained":[{"floor":4.0,"key":"ColorlessPotion"},{"floor":11.0,"key":"Dexterity Potion"},{"floor":12.0,"key":"Toxic Potion"},{"floor":14.0,"key":"CultistPotion"}],"is_trial":false,"path_per_floor":["M","$","M","?","M","R","M","R","T","R","M","E","$","M","R","B"],"character_chosen":"THE_SILENT","items_purchased":["Dagger Spray","MerchantsRug","Poisoned Stab","RetroEgg"],"campfire_rested":2,"item_purchase_floors":[2,13,13,13],"current_hp_per_floor":[60,60,59,33,26,26,25,46,46,46,32,9,9,9,30,0,0],"gold":55,"neow_bonus":"NOSTALGIA","is_daily":false,"chose_seed":false,"campfire_upgraded":1,"win_rate":0.0,"timestamp":1609343548,"path_taken":["M","$","M","?","M","R","M","R","T","R","?","E","$","M","R","BOSS"],"items_purchased_type":["Card","Relic","Card","Relic"],"build_version":"2020-11-17","purchased_purges":0,"victory":false,"max_hp_per_floor":[70,70,70,70,70,70,70,70,70,70,70,70,70,70,70,70,70],"card_choices":[{"not_picked":["PiercingWail","Infinite Blades"],"picked":"Flex","floor":1.0},{"not_picked":["Cold Snap","Deadly Poison"],"picked":"Blade Dance","floor":3.0},{"not_picked":["InfectiousVector","Warcry","StuffTheSpire:BumpUp"],"picked":"SKIP","floor":5.0},{"not_picked":["Fire Breathing","Hologram"],"picked":"Clash","floor":7.0},{"not_picked":["Rip and Tear","Cold Snap"],"picked":"Barricade","floor":11.0},{"not_picked":["Poisoned Stab","Prepared","Deadly Poison"],"picked":"SKIP","floor":12.0},{"not_picked":["Skewer","Flechettes","Rebound"],"picked":"SKIP","floor":14.0}],"player_experience":284666,"relics_obtained":[{"floor":4.0,"key":"Centennial Puzzle"},{"floor":12.0,"key":"hubris:FunFungus"}],"event_choices":[],"is_beta":true,"boss_relics":[],"items_purged_floors":[],"is_endless":false,"potions_floor_spawned":[4,11,12,14],"killed_by":"Hexaghost","ascension_level":7}}