{"host":"sc0o2qwpf9j16a4i","time":1609293836,"event":{"mods":["AchievementEnabler","BaseMod","BetterRewards","Block Reminder","Colored Map","Colored Powertips","Custom Start","Highlight Path","Minty Spire (QoL Compilation)","Relic Stats"],"gold_per_floor":[114,114,130,50,61,61,90,103,103,130,148,113,145,165,165,238,238,253,253,155,205,223,223,253,253,253,264,264,264],"floor_reached":28,"playtime":1005,"items_purged":[],"score":516,"play_id":"020c6d86-fcc0-4f39-b1dc-de1608f0f41d","local_time":"20201230040356","is_ascension_mode":true,"campfire_choices":[{"data":"Armaments","floor":6,"key":"SMITH"},{"floor":15,"key":"REST"},{"floor":23,"key":"RECALL"},{"floor":25,"key":"REST"}],"circlet_count":0,"master_deck":["AscendersBane","Strike_R","Strike_R","Strike_R","Strike_R","Strike_R","Defend_R","Defend_R","Defend_R","Defend_R+1","Bash","Perfected Strike","Perfected Strike","Armaments+1","Shrug It Off","Thunderclap","Clothesline","Battle Trance+1","Shrug It Off+1","Shrug It Off+1","Battle Trance+1","Impervious+1","Burning Pact+1","Blind+1","Metallicize","Second Wind+1","Armaments+1"],"relics":["Sozu","Eternal Feather","Toxic Egg 2","Shuriken","Centennial Puzzle","Fusion Hammer","War Paint","Letter Opener"],"acts_visited":["Exordium","TheCity"],"potions_floor_usage":[],"damage_taken":[{"damage":3,"enemies":"2 Louse","floor":1,"turns":2},{"damage":0,"enemies":"Cultist","floor":3,"turns":2},{"damage":0,"enemies":"Jaw Worm","floor":5,"turns":2},{"damage":20,"enemies":"Lagavulin","floor":7,"turns":7},{"damage":9,"enemies":"Large Slime","floor":8,"turns":5},{"damage":20,"enemies":"3 Sentries","floor":10,"turns":6},{"damage":4,"enemies":"Lots of Slimes","floor":11,"turns":4},{"damage":10,"enemies":"Lagavulin","floor":13,"turns":6},{"damage":0,"enemies":"Looter","floor":14,"turns":3},{"damage":6,"enemies":"The Guardian","floor":16,"turns":13},{"damage":19,"enemies":"3 Byrds","floor":18,"turns":7},{"damage":0,"enemies":"2 Thieves","floor":22,"turns":4},{"damage":46,"enemies":"Slavers","floor":24,"turns":12},{"damage":29,"enemies":"Shelled Parasite and Fungi","floor":27,"turns":7},{"damage":33,"enemies":"Book of Stabbing","floor":28,"turns":7}],"seed_played":"-1758900728475675155","potions_obtained":[],"is_trial":false,"path_per_floor":["M","?","M","$","M","R","E","M","T","E","M","?","E","M","R","B",null,"M","?","$","?","M","R","E","R","T","M","E"],"character_chosen":"IRONCLAD","items_purchased":["Armaments","Shrug It Off","Blind+1"],"campfire_rested":2,"item_purchase_floors":[4,4,20],"current_hp_per_floor":[65,75,75,75,75,75,55,46,46,26,22,40,30,30,64,58,71,52,52,52,52,52,67,21,58,58,29,0,0],"gold":264,"neow_bonus":"BOSS_RELIC","is_daily":false,"chose_seed":false,"campfire_upgraded":1,"win_rate":0.0,"timestamp":1609293836,"path_taken":["M","?","M","$","?","R","E","M","T","E","?","?","E","M","R","BOSS","M","?","$","?","M","R","E","R","T","?","E"],"items_purchased_type":["Card","Card","Card"],"build_version":"2020-12-22","purchased_purges":0,"victory":false,"max_hp_per_floor":[75,75,75,75,75,75,75,75,75,75,75,75,75,75,75,75,75,75,75,75,75,75,75,75,75,75,75,75,75],"relic_stats":{"Sozu":5,"Centennial Puzzle":[15],"counters":[15,87],"Shuriken":[8],"Eternal Feather":42,"Letter Opener":[36],"War Paint":["Battle Trance","Defend_R"],"obtain_stats":[{"Sozu":0,"Centennial Puzzle":13,"Shuriken":10,"Eternal Feather":7,"Fusion Hammer":17,"Letter Opener":26,"Toxic Egg 2":9,"War Paint":24,"Burning Blood":0},{"Sozu":0,"Centennial Puzzle":8,"Shuriken":6,"Eternal Feather":4,"Fusion Hammer":10,"Letter Opener":13,"Toxic Egg 2":5,"War Paint":13,"Burning Blood":0},{"Sozu":0,"Centennial Puzzle":34,"Shuriken":24,"Eternal Feather":13,"Fusion Hammer":50,"Letter Opener":73,"Toxic Egg 2":18,"War Paint":73,"Burning Blood":0}]},"card_choices":[{"not_picked":["Rupture","Battle Trance"],"picked":"Perfected Strike","floor":1},{"not_picked":["Iron Wave","Rage"],"picked":"Perfected Strike","floor":3},{"not_picked":["Armaments","Fiend Fire"],"picked":"Thunderclap","floor":5},{"not_picked":["Burning Pact","Battle Trance"],"picked":"Clothesline","floor":7},{"not_picked":["Entrench","Blood for Blood"],"picked":"Battle Trance","floor":8},{"not_picked":["Clash","Thunderclap","Fiend Fire"],"picked":"SKIP","floor":10},{"not_picked":["Perfected Strike","Dropkick"],"picked":"Shrug It Off+1","floor":11},{"not_picked":["Whirlwind","Bloodletting+1"],"picked":"Shrug It Off+1","floor":13},{"not_picked":["Heavy Blade","Thunderclap"],"picked":"Battle Trance+1","floor":14},{"not_picked":["Limit Break+1","Corruption"],"picked":"Impervious+1","floor":16},{"not_picked":["Headbutt","Anger+1"],"picked":"Burning Pact+1","floor":18},{"not_picked":["Rampage","Flex+1"],"picked":"Metallicize","floor":22},{"not_picked":["Perfected Strike","Pommel Strike"],"picked":"Second Wind+1","floor":24},{"not_picked":["Second Wind+1","Thunderclap"],"picked":"Armaments+1","floor":27}],"player_experience":433347,"relics_obtained":[{"floor":7,"key":"Eternal Feather"},{"floor":9,"key":"Toxic Egg 2"},{"floor":10,"key":"Shuriken"},{"floor":13,"key":"Centennial Puzzle"},{"floor":24,"key":"War Paint"},{"floor":26,"key":"Letter Opener"}],"event_choices":[{"damage_healed":10,"gold_gain":0,"player_choice":"Full Heal","damage_taken":0,"max_hp_gain":0,"max_hp_loss":0,"event_name":"Wheel of Change","floor":2,"gold_loss":0},{"damage_healed":18,"gold_gain":0,"player_choice":"Healed","damage_taken":0,"max_hp_gain":0,"max_hp_loss":0,"event_name":"The Cleric","floor":12,"gold_loss":35},{"damage_healed":0,"gold_gain":0,"player_choice":"Ignored","damage_taken":0,"max_hp_gain":0,"max_hp_loss":0,"event_name":"Vampires","floor":19,"gold_loss":0},{"damage_healed":0,"gold_gain":50,"player_choice":"Pray","damage_taken":0,"max_hp_gain":0,"max_hp_loss":0,"event_name":"Golden Shrine","floor":21,"gold_loss":0}],"is_beta":false,"boss_relics":[{"not_picked":["Velvet Choker","Runic Pyramid"],"picked":"Fusion Hammer"}],"items_purged_floors":[],"is_endless":false,"potions_floor_spawned":[1,7,8,14,22],"killed_by":"Book of Stabbing","ascension_level":20}}