{"host":"j3h0p3l2xgzxhnx7","time":1609300700,"event":{"mods":["BaseMod","Luminous","Marisa????????","Minty Spire (QoL Compilation)","Remilia??????","StSLib","The Bug Knight","The Cursed","The Servant 0.9.4"],"gold_per_floor":[114,128,78,78,92,92,92,92,165,214,253,28,51,51,51,202,202,245,270,270,283,283,283,302,602,627,640,180,180,180,180],"floor_reached":30,"playtime":1129,"items_purged":[],"score":228,"play_id":"44d50d69-d5dd-46cf-bc43-c6d2aacee871","local_time":"20201230115820","is_ascension_mode":false,"campfire_choices":[{"data":"TheCursedMod:CircleOfFocus","floor":6,"key":"SMITH"},{"data":"TheCursedMod:CircleOfCorruption","floor":8,"key":"SMITH"},{"floor":15,"key":"REST"},{"floor":23,"key":"REST"}],"circlet_count":0,"master_deck":["TheCursedMod:Strike_TheCursed","TheCursedMod:Strike_TheCursed","TheCursedMod:Strike_TheCursed","TheCursedMod:Strike_TheCursed","TheCursedMod:Defend_TheCursed","TheCursedMod:Defend_TheCursed","TheCursedMod:Defend_TheCursed","TheCursedMod:Defend_TheCursed","TheCursedMod:CursedWand","TheCursedMod:CleanUpWorkshop","TheCursedMod:CircleOfFocus+1","TheCursedMod:RapidMovement","TheCursedMod:CircleOfCorruption+1","TheCursedMod:TacticalStrike+1","TheCursedMod:SoulCrush","TheCursedMod:CursedShiv","TheCursedMod:CollectTribute","TheCursedMod:WearCloak","TheCursedMod:SpitefulPlan","TheCursedMod:CursedBlade","TheCursedMod:CursedMace+1","Greed_TH","TheCursedMod:Grudge","TheCursedMod:CursedAmulet+1","TheCursedMod:SpitefulPray","TheCursedMod:WearCloak","TheCursedMod:SpitefulStrike","TheCursedMod:SurpriseAttack"],"relics":["TheCursedMod:BlackMagicAdvanced","NeowsBlessing","Golden Idol","Pantograph","Lantern","Blood Vial","Toolbox","MutagenicStrength","Ancient Tea Set","PreservedInsect","MealTicket","Orrery"],"acts_visited":["Exordium","TheCity"],"potions_floor_usage":[11,11],"damage_taken":[{"damage":0,"enemies":"Small Slimes","floor":1,"turns":1},{"damage":0,"enemies":"Jaw Worm","floor":2,"turns":1},{"damage":0,"enemies":"2 Louse","floor":5,"turns":1},{"damage":21,"enemies":"Gremlin Nob","floor":11,"turns":4},{"damage":3,"enemies":"Red Slaver","floor":13,"turns":2},{"damage":63,"enemies":"Hexaghost","floor":16,"turns":11},{"damage":44,"enemies":"3 Byrds","floor":18,"turns":6},{"damage":0,"enemies":"Spheric Guardian","floor":19,"turns":3},{"damage":11,"enemies":"Centurion and Healer","floor":21,"turns":7},{"damage":42,"enemies":"Snecko","floor":24,"turns":5},{"damage":5,"enemies":"Cultist and Chosen","floor":27,"turns":4}],"seed_played":"6407071548315116032","potions_obtained":[{"floor":1,"key":"FearPotion"},{"floor":2,"key":"SteroidPotion"},{"floor":19,"key":"BlessingOfTheForge"},{"floor":27,"key":"SpeedPotion"}],"is_trial":false,"path_per_floor":["M","M","?","?","M","R","?","R","T","T","E","$","M","?","R","B",null,"M","M","?","M","?","R","M","?","T","M","$","?","?"],"character_chosen":"THE_CURSED","items_purchased":["Toolbox","TheCursedMod:SoulCrush","PreservedInsect","MealTicket","Orrery"],"campfire_rested":2,"item_purchase_floors":[12,12,28,28,28],"current_hp_per_floor":[75,75,75,75,75,75,68,68,68,68,47,47,46,46,68,12,75,31,33,33,24,49,71,31,31,31,28,13,4,0,0],"gold":180,"neow_bonus":"THREE_ENEMY_KILL","is_daily":false,"chose_seed":false,"campfire_upgraded":2,"win_rate":0.0,"timestamp":1609300700,"path_taken":["M","M","?","?","M","R","?","R","T","?","E","$","?","?","R","BOSS","M","?","?","M","?","R","M","?","T","M","$","?","?"],"items_purchased_type":["Relic","Card","Relic","Relic","Relic"],"build_version":"2020-12-22","purchased_purges":0,"victory":false,"max_hp_per_floor":[75,75,75,75,75,75,75,75,75,75,75,75,75,75,75,75,75,75,75,75,75,75,75,75,75,75,75,75,75,75,75],"card_choices":[{"not_picked":["TheCursedMod:EmpowerCircles","TheCursedMod:Mangle"],"picked":"TheCursedMod:CircleOfFocus","floor":1},{"not_picked":["TheCursedMod:CursedBlade","TheCursedMod:StingEye"],"picked":"TheCursedMod:RapidMovement","floor":2},{"not_picked":["TheCursedMod:FleshFromBone","TheCursedMod:FuryStrike"],"picked":"TheCursedMod:CircleOfCorruption","floor":5},{"not_picked":["TheCursedMod:CursedArmor","TheCursedMod:RavingStaff"],"picked":"TheCursedMod:TacticalStrike","floor":11},{"not_picked":["TheCursedMod:FleshFromBone","TheCursedMod:StunningStrike"],"picked":"TheCursedMod:CursedShiv","floor":13},{"not_picked":["TheCursedMod:NeowsMight","TheCursedMod:StunningStrike"],"picked":"TheCursedMod:CollectTribute","floor":16},{"not_picked":["TheCursedMod:TacticalStrike","TheCursedMod:CircleOfFlame"],"picked":"TheCursedMod:WearCloak","floor":18},{"not_picked":["TheCursedMod:Wield","TheCursedMod:CursedShiv"],"picked":"TheCursedMod:SpitefulPlan","floor":19},{"not_picked":["TheCursedMod:SpreadPlague","TheCursedMod:Obscuration"],"picked":"TheCursedMod:CursedBlade","floor":21},{"not_picked":["TheCursedMod:CursedBlade","TheCursedMod:CircleOfFocus+1"],"picked":"TheCursedMod:CursedMace+1","floor":24},{"not_picked":["TheCursedMod:Stretching","TheCursedMod:CircleOfAmplification"],"picked":"TheCursedMod:Grudge","floor":27},{"not_picked":["TheCursedMod:UltimatePain","TheCursedMod:Stigma+1"],"picked":"TheCursedMod:CursedAmulet+1","floor":28},{"not_picked":["TheCursedMod:BloodBarrier","TheCursedMod:HellfireBreathing"],"picked":"TheCursedMod:SpitefulPray","floor":28},{"not_picked":["TheCursedMod:CursedArmor+1","TheCursedMod:SaltUponWound"],"picked":"TheCursedMod:WearCloak","floor":28},{"not_picked":["TheCursedMod:VitalStrike","TheCursedMod:ReleasedStrength"],"picked":"TheCursedMod:SpitefulStrike","floor":28},{"not_picked":["TheCursedMod:CursedStaff","TheCursedMod:HellsGateOpen+1"],"picked":"TheCursedMod:SurpriseAttack","floor":28}],"player_experience":65032,"relics_obtained":[{"floor":9,"key":"Pantograph"},{"floor":10,"key":"Lantern"},{"floor":11,"key":"Blood Vial"},{"floor":26,"key":"Ancient Tea Set"}],"event_choices":[{"cards_removed":["TheCursedMod:Dregs"],"damage_healed":0,"gold_gain":0,"player_choice":"Card Removal","damage_taken":0,"max_hp_gain":0,"max_hp_loss":0,"event_name":"The Cleric","floor":3,"gold_loss":50},{"damage_healed":0,"gold_gain":0,"player_choice":"Take Wound","damage_taken":0,"relics_obtained":["Golden Idol"],"max_hp_gain":0,"max_hp_loss":0,"event_name":"Golden Idol","floor":4,"gold_loss":0,"cards_obtained":["Injury"]},{"cards_removed":["Injury"],"damage_healed":0,"gold_gain":0,"player_choice":"Card Removal","damage_taken":7,"max_hp_gain":0,"max_hp_loss":0,"event_name":"Golden Wing","floor":7,"gold_loss":0},{"damage_healed":0,"gold_gain":0,"player_choice":"Upgraded","damage_taken":0,"max_hp_gain":0,"max_hp_loss":0,"event_name":"Upgrade Shrine","floor":14,"gold_loss":0,"cards_upgraded":["TheCursedMod:TacticalStrike"]},{"damage_healed":0,"gold_gain":0,"player_choice":"Inject Mutagens","damage_taken":0,"relics_obtained":["MutagenicStrength"],"max_hp_gain":0,"max_hp_loss":0,"event_name":"Drug Dealer","floor":20,"gold_loss":0},{"damage_healed":25,"gold_gain":0,"player_choice":"Heal","damage_taken":0,"max_hp_gain":0,"max_hp_loss":0,"event_name":"The Library","floor":22,"gold_loss":0},{"damage_healed":0,"gold_gain":0,"player_choice":"Stopped","damage_taken":9,"max_hp_gain":0,"max_hp_loss":0,"event_name":"Cursed Tome","floor":29,"gold_loss":0},{"damage_healed":0,"gold_gain":0,"player_choice":"Obtained Relic","damage_taken":0,"relics_obtained":["HollowMod:LifeEnderRelic"],"max_hp_gain":0,"max_hp_loss":0,"event_name":"Addict","floor":30,"gold_loss":85}],"is_beta":false,"boss_relics":[{"not_picked":["Cursed Key","Velvet Choker"],"picked":"TheCursedMod:BlackMagicAdvanced"}],"items_purged_floors":[],"is_endless":false,"potions_floor_spawned":[1,2,19,27],"ascension_level":0}}