{"host":"foq4mrde4mssg7vt","time":1609302477,"event":{"mods":["AchievementEnabler","BaseMod","Colored Map","Colored Powertips","Highlight Path","Minty Spire (QoL Compilation)","Relic Stats","everything is the same but u backflip on backflip"],"gold_per_floor":[10,25,39,39,57,92,92,110,188,18,18,37,37,63,63,162,162,162,162,162,23,23,23,23,23,23,23,23,23,23,23,23,23,23,23,23,23,23,23,23,23,23,23,23,23,23,23,23,23,23,23],"floor_reached":50,"playtime":2285,"items_purged":[],"score":908,"play_id":"f8b3a3cf-cafc-4824-84af-1a938c605174","local_time":"20201230122757","is_ascension_mode":true,"campfire_choices":[{"data":"Defragment","floor":13.0,"key":"SMITH"},{"data":"Go for the Eyes","floor":15.0,"key":"SMITH"},{"floor":23.0,"key":"REST"},{"data":"Defragment","floor":25.0,"key":"SMITH"},{"data":"Hologram","floor":32.0,"key":"SMITH"},{"floor":40.0,"key":"REST"},{"floor":44.0,"key":"REST"},{"data":"Meteor Strike","floor":46.0,"key":"SMITH"},{"floor":49.0,"key":"RECALL"}],"circlet_count":0,"master_deck":["AscendersBane","Strike_B+1","Strike_B+1","Strike_B+1","Defend_B+1","Defend_B+1","Defend_B+1","Defend_B+1","Zap","Dualcast","Doom and Gloom","BootSequence","Sunder","Coolheaded","Streamline","Meteor Strike+1","Redo","Defragment+1","Ball Lightning","Recycle","Go for the Eyes+1","Reboot","Stack+1","Defragment+1","Genetic Algorithm","Force Field","Compile Driver+1","Biased Cognition","Decay","Hologram+1","Seek","Reinforced Body","Self Repair","Conserve Battery","Double Energy"],"relics":["Cracked Core","Emotion Chip","Dream Catcher","Sundial","GremlinMask","Shovel","Ectoplasm","Enchiridion","Art of War","Gremlin Horn","Toy Ornithopter","Snecko Eye","Vajra","Happy Flower"],"acts_visited":["Exordium","TheCity","TheBeyond"],"potions_floor_usage":[50],"damage_taken":[{"damage":5.0,"enemies":"2 Louse","floor":1.0,"turns":3.0},{"damage":4.0,"enemies":"Jaw Worm","floor":2.0,"turns":4.0},{"damage":1.0,"enemies":"Cultist","floor":3.0,"turns":3.0},{"damage":10.0,"enemies":"Large Slime","floor":5.0,"turns":6.0},{"damage":14.0,"enemies":"3 Sentries","floor":6.0,"turns":5.0},{"damage":4.0,"enemies":"Lots of Slimes","floor":8.0,"turns":2.0},{"damage":8.0,"enemies":"2 Fungi Beasts","floor":12.0,"turns":3.0},{"damage":16.0,"enemies":"Gremlin Nob","floor":14.0,"turns":3.0},{"damage":15.0,"enemies":"Hexaghost","floor":16.0,"turns":9.0},{"damage":18.0,"enemies":"3 Byrds","floor":18.0,"turns":4.0},{"damage":0.0,"enemies":"Chosen","floor":22.0,"turns":4.0},{"damage":19.0,"enemies":"Gremlin Leader","floor":24.0,"turns":4.0},{"damage":2.0,"enemies":"Snecko","floor":28.0,"turns":4.0},{"damage":0.0,"enemies":"3 Cultists","floor":30.0,"turns":4.0},{"damage":12.0,"enemies":"Book of Stabbing","floor":31.0,"turns":7.0},{"damage":17.0,"enemies":"Champ","floor":33.0,"turns":9.0},{"damage":1.0,"enemies":"3 Shapes","floor":35.0,"turns":5.0},{"damage":0.0,"enemies":"Orb Walker","floor":38.0,"turns":2.0},{"damage":42.0,"enemies":"Transient","floor":39.0,"turns":5.0},{"damage":1.0,"enemies":"Spire Growth","floor":41.0,"turns":4.0},{"damage":34.0,"enemies":"Reptomancer","floor":42.0,"turns":8.0},{"damage":7.0,"enemies":"Maw","floor":45.0,"turns":7.0},{"damage":52.0,"enemies":"Giant Head","floor":47.0,"turns":12.0},{"damage":13.0,"enemies":"4 Shapes","floor":48.0,"turns":5.0},{"damage":27,"enemies":"Awakened One","floor":50,"turns":7}],"seed_played":"-7666277685861485219","potions_obtained":[{"floor":1.0,"key":"ColorlessPotion"},{"floor":2.0,"key":"Regen Potion"},{"floor":5.0,"key":"AttackPotion"},{"floor":12.0,"key":"Swift Potion"},{"floor":14.0,"key":"AttackPotion"},{"floor":30.0,"key":"Ancient Potion"},{"floor":31.0,"key":"Regen Potion"},{"floor":38.0,"key":"ColorlessPotion"},{"floor":47.0,"key":"SteroidPotion"},{"floor":48.0,"key":"Strength Potion"}],"is_trial":false,"path_per_floor":["M","M","M","?","M","E","?","M","T","$","?","M","R","E","R","B",null,"M","?","?","$","M","R","E","R","T","?","M","?","M","E","R","B",null,"M","$","?","M","M","R","M","E","T","R","M","R","E","M","R","B"],"character_chosen":"DEFECT","items_purchased":["Defragment","Ball Lightning","FocusPotion","Defragment","Genetic Algorithm"],"campfire_rested":3,"item_purchase_floors":[10,10,10,21,21],"current_hp_per_floor":[63,59,58,63,53,53,53,49,49,49,49,41,41,25,25,10,63,45,29,29,29,29,53,34,34,34,34,32,32,32,20,20,23,66,65,65,65,65,35,59,58,36,36,60,60,60,15,9,9,0,0],"gold":23,"neow_bonus":"ONE_RARE_RELIC","is_daily":false,"chose_seed":false,"campfire_upgraded":5,"win_rate":0.0,"timestamp":1609302477,"path_taken":["M","M","M","?","M","E","?","?","T","$","?","?","R","E","R","BOSS","M","?","?","$","M","R","E","R","T","?","M","?","M","E","R","BOSS","M","$","?","M","?","R","M","E","T","R","M","R","E","M","R","BOSS"],"items_purchased_type":["Card","Card","Potion","Card","Card"],"build_version":"2020-12-22","purchased_purges":0,"victory":false,"max_hp_per_floor":[75,75,75,80,80,80,80,80,80,80,80,80,80,80,80,80,80,80,80,80,80,80,80,80,80,80,80,80,80,80,80,80,80,80,80,80,80,80,80,80,80,80,80,80,80,80,80,80,80,80,80],"relic_stats":{"Emotion Chip":[90,48,20,17,5],"Dream Catcher":3,"Shovel":0,"Gremlin Horn":[15,15],"Happy Flower":[4],"counters":[25,129],"Sundial":[16],"Snecko Eye":[90,117,100,101],"Ectoplasm":430,"Art of War":[11],"obtain_stats":[{"Gremlin Horn":26,"Happy Flower":47,"Enchiridion":19,"Vajra":42,"GremlinMask":11,"Emotion Chip":0,"Dream Catcher":6,"Shovel":14,"Sundial":9,"Snecko Eye":34,"Ectoplasm":17,"Art of War":24,"Cracked Core":0,"Toy Ornithopter":31},{"Gremlin Horn":12,"Happy Flower":23,"Enchiridion":10,"Vajra":21,"GremlinMask":6,"Emotion Chip":0,"Dream Catcher":5,"Shovel":8,"Sundial":6,"Snecko Eye":16,"Ectoplasm":9,"Art of War":12,"Cracked Core":0,"Toy Ornithopter":15},{"Gremlin Horn":50,"Happy Flower":117,"Enchiridion":42,"Vajra":98,"GremlinMask":23,"Emotion Chip":0,"Dream Catcher":21,"Shovel":29,"Sundial":23,"Snecko Eye":74,"Ectoplasm":38,"Art of War":50,"Cracked Core":0,"Toy Ornithopter":65}],"Toy Ornithopter":20},"card_choices":[{"not_picked":["Steam Power","Compile Driver"],"picked":"Doom and Gloom","floor":1.0},{"not_picked":["Reprogram","Stack"],"picked":"BootSequence","floor":2.0},{"not_picked":["Aggregate","Rebound"],"picked":"Sunder","floor":3.0},{"not_picked":["Storm","Doom and Gloom"],"picked":"Coolheaded","floor":5.0},{"not_picked":["White Noise","Storm"],"picked":"Streamline","floor":6.0},{"not_picked":["Streamline","White Noise"],"picked":"Redo","floor":8.0},{"not_picked":["Heatsinks","Conserve Battery"],"picked":"Recycle","floor":12.0},{"not_picked":["Barrage","Core Surge"],"picked":"Go for the Eyes","floor":14.0},{"not_picked":["Amplify","Meteor Strike"],"picked":"Reboot","floor":16.0},{"not_picked":["Streamline","Gash"],"picked":"Stack+1","floor":18.0},{"not_picked":["Beam Cell","Hologram"],"picked":"Force Field","floor":22.0},{"not_picked":["Cold Snap","Double Energy"],"picked":"Compile Driver+1","floor":23.0},{"not_picked":["Stack","Scrape+1"],"picked":"Biased Cognition","floor":24.0},{"not_picked":["Leap","Stack+1","Coolheaded"],"picked":"SKIP","floor":28.0},{"not_picked":["Cold Snap","Steam"],"picked":"Hologram","floor":30.0},{"not_picked":["Coolheaded","Streamline","Turbo"],"picked":"SKIP","floor":31.0},{"not_picked":["Rainbow","Thunder Strike"],"picked":"Seek","floor":33.0},{"not_picked":["Cold Snap+1","Redo"],"picked":"Reinforced Body","floor":35.0},{"not_picked":["Gash","Ball Lightning"],"picked":"Self Repair","floor":38.0},{"not_picked":["Compile Driver","Sweeping Beam"],"picked":"Conserve Battery","floor":39.0},{"not_picked":["Undo","Turbo"],"picked":"Double Energy","floor":40.0},{"not_picked":["Stack","Ball Lightning","Rebound"],"picked":"SKIP","floor":41.0},{"not_picked":["Steam","Hyperbeam","Coolheaded"],"picked":"SKIP","floor":42.0},{"not_picked":["Stack","Defragment+1","Machine Learning"],"picked":"SKIP","floor":45.0},{"not_picked":["Melter","Amplify","Genetic Algorithm+1"],"picked":"SKIP","floor":47.0},{"not_picked":["Recycle","Redo","Barrage"],"picked":"SKIP","floor":48.0}],"player_experience":317317,"relics_obtained":[{"floor":6.0,"key":"Dream Catcher"},{"floor":9.0,"key":"Sundial"},{"floor":14.0,"key":"Shovel"},{"floor":19.0,"key":"Enchiridion"},{"floor":24.0,"key":"Art of War"},{"floor":26.0,"key":"Gremlin Horn"},{"floor":31.0,"key":"Toy Ornithopter"},{"floor":42.0,"key":"Vajra"},{"floor":47.0,"key":"Happy Flower"}],"event_choices":[{"damage_healed":0.0,"max_hp_gain":5.0,"max_hp_loss":0.0,"gold_gain":0.0,"event_name":"Big Fish","player_choice":"Donut","floor":4.0,"gold_loss":0.0,"damage_taken":0.0},{"damage_healed":0.0,"max_hp_gain":0.0,"max_hp_loss":0.0,"gold_gain":0.0,"cards_transformed":["Strike_B"],"event_name":"Transmorgrifier","player_choice":"Transformed","floor":7.0,"gold_loss":0.0,"damage_taken":0.0,"cards_obtained":["Meteor Strike"]},{"damage_healed":0.0,"max_hp_gain":0.0,"max_hp_loss":0.0,"gold_gain":0.0,"event_name":"FaceTrader","player_choice":"Trade","floor":11.0,"gold_loss":0.0,"damage_taken":0.0,"relics_obtained":["GremlinMask"]},{"damage_healed":0.0,"max_hp_gain":0.0,"max_hp_loss":0.0,"gold_gain":0.0,"event_name":"Cursed Tome","player_choice":"Obtained Book","floor":19.0,"gold_loss":0.0,"damage_taken":16.0},{"damage_healed":0.0,"max_hp_gain":0.0,"max_hp_loss":0.0,"gold_gain":0.0,"event_name":"Back to Basics","player_choice":"Simplicity","floor":20.0,"gold_loss":0.0,"damage_taken":0.0,"cards_upgraded":["Strike_B","Strike_B","Strike_B","Defend_B","Defend_B","Defend_B","Defend_B"]},{"damage_healed":0.0,"max_hp_gain":0.0,"max_hp_loss":0.0,"gold_gain":0.0,"event_name":"Forgotten Altar","player_choice":"Smashed Altar","floor":27.0,"gold_loss":0.0,"damage_taken":0.0,"cards_obtained":["Decay"]},{"damage_healed":0.0,"max_hp_gain":0.0,"max_hp_loss":0.0,"gold_gain":0.0,"event_name":"WeMeetAgain","player_choice":"Ignored","floor":37.0,"gold_loss":0.0,"damage_taken":0.0}],"is_beta":false,"boss_relics":[{"not_picked":["SacredBark","Calling Bell"],"picked":"Ectoplasm"},{"not_picked":["Tiny House","Cursed Key"],"picked":"Snecko Eye"}],"items_purged_floors":[],"is_endless":false,"potions_floor_spawned":[1,2,5,12,14,30,31,38,47,48],"killed_by":"Awakened One","ascension_level":12}}