{"host":"cz3p2o9n3b1gdmkz","time":1609313999,"event":{"mods":["AchievementEnabler","BaseMod","CapriCore","GungeonMod","Hermit","Lobotomy","Minty Spire (QoL Compilation)","Replay The Spire","Shop Mod","StSLib","SuperFastMode","The Cursed","The Dragon Tamer","The Gatherer","The Jungle","The Poker Player","The Runesmith"],"gold_per_floor":[13,13,25,79,97,123,133,133,133,151,167,167,179,204,204,304,304,323,80,92,107,22,22,22],"floor_reached":23,"playtime":756,"items_purged":[],"score":297,"play_id":"3712b196-d6e8-4ddf-bc47-78780a00cc41","local_time":"20201230163959","is_ascension_mode":true,"campfire_choices":[{"data":"TheCursedMod:CircleOfFlame","floor":8,"key":"SMITH"},{"floor":12,"key":"REST"},{"data":"TheCursedMod:StingEye","floor":15,"key":"SMITH"}],"circlet_count":0,"master_deck":["TheCursedMod:Strike_TheCursed","TheCursedMod:Strike_TheCursed","TheCursedMod:Strike_TheCursed","TheCursedMod:Strike_TheCursed","TheCursedMod:Defend_TheCursed","TheCursedMod:Defend_TheCursed","TheCursedMod:Defend_TheCursed","TheCursedMod:CursedWand","TheCursedMod:CleanUpWorkshop","TheCursedMod:Dregs","TheCursedMod:Neurasthenia","TheCursedMod:CircleOfFlame+1","TheCursedMod:PrepareRite","TheCursedMod:StingEye+1","TheCursedMod:CircleOfAmplification","TheCursedMod:DemonSword"],"relics":["TheCursedMod:BlackMagic101","Centennial Puzzle","Pen Nib","Replay:WaspNest","Oddly Smooth Stone","Black Star","Molten Egg 2","MealTicket"],"acts_visited":["Exordium","TheCity"],"potions_floor_usage":[6,16,16,16,23],"damage_taken":[{"damage":0,"enemies":"Small Slimes","floor":1,"turns":3},{"damage":8,"enemies":"Cultist","floor":3,"turns":4},{"damage":0,"enemies":"2 Louse","floor":5,"turns":3},{"damage":18,"enemies":"3 Sentries","floor":6,"turns":5},{"damage":13,"enemies":"Exordium Wildlife","floor":7,"turns":3},{"damage":0,"enemies":"2 Fungi Beasts","floor":10,"turns":2},{"damage":3,"enemies":"3 Louse","floor":11,"turns":2},{"damage":10,"enemies":"Large Slime","floor":13,"turns":4},{"damage":13,"enemies":"Gremlin Nob","floor":14,"turns":4},{"damage":5,"enemies":"Hexaghost","floor":16,"turns":8},{"damage":17,"enemies":"2 Thieves","floor":18,"turns":3},{"damage":0,"enemies":"3 Byrds","floor":20,"turns":2},{"damage":24,"enemies":"Sentry and Sphere","floor":21,"turns":4},{"damage":20,"enemies":"Gremlin Leader","floor":23,"turns":3}],"seed_played":"2502567513534803212","potions_obtained":[{"floor":1,"key":"PowerPotion"},{"floor":6,"key":"FearPotion"},{"floor":10,"key":"Adrenaline Potion"},{"floor":11,"key":"LiquidBronze"},{"floor":18,"key":"Languid Potion"}],"is_trial":false,"path_per_floor":["M","?","M","T","M","E","M","R","T","M","M","R","M","E","R","B",null,"M","$","M","M","?","E"],"character_chosen":"THE_CURSED","items_purchased":["Molten Egg 2"],"campfire_rested":1,"item_purchase_floors":[19],"current_hp_per_floor":[68,68,60,60,60,42,29,29,29,29,26,48,38,25,25,20,61,44,44,44,20,20,0,0],"gold":22,"neow_bonus":"THREE_RARE_CARDS","is_daily":false,"chose_seed":false,"campfire_upgraded":2,"win_rate":0.0,"timestamp":1609313999,"path_taken":["M","?","?","?","M","E","M","R","T","M","M","R","?","E","R","BOSS","M","$","M","M","?","E"],"items_purchased_type":["Relic"],"build_version":"2020-12-22","purchased_purges":0,"victory":false,"max_hp_per_floor":[75,75,75,75,75,75,75,75,75,75,75,75,75,75,75,75,75,75,75,75,75,75,75,75],"card_choices":[{"not_picked":["TheCursedMod:VoidForm","TheCursedMod:ManaCirculation"],"picked":"TheCursedMod:Neurasthenia","floor":0},{"not_picked":["TheCursedMod:Obscuration","TheCursedMod:CursedShiv"],"picked":"TheCursedMod:CircleOfFlame","floor":1},{"not_picked":["TheCursedMod:CursedMace","TheCursedMod:WearCloak","TheCursedMod:RapidMovement"],"picked":"SKIP","floor":3},{"not_picked":["TheCursedMod:CursedMace","TheCursedMod:HellfireBreathing"],"picked":"TheCursedMod:StingEye","floor":5},{"not_picked":["TheCursedMod:EmpowerCircles","TheCursedMod:CursedBoomerang"],"picked":"TheCursedMod:CircleOfAmplification","floor":6},{"not_picked":["TheCursedMod:Stigma","TheCursedMod:DoubleShield","TheCursedMod:ManaBullet"],"picked":"SKIP","floor":7},{"not_picked":["TheCursedMod:Stretching","TheCursedMod:ReleasedStrength","TheCursedMod:SpitefulStrike"],"picked":"SKIP","floor":10},{"not_picked":["TheCursedMod:SpitefulPlan","TheCursedMod:ParallelWorld","TheCursedMod:SmokeScreen"],"picked":"SKIP","floor":11},{"not_picked":["TheCursedMod:SpitefulPray","TheCursedMod:SmokeScreen","TheCursedMod:Obscuration"],"picked":"SKIP","floor":13},{"not_picked":["TheCursedMod:SpreadPlague","TheCursedMod:SmokeScreen","TheCursedMod:CursedBoomerang"],"picked":"SKIP","floor":14},{"not_picked":["TheCursedMod:DemonicPact","TheCursedMod:ForbiddenAlchemy"],"picked":"TheCursedMod:DemonSword","floor":16},{"not_picked":["TheCursedMod:Obscuration+1","TheCursedMod:SpitefulPlan","TheCursedMod:CursedBoomerang+1"],"picked":"SKIP","floor":18},{"not_picked":["TheCursedMod:LuckyCharm","TheCursedMod:WearCloak+1","TheCursedMod:ReleasedStrength"],"picked":"SKIP","floor":20},{"not_picked":["TheCursedMod:LuckyCharm","TheCursedMod:WearCloak+1","TheCursedMod:ReleasedStrength"],"picked":"SKIP","floor":20},{"not_picked":["TheCursedMod:WearCloak","TheCursedMod:FleshFromBone","TheCursedMod:TacticalStrike+1"],"picked":"SKIP","floor":21}],"player_experience":1062834,"relics_obtained":[{"floor":4,"key":"Centennial Puzzle"},{"floor":6,"key":"Pen Nib"},{"floor":9,"key":"Replay:WaspNest"},{"floor":14,"key":"Oddly Smooth Stone"}],"event_choices":[{"damage_healed":0,"gold_gain":0,"cards_transformed":["TheCursedMod:Defend_TheCursed"],"player_choice":"Transformed","damage_taken":0,"max_hp_gain":0,"max_hp_loss":0,"event_name":"Transmorgrifier","floor":2,"gold_loss":0,"cards_obtained":["TheCursedMod:PrepareRite"]},{"damage_healed":0,"gold_gain":0,"player_choice":"Obtained Relic","damage_taken":0,"relics_obtained":["MealTicket"],"max_hp_gain":0,"max_hp_loss":0,"event_name":"Addict","floor":22,"gold_loss":85}],"is_beta":false,"boss_relics":[{"not_picked":["Fusion Hammer","Replay:Wanted Poster"],"picked":"Black Star"}],"items_purged_floors":[],"is_endless":false,"potions_floor_spawned":[1,6,10,11,14,18],"killed_by":"Gremlin Leader","ascension_level":9}}