{"host":"Rich","time":1609367016,"event":{"mods":["AchievementEnabler","BaseMod","Highlight Path","Minty Spire (QoL Compilation)","Relic Stats"],"gold_per_floor":[119,119,142,11,25,25,54,54,54,86,11,26,52,84,84,161,161,178,40,40,60,6,6,34,34,106,106,125,125,154,165,165,236,236,249,249,249,249,249],"floor_reached":38,"playtime":932,"items_purged":["Strike_P"],"score":1002,"play_id":"1dcac11d-a060-42a1-b0b0-bf2160fde9bc","local_time":"20201230172336","is_ascension_mode":true,"campfire_choices":[{"data":"TalkToTheHand","floor":6,"key":"SMITH"},{"data":"BattleHymn","floor":8,"key":"SMITH"},{"data":"CutThroughFate","floor":15,"key":"SMITH"},{"floor":23,"key":"REST"},{"floor":25,"key":"REST"},{"data":"Ragnarok","floor":27,"key":"SMITH"},{"data":"ClearTheMind","floor":29,"key":"SMITH"},{"data":"Halt","floor":32,"key":"SMITH"}],"circlet_count":0,"master_deck":["AscendersBane","Defend_P","Defend_P","Defend_P","Eruption","Vigilance","TalkToTheHand+1","CutThroughFate+1","FearNoEvil","BowlingBash","BattleHymn+1","Meditate","FlurryOfBlows","Consecrate","Ragnarok+1","BattleHymn+1","Tantrum+1","Perseverance+1","Necronomicurse","Halt+1","ClearTheMind+1","DeusExMachina","SpiritShield","FlurryOfBlows","Panacea","Panacea"],"relics":["PureWater","NeowsBlessing","Oddly Smooth Stone","Anchor","Ornamental Fan","Question Card","PreservedInsect","The Courier","Astrolabe","Lantern","Necronomicon","MealTicket","Smiling Mask","Nunchaku","Fusion Hammer"],"acts_visited":["Exordium","TheCity","TheBeyond"],"potions_floor_usage":[16,24,33],"damage_taken":[{"damage":0,"enemies":"Small Slimes","floor":1,"turns":1},{"damage":0,"enemies":"Jaw Worm","floor":5,"turns":1},{"damage":0,"enemies":"Lagavulin","floor":7,"turns":1},{"damage":17,"enemies":"3 Sentries","floor":10,"turns":5},{"damage":0,"enemies":"Cultist","floor":12,"turns":2},{"damage":0,"enemies":"Lagavulin","floor":14,"turns":3},{"damage":25,"enemies":"Hexaghost","floor":16,"turns":5},{"damage":11,"enemies":"2 Thieves","floor":18,"turns":3},{"damage":0,"enemies":"Chosen","floor":21,"turns":2},{"damage":8,"enemies":"Gremlin Leader","floor":24,"turns":3},{"damage":0,"enemies":"Centurion and Healer","floor":28,"turns":2},{"damage":0,"enemies":"Slavers","floor":30,"turns":1},{"damage":0,"enemies":"Snecko","floor":31,"turns":2},{"damage":12,"enemies":"Automaton","floor":33,"turns":5},{"damage":9,"enemies":"3 Darklings","floor":35,"turns":2},{"damage":49,"enemies":"3 Shapes","floor":38,"turns":4}],"seed_played":"1862341487822017961","potions_obtained":[{"floor":7,"key":"StancePotion"},{"floor":14,"key":"Strength Potion"},{"floor":16,"key":"StancePotion"},{"floor":24,"key":"Weak Potion"}],"is_trial":false,"path_per_floor":["M","?","T","$","M","R","E","R","T","E","$","M","T","E","R","B",null,"M","$","?","M","?","R","E","R","T","R","M","R","E","M","R","B",null,"M","?","?","M"],"character_chosen":"WATCHER","items_purchased":["FearNoEvil","AttackPotion","Lantern"],"campfire_rested":2,"item_purchase_floors":[4,4,19],"current_hp_per_floor":[61,61,61,61,61,61,61,61,61,44,44,44,44,44,44,19,56,45,45,24,24,24,44,36,56,56,56,56,56,56,56,56,44,62,53,53,43,0,0],"gold":249,"neow_bonus":"THREE_ENEMY_KILL","is_daily":false,"chose_seed":false,"campfire_upgraded":6,"win_rate":0.0,"timestamp":1609367016,"path_taken":["M","?","?","$","?","R","E","R","T","E","?","M","?","E","R","BOSS","M","$","?","M","?","R","E","R","T","R","M","R","E","M","R","BOSS","M","?","?","M"],"items_purchased_type":["Card","Potion","Relic"],"build_version":"2020-12-18","purchased_purges":1,"victory":false,"max_hp_per_floor":[68,68,68,68,68,68,68,68,68,68,68,68,68,68,68,68,68,68,68,68,68,68,68,68,68,68,68,68,68,68,68,68,68,68,68,65,65,65,65],"relic_stats":{"Nunchaku":[4],"counters":[16,42],"Ornamental Fan":[88],"Astrolabe":["BattleHymn","Tantrum","Perseverance"],"MealTicket":0,"PreservedInsect":119,"Necronomicon":[6],"Question Card":14,"Smiling Mask":0,"obtain_stats":[{"Lantern":19,"NeowsBlessing":0,"Astrolabe":17,"Oddly Smooth Stone":3,"PreservedInsect":13,"The Courier":14,"Question Card":10,"Smiling Mask":24,"Anchor":7,"Nunchaku":30,"Ornamental Fan":9,"MealTicket":22,"Fusion Hammer":34,"Necronomicon":20,"PureWater":0},{"Lantern":8,"NeowsBlessing":0,"Astrolabe":7,"Oddly Smooth Stone":1,"PreservedInsect":5,"The Courier":6,"Question Card":4,"Smiling Mask":10,"Anchor":3,"Nunchaku":12,"Ornamental Fan":3,"MealTicket":9,"Fusion Hammer":14,"Necronomicon":8,"PureWater":0},{"Lantern":21,"NeowsBlessing":0,"Astrolabe":18,"Oddly Smooth Stone":1,"PreservedInsect":10,"The Courier":13,"Question Card":8,"Smiling Mask":26,"Anchor":3,"Nunchaku":29,"Ornamental Fan":3,"MealTicket":23,"Fusion Hammer":36,"Necronomicon":21,"PureWater":0}]},"card_choices":[{"not_picked":["Consecrate","ForeignInfluence"],"picked":"TalkToTheHand","floor":1},{"not_picked":["Consecrate","JustLucky"],"picked":"BowlingBash","floor":5},{"not_picked":["JustLucky","Swivel"],"picked":"BattleHymn","floor":7},{"not_picked":["CutThroughFate","PathToVictory"],"picked":"Meditate","floor":10},{"not_picked":["Prostrate","Adaptation","Collect"],"picked":"FlurryOfBlows","floor":12},{"not_picked":["Weave","FollowUp","Prostrate"],"picked":"Consecrate","floor":14},{"not_picked":["SpiritShield","Brilliance","Omniscience"],"picked":"Ragnarok","floor":16},{"not_picked":["CarveReality","JustLucky","BowlingBash","Protect"],"picked":"SKIP","floor":18},{"not_picked":["ThirdEye","Evaluate","Crescendo"],"picked":"Halt","floor":21},{"not_picked":["Judgement","Protect","WaveOfTheHand"],"picked":"ClearTheMind","floor":24},{"not_picked":["EmptyBody","CutThroughFate","ThirdEye","FlyingSleeves"],"picked":"SKIP","floor":28},{"not_picked":["Vengeance","Conclude","JustLucky+1"],"picked":"DeusExMachina","floor":30},{"not_picked":["SashWhip","Protect","Prostrate","WreathOfFlame"],"picked":"SKIP","floor":31},{"not_picked":["Alpha","ConjureBlade","Judgement"],"picked":"SpiritShield","floor":33},{"not_picked":["Consecrate+1","Pray","LikeWater"],"picked":"FlurryOfBlows","floor":35},{"not_picked":["Mayhem","Bandage Up","Good Instincts"],"picked":"Panacea","floor":37},{"not_picked":["Deep Breath","Jack Of All Trades","HandOfGreed"],"picked":"Panacea","floor":37}],"player_experience":1944974,"relics_obtained":[{"floor":3,"key":"Oddly Smooth Stone"},{"floor":7,"key":"Anchor"},{"floor":9,"key":"Ornamental Fan"},{"floor":10,"key":"Question Card"},{"floor":13,"key":"PreservedInsect"},{"floor":14,"key":"The Courier"},{"floor":20,"key":"Necronomicon"},{"floor":24,"key":"Smiling Mask"},{"floor":30,"key":"Nunchaku"}],"event_choices":[{"damage_healed":0,"gold_gain":0,"cards_transformed":["Strike_P"],"player_choice":"Change","damage_taken":0,"max_hp_gain":0,"max_hp_loss":0,"event_name":"Living Wall","floor":2,"gold_loss":0,"cards_obtained":["CutThroughFate"]},{"damage_healed":0,"gold_gain":0,"player_choice":"Obtained Book","damage_taken":21,"max_hp_gain":0,"max_hp_loss":0,"event_name":"Cursed Tome","floor":20,"gold_loss":0},{"damage_healed":0,"gold_gain":0,"player_choice":"Paid Gold","damage_taken":0,"relics_obtained":["MealTicket"],"max_hp_gain":0,"max_hp_loss":0,"event_name":"WeMeetAgain","floor":22,"gold_loss":54},{"damage_healed":0,"gold_gain":0,"player_choice":"Max HP","damage_taken":0,"max_hp_gain":0,"max_hp_loss":3,"event_name":"Winding Halls","floor":36,"gold_loss":0},{"damage_healed":0,"gold_gain":0,"player_choice":"Memory 3","damage_taken":10,"max_hp_gain":0,"max_hp_loss":0,"event_name":"SensoryStone","floor":37,"gold_loss":0}],"is_beta":true,"boss_relics":[{"not_picked":["Philosopher\u0027s Stone","Busted Crown"],"picked":"Astrolabe"},{"not_picked":["Coffee Dripper","Calling Bell"],"picked":"Fusion Hammer"}],"items_purged_floors":[11],"is_endless":false,"potions_floor_spawned":[7,10,14,16,18,24,31],"killed_by":"3 Shapes","ascension_level":20}}