{"host":"ky7z67tg8zpdk0g7","time":1609323461,"event":{"mods":["BaseMod","Better Third Choice","CapriCore","Displayed Cursed Tome","Energized Spire","Halation","Hubris","Minty Spire (QoL Compilation)","Replay The Spire","Shop Mod","StSLib"],"gold_per_floor":[368,7,55,55,68,68,95,20,43,53,84,126,126,145,145,248,248,258,168,8,21,21,21,21,21,56,71,71,71,106,106,161,171,171,270,270,281,293,308,308,349,349,376,393,393,71,0,31,43,68,80,92,104,116,28,63,63,63],"floor_reached":57,"playtime":2495,"items_purged":["Strike_P","Strike_P"],"score":973,"play_id":"89eb3ea9-1456-44f9-8e00-40b26ca11d3c","local_time":"20201230171741","is_ascension_mode":true,"campfire_choices":[{"data":"Eruption","floor":6.0,"key":"SMITH"},{"floor":13.0,"key":"REST"},{"floor":15.0,"key":"REST"},{"data":"WindmillStrike","floor":25.0,"key":"SMITH"},{"data":"Blasphemy","floor":29.0,"key":"SMITH"},{"floor":34.0,"key":"REST"},{"data":"Ragnarok","floor":42.0,"key":"SMITH"},{"floor":51.0,"key":"RECALL"},{"data":"ForeignInfluence","floor":54,"key":"SMITH"}],"circlet_count":0,"master_deck":["Strike_P","Defend_P+1","Defend_P+1","Defend_P+1","Defend_P+1","Eruption+1","Vigilance","Tantrum","Swivel+1","WindmillStrike+1","BowlingBash","Prostrate","ForeignInfluence+1","Adaptation","Wish","Prostrate","SandsOfTime+1","Ragnarok+1","FlurryOfBlows","ClearTheMind+1","EmptyFist+1","Blasphemy+1","Pray","EmptyBody","Evaluate","Vault","Tantrum+1","LessonLearned","DeusExMachina","Establishment","Apotheosis","Sanctity","Prostrate+1","CutThroughFate+1"],"relics":["PureWater","Replay:Mystery Machine","Boot","hubris:TenFootPole","halation:Toothbrush","Replay:Wax Seal","Replay:Baseball","energizedSpire:StickyHand","Unceasing Top","halation:OrihimeAndHikoboshiSamaAndTears","Bag of Marbles","Sundial","Black Star","Replay:Accelerometer","Potion Belt","halation:Sosunser","Red Mask","MawBank","hubris:Zylophone","Replay:Bottled Eggs","Strawberry"],"acts_visited":["Exordium","TheCity","TheBeyond","TheEnding"],"potions_floor_usage":[52,52,52,57,57,57],"damage_taken":[{"damage":0.0,"enemies":"2 Louse","floor":1.0,"turns":2.0},{"damage":0.0,"enemies":"Jaw Worm","floor":5.0,"turns":2.0},{"damage":0.0,"enemies":"Gremlin Nob","floor":7.0,"turns":2.0},{"damage":0.0,"enemies":"Cultist","floor":10.0,"turns":2.0},{"damage":0.0,"enemies":"Lagavulin","floor":11.0,"turns":5.0},{"damage":14.0,"enemies":"Exordium Wildlife","floor":12.0,"turns":3.0},{"damage":22.0,"enemies":"Lots of Slimes","floor":14.0,"turns":7.0},{"damage":0.0,"enemies":"Fading Forest","floor":16.0,"turns":11.0},{"damage":12.0,"enemies":"Chosen","floor":18.0,"turns":3.0},{"damage":6.0,"enemies":"Shell Parasite","floor":21.0,"turns":3.0},{"damage":14.0,"enemies":"Book of Stabbing","floor":26.0,"turns":5.0},{"damage":0.0,"enemies":"Snake Plant","floor":27.0,"turns":1.0},{"damage":9.0,"enemies":"Shelled Parasite and Fungi","floor":30.0,"turns":4.0},{"damage":25.0,"enemies":"Gremlin Leader","floor":32.0,"turns":4.0},{"damage":0.0,"enemies":"3 Cultists","floor":33.0,"turns":2.0},{"damage":20.0,"enemies":"hubris:MusketHawk","floor":35.0,"turns":4.0},{"damage":0.0,"enemies":"3 Darklings","floor":37.0,"turns":3.0},{"damage":0.0,"enemies":"Orb Walker","floor":38.0,"turns":1.0},{"damage":11.0,"enemies":"4 Shapes","floor":39.0,"turns":3.0},{"damage":0.0,"enemies":"Sphere and 2 Shapes","floor":41.0,"turns":2.0},{"damage":6.0,"enemies":"Giant Head","floor":43.0,"turns":4.0},{"damage":11.0,"enemies":"Writhing Mass","floor":44.0,"turns":2.0},{"damage":51.0,"enemies":"Reptomancer","floor":48.0,"turns":3.0},{"damage":1.0,"enemies":"4 Shapes","floor":50.0,"turns":5.0},{"damage":81,"enemies":"Awakened One","floor":52,"turns":7},{"damage":28,"enemies":"Shield and Spear","floor":56,"turns":3},{"damage":103,"enemies":"The Heart","floor":57,"turns":4}],"seed_played":"2113968849984443469","potions_obtained":[{"floor":1.0,"key":"Elixir"},{"floor":3.0,"key":"FairyPotion"},{"floor":7.0,"key":"Weak Potion"},{"floor":11.0,"key":"EntropicBrew"},{"floor":12.0,"key":"GamblersBrew"},{"floor":16.0,"key":"Block Potion"},{"floor":26.0,"key":"Regen Potion"},{"floor":32.0,"key":"Elixir"},{"floor":37.0,"key":"CultistPotion"},{"floor":48.0,"key":"Doom Potion"},{"floor":56,"key":"Energy Potion"}],"is_trial":false,"path_per_floor":["M","$","?","$","M","R","E","$","T","M","E","M","R","M","R","B",null,"M","?","$","M","PTL","PTL","?","R","E","M","T","R","M","?","E","M","R","B",null,"M","M","M","?","M","R","E","M","T","$","?","E","?","M","R","B",null,"R","$","E","B"],"character_chosen":"WATCHER","items_purchased":["Replay:Mystery Machine","Swivel+1","Boot","Blasphemy","halation:Sosunser","Apotheosis"],"campfire_rested":3,"item_purchase_floors":[2,2,2,20,46,46],"current_hp_per_floor":[51,51,23,23,23,23,23,26,26,26,26,12,34,12,34,44,75,63,66,66,60,60,60,60,60,46,46,46,46,37,40,24,24,48,28,81,81,81,70,70,70,70,64,53,53,53,53,2,71,70,70,11,71,71,74,53,0,0],"gold":63,"neow_bonus":"TWO_FIFTY_GOLD","is_daily":false,"chose_seed":false,"campfire_upgraded":5,"win_rate":0.0,"timestamp":1609323461,"path_taken":["M","$","?","?","?","R","E","$","T","M","E","M","R","?","R","BOSS","M","?","$","?","PTL","PTL","?","R","E","M","T","R","?","?","E","M","R","BOSS","M","M","?","?","M","R","E","M","T","$","?","E","?","M","R","BOSS","R","$","E","BOSS"],"items_purchased_type":["Relic","Card","Relic","Card","Relic","Card"],"build_version":"2020-12-22","purchased_purges":2,"victory":false,"max_hp_per_floor":[72,72,72,72,72,72,72,75,75,75,75,75,75,75,75,75,75,75,78,78,78,78,78,78,78,78,78,78,78,78,81,81,81,81,81,81,81,81,81,81,81,81,81,81,81,81,81,81,71,71,71,71,71,71,74,81,81,81],"card_choices":[{"not_picked":["Protect","WheelKick"],"picked":"Tantrum","floor":1.0},{"not_picked":["Halt","Replay:AtTheReady"],"picked":"WindmillStrike","floor":3.0},{"not_picked":["Replay:AtTheReady","Halt"],"picked":"BowlingBash","floor":3.0},{"not_picked":["Crescendo","Wallop"],"picked":"Prostrate","floor":5.0},{"not_picked":["ThirdEye","WaveOfTheHand"],"picked":"ForeignInfluence","floor":7.0},{"not_picked":["Replay:Anticipation","CrushJoints"],"picked":"Adaptation","floor":10.0},{"not_picked":["MentalFortress","SashWhip"],"picked":"Wish","floor":11.0},{"not_picked":["Adaptation","ThirdEye"],"picked":"Prostrate","floor":12.0},{"not_picked":["Indignation","ThirdEye"],"picked":"SandsOfTime","floor":14.0},{"not_picked":["Wish","LessonLearned"],"picked":"Ragnarok","floor":16.0},{"not_picked":["FlurryOfBlows","ClearTheMind+1"],"picked":"EmptyFist+1","floor":18.0},{"not_picked":["FlyingSleeves","CrushJoints","FlurryOfBlows"],"picked":"SKIP","floor":21.0},{"not_picked":["FlurryOfBlows","EmptyBody"],"picked":"Pray","floor":26.0},{"not_picked":["JustLucky","EmptyFist","Halt+1"],"picked":"SKIP","floor":27.0},{"not_picked":["CarveReality","Sanctity+1","Swivel"],"picked":"SKIP","floor":30.0},{"not_picked":["Evaluate","Tantrum+1"],"picked":"Vault","floor":32.0},{"not_picked":["Tantrum+1","PathToVictory","FollowUp"],"picked":"SKIP","floor":33.0},{"not_picked":["LessonLearned","DeusExMachina"],"picked":"Establishment","floor":35.0},{"not_picked":["Protect+1","Consecrate","EmptyFist+1"],"picked":"SKIP","floor":37.0},{"not_picked":["Replay:BluntJabs+1","EmptyFist+1","Perseverance"],"picked":"SKIP","floor":38.0},{"not_picked":["FlurryOfBlows","JustLucky+1","FollowUp+1"],"picked":"SKIP","floor":39.0},{"not_picked":["BowlingBash","JustLucky+1","Crescendo+1"],"picked":"SKIP","floor":41.0},{"not_picked":["Replay:ManipulateFuture","Protect+1","FlyingSleeves"],"picked":"SKIP","floor":43.0},{"not_picked":["FlurryOfBlows+1","Replay:AllIn","Replay:DivineShield+1"],"picked":"SKIP","floor":44.0},{"not_picked":["Replay:Vibes","FollowUp","Conclude+1"],"picked":"SKIP","floor":48.0},{"not_picked":["Evaluate","CrushJoints","FlurryOfBlows"],"picked":"SKIP","floor":50.0},{"not_picked":["Sanctity","CutThroughFate+1"],"picked":"Prostrate+1","floor":56}],"player_experience":52003,"relics_obtained":[{"floor":3.0,"key":"hubris:TenFootPole"},{"floor":7.0,"key":"halation:Toothbrush"},{"floor":9.0,"key":"Replay:Wax Seal"},{"floor":11.0,"key":"Replay:Baseball"},{"floor":26.0,"key":"Unceasing Top"},{"floor":28.0,"key":"halation:OrihimeAndHikoboshiSamaAndTears"},{"floor":32.0,"key":"Sundial"},{"floor":43.0,"key":"Replay:Accelerometer"},{"floor":43.0,"key":"Potion Belt"},{"floor":48.0,"key":"MawBank"},{"floor":48.0,"key":"hubris:Zylophone"},{"floor":56,"key":"Replay:Bottled Eggs"},{"floor":56,"key":"Strawberry"}],"event_choices":[{"cards_removed":["Strike_P"],"damage_healed":0.0,"max_hp_gain":0.0,"max_hp_loss":0.0,"gold_gain":0.0,"event_name":"Designer","player_choice":"Upgrade and Remove","floor":19.0,"gold_loss":90.0,"damage_taken":0.0,"cards_upgraded":["Defend_P"]},{"damage_healed":0.0,"max_hp_gain":0.0,"max_hp_loss":0.0,"gold_gain":0.0,"event_name":"Lab","player_choice":"Got Potions","floor":24.0,"gold_loss":0.0,"damage_taken":0.0},{"cards_removed":["FlurryOfBlows"],"damage_healed":0.0,"max_hp_gain":0.0,"max_hp_loss":0.0,"gold_gain":0.0,"event_name":"WeMeetAgain","player_choice":"Gave Card","floor":31.0,"gold_loss":0.0,"damage_taken":0.0,"relics_obtained":["Bag of Marbles"]},{"damage_healed":0.0,"max_hp_gain":0.0,"max_hp_loss":0.0,"gold_gain":0.0,"event_name":"SensoryStone","player_choice":"Memory 1","floor":40.0,"gold_loss":0.0,"damage_taken":0.0},{"damage_healed":0.0,"max_hp_gain":0.0,"max_hp_loss":0.0,"gold_gain":0.0,"event_name":"Tomb of Lord Red Mask","player_choice":"Paid","floor":47.0,"gold_loss":71.0,"damage_taken":0.0,"relics_obtained":["Red Mask"]},{"damage_healed":71.0,"max_hp_gain":0.0,"max_hp_loss":10.0,"gold_gain":0.0,"event_name":"The Moai Head","player_choice":"Heal","floor":49.0,"gold_loss":0.0,"damage_taken":0.0}],"is_beta":false,"boss_relics":[{"not_picked":["Sozu","Replay:Wanted Poster"],"picked":"energizedSpire:StickyHand"},{"not_picked":["SacredBark","energizedSpire:HugeHouse"],"picked":"Black Star"}],"items_purged_floors":[8,55],"is_endless":false,"potions_floor_spawned":[1,7,11,12,16,26,27,32,37,41,48,56],"killed_by":"The Heart","ascension_level":2}}