{"host":"k5r1bw2xsm891wjv","time":1609303859,"event":{"mods":["Act Like it!","BaseMod","Mimic Mod","Minty Spire (QoL Compilation)","Pale of the Ancients","Rare Cards Sparkle","Replay The Spire","Shop Mod","StSLib","The Cursed"],"gold_per_floor":[112,128,128,146,163,190,190,190,216,216,248,276,288,305,305,403,403,420,438,438,62,81,81,100,126,164,195,195,426,436,462,462,561,561,577,577,55,74,74,74,86,86,119,136,96,96,113,129,129,129,149,159,159,42,42,42,42,42,99,99],"floor_reached":0,"playtime":8296,"items_purged":["TheCursedMod:Dregs"],"score":342,"play_id":"fcfaa9bd-e07f-42fb-9a21-ac1e761310b8","local_time":"20201229235059","is_ascension_mode":false,"campfire_choices":[{"floor":7,"key":"REST"},{"data":"TheCursedMod:CursedWand","floor":10,"key":"SMITH"},{"floor":15,"key":"DIG"},{"data":"TheCursedMod:LuckyCharm","floor":23,"key":"SMITH"},{"data":"TheCursedMod:Grudge","floor":28,"key":"SMITH"},{"floor":32,"key":"DIG"},{"data":"TheCursedMod:CircleOfBlood","floor":40,"key":"SMITH"},{"data":"TheCursedMod:CollectTribute","floor":42,"key":"SMITH"},{"data":"TheCursedMod:HellfireBreathing","floor":46,"key":"SMITH"},{"floor":49,"key":"DIG"},{"data":"J.A.X.","floor":55,"key":"SMITH"},{"data":"TheCursedMod:ReleasedStrength","floor":57,"key":"SMITH"}],"circlet_count":0,"master_deck":["TheCursedMod:Dregs","TheCursedMod:CleanUpWorkshop","TheCursedMod:CursedWand","TheCursedMod:Defend_TheCursed","TheCursedMod:Defend_TheCursed","TheCursedMod:Defend_TheCursed","TheCursedMod:Defend_TheCursed","TheCursedMod:Strike_TheCursed","TheCursedMod:Strike_TheCursed","TheCursedMod:Strike_TheCursed","TheCursedMod:Strike_TheCursed"],"relics":["TheCursedMod:BlackMagic101","paleoftheancients:Timepiece"],"acts_visited":["Exordium","TheCity","TheBeyond","paleoftheancients:PaleOfTheAncients"],"potions_floor_usage":[14,16,19,24,25,27,30,31,31,48,50,51,52,52],"damage_taken":[{"damage":0,"enemies":"Jaw Worm","floor":1,"turns":1},{"damage":0,"enemies":"Small Slimes","floor":2,"turns":1},{"damage":0,"enemies":"Cultist","floor":3,"turns":1},{"damage":0,"enemies":"Looter","floor":4,"turns":4},{"damage":13,"enemies":"Large Slime","floor":5,"turns":4},{"damage":16,"enemies":"3 Sentries","floor":6,"turns":11},{"damage":10,"enemies":"Gremlin Nob","floor":11,"turns":3},{"damage":0,"enemies":"The Mushroom Lair","floor":12,"turns":4},{"damage":0,"enemies":"Red Slaver","floor":13,"turns":3},{"damage":0,"enemies":"Exordium Thugs","floor":14,"turns":4},{"damage":30,"enemies":"Slime Boss","floor":16,"turns":12},{"damage":5,"enemies":"Shell Parasite","floor":18,"turns":7},{"damage":26,"enemies":"Spheric Guardian","floor":19,"turns":6},{"damage":12,"enemies":"Snake Plant","floor":22,"turns":4},{"damage":15,"enemies":"Shelled Parasite and Fungi","floor":24,"turns":5},{"damage":10,"enemies":"Book of Stabbing","floor":25,"turns":7},{"damage":8,"enemies":"Centurion and Healer","floor":26,"turns":6},{"damage":25,"enemies":"Gremlin Leader","floor":27,"turns":6},{"damage":8,"enemies":"Centurion and Healer","floor":30,"turns":4},{"damage":13,"enemies":"Slavers","floor":31,"turns":4},{"damage":6,"enemies":"Collector","floor":33,"turns":8},{"damage":2,"enemies":"3 Darklings","floor":35,"turns":6},{"damage":0,"enemies":"Orb Walker","floor":38,"turns":3},{"damage":2,"enemies":"4 Shapes","floor":41,"turns":3},{"damage":0,"enemies":"Sphere and 2 Shapes","floor":43,"turns":11},{"damage":0,"enemies":"Sphere and 2 Shapes","floor":44,"turns":5},{"damage":0,"enemies":"Transient","floor":47,"turns":5},{"damage":0,"enemies":"3 Darklings","floor":48,"turns":6},{"damage":0,"enemies":"Replay:Hell Engine","floor":50,"turns":15},{"damage":11,"enemies":"Replay:Hell Engine","floor":51,"turns":6},{"damage":30,"enemies":"Replay:Hell Engine","floor":52,"turns":11},{"damage":421,"enemies":"Replay:Hell Engine","floor":56,"turns":11}],"seed_played":"-2553161444610434435","potions_obtained":[{"floor":5,"key":"ColorlessPotion"},{"floor":6,"key":"DuplicationPotion"},{"floor":13,"key":"Adrenaline Potion"},{"floor":14,"key":"SpeedPotion"},{"floor":16,"key":"SkillPotion"},{"floor":22,"key":"Ancient Potion"},{"floor":24,"key":"LiquidMemories"},{"floor":27,"key":"SteroidPotion"},{"floor":29,"key":"LiquidBronze"},{"floor":31,"key":"Block Potion"},{"floor":35,"key":"Weak Potion"},{"floor":44,"key":"Dexterity Potion"},{"floor":45,"key":"ColorlessPotion"},{"floor":45,"key":"DistilledChaos"},{"floor":48,"key":"BlessingOfTheForge"}],"is_trial":false,"path_per_floor":["M","M","M","M","M","E","R","?","T","R","E","?","M","M","R","B",null,"M","M","?","$","M","R","M","E","MIM","E","R","?","M","E","R","B",null,"M","?","$","M","?","R","M","R","MIM","M","?","R","M","M","R","B","M","M","?","$","R","M","R","T","?"],"character_chosen":"THE_CURSED","items_purchased":["TheCursedMod:LuckyCharm","Guide Book","Toy Ornithopter","ClockworkSouvenir","Pondfish Scales","Lee\u0027s Waffle"],"campfire_rested":1,"item_purchase_floors":[21,21,21,37,37,54],"current_hp_per_floor":[75,75,75,75,62,46,75,75,75,75,65,65,65,70,70,45,75,75,49,49,64,59,59,60,66,63,54,54,54,62,63,63,70,75,75,75,75,75,75,75,75,75,75,75,75,75,75,75,75,75,75,64,64,82,82,82,82,82,0,0],"gold":99,"neow_bonus":"THREE_ENEMY_KILL","is_daily":false,"chose_seed":false,"campfire_upgraded":8,"win_rate":0.0,"timestamp":1609303859,"path_taken":["M","M","M","M","M","E","R","?","T","R","E","?","M","M","R","BOSS","M","M","?","$","M","R","M","E","MIM","E","R","?","M","E","R","BOSS","M","?","$","M","?","R","M","R","MIM","M","?","R","M","M","R","BOSS","M","M","?","$","R","M","R","T","?"],"items_purchased_type":["Card","Relic","Relic","Relic","Relic","Relic"],"build_version":"2020-12-22","purchased_purges":1,"victory":false,"max_hp_per_floor":[75,75,75,75,75,75,75,75,75,75,75,75,75,75,75,75,75,75,75,75,75,75,75,75,75,75,75,75,75,75,75,75,75,75,75,75,75,75,75,75,75,75,75,75,75,75,75,75,75,75,75,75,75,82,82,82,82,82,75,75],"card_choices":[{"not_picked":["TheCursedMod:Obscuration","TheCursedMod:CursedSpellbook"],"picked":"TheCursedMod:CircleOfCorruption","floor":1},{"not_picked":["TheCursedMod:Mangle","TheCursedMod:CircleOfAmplification"],"picked":"TheCursedMod:RavingStaff","floor":2},{"not_picked":["TheCursedMod:SpitefulPlan","TheCursedMod:ReleasedKnowledge","TheCursedMod:CircleOfFocus"],"picked":"SKIP","floor":3},{"not_picked":["TheCursedMod:RapidMovement","TheCursedMod:CursedBlade"],"picked":"TheCursedMod:CursedSpellbook","floor":4},{"not_picked":["TheCursedMod:RavingStaff","TheCursedMod:CircleOfAmplification"],"picked":"TheCursedMod:CursedAmulet","floor":5},{"not_picked":["TheCursedMod:CursedAmulet","TheCursedMod:CursedSpellbook"],"picked":"TheCursedMod:SpitefulStrike","floor":6},{"not_picked":["TheCursedMod:Wield","TheCursedMod:StingEye"],"picked":"TheCursedMod:SmokeScreen","floor":11},{"not_picked":["TheCursedMod:Torture","TheCursedMod:EmpowerCircles"],"picked":"TheCursedMod:CircleOfFlame","floor":12},{"not_picked":["TheCursedMod:Torture","TheCursedMod:Mangle"],"picked":"TheCursedMod:SoulReap","floor":13},{"not_picked":["TheCursedMod:Wield","TheCursedMod:CursedAmulet"],"picked":"TheCursedMod:SoulCrush","floor":14},{"not_picked":["TheCursedMod:VoidForm","TheCursedMod:DarkBarrier"],"picked":"TheCursedMod:CollectTribute","floor":16},{"not_picked":["TheCursedMod:Stretching","TheCursedMod:CursedMace+1"],"picked":"TheCursedMod:AbyssShockwave","floor":18},{"not_picked":["TheCursedMod:SaltUponWound","TheCursedMod:VitalStrike","TheCursedMod:CursedAmulet"],"picked":"SKIP","floor":19},{"not_picked":["TheCursedMod:CursedAmulet","TheCursedMod:Stretching"],"picked":"TheCursedMod:CircleOfBlood","floor":22},{"not_picked":["TheCursedMod:Torture","TheCursedMod:CursedBlade","TheCursedMod:Mangle+1"],"picked":"SKIP","floor":24},{"not_picked":["TheCursedMod:AntiAging","TheCursedMod:TacticalStrike"],"picked":"TheCursedMod:WearCloak","floor":25},{"not_picked":["TheCursedMod:Stretching","TheCursedMod:HellsGateOpen+1"],"picked":"TheCursedMod:Grudge","floor":27},{"not_picked":["TheCursedMod:CursedStaff","TheCursedMod:CircleOfCorruption"],"picked":"TheCursedMod:Obscuration","floor":30},{"not_picked":["TheCursedMod:CursedAmulet","TheCursedMod:SpitefulPray"],"picked":"TheCursedMod:ReleasedStrength","floor":31},{"not_picked":["TheCursedMod:UltimatePain","TheCursedMod:ManaCirculation"],"picked":"TheCursedMod:CollectTribute","floor":33},{"not_picked":["TheCursedMod:CursedStaff","TheCursedMod:CursedSpellbook+1"],"picked":"TheCursedMod:AshesToAshes+1","floor":35},{"not_picked":["TheCursedMod:Obscuration","TheCursedMod:Wield+1","TheCursedMod:EmpowerCircles"],"picked":"SKIP","floor":38},{"not_picked":["HandOfGreed","Jack Of All Trades"],"picked":"Replay:Bootleg Shield Generator","floor":39},{"not_picked":["TheCursedMod:Stigma","TheCursedMod:CircleOfCorruption","TheCursedMod:CursedAmulet+1"],"picked":"SKIP","floor":41},{"not_picked":["TheCursedMod:HellsGateOpen","TheCursedMod:RapidMovement+1"],"picked":"TheCursedMod:HellfireBreathing","floor":44},{"not_picked":["TheCursedMod:Stigma+1","TheCursedMod:CircleOfCorruption+1","TheCursedMod:CursedShiv"],"picked":"SKIP","floor":47},{"not_picked":["TheCursedMod:WearCloak+1","TheCursedMod:RapidMovement+1","TheCursedMod:TroublousMinions+1"],"picked":"SKIP","floor":48},{"not_picked":["TheCursedMod:CursedBoomerang+1","TheCursedMod:AbyssShockwave+1"],"picked":"TheCursedMod:SurpriseAttack","floor":51},{"not_picked":["TheCursedMod:CircleOfFlame+1","TheCursedMod:Wield","TheCursedMod:Stretching+1"],"picked":"SKIP","floor":52}],"player_experience":258343,"relics_obtained":[{"floor":6,"key":"Regal Pillow"},{"floor":9,"key":"Lantern"},{"floor":11,"key":"Juzu Bracelet"},{"floor":12,"key":"Odd Mushroom"},{"floor":15,"key":"MealTicket"},{"floor":25,"key":"Bottled Flame"},{"floor":26,"key":"Matryoshka"},{"floor":27,"key":"Potion Belt"},{"floor":29,"key":"Replay:Accelerometer"},{"floor":31,"key":"FossilizedHelix"},{"floor":32,"key":"TungstenRod"},{"floor":36,"key":"Ring of Hypnosis"},{"floor":36,"key":"Ring of Misfortune"},{"floor":43,"key":"Torii"},{"floor":43,"key":"The Courier"},{"floor":49,"key":"Art of War"},{"floor":51,"key":"paleoftheancients:SoulOfTheShapes"},{"floor":58,"key":"Replay:WaspNest"}],"event_choices":[{"damage_healed":0,"gold_gain":0,"player_choice":"Fought Mushrooms","damage_taken":0,"max_hp_gain":0,"max_hp_loss":0,"event_name":"Mushrooms","floor":12,"gold_loss":0},{"damage_healed":0,"gold_gain":0,"player_choice":"Obtain J.A.X.","damage_taken":0,"max_hp_gain":0,"max_hp_loss":0,"event_name":"Drug Dealer","floor":20,"gold_loss":0,"cards_obtained":["J.A.X."]},{"damage_healed":0,"gold_gain":0,"player_choice":"Memory 1","damage_taken":0,"max_hp_gain":0,"max_hp_loss":0,"event_name":"SensoryStone","floor":39,"gold_loss":0},{"damage_healed":0,"gold_gain":0,"player_choice":"Bought 3 Potions","damage_taken":0,"max_hp_gain":0,"max_hp_loss":0,"event_name":"The Woman in Blue","floor":45,"gold_loss":0},{"damage_healed":0,"gold_gain":0,"player_choice":"Upgraded","damage_taken":0,"max_hp_gain":0,"max_hp_loss":0,"event_name":"Upgrade Shrine","floor":53,"gold_loss":0,"cards_upgraded":["TheCursedMod:RavingStaff"]}],"is_beta":false,"boss_relics":[{"not_picked":["Runic Dome","Fusion Hammer"],"picked":"SlaversCollar"},{"not_picked":["Empty Cage","Painkiller Herb"],"picked":"TheCursedMod:FourLeafCloverCharm"}],"items_purged_floors":[37],"is_endless":false,"potions_floor_spawned":[5,6,13,14,16,22,24,27,31,35,44,48,56],"ascension_level":0}}