{"host":"sc0o2qwpf9j16a4i","time":1609291592,"event":{"mods":["AchievementEnabler","BaseMod","BetterRewards","Block Reminder","Colored Map","Colored Powertips","Custom Start","Highlight Path","Minty Spire (QoL Compilation)","Relic Stats"],"gold_per_floor":[109,9,25,25,42,42,62,4,4,4,33,43,53,53,53,130,130,143,159,159,74,92,92,92,92],"floor_reached":24,"playtime":582,"items_purged":["Strike_B","Strike_B"],"score":596,"play_id":"dfd9da3e-f061-4703-a5fd-3988ca0bd848","local_time":"20201230032632","is_ascension_mode":true,"campfire_choices":[{"data":"Rip and Tear","floor":6.0,"key":"SMITH"},{"data":"Beam Cell","floor":10.0,"key":"SMITH"},{"floor":15,"key":"REST"},{"floor":23,"key":"REST"}],"circlet_count":0,"master_deck":["AscendersBane","Strike_B","Strike_B","Defend_B","Defend_B","Defend_B","Defend_B","Zap","Dualcast","Doom and Gloom","Rip and Tear+1","Ball Lightning","Hologram","Sweeping Beam","Loop","Beam Cell+1","Biased Cognition","Self Repair","Cold Snap","Seek","Capacitor","Hologram","Reboot"],"relics":["Cracked Core","Chemical X","Anchor","Pear","Sozu","Ornamental Fan"],"acts_visited":["Exordium","TheCity"],"potions_floor_usage":[16,24],"damage_taken":[{"damage":1.0,"enemies":"Cultist","floor":1.0,"turns":3.0},{"damage":0.0,"enemies":"Small Slimes","floor":3.0,"turns":2.0},{"damage":0.0,"enemies":"2 Louse","floor":5.0,"turns":1.0},{"damage":8.0,"enemies":"Looter","floor":7.0,"turns":2.0},{"damage":27.0,"enemies":"Lagavulin","floor":11.0,"turns":5.0},{"damage":5.0,"enemies":"3 Louse","floor":12.0,"turns":3.0},{"damage":7,"enemies":"Exordium Wildlife","floor":13,"turns":4},{"damage":24,"enemies":"Slime Boss","floor":16,"turns":8},{"damage":0,"enemies":"Spheric Guardian","floor":18,"turns":4},{"damage":6,"enemies":"2 Thieves","floor":19,"turns":4},{"damage":22,"enemies":"Shelled Parasite and Fungi","floor":22,"turns":5},{"damage":61,"enemies":"Gremlin Leader","floor":24,"turns":7}],"seed_played":"-5912690031665750820","potions_obtained":[{"floor":3.0,"key":"DistilledChaos"},{"floor":12.0,"key":"Dexterity Potion"},{"floor":16,"key":"Energy Potion"}],"is_trial":false,"path_per_floor":["M","$","M","$","M","R","M","$","T","R","E","M","M","$","R","B",null,"M","M","?","?","M","R","E"],"character_chosen":"DEFECT","items_purchased":["Chemical X","Doom and Gloom","Explosive Potion","Rip and Tear","FearPotion","Beam Cell"],"campfire_rested":2,"item_purchase_floors":[0,0,0,0,0,8],"current_hp_per_floor":[48,48,48,48,48,48,40,40,40,40,23,18,11,11,35,11,64,71,72,49,49,27,52,0,0],"gold":92,"neow_bonus":"","is_daily":false,"chose_seed":false,"campfire_upgraded":2,"win_rate":0.0,"timestamp":1609291592,"path_taken":["M","?","?","?","?","R","M","?","T","R","E","M","M","$","R","BOSS","M","M","?","?","M","R","E"],"items_purchased_type":["Relic","Card","Potion","Card","Potion","Card"],"build_version":"2020-12-22","purchased_purges":2,"victory":false,"max_hp_per_floor":[71,71,71,71,71,71,71,71,71,71,81,81,81,81,81,81,81,81,81,86,86,86,86,86,86],"relic_stats":{"Sozu":1,"counters":[24,105],"Ornamental Fan":[12],"Chemical X":[1],"obtain_stats":[{"Pear":11,"NeowsBlessing":0,"Golden Idol":5,"StoneCalendar":19,"Frozen Egg 2":10,"Sozu":17,"SlaversCollar":17,"Anchor":9,"Ornamental Fan":21,"Strawberry":9,"Chemical X":0,"Cracked Core":0,"Symbiotic Virus":8},{"Pear":17,"NeowsBlessing":0,"Golden Idol":2,"StoneCalendar":9,"Frozen Egg 2":5,"Sozu":20,"SlaversCollar":8,"Anchor":16,"Ornamental Fan":22,"Strawberry":4,"Chemical X":12,"Cracked Core":0,"Symbiotic Virus":4},{"Pear":70,"NeowsBlessing":0,"Golden Idol":2,"StoneCalendar":42,"Frozen Egg 2":21,"Sozu":85,"SlaversCollar":37,"Anchor":65,"Ornamental Fan":93,"Strawberry":13,"Chemical X":57,"Cracked Core":0,"Symbiotic Virus":13}]},"card_choices":[{"not_picked":["Rip and Tear","Consume"],"picked":"Ball Lightning","floor":1.0},{"not_picked":["Consume","Steam"],"picked":"Hologram","floor":3.0},{"not_picked":["Leap","Steam"],"picked":"Sweeping Beam","floor":5.0},{"not_picked":["Tempest","Genetic Algorithm"],"picked":"Loop","floor":7.0},{"not_picked":["Recycle","Capacitor"],"picked":"Biased Cognition","floor":11.0},{"not_picked":["Turbo","Leap"],"picked":"Self Repair","floor":12.0},{"not_picked":["Compile Driver","Redo"],"picked":"Cold Snap","floor":13},{"not_picked":["Thunder Strike","Reboot"],"picked":"Seek","floor":16},{"not_picked":["Steam Power","Go for the Eyes"],"picked":"Capacitor","floor":18},{"not_picked":["Darkness","Stack"],"picked":"Hologram","floor":19},{"not_picked":["Steam","Reprogram"],"picked":"Reboot","floor":22}],"player_experience":431552,"relics_obtained":[{"floor":9.0,"key":"Anchor"},{"floor":11.0,"key":"Pear"}],"event_choices":[{"damage_healed":0,"gold_gain":0,"player_choice":"Shed Blood","damage_taken":28,"max_hp_gain":5,"max_hp_loss":0,"event_name":"Forgotten Altar","floor":20,"gold_loss":0},{"damage_healed":0,"gold_gain":0,"player_choice":"Obtained Relic","damage_taken":0,"relics_obtained":["Ornamental Fan"],"max_hp_gain":0,"max_hp_loss":0,"event_name":"Addict","floor":21,"gold_loss":85}],"is_beta":false,"boss_relics":[{"not_picked":["Runic Dome","Cursed Key"],"picked":"Sozu"}],"items_purged_floors":[0,2],"is_endless":false,"potions_floor_spawned":[3,12,16,19],"killed_by":"Gremlin Leader","ascension_level":20}}