{"host":"873t0y8ybyo38pfq","time":1609349926,"event":{"mods":["BaseMod","Bestiary","Colored Map","Colored Powertips","Highlight Path","Minty Spire (QoL Compilation)","Quick Restart","RNG Fix","Rare Cards Sparkle","Relic Stats","StSLib"],"gold_per_floor":[109,109,209,209,36,36,67,67,91,112,156,156,196,225,225,225,225],"floor_reached":16,"playtime":773,"items_purged":[],"score":282,"play_id":"d41a395a-3931-481c-b212-04ff7897e2b3","local_time":"20201230123846","is_ascension_mode":true,"campfire_choices":[{"data":"Neutralize","floor":6,"key":"SMITH"},{"data":"Riddle With Holes","floor":12,"key":"SMITH"},{"floor":15,"key":"REST"}],"circlet_count":0,"master_deck":["AscendersBane","Strike_G","Strike_G","Strike_G","Strike_G","Defend_G","Defend_G","Defend_G","Defend_G","Defend_G","Survivor","Neutralize+1","Choke","Riddle With Holes+1","Deflect","Infinite Blades"],"relics":["Ring of the Snake","NeowsBlessing","TwistedFunnel","Letter Opener","CeramicFish","Akabeko","Strawberry"],"acts_visited":["Exordium"],"potions_floor_usage":[11,11,16],"damage_taken":[{"damage":0,"enemies":"2 Louse","floor":1,"turns":1},{"damage":0,"enemies":"Lagavulin","floor":7,"turns":1},{"damage":0,"enemies":"Cultist","floor":10,"turns":1},{"damage":30,"enemies":"Gremlin Nob","floor":11,"turns":4},{"damage":21,"enemies":"3 Sentries","floor":13,"turns":8},{"damage":0,"enemies":"Small Slimes","floor":14,"turns":1},{"damage":37,"enemies":"The Guardian","floor":16,"turns":15}],"seed_played":"628594264507782997","potions_obtained":[{"floor":1,"key":"BlessingOfTheForge"},{"floor":2,"key":"CunningPotion"},{"floor":11,"key":"DuplicationPotion"}],"is_trial":false,"path_per_floor":["M","?","?","?","$","R","E","?","T","M","E","R","E","M","R","B"],"character_chosen":"THE_SILENT","items_purchased":["TwistedFunnel"],"campfire_rested":1,"item_purchase_floors":[5],"current_hp_per_floor":[59,59,59,52,52,52,52,57,57,57,27,27,13,13,36,0,0],"gold":225,"neow_bonus":"THREE_ENEMY_KILL","is_daily":false,"chose_seed":false,"campfire_upgraded":2,"win_rate":0.0,"timestamp":1609349926,"path_taken":["M","?","?","?","$","R","E","?","T","M","E","R","E","M","R","BOSS"],"items_purchased_type":["Relic"],"build_version":"2020-12-22","purchased_purges":0,"victory":false,"max_hp_per_floor":[66,66,66,66,66,66,66,71,71,71,71,71,78,78,78,78,78],"relic_stats":{"counters":[7,31],"CeramicFish":36,"Letter Opener":[14],"obtain_stats":[{"TwistedFunnel":5,"NeowsBlessing":0,"CeramicFish":9,"Strawberry":13,"Letter Opener":7,"Akabeko":11,"Ring of the Snake":0},{"TwistedFunnel":1,"NeowsBlessing":0,"CeramicFish":2,"Strawberry":5,"Letter Opener":2,"Akabeko":4,"Ring of the Snake":0},{"TwistedFunnel":1,"NeowsBlessing":0,"CeramicFish":2,"Strawberry":15,"Letter Opener":2,"Akabeko":7,"Ring of the Snake":0}],"Ring of the Snake":[14]},"card_choices":[{"not_picked":["Deflect","Escape Plan","Distraction"],"picked":"SKIP","floor":1},{"not_picked":["Dodge and Roll","Setup"],"picked":"Choke","floor":10},{"not_picked":["Dagger Throw","PiercingWail"],"picked":"Riddle With Holes","floor":11},{"not_picked":["Caltrops","Flechettes"],"picked":"Deflect","floor":13},{"not_picked":["Bane","Heel Hook"],"picked":"Infinite Blades","floor":14}],"player_experience":1422412,"relics_obtained":[{"floor":7,"key":"Letter Opener"},{"floor":9,"key":"CeramicFish"},{"floor":11,"key":"Akabeko"},{"floor":13,"key":"Strawberry"}],"event_choices":[{"damage_healed":0,"gold_gain":0,"player_choice":"Got Potions","damage_taken":0,"max_hp_gain":0,"max_hp_loss":0,"event_name":"Lab","floor":2,"gold_loss":0},{"damage_healed":0,"gold_gain":100,"player_choice":"Gold","damage_taken":0,"max_hp_gain":0,"max_hp_loss":0,"event_name":"Wheel of Change","floor":3,"gold_loss":0},{"cards_removed":["Strike_G"],"damage_healed":0,"gold_gain":0,"player_choice":"Card Removal","damage_taken":7,"max_hp_gain":0,"max_hp_loss":0,"event_name":"Golden Wing","floor":4,"gold_loss":0},{"damage_healed":0,"gold_gain":0,"player_choice":"Donut","damage_taken":0,"max_hp_gain":5,"max_hp_loss":0,"event_name":"Big Fish","floor":8,"gold_loss":0}],"is_beta":false,"boss_relics":[],"items_purged_floors":[],"is_endless":false,"potions_floor_spawned":[1,11],"killed_by":"The Guardian","ascension_level":20}}