{"host":"agflykcedf93aoo8","time":1609353493,"event":{"mods":["BaseMod","Hermit","Minty Spire (QoL Compilation)","StSLib","Td1madao Mod","The Bug Knight","The Cursed","The Gatherer","The Hierophant","The Runesmith"],"gold_per_floor":[114,127,189,264,30,56,56,67,136,136,161,179,179,26,26,26,26],"floor_reached":16,"playtime":1330,"items_purged":[],"score":140,"play_id":"f312fe28-d466-4507-92d2-20db141814c3","local_time":"20201231033813","is_ascension_mode":true,"campfire_choices":[{"data":"hermit:Reprieve","floor":7.0,"key":"SMITH"},{"data":"hermit:FatalDesire","floor":10.0,"key":"SMITH"},{"floor":15.0,"key":"REST"}],"circlet_count":0,"master_deck":["hermit:Strike_Hermit","hermit:Strike_Hermit","hermit:Strike_Hermit","hermit:Strike_Hermit","hermit:Defend_Hermit","hermit:Defend_Hermit","hermit:Defend_Hermit","hermit:Defend_Hermit","hermit:Snapshot","hermit:Covet","hermit:Reprieve+1","hermit:FatalDesire+1","Madness","hermit:LoneWolf"],"relics":["hermit:Momento","NeowsBlessing","PreservedInsect","HollowMod:StagPassRelic","Lantern","Runesmith:Nanobots","Strawberry"],"acts_visited":["Exordium"],"potions_floor_usage":[16,16,16],"damage_taken":[{"damage":0.0,"enemies":"Cultist","floor":1.0,"turns":1.0},{"damage":0.0,"enemies":"Small Slimes","floor":2.0,"turns":1.0},{"damage":0.0,"enemies":"Gremlin Nob","floor":6.0,"turns":1.0},{"damage":6.0,"enemies":"Jaw Worm","floor":8.0,"turns":4.0},{"damage":26.0,"enemies":"Lagavulin","floor":11.0,"turns":6.0},{"damage":9.0,"enemies":"2 Fungi Beasts","floor":12.0,"turns":5.0},{"damage":80,"enemies":"Slime Boss","floor":16,"turns":13}],"seed_played":"3938661145408475658","potions_obtained":[{"floor":2.0,"key":"Dexterity Potion"},{"floor":6.0,"key":"Weak Potion"},{"floor":12.0,"key":"FearPotion"}],"is_trial":false,"path_per_floor":["M","M","?","?","$","E","R","M","T","R","E","M","?","$","R","B"],"character_chosen":"HERMIT","items_purchased":["hermit:FatalDesire","Madness","Strawberry"],"campfire_rested":1,"item_purchase_floors":[5,5,14],"current_hp_per_floor":[75,75,75,64,64,64,64,62,62,62,40,43,25,32,56,0,0],"gold":26,"neow_bonus":"THREE_ENEMY_KILL","is_daily":false,"chose_seed":false,"campfire_upgraded":2,"win_rate":0.0,"timestamp":1609353493,"path_taken":["M","M","?","?","?","E","R","M","T","R","E","M","?","$","R","BOSS"],"items_purchased_type":["Card","Card","Relic"],"build_version":"2020-12-22","purchased_purges":0,"victory":false,"max_hp_per_floor":[75,75,75,75,75,75,75,75,75,75,75,75,75,82,82,82,82],"card_choices":[{"not_picked":["hermit:Coalescence","hermit:LowProfile","hermit:Glare"],"picked":"SKIP","floor":1.0},{"not_picked":["hermit:Quickdraw","hermit:Virtue"],"picked":"hermit:Reprieve","floor":2.0},{"not_picked":["hermit:Scavenge","hermit:HoleUp"],"picked":"hermit:LoneWolf","floor":6.0},{"not_picked":["hermit:BodyArmor","hermit:ItchyTrigger","hermit:Combo"],"picked":"SKIP","floor":8.0},{"not_picked":["hermit:Quickdraw","hermit:Desperado","hermit:Spite"],"picked":"SKIP","floor":11.0},{"not_picked":["hermit:Headshot","hermit:SprayPray","hermit:Combo"],"picked":"SKIP","floor":12.0}],"player_experience":337163,"relics_obtained":[{"floor":6.0,"key":"PreservedInsect"},{"floor":9.0,"key":"HollowMod:StagPassRelic"},{"floor":11.0,"key":"Lantern"}],"event_choices":[{"damage_healed":0.0,"max_hp_gain":0.0,"max_hp_loss":0.0,"gold_gain":62.0,"event_name":"Golden Wing","player_choice":"Gained Gold","floor":3.0,"gold_loss":0.0,"damage_taken":0.0},{"damage_healed":0.0,"max_hp_gain":0.0,"max_hp_loss":0.0,"gold_gain":75.0,"event_name":"World of Goop","player_choice":"Gather Gold","floor":4.0,"gold_loss":0.0,"damage_taken":11.0},{"damage_healed":0.0,"max_hp_gain":0.0,"max_hp_loss":0.0,"gold_gain":0.0,"event_name":"Scrap Ooze","player_choice":"Success","floor":13.0,"gold_loss":0.0,"damage_taken":18.0,"relics_obtained":["Runesmith:Nanobots"]}],"is_beta":false,"boss_relics":[],"items_purged_floors":[],"is_endless":false,"potions_floor_spawned":[2,6,12],"killed_by":"Slime Boss","ascension_level":1}}