{"host":"w5ovz9boloi14a0g","time":1609311242,"event":{"mods":["BaseMod","Googly Eyes","Minty Spire (QoL Compilation)","StSLib","SuperFastMode"],"gold_per_floor":[119,129,129,143,161,161,186,205,205,205,235,256,256,286,286,383,383,403,423,439,439,459,459,459,459],"floor_reached":24,"playtime":833,"items_purged":[],"score":276,"play_id":"e783c9e6-cdaa-422e-8f4f-76a3e2225a27","local_time":"20201230005402","is_ascension_mode":true,"campfire_choices":[{"data":"Riddle With Holes","floor":6,"key":"SMITH"},{"floor":10,"key":"REST"},{"floor":15,"key":"REST"},{"data":"Footwork","floor":23,"key":"SMITH"}],"circlet_count":0,"master_deck":["Strike_G","Strike_G","Strike_G","Strike_G","Defend_G","Defend_G","Defend_G","Defend_G","Defend_G","Survivor","Neutralize","Dagger Throw","Riddle With Holes+1","Underhanded Strike+1","Flying Knee+1","Footwork+1","Leg Sweep"],"relics":["Snecko Eye","Matryoshka","Whetstone","Singing Bowl","HornCleat","Odd Mushroom","Tingsha","Black Star"],"acts_visited":["Exordium","TheCity"],"potions_floor_usage":[11,24,24],"damage_taken":[{"damage":0,"enemies":"Small Slimes","floor":1,"turns":4},{"damage":7,"enemies":"2 Louse","floor":2,"turns":4},{"damage":1,"enemies":"Cultist","floor":4,"turns":4},{"damage":7,"enemies":"3 Louse","floor":5,"turns":3},{"damage":5,"enemies":"Gremlin Nob","floor":7,"turns":4},{"damage":33,"enemies":"Exordium Thugs","floor":8,"turns":5},{"damage":10,"enemies":"3 Sentries","floor":11,"turns":7},{"damage":0,"enemies":"The Mushroom Lair","floor":12,"turns":3},{"damage":10,"enemies":"Gremlin Nob","floor":14,"turns":4},{"damage":30,"enemies":"The Guardian","floor":16,"turns":15},{"damage":22,"enemies":"2 Thieves","floor":18,"turns":4},{"damage":0,"enemies":"Spheric Guardian","floor":19,"turns":3},{"damage":6,"enemies":"3 Cultists","floor":20,"turns":5},{"damage":0,"enemies":"Snecko","floor":22,"turns":5},{"damage":66,"enemies":"Gremlin Leader","floor":24,"turns":11}],"seed_played":"4891095221386204532","potions_obtained":[{"floor":4,"key":"FearPotion"},{"floor":8,"key":"CultistPotion"},{"floor":11,"key":"Fruit Juice"},{"floor":12,"key":"Weak Potion"}],"is_trial":false,"path_per_floor":["M","M","?","M","M","R","E","M","T","R","E","?","?","E","R","B",null,"M","M","M","?","M","R","E"],"character_chosen":"THE_SILENT","items_purchased":[],"campfire_rested":2,"item_purchase_floors":[],"current_hp_per_floor":[70,63,68,67,60,60,55,22,22,44,39,41,41,33,58,30,86,66,68,64,64,66,66,0,0],"gold":459,"neow_bonus":"BOSS_RELIC","is_daily":false,"chose_seed":false,"campfire_upgraded":2,"win_rate":0.0,"timestamp":1609311242,"path_taken":["M","M","?","M","M","R","E","M","T","R","E","?","?","E","R","BOSS","M","?","M","?","M","R","E"],"items_purchased_type":[],"build_version":"2020-12-22","purchased_purges":0,"victory":false,"max_hp_per_floor":[70,70,75,75,75,75,75,75,75,75,80,82,82,84,84,86,86,88,90,92,92,94,94,94,94],"card_choices":[{"not_picked":["Bane","Infinite Blades"],"picked":"Dagger Throw","floor":1},{"not_picked":["Dagger Spray","Dagger Throw"],"picked":"Riddle With Holes","floor":2},{"not_picked":["Setup","Noxious Fumes"],"picked":"Underhanded Strike","floor":4},{"not_picked":["Reflex","Deadly Poison"],"picked":"Flying Knee","floor":5},{"not_picked":["Expertise","Masterful Stab","Backflip"],"picked":"SKIP","floor":7},{"not_picked":["Prepared","Sucker Punch","Quick Slash"],"picked":"SKIP","floor":8},{"not_picked":["Deadly Poison","Riddle With Holes"],"picked":"Footwork","floor":11},{"not_picked":["Slice","Underhanded Strike","Dagger Spray"],"picked":"Singing Bowl","floor":12},{"not_picked":["Dodge and Roll","Backflip","Dagger Spray"],"picked":"Singing Bowl","floor":14},{"not_picked":["Malaise","Wraith Form v2","Venomology"],"picked":"Singing Bowl","floor":16},{"not_picked":["Dagger Spray","Flying Knee+1","Bouncing Flask"],"picked":"Singing Bowl","floor":18},{"not_picked":["Backstab","Dagger Spray","Blade Dance+1"],"picked":"Singing Bowl","floor":19},{"not_picked":["Outmaneuver","Flying Knee","PiercingWail"],"picked":"Singing Bowl","floor":20},{"not_picked":["Deflect","Dagger Spray+1","Storm of Steel"],"picked":"Singing Bowl","floor":22}],"player_experience":48469,"relics_obtained":[{"floor":7,"key":"Matryoshka"},{"floor":9,"key":"Whetstone"},{"floor":9,"key":"Singing Bowl"},{"floor":11,"key":"HornCleat"},{"floor":12,"key":"Odd Mushroom"},{"floor":14,"key":"Tingsha"}],"event_choices":[{"damage_healed":0,"gold_gain":0,"player_choice":"Donut","damage_taken":0,"max_hp_gain":5,"max_hp_loss":0,"event_name":"Big Fish","floor":3,"gold_loss":0},{"damage_healed":0,"gold_gain":0,"player_choice":"Fought Mushrooms","damage_taken":0,"max_hp_gain":0,"max_hp_loss":0,"event_name":"Mushrooms","floor":12,"gold_loss":0},{"cards_removed":["Strike_G"],"damage_healed":0,"gold_gain":0,"player_choice":"Card Removal","damage_taken":0,"max_hp_gain":0,"max_hp_loss":0,"event_name":"Wheel of Change","floor":13,"gold_loss":0},{"damage_healed":0,"gold_gain":0,"player_choice":"Read","damage_taken":0,"max_hp_gain":0,"max_hp_loss":0,"event_name":"The Library","floor":21,"gold_loss":0,"cards_obtained":["Leg Sweep"]}],"is_beta":false,"boss_relics":[{"not_picked":["Velvet Choker","Tiny House"],"picked":"Black Star"}],"items_purged_floors":[],"is_endless":false,"potions_floor_spawned":[4,8,11,12,14,20],"killed_by":"Gremlin Leader","ascension_level":3}}