{"host":"sc0o2qwpf9j16a4i","time":1609341463,"event":{"mods":["AchievementEnabler","BaseMod","BetterRewards","Block Reminder","Colored Map","Colored Powertips","Custom Start","Highlight Path","Minty Spire (QoL Compilation)","Relic Stats"],"gold_per_floor":[114,132,7,23,40,40,53,53,77,77,96,114,33,60,60,60,60],"floor_reached":16,"playtime":264,"items_purged":["Strike_B"],"score":208,"play_id":"f7f209d1-9b5d-4985-8858-72cbe2a11e5f","local_time":"20201230171743","is_ascension_mode":true,"campfire_choices":[{"data":"Beam Cell","floor":6,"key":"SMITH"},{"data":"Cold Snap","floor":8,"key":"SMITH"},{"data":"FTL","floor":10,"key":"SMITH"},{"floor":15,"key":"REST"}],"circlet_count":0,"master_deck":["AscendersBane","Strike_B+1","Strike_B+1","Strike_B","Defend_B","Defend_B","Defend_B","Defend_B","Zap","Dualcast","Beam Cell+1","Hologram","Cold Snap+1","Conserve Battery","Genetic Algorithm","FTL+1","Ball Lightning","Lockon","Reinforced Body","Ball Lightning"],"relics":["Cracked Core","NeowsBlessing","Whetstone","Bag of Marbles"],"acts_visited":["Exordium"],"potions_floor_usage":[14,16],"damage_taken":[{"damage":0,"enemies":"Cultist","floor":1,"turns":1},{"damage":0,"enemies":"Jaw Worm","floor":2,"turns":1},{"damage":0,"enemies":"Small Slimes","floor":4,"turns":1},{"damage":6,"enemies":"Blue Slaver","floor":5,"turns":4},{"damage":3,"enemies":"3 Louse","floor":7,"turns":3},{"damage":13,"enemies":"Exordium Wildlife","floor":11,"turns":4},{"damage":7,"enemies":"Red Slaver","floor":12,"turns":2},{"damage":32,"enemies":"Gremlin Nob","floor":14,"turns":4},{"damage":28,"enemies":"Slime Boss","floor":16,"turns":5}],"seed_played":"1221766165603033194","potions_obtained":[{"floor":4,"key":"SteroidPotion"},{"floor":7,"key":"SneckoOil"},{"floor":14,"key":"Dexterity Potion"}],"is_trial":false,"path_per_floor":["M","M","$","M","M","R","M","R","T","R","M","M","$","E","R","B"],"character_chosen":"DEFECT","items_purchased":["Cold Snap","Reinforced Body"],"campfire_rested":1,"item_purchase_floors":[3,13],"current_hp_per_floor":[64,64,64,64,58,58,55,55,55,55,42,35,35,3,24,0,0],"gold":60,"neow_bonus":"THREE_ENEMY_KILL","is_daily":false,"chose_seed":false,"campfire_upgraded":3,"win_rate":0.0,"timestamp":1609341463,"path_taken":["M","?","$","M","M","R","M","R","T","R","M","M","$","E","R","BOSS"],"items_purchased_type":["Card","Card"],"build_version":"2020-12-22","purchased_purges":1,"victory":false,"max_hp_per_floor":[71,71,71,71,71,71,71,71,71,71,71,71,71,71,71,71,71],"relic_stats":{"counters":[9,25],"Whetstone":["Strike_B","Strike_B"],"obtain_stats":[{"NeowsBlessing":0,"Bag of Marbles":14,"Whetstone":9,"Cracked Core":0},{"NeowsBlessing":0,"Bag of Marbles":8,"Whetstone":5,"Cracked Core":0},{"NeowsBlessing":0,"Bag of Marbles":20,"Whetstone":10,"Cracked Core":0}]},"card_choices":[{"not_picked":["Leap","Capacitor"],"picked":"Beam Cell","floor":1},{"not_picked":["Skim","Meteor Strike"],"picked":"Hologram","floor":2},{"not_picked":["Storm","Streamline"],"picked":"Conserve Battery","floor":4},{"not_picked":["Turbo","Coolheaded"],"picked":"Genetic Algorithm","floor":5},{"not_picked":["Aggregate","Chill"],"picked":"FTL","floor":7},{"not_picked":["Barrage","Turbo"],"picked":"Ball Lightning","floor":11},{"not_picked":["Beam Cell","Hologram"],"picked":"Lockon","floor":12},{"not_picked":["Loop","Barrage"],"picked":"Ball Lightning","floor":14}],"player_experience":451308,"relics_obtained":[{"floor":9,"key":"Whetstone"},{"floor":14,"key":"Bag of Marbles"}],"event_choices":[],"is_beta":false,"boss_relics":[],"items_purged_floors":[3],"is_endless":false,"potions_floor_spawned":[4,7,14],"killed_by":"Slime Boss","ascension_level":20}}