{"host":"51qmnr9isyv85d0p","time":1609339677,"event":{"mods":["AchievementEnabler","BaseMod","Colored Map","Colored Powertips","Curses Come First","Downfall","Minty Spire (QoL Compilation)","Relic Stats","StSLib","TestMod","vexMod"],"gold_per_floor":[0,16,36000,36014,35115,35131,35131,35131,34365,34365,34699,34709,34741,34758,34768,34873,35539,35539,35557,35557,35557,35557],"floor_reached":20,"playtime":1201,"items_purged":["Guardian:Defend_Guardian","Guardian:Strike_Guardian"],"score":289,"play_id":"07448f90-e393-4f39-b5fb-2729affb8517","local_time":"20201230224757","is_ascension_mode":true,"campfire_choices":[{"data":"Guardian:TwinSlam","floor":1,"key":"SMITH"},{"data":"Guardian:DecasProtection","floor":8,"key":"SMITH"},{"data":"testmod-Mystery","floor":10,"key":"SMITH"},{"data":"Guardian:CompilePackage","floor":18,"key":"SMITH"}],"circlet_count":0,"master_deck":["Guardian:Strike_Guardian","Guardian:Strike_Guardian","Guardian:Defend_Guardian","Guardian:Defend_Guardian+1","Guardian:CurlUp+1","Guardian:TwinSlam+1","Guardian:EvasiveProtocol","Guardian:Gem_Green","Guardian:ShieldSpikes","Guardian:TemporalStrike","Guardian:DecasProtection+1","testmod-Mystery+1","Guardian:BronzeOrb","Guardian:TimeCapacitor","Guardian:VentSteam","Guardian:ChargeUp","Guardian:Orbwalk+1","Guardian:CompilePackage+1"],"relics":["Guardian:ModeShifter","testmod-TestBox","testmod-AssaultLearning","War Paint","MealTicket","Orrery","Shuriken","Torii","Strawberry","Membership Card","Old Coin","Frozen Egg 2","vexMod:RockOfEvil"],"acts_visited":["Exordium","TheCity"],"potions_floor_usage":[4,6,6,6,11,11,11,15],"damage_taken":[{"damage":0,"enemies":"Cultist","floor":2,"turns":3},{"damage":3,"enemies":"Jaw Worm","floor":3,"turns":4},{"damage":4,"enemies":"2 Louse","floor":4,"turns":2},{"damage":0,"enemies":"downfall:FleeingMerchant","floor":5,"turns":4},{"damage":0,"enemies":"Gremlin Gang","floor":6,"turns":3},{"damage":2,"enemies":"downfall:FleeingMerchant","floor":9,"turns":4},{"damage":18,"enemies":"Lagavulin","floor":11,"turns":5},{"damage":0,"enemies":"2 Fungi Beasts","floor":12,"turns":3},{"damage":15,"enemies":"Gremlin Nob","floor":13,"turns":4},{"damage":0,"enemies":"Large Slime","floor":14,"turns":5},{"damage":12,"enemies":"Exordium Thugs","floor":15,"turns":4},{"damage":16,"enemies":"downfall:Silent","floor":16,"turns":7},{"damage":0,"enemies":"Spheric Guardian","floor":19,"turns":4},{"damage":24,"enemies":"Snecko","floor":20,"turns":4}],"seed_played":"-5565901076735655354","potions_obtained":[{"floor":2,"key":"Strength Potion"},{"floor":4,"key":"SneckoOil"},{"floor":14,"key":"PowerPotion"}],"is_trial":false,"path_per_floor":["R","M","M","M","$","M","T","R","$","R","E","M","E","M","M","B",null,"R","M","M"],"character_chosen":"GUARDIAN","items_purchased":["War Paint","MealTicket","Orrery","Guardian:Gem_Red","Guardian:Gem_Cyan","testmod-Mystery","testmod-TestPotion","Fire Potion","LiquidMemories","Torii","Strawberry","Membership Card","Guardian:TimeCapacitor","SteroidPotion","Fire Potion","SteroidPotion","Guardian:VentSteam"],"campfire_rested":0,"item_purchase_floors":[5,5,5,5,5,5,5,5,5,9,9,9,9,9,9,9,9],"current_hp_per_floor":[80,80,77,73,73,73,73,73,85,85,67,67,52,52,40,24,87,87,87,63,63,63],"gold":35557,"neow_bonus":"REMOVE_TWO","is_daily":false,"chose_seed":false,"campfire_upgraded":4,"win_rate":0.0,"timestamp":1609339677,"path_taken":["R","M","M","M","$","?","T","R","$","R","E","M","E","M","M","BOSS","R","M","M"],"items_purchased_type":["Relic","Relic","Relic","Card","Card","Card","Potion","Potion","Potion","Relic","Relic","Relic","Card","Potion","Potion","Potion","Card"],"build_version":"2020-12-22","purchased_purges":2,"victory":false,"max_hp_per_floor":[80,80,80,80,80,80,80,80,87,87,87,87,87,87,87,87,87,87,87,87,87,87],"relic_stats":{"Torii":3,"counters":[14,56],"Shuriken":[7],"MealTicket":7,"War Paint":["Guardian:Defend_Guardian","Guardian:CurlUp"],"obtain_stats":[{"testmod-TestBox":0,"Torii":9,"Guardian:ModeShifter":0,"War Paint":5,"Frozen Egg 2":13,"vexMod:RockOfEvil":17,"Old Coin":11,"Shuriken":7,"testmod-AssaultLearning":0,"Strawberry":9,"Orrery":5,"MealTicket":5,"Membership Card":9},{"testmod-TestBox":0,"Torii":6,"Guardian:ModeShifter":0,"War Paint":4,"Frozen Egg 2":9,"vexMod:RockOfEvil":12,"Old Coin":7,"Shuriken":5,"testmod-AssaultLearning":0,"Strawberry":6,"Orrery":4,"MealTicket":4,"Membership Card":6},{"testmod-TestBox":0,"Torii":20,"Guardian:ModeShifter":0,"War Paint":13,"Frozen Egg 2":32,"vexMod:RockOfEvil":48,"Old Coin":25,"Shuriken":16,"testmod-AssaultLearning":0,"Strawberry":20,"Orrery":13,"MealTicket":13,"Membership Card":20}]},"card_choices":[{"not_picked":["Guardian:Recover","Guardian:TimeBomb"],"picked":"Guardian:EvasiveProtocol","floor":2},{"not_picked":["Guardian:Reroute","Guardian:Planning"],"picked":"Guardian:Gem_Green","floor":3},{"not_picked":["Guardian:VentSteam","Guardian:Incinerate"],"picked":"Guardian:Gem_Green","floor":4},{"not_picked":["Guardian:Suspension","Guardian:Reroute"],"picked":"Guardian:Gem_Green","floor":5},{"not_picked":["Guardian:WalkerClaw","Guardian:Gem_Lightblue"],"picked":"Guardian:ShieldSpikes","floor":5},{"not_picked":["Guardian:ChargeUp","Guardian:VentSteam"],"picked":"Guardian:Gem_Synthetic","floor":5},{"not_picked":["Guardian:Gem_Cyan","Guardian:TemporalShield"],"picked":"Guardian:TemporalStrike","floor":5},{"not_picked":["Guardian:Gem_Green","Guardian:Orbwalk"],"picked":"Guardian:DecasProtection","floor":5},{"not_picked":["Guardian:WalkerClaw","Guardian:PrimingBeam"],"picked":"Guardian:BronzeOrb","floor":6},{"not_picked":["Guardian:Recover","Guardian:RollAttack"],"picked":"Guardian:Gem_White","floor":9},{"not_picked":["Guardian:Incinerate","Guardian:Reroute","Guardian:Gem_Lightblue"],"picked":"SKIP","floor":11},{"not_picked":["Guardian:ShieldCharger","Guardian:RollAttack","Guardian:Reroute"],"picked":"SKIP","floor":12},{"not_picked":["Guardian:AncientConstruct+1","Guardian:CrystalBeam","Guardian:WalkerClaw"],"picked":"SKIP","floor":13},{"not_picked":["Guardian:PrimingBeam","Guardian:Gem_Cyan"],"picked":"Guardian:ChargeUp","floor":14},{"not_picked":["Guardian:TimeBomb","Guardian:TemporalShield"],"picked":"Guardian:Orbwalk+1","floor":15},{"not_picked":["Guardian:HyperBeam_Guardian","Guardian:FierceBash"],"picked":"Guardian:CompilePackage","floor":16},{"not_picked":["Guardian:Reroute","Guardian:CrystalBeam+1","Guardian:Suspension"],"picked":"SKIP","floor":19}],"player_experience":27080,"relics_obtained":[{"floor":7,"key":"Shuriken"},{"floor":11,"key":"Old Coin"},{"floor":13,"key":"Frozen Egg 2"}],"event_choices":[],"is_beta":false,"boss_relics":[{"not_picked":["Velvet Choker","vexMod:TanglingVine"],"picked":"vexMod:RockOfEvil"}],"items_purged_floors":[5,9],"is_endless":false,"potions_floor_spawned":[2,4,14],"killed_by":"Snecko","ascension_level":3}}