{"host":"p7j7o00jacnw7qzt","time":1609307046,"event":{"mods":["BaseMod","Colored Map","Colored Powertips","DeckTracker","Highlight Path","Minty Spire (QoL Compilation)","Relic Stats"],"gold_per_floor":[114,114,114,189,207,243,255,267,302,314,369,381,417,464,476,584,596,596],"floor_reached":17,"playtime":410,"items_purged":[],"score":492,"play_id":"769a14f8-e187-4737-b844-0383f0e4511f","local_time":"20201230004406","is_ascension_mode":true,"campfire_choices":[{"data":"Eruption","floor":7,"key":"SMITH"},{"data":"WheelKick","floor":10,"key":"SMITH"},{"floor":12,"key":"RECALL"},{"data":"Fasting2","floor":15,"key":"SMITH"}],"circlet_count":0,"master_deck":["AscendersBane","Strike_P","Strike_P","Strike_P","Strike_P","Defend_P","Defend_P","Defend_P","Defend_P","Eruption+1","Vigilance","WheelKick+1","Brilliance+1","CutThroughFate","Tantrum","Fasting2+1","MasterReality","CurseOfTheBell"],"relics":["PureWater","NeowsBlessing","Ginger","Golden Idol","MawBank","Orichalcum","PreservedInsect","Strawberry","Calling Bell","Pen Nib","InkBottle","Prayer Wheel"],"acts_visited":["Exordium","TheCity"],"potions_floor_usage":[16],"damage_taken":[{"damage":0,"enemies":"Jaw Worm","floor":1,"turns":1},{"damage":0,"enemies":"2 Louse","floor":5,"turns":1},{"damage":0,"enemies":"3 Sentries","floor":6,"turns":2},{"damage":0,"enemies":"Gremlin Nob","floor":11,"turns":2},{"damage":0,"enemies":"Cultist","floor":13,"turns":2},{"damage":0,"enemies":"3 Sentries","floor":14,"turns":3},{"damage":20,"enemies":"The Guardian","floor":16,"turns":6}],"seed_played":"506361165054059876","potions_obtained":[{"floor":5,"key":"AttackPotion"},{"floor":11,"key":"Fire Potion"},{"floor":13,"key":"SteroidPotion"}],"is_trial":false,"path_per_floor":["M","?","?","?","M","E","R","?","T","R","E","R","M","E","R","B",null],"character_chosen":"WATCHER","items_purchased":[],"campfire_rested":0,"item_purchase_floors":[],"current_hp_per_floor":[61,50,50,39,39,39,39,39,39,39,39,39,39,46,46,26,58,58],"gold":596,"neow_bonus":"THREE_ENEMY_KILL","is_daily":false,"chose_seed":false,"campfire_upgraded":3,"win_rate":0.0,"timestamp":1609307046,"path_taken":["M","?","?","?","M","E","R","?","T","R","E","R","M","E","R","BOSS"],"items_purchased_type":[],"build_version":"2020-12-22","purchased_purges":0,"victory":false,"max_hp_per_floor":[68,68,62,62,62,62,62,62,62,62,62,62,62,69,69,69,69,69],"relic_stats":{"counters":[7,17],"Golden Idol":51,"Prayer Wheel":0,"PreservedInsect":33,"Pen Nib":[0],"Ginger":[0],"Orichalcum":[30],"MawBank":132,"obtain_stats":[{"Calling Bell":17,"NeowsBlessing":0,"Golden Idol":3,"Strawberry":14,"Prayer Wheel":17,"PreservedInsect":11,"Pen Nib":17,"Ginger":2,"PureWater":0,"Orichalcum":9,"MawBank":6,"InkBottle":17},{"Calling Bell":7,"NeowsBlessing":0,"Golden Idol":1,"Strawberry":6,"Prayer Wheel":7,"PreservedInsect":4,"Pen Nib":7,"Ginger":1,"PureWater":0,"Orichalcum":3,"MawBank":3,"InkBottle":7},{"Calling Bell":17,"NeowsBlessing":0,"Golden Idol":1,"Strawberry":11,"Prayer Wheel":17,"PreservedInsect":6,"Pen Nib":17,"Ginger":1,"PureWater":0,"Orichalcum":4,"MawBank":4,"InkBottle":17}],"InkBottle":[0]},"card_choices":[{"not_picked":["JustLucky","CrushJoints"],"picked":"WheelKick","floor":1},{"not_picked":["SignatureMove","PathToVictory","Evaluate"],"picked":"SKIP","floor":5},{"not_picked":["Sanctity","DevaForm"],"picked":"Brilliance","floor":6},{"not_picked":["SashWhip","Nirvana"],"picked":"CutThroughFate","floor":11},{"not_picked":["EmptyBody","FlurryOfBlows"],"picked":"Tantrum","floor":13},{"not_picked":["Conclude","Protect"],"picked":"Fasting2","floor":14},{"not_picked":["Alpha","Omniscience"],"picked":"MasterReality","floor":16}],"player_experience":893615,"relics_obtained":[{"floor":6,"key":"MawBank"},{"floor":9,"key":"Orichalcum"},{"floor":11,"key":"PreservedInsect"},{"floor":14,"key":"Strawberry"},{"floor":17,"key":"Pen Nib"},{"floor":17,"key":"InkBottle"},{"floor":17,"key":"Prayer Wheel"}],"event_choices":[{"damage_healed":0,"gold_gain":0,"player_choice":"Success","damage_taken":11,"relics_obtained":["Ginger"],"max_hp_gain":0,"max_hp_loss":0,"event_name":"Scrap Ooze","floor":2,"gold_loss":0},{"damage_healed":0,"gold_gain":0,"player_choice":"Lose Max HP","damage_taken":0,"relics_obtained":["Golden Idol"],"max_hp_gain":0,"max_hp_loss":6,"event_name":"Golden Idol","floor":3,"gold_loss":0},{"damage_healed":0,"gold_gain":75,"player_choice":"Gather Gold","damage_taken":11,"max_hp_gain":0,"max_hp_loss":0,"event_name":"World of Goop","floor":4,"gold_loss":0},{"damage_healed":0,"gold_gain":0,"player_choice":"Forge","damage_taken":0,"max_hp_gain":0,"max_hp_loss":0,"event_name":"Accursed Blacksmith","floor":8,"gold_loss":0,"cards_upgraded":["Brilliance"]}],"is_beta":false,"boss_relics":[{"not_picked":["Ectoplasm","Sozu"],"picked":"Calling Bell"}],"items_purged_floors":[],"is_endless":false,"potions_floor_spawned":[5,11,13],"ascension_level":20}}