{"host":"7rmsgc3rayi00cdt","time":1609335421,"event":{"mods":["BaseMod","Minty Spire (QoL Compilation)"],"gold_per_floor":[112,112,136,160,179,219,144,144,196,6,29,67,67,108,108,201,201,176,196,196,217,237,237,252,51,51,51,75,75,96,137,137,231,231,244,244,267,285,196,196,196,196,196,196,166,166,186,222,222,222,222],"floor_reached":50,"playtime":2203,"items_purged":[],"score":1003,"play_id":"44f9b061-f984-410b-be00-6f04b64b5f26","local_time":"20201230133701","is_ascension_mode":true,"campfire_choices":[{"floor":8,"key":"REST"},{"floor":13,"key":"REST"},{"floor":15,"key":"REST"},{"floor":23,"key":"REST"},{"floor":27,"key":"DIG"},{"floor":29,"key":"REST"},{"floor":32,"key":"REST"},{"floor":40,"key":"DIG"},{"floor":42,"key":"DIG"},{"floor":46,"key":"DIG"},{"floor":49,"key":"DIG"}],"circlet_count":0,"master_deck":["AscendersBane","Strike_G","Strike_G","Strike_G","Strike_G","Defend_G","Defend_G","Defend_G","Defend_G","Defend_G","Survivor","Neutralize","Expertise","Backflip","Noxious Fumes","Bane","Dagger Throw","Acrobatics","Infinite Blades","Crippling Poison","After Image","CurseOfTheBell","All Out Attack+1","Blade Dance","Blade Dance","Caltrops+1","Prepared","Panache","Cloak And Dagger","Endless Agony","Prepared","Adrenaline","Prepared","Calculated Gamble","Reflex","Dramatic Entrance","Enlightenment","Swift Strike","Poisoned Stab","Grand Finale+1"],"relics":["Ring of the Snake","Golden Idol","Pen Nib","Nunchaku","Boot","Blood Vial","TungstenRod","Mercury Hourglass","Calling Bell","Art of War","Paper Crane","Shovel","MutagenicStrength","Mango","Anchor","Red Mask","Fusion Hammer","MealTicket","Bag of Marbles","Shuriken","Eternal Feather","Molten Egg 2","FossilizedHelix"],"acts_visited":["Exordium","TheCity","TheBeyond"],"potions_floor_usage":[6,12,21,22,28,33,33,38,38,47,47,50],"damage_taken":[{"damage":7,"enemies":"Small Slimes","floor":1,"turns":5},{"damage":10,"enemies":"Jaw Worm","floor":3,"turns":7},{"damage":0,"enemies":"2 Louse","floor":5,"turns":3},{"damage":13,"enemies":"3 Sentries","floor":6,"turns":9},{"damage":1,"enemies":"Blue Slaver","floor":11,"turns":4},{"damage":31,"enemies":"Lagavulin","floor":12,"turns":6},{"damage":36,"enemies":"Gremlin Nob","floor":14,"turns":5},{"damage":11,"enemies":"Slime Boss","floor":16,"turns":8},{"damage":26,"enemies":"2 Thieves","floor":18,"turns":4},{"damage":2,"enemies":"3 Byrds","floor":19,"turns":3},{"damage":0,"enemies":"3 Cultists","floor":21,"turns":3},{"damage":15,"enemies":"Centurion and Healer","floor":22,"turns":6},{"damage":9,"enemies":"Snecko","floor":24,"turns":4},{"damage":25,"enemies":"Shelled Parasite and Fungi","floor":28,"turns":3},{"damage":17,"enemies":"Chosen and Byrds","floor":30,"turns":4},{"damage":7,"enemies":"Masked Bandits","floor":31,"turns":3},{"damage":69,"enemies":"Champ","floor":33,"turns":9},{"damage":0,"enemies":"3 Shapes","floor":35,"turns":2},{"damage":1,"enemies":"3 Darklings","floor":37,"turns":3},{"damage":17,"enemies":"Spire Growth","floor":38,"turns":4},{"damage":0,"enemies":"Sphere and 2 Shapes","floor":47,"turns":4},{"damage":0,"enemies":"Nemesis","floor":48,"turns":3},{"damage":116,"enemies":"Awakened One","floor":50,"turns":9}],"seed_played":"1523292235534163366","potions_obtained":[{"floor":3,"key":"Dexterity Potion"},{"floor":6,"key":"CunningPotion"},{"floor":16,"key":"DuplicationPotion"},{"floor":19,"key":"Energy Potion"},{"floor":21,"key":"LiquidMemories"},{"floor":24,"key":"Regen Potion"},{"floor":31,"key":"Poison Potion"},{"floor":35,"key":"AttackPotion"},{"floor":37,"key":"SneckoOil"},{"floor":45,"key":"Fruit Juice"},{"floor":45,"key":"SneckoOil"},{"floor":47,"key":"FearPotion"},{"floor":48,"key":"Explosive Potion"}],"is_trial":false,"path_per_floor":["M","?","M","T","M","E","?","R","T","$","M","E","R","E","R","B",null,"M","M","?","M","M","R","M","$","T","R","M","R","M","?","R","B",null,"M","?","M","M","$","R","?","R","T","?","?","R","M","E","R","B"],"character_chosen":"THE_SILENT","items_purchased":["Blood Vial","Dagger Throw","Panache","Dramatic Entrance"],"campfire_rested":6,"item_purchase_floors":[10,10,25,39],"current_hp_per_floor":[58,58,48,48,48,35,35,56,56,56,57,28,49,15,36,27,61,37,37,37,39,26,47,40,40,54,54,40,65,50,45,70,3,65,67,67,68,53,53,53,49,49,49,49,49,49,56,58,82,0,0],"gold":222,"neow_bonus":"TEN_PERCENT_HP_BONUS","is_daily":false,"chose_seed":false,"campfire_upgraded":0,"win_rate":0.0,"timestamp":1609335421,"path_taken":["M","?","M","?","M","E","?","R","T","$","?","E","R","E","R","BOSS","M","M","?","M","M","R","M","$","T","R","M","R","M","?","R","BOSS","M","?","M","M","$","R","?","R","T","?","?","R","M","E","R","BOSS"],"items_purchased_type":["Relic","Card","Card","Card"],"build_version":"2020-12-22","purchased_purges":0,"victory":false,"max_hp_per_floor":[72,72,72,72,72,72,72,72,72,72,72,72,72,72,72,72,72,72,72,72,72,72,72,72,72,86,86,86,86,86,86,86,86,86,86,86,86,86,86,86,86,86,86,86,86,86,91,91,91,91,91],"card_choices":[{"not_picked":["Slice","Flying Knee"],"picked":"Expertise","floor":1},{"not_picked":["Setup","Dodge and Roll"],"picked":"Backflip","floor":3},{"not_picked":["Slice","Sucker Punch"],"picked":"Noxious Fumes","floor":5},{"not_picked":["Deflect","Bouncing Flask"],"picked":"Bane","floor":6},{"not_picked":["Backflip","Dagger Spray"],"picked":"Acrobatics","floor":11},{"not_picked":["Finisher","Distraction"],"picked":"Infinite Blades","floor":12},{"not_picked":["Unload","Leg Sweep"],"picked":"Crippling Poison","floor":14},{"not_picked":["Bullet Time","Phantasmal Killer"],"picked":"After Image","floor":16},{"not_picked":["Masterful Stab","Deadly Poison"],"picked":"All Out Attack+1","floor":18},{"not_picked":["Dagger Throw","Corpse Explosion"],"picked":"Blade Dance","floor":19},{"not_picked":["Bouncing Flask","Backflip"],"picked":"Blade Dance","floor":21},{"not_picked":["Bane","Crippling Poison"],"picked":"Caltrops+1","floor":22},{"not_picked":["Riddle With Holes","Flying Knee"],"picked":"Prepared","floor":24},{"not_picked":["Distraction","Eviscerate+1"],"picked":"Cloak And Dagger","floor":28},{"not_picked":["Catalyst","Prepared"],"picked":"Endless Agony","floor":30},{"not_picked":["Flechettes","Dagger Throw"],"picked":"Prepared","floor":31},{"not_picked":["Glass Knife","Burst"],"picked":"Adrenaline","floor":33},{"not_picked":["Bane","Deadly Poison"],"picked":"Prepared","floor":35},{"not_picked":["Accuracy","Blur+1"],"picked":"Calculated Gamble","floor":37},{"not_picked":["Prepared","Acrobatics+1"],"picked":"Reflex","floor":38},{"not_picked":["Swift Strike","Dark Shackles"],"picked":"Enlightenment","floor":41},{"not_picked":["Blind","PanicButton"],"picked":"Swift Strike","floor":41},{"not_picked":["Choke+1","Cloak And Dagger"],"picked":"Poisoned Stab","floor":47},{"not_picked":["Prepared","Dodge and Roll"],"picked":"Grand Finale+1","floor":48}],"player_experience":733473,"relics_obtained":[{"floor":4,"key":"Pen Nib"},{"floor":6,"key":"Nunchaku"},{"floor":9,"key":"Boot"},{"floor":12,"key":"TungstenRod"},{"floor":14,"key":"Mercury Hourglass"},{"floor":17,"key":"Art of War"},{"floor":17,"key":"Paper Crane"},{"floor":17,"key":"Shovel"},{"floor":26,"key":"Mango"},{"floor":27,"key":"Anchor"},{"floor":31,"key":"Red Mask"},{"floor":40,"key":"MealTicket"},{"floor":42,"key":"Bag of Marbles"},{"floor":43,"key":"Shuriken"},{"floor":46,"key":"Eternal Feather"},{"floor":48,"key":"Molten Egg 2"},{"floor":49,"key":"FossilizedHelix"}],"event_choices":[{"damage_healed":0,"gold_gain":0,"player_choice":"Take Wound","damage_taken":0,"relics_obtained":["Golden Idol"],"max_hp_gain":0,"max_hp_loss":0,"event_name":"Golden Idol","floor":2,"gold_loss":0,"cards_obtained":["Injury"]},{"cards_removed":["Injury"],"damage_healed":0,"gold_gain":0,"player_choice":"Card Removal","damage_taken":0,"max_hp_gain":0,"max_hp_loss":0,"event_name":"The Cleric","floor":7,"gold_loss":75},{"damage_healed":0,"gold_gain":0,"player_choice":"Inject Mutagens","damage_taken":0,"relics_obtained":["MutagenicStrength"],"max_hp_gain":0,"max_hp_loss":0,"event_name":"Drug Dealer","floor":20,"gold_loss":0},{"damage_healed":0,"gold_gain":0,"player_choice":"Fought Bandits","damage_taken":0,"max_hp_gain":0,"max_hp_loss":0,"event_name":"Masked Bandits","floor":31,"gold_loss":0},{"cards_removed":["Strike_G"],"damage_healed":0,"gold_gain":0,"player_choice":"Removed Attack","damage_taken":0,"max_hp_gain":0,"max_hp_loss":0,"event_name":"Falling","floor":36,"gold_loss":0},{"damage_healed":0,"gold_gain":0,"player_choice":"Memory 2","damage_taken":5,"max_hp_gain":0,"max_hp_loss":0,"event_name":"SensoryStone","floor":41,"gold_loss":0},{"damage_healed":0,"gold_gain":0,"player_choice":"Ignored","damage_taken":0,"max_hp_gain":0,"max_hp_loss":0,"event_name":"Mysterious Sphere","floor":44,"gold_loss":0},{"damage_healed":0,"gold_gain":0,"player_choice":"Bought 2 Potions","damage_taken":0,"max_hp_gain":0,"max_hp_loss":0,"event_name":"The Woman in Blue","floor":45,"gold_loss":0}],"is_beta":false,"boss_relics":[{"not_picked":["Velvet Choker","Philosopher\u0027s Stone"],"picked":"Calling Bell"},{"not_picked":["Sozu","Busted Crown"],"picked":"Fusion Hammer"}],"items_purged_floors":[],"is_endless":false,"potions_floor_spawned":[3,6,16,19,21,24,31,35,37,47,48],"killed_by":"Awakened One","ascension_level":17}}