{"host":"2o3sockympbxxanu","time":1609317594,"event":{"mods":["AchievementEnabler","BaseMod","Colored Map","Colored Powertips","Marisa£®ÏF”Í°°ƒß¿Ì…≥£©","Minty Spire (QoL Compilation)","StSLib"],"gold_per_floor":[117,129,148,148,159,189,200,200,226,226,236,236,255,255,255,358,358,374,384,384,384,384,384,416,416,416],"floor_reached":25,"playtime":1187,"items_purged":[],"score":256,"play_id":"1b552ce8-8ccc-42cd-ae28-e254f1fae8ac","local_time":"20201230163954","is_ascension_mode":true,"campfire_choices":[{"data":"Madness","floor":8.0,"key":"SMITH"},{"data":"Venomology","floor":10.0,"key":"SMITH"},{"data":"Blade Dance","floor":12.0,"key":"SMITH"},{"floor":15.0,"key":"REST"},{"data":"Deadly Poison","floor":23.0,"key":"SMITH"}],"circlet_count":0,"master_deck":["Strike_G","Strike_G","Strike_G","Defend_G","Defend_G","Defend_G","Defend_G","Survivor","Neutralize","Catalyst","Blade Dance+1","Venomology+1","Madness+1","Blade Dance+1","Dagger Spray","Outmaneuver","Backstab","A Thousand Cuts","Footwork","PiercingWail","Deadly Poison+1","Cloak And Dagger"],"relics":["Ring of the Snake","Nunchaku","Tiny Chest","Empty Cage","Pantograph","Orichalcum"],"acts_visited":["Exordium","TheCity"],"potions_floor_usage":[25],"damage_taken":[{"damage":1.0,"enemies":"Cultist","floor":1.0,"turns":4.0},{"damage":11.0,"enemies":"Jaw Worm","floor":2.0,"turns":5.0},{"damage":2.0,"enemies":"2 Louse","floor":3.0,"turns":4.0},{"damage":7.0,"enemies":"2 Fungi Beasts","floor":5.0,"turns":5.0},{"damage":12.0,"enemies":"Lagavulin","floor":6.0,"turns":5.0},{"damage":8.0,"enemies":"Large Slime","floor":7.0,"turns":10.0},{"damage":2.0,"enemies":"Looter","floor":11.0,"turns":4.0},{"damage":0.0,"enemies":"Red Slaver","floor":13.0,"turns":4.0},{"damage":35.0,"enemies":"The Guardian","floor":16.0,"turns":8.0},{"damage":20.0,"enemies":"Chosen","floor":18.0,"turns":5.0},{"damage":6.0,"enemies":"3 Byrds","floor":19.0,"turns":6.0},{"damage":34.0,"enemies":"Slavers","floor":24.0,"turns":4.0},{"damage":11,"enemies":"Cultist and Chosen","floor":25,"turns":4}],"seed_played":"-1155924068006867456","potions_obtained":[{"floor":3.0,"key":"CunningPotion"},{"floor":7.0,"key":"LiquidBronze"},{"floor":11.0,"key":"BlessingOfTheForge"}],"is_trial":false,"path_per_floor":["M","M","M","?","M","E","M","R","T","R","M","R","M","?","R","B",null,"M","M","?","?","T","R","E","M"],"character_chosen":"THE_SILENT","items_purchased":[],"campfire_rested":1,"item_purchase_floors":[],"current_hp_per_floor":[69,58,56,56,49,37,29,29,29,29,27,27,27,27,48,13,70,50,44,44,44,44,44,10,0,0],"gold":416,"neow_bonus":"RANDOM_COMMON_RELIC","is_daily":false,"chose_seed":false,"campfire_upgraded":4,"win_rate":0.0,"timestamp":1609317594,"path_taken":["M","M","M","?","?","E","M","R","T","R","M","R","M","?","R","BOSS","M","M","?","?","?","R","E","M"],"items_purchased_type":[],"build_version":"2020-12-22","purchased_purges":0,"victory":false,"max_hp_per_floor":[70,70,70,70,70,70,70,70,70,70,70,70,70,70,70,70,70,70,70,70,70,70,70,70,70,70],"card_choices":[{"not_picked":["Backflip","Dodge and Roll","Choke"],"picked":"SKIP","floor":1.0},{"not_picked":["Dodge and Roll","Sucker Punch"],"picked":"Catalyst","floor":2.0},{"not_picked":["Flying Knee","Deflect"],"picked":"Blade Dance","floor":3.0},{"not_picked":["Sucker Punch","Dagger Throw"],"picked":"Blade Dance","floor":5.0},{"not_picked":["Quick Slash","Well Laid Plans","Expertise"],"picked":"SKIP","floor":6.0},{"not_picked":["Acrobatics","Finisher"],"picked":"Dagger Spray","floor":7.0},{"not_picked":["Expertise","Caltrops"],"picked":"Outmaneuver","floor":11.0},{"not_picked":["Deflect","Flying Knee"],"picked":"Backstab","floor":13.0},{"not_picked":["Grand Finale","Adrenaline"],"picked":"A Thousand Cuts","floor":16.0},{"not_picked":["Choke","Endless Agony"],"picked":"Footwork","floor":18.0},{"not_picked":["Backflip","Reflex"],"picked":"PiercingWail","floor":19.0},{"not_picked":["Die Die Die","Slice"],"picked":"Cloak And Dagger","floor":24.0}],"player_experience":283183,"relics_obtained":[{"floor":6.0,"key":"Tiny Chest"},{"floor":22.0,"key":"Pantograph"},{"floor":24.0,"key":"Orichalcum"}],"event_choices":[{"damage_healed":0.0,"max_hp_gain":0.0,"max_hp_loss":0.0,"gold_gain":0.0,"event_name":"Match and Keep!","player_choice":"2 cards matched","floor":4.0,"gold_loss":0.0,"damage_taken":0.0,"cards_obtained":["Venomology","Madness"]},{"damage_healed":0.0,"max_hp_gain":0.0,"max_hp_loss":0.0,"gold_gain":0.0,"event_name":"Accursed Blacksmith","player_choice":"Forge","floor":14.0,"gold_loss":0.0,"damage_taken":0.0,"cards_upgraded":["Blade Dance"]},{"cards_removed":["Strike_G"],"damage_healed":0.0,"max_hp_gain":0.0,"max_hp_loss":0.0,"gold_gain":0.0,"event_name":"Back to Basics","player_choice":"Elegance","floor":20.0,"gold_loss":0.0,"damage_taken":0.0},{"damage_healed":0.0,"max_hp_gain":0.0,"max_hp_loss":0.0,"gold_gain":0.0,"event_name":"The Library","player_choice":"Read","floor":21.0,"gold_loss":0.0,"damage_taken":0.0,"cards_obtained":["Deadly Poison"]}],"is_beta":false,"boss_relics":[{"not_picked":["SlaversCollar","HoveringKite"],"picked":"Empty Cage"}],"items_purged_floors":[],"is_endless":false,"potions_floor_spawned":[3,7,11],"killed_by":"Cultist and Chosen","ascension_level":3}}