{"host":"j29osl8nelwi4hyu","time":1609315358,"event":{"mods":["BaseMod","Colored Powertips","Hubris","Infinite Spire","Minty Spire (QoL Compilation)","Replay The Spire","StSLib"],"gold_per_floor":[113,229,229,245,261,294,312,312,392,474,506,520,520,2,2,102,102,118,137,13,27,41,41,51,51,74,104,140,157,157,157,157,262,262,276,276,286,286,302,302,302,302],"floor_reached":41,"playtime":2147,"items_purged":[],"score":666,"play_id":"590cb801-96df-445c-8dc1-74088d5156d7","local_time":"20201230000238","is_ascension_mode":true,"campfire_choices":[{"floor":8,"key":"REST"},{"data":"Hyperbeam","floor":13,"key":"SMITH"},{"floor":15,"key":"RECALL"},{"floor":23,"key":"REST"},{"data":"Echo Form","floor":30,"key":"SMITH"},{"floor":32,"key":"REST"},{"floor":40,"key":"REST"}],"circlet_count":0,"master_deck":["Strike_B","Strike_B","Strike_B","Strike_B","Defend_B","Defend_B","Defend_B","Zap+1","Dualcast","ReplayTheSpireMod:Calculation Training","Leap","Coolheaded","Core Surge+1","Barrage","Hyperbeam+1","ReplayRNGCard","Steam","Loop","Electrodynamics","Ball Lightning","Conserve Battery","Echo Form+1","AbeCurse","Genetic Algorithm+1","HandOfGreed","Dramatic Entrance","Bandage Up","Compile Driver","Leap+1","Sunder+1","infinitespire:UltimateForm","Ball Lightning","Sweeping Beam","Beam Cell+1","Hologram+1"],"relics":["Cracked Core","hubris:Zylophone","Matryoshka","infinitespire:Lucky Rock","HornCleat","Chameleon Ring","Toolbox","Emotion Chip","Abe\u0027s Treasure","ReplayTheSpireMod:ShopPack","Lantern","Busted Crown","Potion Belt","TungstenRod","hubris:Backtick","infinitespire:Bottled Soul"],"acts_visited":["Exordium","TheCity","TheBeyond"],"potions_floor_usage":[6,16,19,21,21,27,27,33,39,39],"damage_taken":[{"damage":0,"enemies":"Cultist","floor":1,"turns":3},{"damage":0,"enemies":"Small Slimes","floor":4,"turns":2},{"damage":7,"enemies":"Jaw Worm","floor":5,"turns":2},{"damage":6,"enemies":"Lagavulin","floor":6,"turns":3},{"damage":0,"enemies":"Large Slime","floor":7,"turns":2},{"damage":0,"enemies":"Gremlin Nob","floor":11,"turns":2},{"damage":0,"enemies":"Looter","floor":12,"turns":2},{"damage":19,"enemies":"Fading Forest","floor":16,"turns":11},{"damage":6,"enemies":"Chosen","floor":18,"turns":3},{"damage":0,"enemies":"3 Byrds","floor":19,"turns":2},{"damage":10,"enemies":"Snake Plant","floor":21,"turns":2},{"damage":32,"enemies":"Centurion and Healer","floor":22,"turns":5},{"damage":0,"enemies":"Cultist and Chosen","floor":24,"turns":4},{"damage":0,"enemies":"Slavers","floor":27,"turns":3},{"damage":0,"enemies":"Snecko","floor":28,"turns":3},{"damage":0,"enemies":"Centurion and Healer","floor":29,"turns":3},{"damage":54,"enemies":"Champ","floor":33,"turns":8},{"damage":23,"enemies":"3 Darklings","floor":35,"turns":5},{"damage":14,"enemies":"3 Shapes","floor":37,"turns":5},{"damage":24,"enemies":"Transient","floor":39,"turns":5},{"damage":39,"enemies":"Nightmare","floor":41,"turns":4}],"seed_played":"9155719110319670812","potions_obtained":[{"floor":1,"key":"EssenceOfDarkness"},{"floor":6,"key":"Fire Potion"},{"floor":16,"key":"FocusPotion"},{"floor":18,"key":"Toxic Potion"},{"floor":19,"key":"AttackPotion"},{"floor":22,"key":"LifebloodPotion"},{"floor":28,"key":"PotionOfCapacity"},{"floor":33,"key":"FearPotion"},{"floor":35,"key":"Adrenaline Potion"}],"is_trial":false,"path_per_floor":["M","?","?","M","M","E","M","R","T","T","E","M","R","$","R","B",null,"M","M","$","M","M","R","M","AVR","T","E","M","M","R","?","R","B",null,"M","?","M","?","M","R","NM"],"character_chosen":"DEFECT","items_purchased":["Toolbox","Emotion Chip","Ball Lightning","Conserve Battery","ReplayTheSpireMod:ShopPack"],"campfire_rested":4,"item_purchase_floors":[14,14,14,14,20],"current_hp_per_floor":[68,50,50,50,43,37,37,59,59,59,59,59,59,59,59,48,68,62,62,62,52,24,46,46,46,46,46,50,50,50,50,72,21,62,39,39,29,29,9,31,0,0],"gold":302,"neow_bonus":"UPGRADE_CARD","is_daily":false,"chose_seed":false,"campfire_upgraded":2,"win_rate":0.0,"timestamp":1609315358,"path_taken":["M","?","?","M","M","E","M","R","T","?","E","M","R","$","R","BOSS","M","M","$","M","M","R","M","AVR","T","E","M","M","R","?","R","BOSS","M","?","M","?","M","R","NM"],"items_purchased_type":["Relic","Relic","Card","Card","Relic"],"build_version":"2020-12-22","purchased_purges":0,"victory":false,"max_hp_per_floor":[75,75,75,75,75,75,75,75,75,75,75,75,75,75,75,75,75,75,75,75,75,75,75,75,75,75,75,75,75,75,75,75,75,75,75,75,75,75,75,75,75,75],"card_choices":[{"not_picked":["Consume","Coolheaded"],"picked":"ReplayTheSpireMod:Calculation Training","floor":1},{"not_picked":["Hologram","Stack"],"picked":"Leap","floor":2},{"not_picked":["Gash","Chaos"],"picked":"Coolheaded","floor":2},{"not_picked":["Hologram","Darkness"],"picked":"Lockon","floor":2},{"not_picked":["Gash","Hello World"],"picked":"Barrage","floor":4},{"not_picked":["Steam","Cold Snap"],"picked":"Hyperbeam","floor":5},{"not_picked":["White Noise","Fusion"],"picked":"ReplayRNGCard","floor":6},{"not_picked":["Compile Driver","Beam Cell"],"picked":"Steam","floor":7},{"not_picked":["ReplaySort","Double Energy"],"picked":"Loop","floor":11},{"not_picked":["Self Repair","Barrage"],"picked":"Electrodynamics","floor":12},{"not_picked":["Rainbow","Seek"],"picked":"Echo Form","floor":16},{"not_picked":["Barrage","Lockon","Steam Power+1"],"picked":"SKIP","floor":18},{"not_picked":["Redo+1","Tempest"],"picked":"Genetic Algorithm+1","floor":19},{"not_picked":["Midas Touch","Thinking Ahead"],"picked":"HandOfGreed","floor":20},{"not_picked":["Panache","PanicButton"],"picked":"Dramatic Entrance","floor":20},{"not_picked":["Replay:Sssssssssstrike","Blind"],"picked":"Bandage Up","floor":20},{"not_picked":["Stack","BasicCrystalCard+1"],"picked":"Compile Driver","floor":21},{"not_picked":["Reinforced Body","Gash"],"picked":"Leap+1","floor":22},{"not_picked":["Chill","Doom and Gloom"],"picked":"Sunder+1","floor":24},{"not_picked":["Leap"],"picked":"SKIP","floor":27},{"not_picked":[],"picked":"Ball Lightning","floor":28},{"not_picked":[],"picked":"Sweeping Beam","floor":29},{"not_picked":[],"picked":"Beam Cell+1","floor":35},{"not_picked":["ReplaySolidLightProjector+1"],"picked":"SKIP","floor":37},{"not_picked":[],"picked":"Hologram+1","floor":39}],"player_experience":294945,"relics_obtained":[{"floor":6,"key":"hubris:Zylophone"},{"floor":9,"key":"Matryoshka"},{"floor":10,"key":"infinitespire:Lucky Rock"},{"floor":10,"key":"HornCleat"},{"floor":11,"key":"Chameleon Ring"},{"floor":26,"key":"Potion Belt"},{"floor":27,"key":"TungstenRod"}],"event_choices":[{"cards_removed":["Lockon"],"damage_healed":0,"gold_gain":0,"player_choice":"Elegance","damage_taken":0,"max_hp_gain":0,"max_hp_loss":0,"event_name":"Back to Basics","floor":31,"gold_loss":0},{"cards_removed":["Conserve Battery"],"damage_healed":0,"gold_gain":0,"player_choice":"Removed Skill","damage_taken":0,"max_hp_gain":0,"max_hp_loss":0,"event_name":"Falling","floor":36,"gold_loss":0}],"is_beta":false,"boss_relics":[{"not_picked":["SacredBark","Replay:Ancient Bell"],"picked":"Abe\u0027s Treasure"},{"not_picked":["Replay:Drink Me","hubris:BlackHole"],"picked":"hubris:Backtick"}],"items_purged_floors":[],"is_endless":false,"potions_floor_spawned":[1,6,16,18,19,22,28,33,35],"killed_by":"Nightmare","ascension_level":7}}