{"host":"ufl0k2so27eic2iy","time":1609348728,"event":{"mods":["BaseMod","Minty Spire (QoL Compilation)","StSLib","The Animator"],"gold_per_floor":[119,119,149,23,40,40,40],"floor_reached":6,"playtime":217,"items_purged":["animator:Strike"],"score":63,"play_id":"e7511477-9d7c-4676-a2dc-ae73ae40fe5a","local_time":"20201230171848","is_ascension_mode":true,"campfire_choices":[],"circlet_count":0,"master_deck":["AscendersBane","animator:Strike_Rewrite","animator:Defend_Rewrite","animator:Strike","animator:Strike","animator:Defend","animator:Defend","animator:Defend","animator:YoshinoHaruhiko","animator:ShizuruNakatsu","animator:Yuuichirou","animator:Shigure","animator:SougenEsaka","animator:TomoeKashiwaba","animator:Azekura"],"relics":["animator:LivingPicture","animator:TheMissingPiece","Juzu Bracelet"],"acts_visited":["Exordium"],"potions_floor_usage":[],"damage_taken":[{"damage":3.0,"enemies":"2 Louse","floor":1.0,"turns":5.0},{"damage":1.0,"enemies":"Cultist","floor":3.0,"turns":5.0},{"damage":2.0,"enemies":"Small Slimes","floor":5.0,"turns":5.0},{"damage":0,"enemies":"3 Sentries","floor":6,"turns":1}],"seed_played":"2732928995530665664","potions_obtained":[{"floor":5.0,"key":"Dexterity Potion"}],"is_trial":false,"path_per_floor":["M","?","M","$","M","E"],"character_chosen":"THE_ANIMATOR","items_purchased":["animator:TomoeKashiwaba"],"campfire_rested":0,"item_purchase_floors":[4],"current_hp_per_floor":[51,46,45,45,43,43,43],"gold":40,"neow_bonus":"THREE_CARDS","is_daily":false,"chose_seed":true,"campfire_upgraded":0,"win_rate":0.0,"timestamp":1609348728,"path_taken":["M","?","M","$","M","E"],"items_purchased_type":["Card"],"build_version":"2020-12-22","purchased_purges":1,"victory":false,"max_hp_per_floor":[60,60,60,60,60,60,60],"card_choices":[{"not_picked":["animator:Chibimoth","animator:Suiseiseki"],"picked":"animator:Yuuichirou","floor":0.0},{"not_picked":["animator:GazelDwargon","animator:ElricAlphonse"],"picked":"animator:Shigure","floor":1.0},{"not_picked":["animator:Shigure","animator:Mikaela"],"picked":"animator:SougenEsaka","floor":3.0},{"not_picked":["animator:Hinaichigo","animator:Yoichi"],"picked":"animator:Azekura","floor":5.0}],"player_experience":2383478,"relics_obtained":[],"event_choices":[{"damage_healed":0.0,"max_hp_gain":0.0,"max_hp_loss":0.0,"gold_gain":0.0,"event_name":"Scrap Ooze","player_choice":"Success","floor":2.0,"gold_loss":0.0,"damage_taken":5.0,"relics_obtained":["Juzu Bracelet"]}],"is_beta":false,"boss_relics":[],"items_purged_floors":[4],"is_endless":false,"potions_floor_spawned":[5],"killed_by":"3 Sentries","ascension_level":15}}