{"host":"l8lkgdumzpe3823a","time":1609349345,"event":{"mods":["Always Whale","Aspiration","BaseMod","Beaked The Cultist","Better Note","Clockwork Mod","Colored Powertips","Curses Come First","Custom Start","DeckTracker","Defuse TimeMaze Blight","Highlight Path","Hubris","Infinite Spire","Minty Spire (QoL Compilation)","Quick Restart","Replay The Spire","Shop Mod","StSLib","SuperFastMode","The Construct","The Dragon Tamer","The Servant 0.9.4","vexMod"],"gold_per_floor":[113,113,131,145,145,145,178,188,188,222,91,110,110,110,110,183,183,194,109,109,109,84,84,111,111,111],"floor_reached":25,"playtime":661,"items_purged":["construct:AttackMode"],"score":470,"play_id":"f4c5ef71-2d01-4c8f-bcf4-bf89a0bd0218","local_time":"20201230112905","is_ascension_mode":true,"campfire_choices":[{"data":"construct:ReactiveShield","floor":6.0,"key":"SMITH"},{"floor":15.0,"key":"REST"},{"floor":23,"key":"REST"}],"circlet_count":0,"master_deck":["AscendersBane","construct:Strike_Gold","construct:Strike_Gold","construct:Strike_Gold","construct:Strike_Gold","construct:Strike_Gold","construct:Defend_Gold","construct:Defend_Gold","construct:Defend_Gold","construct:Defend_Gold","construct:Defend_Gold","construct:DefenseMode","construct:ReactiveShield+1","construct:GuardCore","construct:Failsafe","construct:ForceCore","construct:Reinforce","construct:PointDefense","construct:Autoturret","construct:Reserves","construct:GuardCore","Shame"],"relics":["construct:ClockworkPhoenix","NeowsBlessing","Ornamental Fan","vexMod:MemoryStick","Replay:WaspNest","Singing Bowl","Blood Vial","hubris:Icosahedron","Mummified Hand"],"acts_visited":["Exordium","TheCity"],"potions_floor_usage":[24],"damage_taken":[{"damage":0.0,"enemies":"Cultist","floor":1.0,"turns":1.0},{"damage":0.0,"enemies":"Small Slimes","floor":3.0,"turns":1.0},{"damage":0.0,"enemies":"2 Louse","floor":4.0,"turns":1.0},{"damage":34.0,"enemies":"Gremlin Nob","floor":7.0,"turns":5.0},{"damage":4.0,"enemies":"Blue Slaver","floor":8.0,"turns":5.0},{"damage":0.0,"enemies":"Lagavulin","floor":10.0,"turns":9.0},{"damage":11.0,"enemies":"2 Fungi Beasts","floor":12.0,"turns":4.0},{"damage":2.0,"enemies":"Fading Forest","floor":16.0,"turns":11.0},{"damage":35.0,"enemies":"Shell Parasite","floor":18.0,"turns":6.0},{"damage":28,"enemies":"2 Thieves","floor":22,"turns":4},{"damage":41,"enemies":"Slavers","floor":24,"turns":5},{"damage":12,"enemies":"Snake Plant","floor":25,"turns":2}],"seed_played":"5800635534729959589","potions_obtained":[{"floor":3.0,"key":"SpeedPotion"},{"floor":4.0,"key":"Explosive Potion"},{"floor":7.0,"key":"AttackPotion"},{"floor":10.0,"key":"Ancient Potion"},{"floor":18.0,"key":"FearPotion"},{"floor":22,"key":"DuplicationPotion"}],"is_trial":false,"path_per_floor":["M","$","M","M","T","R","E","M","T","E","$","M","?","?","R","B",null,"M","?","?","?","M","R","E","M"],"character_chosen":"THE_CONSTRUCT_MOD","items_purchased":["construct:Autoturret"],"campfire_rested":2,"item_purchase_floors":[11],"current_hp_per_floor":[72,72,72,72,72,72,38,34,34,34,34,25,29,29,53,59,76,41,41,41,41,17,42,5,0,0],"gold":111,"neow_bonus":"THREE_ENEMY_KILL","is_daily":false,"chose_seed":false,"campfire_upgraded":1,"win_rate":0.0,"timestamp":1609349345,"path_taken":["M","$","M","M","?","R","E","M","T","E","$","M","?","?","R","BOSS","M","?","?","?","M","R","E","?"],"items_purchased_type":["Card"],"build_version":"2020-12-22","purchased_purges":1,"victory":false,"max_hp_per_floor":[80,80,80,80,80,80,80,80,80,80,80,82,82,82,82,82,82,82,82,82,82,84,84,86,86,86],"card_choices":[{"not_picked":["construct:Construct_Overclock","construct:ScopeCore"],"picked":"construct:ReactiveShield","floor":1.0},{"not_picked":["construct:Zapper","construct:Chainstrike"],"picked":"construct:GuardCore","floor":3.0},{"not_picked":["construct:SweepLaser","construct:FocusedBeam"],"picked":"construct:Failsafe","floor":4.0},{"not_picked":["construct:Dampening","construct:Tumble"],"picked":"construct:ForceCore","floor":7.0},{"not_picked":["construct:SaveState","construct:ElectricArmor"],"picked":"construct:Reinforce","floor":8.0},{"not_picked":["construct:Autoturret","construct:Versatility"],"picked":"construct:PointDefense","floor":10.0},{"not_picked":["construct:Analyze","construct:ScopeCore","construct:ShiftStrike"],"picked":"Singing Bowl","floor":12.0},{"not_picked":["construct:GoldenBullet","construct:ShieldGenerator"],"picked":"construct:Reserves","floor":16.0},{"not_picked":["construct:FlakBarrage","construct:SuppressiveFire"],"picked":"construct:GuardCore","floor":18.0},{"not_picked":["construct:ModeShift+1","construct:ScrapCannon","construct:SyphonStrike"],"picked":"Singing Bowl","floor":22},{"not_picked":["construct:SyphonStrike","construct:SweepLaser","construct:SuppressiveFire"],"picked":"Singing Bowl","floor":24}],"player_experience":719444,"relics_obtained":[{"floor":5.0,"key":"Ornamental Fan"},{"floor":7.0,"key":"vexMod:MemoryStick"},{"floor":9.0,"key":"Replay:WaspNest"},{"floor":10.0,"key":"Singing Bowl"},{"floor":24,"key":"Mummified Hand"}],"event_choices":[{"damage_healed":0.0,"max_hp_gain":0.0,"max_hp_loss":0.0,"gold_gain":0.0,"event_name":"Shining Light","player_choice":"Ignored","floor":14.0,"gold_loss":0.0,"damage_taken":0.0},{"damage_healed":0.0,"max_hp_gain":0.0,"max_hp_loss":0.0,"gold_gain":0.0,"event_name":"Addict","player_choice":"Obtained Relic","floor":19.0,"gold_loss":85.0,"damage_taken":0.0,"relics_obtained":["Blood Vial"]}],"is_beta":false,"boss_relics":[{"not_picked":["vexMod:NewClearReactor","Busted Crown","aspiration:SilentSkillbook"]}],"items_purged_floors":[11],"is_endless":false,"potions_floor_spawned":[3,4,7,10,18,22],"killed_by":"Snake Plant","ascension_level":17}}