{"host":"n7mxhpjy89lltbhc","time":1609321714,"event":{"mods":["2.2 Compatiblity","Act Like it!","Bard","BaseMod","Better Match","Better Sensory Stone","Better Synergies","Better Third Choice","Better Vampires","BetterRewards","Challenge The Spire","Colored Map","Colored Powertips","Downfall","Gensokyo","Hubris","Infinite Spire","Jedi Mod","Marisa????????","Marked Mod","Minty Spire (QoL Compilation)","Permanent Neow","Rare Cards Sparkle","Relic Sorter","Relic Stats","Replay The Spire","Shop Mod","Small Relic Pack","Spicy Shops","StSLib","Strawberry Spire","The Blue Laboratory","The Disciple","The Servant 0.9.4","Uncapped","Waifu the Spire","Wandering Minibosses","Yakumo Yukari mod","vexMod"],"gold_per_floor":[118,130,140,152,132,167,167,192,243,243,255,268,268,268,268,345,345,365,365,121,121,133,133,164,180,205,205,205,223,223,233,233,311,311,321,40,53,53,53,181,196,222,234,246,272,313,172,198,198,198],"floor_reached":51,"playtime":2201,"items_purged":["Strike_MRS"],"score":1640,"play_id":"08723ef0-a613-4b2c-a3f0-db5bb8352892","local_time":"25631230164834","is_ascension_mode":true,"campfire_choices":[{"floor":7,"key":"REST"},{"floor":10,"key":"REST"},{"data":"ManaRampage","floor":15,"key":"SMITH"},{"data":"CasketOfStar","floor":23,"key":"SMITH"},{"data":"SporeBomb","floor":30,"key":"SMITH"},{"floor":32,"key":"DIG"},{"floor":44,"key":"REST"},{"data":"infinitespire:Collect","floor":49,"key":"SMITH"}],"circlet_count":0,"master_deck":["AscendersBane","Strike_MRS+1","Strike_MRS","Strike_MRS","Defend_MRS","Defend_MRS","Defend_MRS+1","Defend_MRS","UpSweep","ManaRampage+1","AsteroidBelt+1","SprinkleStarSeal+1","MeteoricShower","CasketOfStar+1","6A+1","Sickly","SporeBomb+1","BlazeAway+1","CasketOfStar+1","CasketOfStar+1","CasketOfStar+1","CasketOfStar+1","CasketOfStar+1","wanderingMiniBosses:FinaleOfPromise","Gensokyo:RainbowDanmaku+1","infinitespire:Collect+1","OrrerysSun+1","Decay"],"relics":["MiniHakkero","hubris:Icosahedron","Bag of Preparation","Anchor","MealTicket","Mummified Hand","vexMod:EndlessSickness","Ring of Misfortune","Orichalcum","champ:Barbells","infinitespire:Beetle Shell","vexMod:FocusSash","Mango","BewitchedHakkero","Pen Nib","Black Star","strawberrySpire:BrokenPrinter","wanderingMiniBosses:Blackblade","Potion Belt","Guardian:PocketSentry","strawberrySpire:DirtyLipstick","infinitespire:Eraser","MawBank","jedi:heavyjacket","jedi:arcanewood","infinitespire:Lucky Rock","Ornamental Fan","Bag of Marbles","Toolbox","hubris:GlazedTorus","hubris:DeckOfHolding"],"acts_visited":["Exordium","TheCity","Gensokyo:Gensokyoest"],"potions_floor_usage":[6,33,37],"damage_taken":[{"damage":6.0,"enemies":"Cultist","floor":1.0,"turns":3.0},{"damage":7.0,"enemies":"Jaw Worm","floor":2.0,"turns":3.0},{"damage":1.0,"enemies":"Small Slimes","floor":3.0,"turns":2.0},{"damage":0.0,"enemies":"Blue Slaver","floor":4.0,"turns":4.0},{"damage":25,"enemies":"Lagavulin","floor":6,"turns":6},{"damage":26,"enemies":"3 Sentries","floor":8,"turns":6},{"damage":0,"enemies":"Looter","floor":11,"turns":2},{"damage":0,"enemies":"Large Slime","floor":12,"turns":3},{"damage":21,"enemies":"The Guardian","floor":16,"turns":9},{"damage":0,"enemies":"Shell Parasite","floor":18,"turns":4},{"damage":4,"enemies":"2 Thieves","floor":22,"turns":3},{"damage":13,"enemies":"Gremlin Leader","floor":24,"turns":4},{"damage":0,"enemies":"Cultist and Chosen","floor":25,"turns":3},{"damage":7,"enemies":"Centurion and Healer","floor":29,"turns":6},{"damage":1,"enemies":"Chosen and Byrds","floor":31,"turns":3},{"damage":22,"enemies":"hubris:MusketHawk","floor":33,"turns":6},{"damage":0,"enemies":"Gensokyo:3_Boulders","floor":35,"turns":2},{"damage":45,"enemies":"Gensokyo:AncientGuardian","floor":37,"turns":7},{"damage":0,"enemies":"Gensokyo:AncientGuardian","floor":38,"turns":4},{"damage":35,"enemies":"Nightmare","floor":40,"turns":6},{"damage":3,"enemies":"Gensokyo:Dusk_and_Dawn","floor":41,"turns":2},{"damage":0,"enemies":"Gensokyo:Doremy","floor":42,"turns":2},{"damage":0,"enemies":"Gensokyo:3_Boulders","floor":45,"turns":2},{"damage":0,"enemies":"Gensokyo:Kasen","floor":46,"turns":2},{"damage":0,"enemies":"Gensokyo:Doremy","floor":48,"turns":1},{"damage":0,"enemies":"Gensokyo:Shinki","floor":50,"turns":3}],"seed_played":"7423526564756741117","potions_obtained":[{"floor":2.0,"key":"Weak Potion"},{"floor":4.0,"key":"blueLaboratory:EnragingPotion"},{"floor":6,"key":"Venom Potion"},{"floor":25,"key":"jedi:StrikingPotion"},{"floor":31,"key":"blueLaboratory:FruitPunch"},{"floor":35,"key":"Milkshake"},{"floor":37,"key":"blueLaboratory:Moonshine"},{"floor":41,"key":"sneckomod:MuddlingPotion"},{"floor":42,"key":"jedi:wingpotion"},{"floor":46,"key":"StarNLove"}],"is_trial":false,"path_per_floor":["M","M","M","M","?","E","R","E","T","R","M","M","?","T","R","B",null,"M","?","$","?","M","R","E","M","T","AVR","?","M","R","M","R_BF","B",null,"M","COS","M","?","?","NM","M","E","T","R","M","E","$","E","R","B",null],"character_chosen":"MARISA","items_purchased":["Orichalcum","champ:Barbells","Bag of Marbles","Toolbox"],"campfire_rested":3,"item_purchase_floors":[20,20,47,47],"current_hp_per_floor":[39,32,31,31,31,6,27,1,1,22,22,22,22,22,22,1,53,53,53,68,68,64,64,51,51,51,65,65,58,58,57,57,37,74,74,74,29,29,29,44,41,41,41,66,66,66,81,81,81,81],"gold":198,"neow_bonus":"THREE_RARE_CARDS","is_daily":false,"chose_seed":false,"campfire_upgraded":4,"win_rate":0.0,"timestamp":1609321714,"path_taken":["M","M","?","M","?","E","R","E","T","R","M","?","?","?","R","BOSS","M","?","$","?","?","R","E","M","T","AVR","?","M","R","?","R_BF","BOSS","M","COS","M","?","?","NM","?","E","T","R","M","E","$","E","R","BOSS"],"items_purchased_type":["Relic","Relic","Relic","Relic"],"build_version":"2020-12-22","purchased_purges":1,"victory":true,"max_hp_per_floor":[70,70,70,70,70,70,70,70,70,70,70,70,70,70,70,70,70,70,70,70,70,70,70,70,70,70,84,84,84,84,84,84,86,86,86,86,86,86,86,86,86,86,86,86,86,86,86,86,86,86],"relic_stats":{"counters":[26,98],"Mummified Hand":[51],"Ornamental Fan":[24],"MealTicket":30,"Pen Nib":[16],"Bag of Preparation":[42],"Black Star":4,"Orichalcum":[30],"MawBank":60,"obtain_stats":[{"Mango":27,"Bag of Preparation":6,"hubris:Icosahedron":39,"Mummified Hand":14,"vexMod:EndlessSickness":17,"Toolbox":47,"MealTicket":9,"hubris:DeckOfHolding":48,"BewitchedHakkero":27,"infinitespire:Eraser":41,"hubris:GlazedTorus":48,"Potion Belt":40,"champ:Barbells":20,"infinitespire:Beetle Shell":24,"Pen Nib":32,"Guardian:PocketSentry":40,"vexMod:FocusSash":26,"infinitespire:Lucky Rock":46,"Orichalcum":20,"strawberrySpire:DirtyLipstick":40,"MawBank":42,"jedi:heavyjacket":42,"Anchor":8,"wanderingMiniBosses:Blackblade":37,"Ornamental Fan":46,"Ring of Misfortune":19,"strawberrySpire:BrokenPrinter":36,"Black Star":34,"Bag of Marbles":47,"MiniHakkero":0,"jedi:arcanewood":43},{"Mango":13,"Bag of Preparation":5,"hubris:Icosahedron":19,"Mummified Hand":8,"vexMod:EndlessSickness":9,"Toolbox":24,"MealTicket":6,"hubris:DeckOfHolding":25,"BewitchedHakkero":13,"infinitespire:Eraser":21,"hubris:GlazedTorus":25,"Potion Belt":20,"champ:Barbells":10,"infinitespire:Beetle Shell":12,"Pen Nib":15,"Guardian:PocketSentry":20,"vexMod:FocusSash":13,"infinitespire:Lucky Rock":24,"Orichalcum":10,"strawberrySpire:DirtyLipstick":20,"MawBank":22,"jedi:heavyjacket":22,"Anchor":6,"wanderingMiniBosses:Blackblade":18,"Ornamental Fan":24,"Ring of Misfortune":10,"strawberrySpire:BrokenPrinter":17,"Black Star":16,"Bag of Marbles":24,"MiniHakkero":0,"jedi:arcanewood":22},{"Mango":52,"Bag of Preparation":18,"hubris:Icosahedron":80,"Mummified Hand":29,"vexMod:EndlessSickness":38,"Toolbox":94,"MealTicket":24,"hubris:DeckOfHolding":95,"BewitchedHakkero":52,"infinitespire:Eraser":88,"hubris:GlazedTorus":95,"Potion Belt":84,"champ:Barbells":42,"infinitespire:Beetle Shell":49,"Pen Nib":61,"Guardian:PocketSentry":86,"vexMod:FocusSash":52,"infinitespire:Lucky Rock":94,"Orichalcum":42,"strawberrySpire:DirtyLipstick":86,"MawBank":90,"jedi:heavyjacket":90,"Anchor":24,"wanderingMiniBosses:Blackblade":76,"Ornamental Fan":94,"Ring of Misfortune":42,"strawberrySpire:BrokenPrinter":69,"Black Star":67,"Bag of Marbles":94,"MiniHakkero":0,"jedi:arcanewood":90}]},"card_choices":[{"not_picked":["MillisecondPulsars","FinalSpark"],"picked":"ManaRampage","floor":0.0},{"not_picked":["UnstableBomb","Orbital"],"picked":"AsteroidBelt","floor":1.0},{"not_picked":["DC","PowerUp","StarBarrage"],"picked":"SKIP","floor":2.0},{"not_picked":["OneTimeOff","DoubleSpark","DarkSpark"],"picked":"SKIP","floor":3.0},{"not_picked":["MachineGunSpark","6A"],"picked":"SprinkleStarSeal","floor":4.0},{"not_picked":["IllusionStar","MysteriousBeam"],"picked":"JA","floor":6},{"not_picked":["ShootTheMoon","StarlightTyphoon"],"picked":"MeteoricShower","floor":8},{"not_picked":["DoubleSpark","RefractionSpark","MysteriousBeam"],"picked":"SKIP","floor":11},{"not_picked":["PowerUp","GravityBeat","DC"],"picked":"SKIP","floor":12},{"not_picked":["AbsoluteMagnitude","TreasureHunter"],"picked":"CasketOfStar","floor":16},{"not_picked":["MilkyWay","Acceleration"],"picked":"6A+1","floor":18},{"not_picked":["OpenUniverse","MilkyWay"],"picked":"SporeBomb","floor":22},{"not_picked":["AsteroidBelt","Occultation","MysteriousBeam+1"],"picked":"SKIP","floor":24},{"not_picked":["EarthLightRay","ShootingEcho","NonDirectionalLaser"],"picked":"SKIP","floor":25},{"not_picked":["EarthLightRay","ShootingEcho","NonDirectionalLaser"],"picked":"SKIP","floor":25},{"not_picked":["WitchLeyline","EventHorizon+1","UnstableBomb"],"picked":"SKIP","floor":29},{"not_picked":["Acceleration","MilkyWay"],"picked":"BlazeAway+1","floor":31},{"not_picked":["DoubleSpark","Robbery+1","GravityBeat"],"picked":"SKIP","floor":35},{"not_picked":[],"picked":"wanderingMiniBosses:FinaleOfPromise","floor":37},{"not_picked":["RefractionSpark","SprinkleStarSeal","AsteroidBelt+1"],"picked":"SKIP","floor":37},{"not_picked":["Gensokyo:UnhurriedMind+1","Gensokyo:HouraiInAPot+1"],"picked":"Gensokyo:RainbowDanmaku+1","floor":38},{"not_picked":["infinitespire:Menacing","infinitespire:Oblivion"],"picked":"infinitespire:Collect","floor":40},{"not_picked":["TreasureHunter","BinaryStars","MillisecondPulsars"],"picked":"SKIP","floor":40},{"not_picked":["NonDirectionalLaser+1","LuminesStrike+1","ShootingEcho"],"picked":"SKIP","floor":40},{"not_picked":["MagicChant","AsteroidBelt","GravityBeat+1"],"picked":"SKIP","floor":41},{"not_picked":["Orbital","MeteoricShower+1"],"picked":"OrrerysSun","floor":42},{"not_picked":["SporeBomb","DoubleSpark+1","Orbital"],"picked":"SKIP","floor":45},{"not_picked":["6A","MagicAbsorber","SuperNova"],"picked":"SKIP","floor":46},{"not_picked":["GalacticHalo","SporeBomb","ChargingUp"],"picked":"SKIP","floor":48}],"player_experience":1025868,"relics_obtained":[{"floor":6,"key":"Bag of Preparation"},{"floor":8,"key":"Anchor"},{"floor":9,"key":"MealTicket"},{"floor":14,"key":"Mummified Hand"},{"floor":19,"key":"Ring of Misfortune"},{"floor":24,"key":"infinitespire:Beetle Shell"},{"floor":26,"key":"vexMod:FocusSash"},{"floor":32,"key":"Pen Nib"},{"floor":37,"key":"wanderingMiniBosses:Blackblade"},{"floor":40,"key":"Guardian:PocketSentry"},{"floor":40,"key":"strawberrySpire:DirtyLipstick"},{"floor":42,"key":"MawBank"},{"floor":42,"key":"jedi:heavyjacket"},{"floor":43,"key":"jedi:arcanewood"},{"floor":46,"key":"infinitespire:Lucky Rock"},{"floor":46,"key":"Ornamental Fan"},{"floor":48,"key":"hubris:GlazedTorus"},{"floor":48,"key":"hubris:DeckOfHolding"}],"event_choices":[{"damage_healed":0.0,"max_hp_gain":0.0,"max_hp_loss":0.0,"gold_gain":0.0,"event_name":"The Woman in Blue","player_choice":"Bought 1 Potion","floor":5.0,"gold_loss":0.0,"damage_taken":0.0},{"damage_healed":0,"gold_gain":0,"player_choice":"Forge","damage_taken":0,"max_hp_gain":0,"max_hp_loss":0,"event_name":"Accursed Blacksmith","floor":28,"gold_loss":0,"cards_upgraded":["SprinkleStarSeal"]}],"is_beta":false,"boss_relics":[{"not_picked":["vexMod:DeviousBotling","Snecko Eye"],"picked":"vexMod:EndlessSickness"},{"not_picked":["strawberrySpire:Dictionifier","strawberrySpire:RottenAvocado"],"picked":"Black Star"}],"items_purged_floors":[27],"is_endless":false,"potions_floor_spawned":[2,4,6,8,12,25,31,35,37,41,42,46],"ascension_level":16}}