{"host":"j0vzbnzm6n2ctevn","time":1609330294,"event":{"mods":["AchievementEnabler","BaseMod","Minty Spire (QoL Compilation)","Quick Restart","Shop Mod","Spicy Shops","StSLib"],"gold_per_floor":[117,117,117,42,60,60,60,60,84,101,121,296,330,344,344,447,447,457,457,474,67,67,67,80,80,80,5,5,16,26,42,42,146,146,160,160,83,100,110,110,139,139,162,195,155,1,1,20,20,20],"floor_reached":51,"playtime":5933,"items_purged":["Strike_P","Doubt"],"score":680,"play_id":"ac52c329-aea1-4e77-9881-1fc1dde95946","local_time":"20201230201134","is_ascension_mode":false,"campfire_choices":[{"data":"Vigilance","floor":6.0,"key":"SMITH"},{"data":"Consecrate","floor":8.0,"key":"SMITH"},{"floor":15.0,"key":"REST"},{"data":"CutThroughFate","floor":23.0,"key":"SMITH"},{"data":"ReachHeaven","floor":32.0,"key":"SMITH"},{"floor":40.0,"key":"REST"},{"floor":42.0,"key":"REST"},{"data":"Judgement","floor":47.0,"key":"SMITH"},{"floor":49.0,"key":"REST"}],"circlet_count":0,"master_deck":["Strike_P+1","Defend_P+1","Eruption+1","Vigilance+1","Consecrate+1","CutThroughFate+1","Consecrate+1","ClearTheMind+1","ReachHeaven+1","LessonLearned+1","CutThroughFate+1","Judgement+1","FollowUp+1","DeusExMachina+1","DeusExMachina+1","SignatureMove+1","InnerPeace+1"],"relics":["HolyWater","Boot","Anchor","VioletLotus","ClockworkSouvenir","Juzu Bracelet","Vajra","Matryoshka","TheAbacus","Singing Bowl","Centennial Puzzle","Meat on the Bone","Lantern","DollysMirror"],"acts_visited":["Exordium","TheCity","TheBeyond"],"potions_floor_usage":[50,50],"damage_taken":[{"damage":0.0,"enemies":"Jaw Worm","floor":1.0,"turns":2.0},{"damage":0.0,"enemies":"2 Louse","floor":5.0,"turns":1.0},{"damage":0.0,"enemies":"Cultist","floor":10.0,"turns":2.0},{"damage":0.0,"enemies":"Exordium Wildlife","floor":11.0,"turns":1.0},{"damage":6.0,"enemies":"Lagavulin","floor":13.0,"turns":3.0},{"damage":0.0,"enemies":"Large Slime","floor":14.0,"turns":3.0},{"damage":4.0,"enemies":"Slime Boss","floor":16.0,"turns":5.0},{"damage":7.0,"enemies":"3 Byrds","floor":18.0,"turns":4.0},{"damage":0.0,"enemies":"Spheric Guardian","floor":20.0,"turns":2.0},{"damage":2.0,"enemies":"Centurion and Healer","floor":24.0,"turns":2.0},{"damage":0.0,"enemies":"Snecko","floor":29.0,"turns":2.0},{"damage":0.0,"enemies":"Chosen and Byrds","floor":30.0,"turns":3.0},{"damage":0.0,"enemies":"Cultist and Chosen","floor":31.0,"turns":4.0},{"damage":30.0,"enemies":"Collector","floor":33.0,"turns":5.0},{"damage":0.0,"enemies":"3 Shapes","floor":35.0,"turns":2.0},{"damage":8.0,"enemies":"3 Darklings","floor":38.0,"turns":2.0},{"damage":30.0,"enemies":"Writhing Mass","floor":39.0,"turns":3.0},{"damage":20.0,"enemies":"Reptomancer","floor":41.0,"turns":4.0},{"damage":37.0,"enemies":"Nemesis","floor":44.0,"turns":5.0},{"damage":0.0,"enemies":"Sphere and 2 Shapes","floor":48.0,"turns":2.0},{"damage":52,"enemies":"Awakened One","floor":50,"turns":6}],"seed_played":"4357891096512214210","potions_obtained":[{"floor":1.0,"key":"PowerPotion"},{"floor":10.0,"key":"SteroidPotion"},{"floor":13.0,"key":"Fire Potion"},{"floor":16.0,"key":"Swift Potion"},{"floor":20.0,"key":"EntropicBrew"},{"floor":29.0,"key":"LiquidMemories"},{"floor":33.0,"key":"StancePotion"},{"floor":35.0,"key":"Fruit Juice"},{"floor":38.0,"key":"FearPotion"},{"floor":44.0,"key":"StancePotion"}],"is_trial":false,"path_per_floor":["M","?","?","$","M","R","$","R","T","M","M","?","E","M","R","B",null,"M","?","M","$","T","R","M","?","T","?","$","M","M","M","R","B",null,"M","?","$","M","M","R","E","R","T","E","?","$","R","M","R","B",null],"character_chosen":"WATCHER","items_purchased":["ClockworkSouvenir","Juzu Bracelet","TheAbacus","DollysMirror","SignatureMove"],"campfire_rested":4,"item_purchase_floors":[21,21,37,46,46],"current_hp_per_floor":[51,37,37,37,37,37,37,37,37,37,37,37,31,31,52,48,72,65,65,65,65,65,65,63,63,63,63,63,63,63,63,63,33,72,77,77,77,69,39,62,42,65,65,40,40,40,40,40,63,23],"gold":20,"neow_bonus":"REMOVE_TWO","is_daily":false,"chose_seed":false,"campfire_upgraded":5,"win_rate":0.0,"timestamp":1609330294,"path_taken":["M","?","?","?","M","R","$","R","T","M","?","?","E","M","R","BOSS","M","?","M","$","?","R","M","?","T","?","$","M","M","M","R","BOSS","M","?","$","M","M","R","E","R","T","E","?","$","R","M","R","BOSS"],"items_purchased_type":["Relic","Relic","Relic","Relic","Card"],"build_version":"2020-12-22","purchased_purges":2,"victory":true,"max_hp_per_floor":[72,72,72,72,72,72,72,72,72,72,72,72,72,72,72,72,72,72,72,72,72,72,72,72,72,72,72,72,72,72,72,72,72,72,77,77,77,77,77,77,77,77,77,77,77,77,77,77,77,77],"card_choices":[{"not_picked":["Fasting2","BattleHymn","CrushJoints"],"picked":"SKIP","floor":1.0},{"not_picked":["CrushJoints","Study"],"picked":"Consecrate","floor":5.0},{"not_picked":["FlurryOfBlows","Evaluate"],"picked":"CutThroughFate","floor":10.0},{"not_picked":["BowlingBash","WreathOfFlame"],"picked":"Consecrate","floor":11.0},{"not_picked":["Omniscience","Pray"],"picked":"ClearTheMind","floor":13.0},{"not_picked":["ClearTheMind","Evaluate"],"picked":"ReachHeaven","floor":14.0},{"not_picked":["DevaForm","Devotion"],"picked":"LessonLearned","floor":16.0},{"not_picked":["Wallop","JustLucky","SashWhip"],"picked":"SKIP","floor":18.0},{"not_picked":["Wallop","JustLucky","SashWhip"],"picked":"SKIP","floor":18.0},{"not_picked":["BowlingBash","FlyingSleeves"],"picked":"CutThroughFate","floor":20.0},{"not_picked":["CarveReality","CutThroughFate","WheelKick"],"picked":"SKIP","floor":24.0},{"not_picked":["Prostrate","Omniscience","FlyingSleeves+1"],"picked":"SKIP","floor":29.0},{"not_picked":["ForeignInfluence","BowlingBash"],"picked":"PathToVictory+1","floor":30.0},{"not_picked":["EmptyFist","BowlingBash","DeceiveReality"],"picked":"SKIP","floor":31.0},{"not_picked":["Blasphemy","DeusExMachina"],"picked":"Judgement","floor":33.0},{"not_picked":["CutThroughFate+1","ThirdEye","Halt+1"],"picked":"SKIP","floor":35.0},{"not_picked":["SashWhip+1","Prostrate","EmptyBody"],"picked":"SKIP","floor":38.0},{"not_picked":["Collect","EmptyBody+1","Swivel+1"],"picked":"SKIP","floor":39.0},{"not_picked":["PathToVictory","FlurryOfBlows+1"],"picked":"FollowUp","floor":41.0},{"not_picked":["Crescendo+1","BowlingBash+1"],"picked":"DeusExMachina","floor":44.0},{"not_picked":["Collect+1","FearNoEvil"],"picked":"InnerPeace+1","floor":48.0}],"player_experience":73294,"relics_obtained":[{"floor":9.0,"key":"Boot"},{"floor":13.0,"key":"Anchor"},{"floor":22.0,"key":"Vajra"},{"floor":26.0,"key":"Matryoshka"},{"floor":41.0,"key":"Singing Bowl"},{"floor":43.0,"key":"Centennial Puzzle"},{"floor":43.0,"key":"Meat on the Bone"},{"floor":44.0,"key":"Lantern"}],"event_choices":[{"damage_healed":0.0,"max_hp_gain":0.0,"max_hp_loss":0.0,"gold_gain":0.0,"event_name":"Shining Light","player_choice":"Entered Light","floor":2.0,"gold_loss":0.0,"damage_taken":14.0,"cards_upgraded":["Strike_P","Eruption"]},{"cards_removed":["Strike_P"],"damage_healed":0.0,"max_hp_gain":0.0,"max_hp_loss":0.0,"gold_gain":0.0,"event_name":"Living Wall","player_choice":"Forget","floor":3.0,"gold_loss":0.0,"damage_taken":0.0},{"damage_healed":0.0,"max_hp_gain":0.0,"max_hp_loss":0.0,"gold_gain":175.0,"event_name":"Liars Game","player_choice":"AGREE","floor":12.0,"gold_loss":0.0,"damage_taken":0.0,"cards_obtained":["Doubt"]},{"damage_healed":0.0,"max_hp_gain":0.0,"max_hp_loss":0.0,"gold_gain":0.0,"event_name":"Accursed Blacksmith","player_choice":"Forge","floor":19.0,"gold_loss":0.0,"damage_taken":0.0,"cards_upgraded":["ClearTheMind"]},{"cards_removed":["Defend_P"],"damage_healed":0.0,"max_hp_gain":0.0,"max_hp_loss":0.0,"gold_gain":0.0,"event_name":"Back to Basics","player_choice":"Elegance","floor":25.0,"gold_loss":0.0,"damage_taken":0.0},{"cards_removed":["Strike_P"],"damage_healed":0.0,"max_hp_gain":0.0,"max_hp_loss":0.0,"gold_gain":0.0,"event_name":"Beggar","player_choice":"Gave Gold","floor":27.0,"gold_loss":75.0,"damage_taken":0.0},{"cards_removed":["PathToVictory"],"damage_healed":0.0,"max_hp_gain":0.0,"max_hp_loss":0.0,"gold_gain":0.0,"event_name":"Falling","player_choice":"Removed Skill","floor":36.0,"gold_loss":0.0,"damage_taken":0.0},{"damage_healed":0.0,"max_hp_gain":0.0,"max_hp_loss":0.0,"gold_gain":0.0,"event_name":"Designer","player_choice":"Upgraded Two","floor":45.0,"gold_loss":40.0,"damage_taken":0.0,"cards_upgraded":["DeusExMachina","FollowUp"]}],"is_beta":false,"boss_relics":[{"not_picked":["Calling Bell","Velvet Choker"],"picked":"VioletLotus"},{"not_picked":["Philosopher\u0027s Stone","Astrolabe"],"picked":"HolyWater"}],"items_purged_floors":[4,21],"is_endless":false,"potions_floor_spawned":[1,10,13,16,20,29,33,35,38,44],"ascension_level":0}}