{"host":"0fmi5fguj5lvt8pf","time":1609296094,"event":{"mods":["BaseMod","Colored Map","Curses Come First","Downfall","Minty Spire (QoL Compilation)","Permanent Neow","StSLib","Waifu the Spire"],"gold_per_floor":[349,366,366,385,398,398,398,409,434,434,306,324,324,344,354,354,354,354],"floor_reached":16,"playtime":794,"items_purged":["Guardian:Defend_Guardian"],"score":104,"play_id":"09cd7a8e-15bd-440c-929f-4fdbed909845","local_time":"20201229184134","is_ascension_mode":false,"campfire_choices":[{"data":"Guardian:CurlUp","floor":1.0,"key":"SMITH"},{"data":"Guardian:GemFinder","floor":10,"key":"SMITH"},{"floor":13,"key":"REST"}],"circlet_count":0,"master_deck":["Guardian:Strike_Guardian","Guardian:Strike_Guardian","Guardian:Strike_Guardian","Guardian:Strike_Guardian","Guardian:Defend_Guardian","Guardian:Defend_Guardian","Guardian:Defend_Guardian","Guardian:CurlUp+1","Guardian:TwinSlam","Guardian:Recover","Guardian:PiercingHide","Guardian:Gem_Orange","Guardian:Planning","Guardian:GemFinder+1","Guardian:Gem_Lightblue","Guardian:Gem_Fragmented","Guardian:Gem_Cyan","Guardian:Emergency","Guardian:StasisEngine","Guardian:Suspension"],"relics":["Guardian:ModeShifter","Kunai","Ornamental Fan"],"acts_visited":["Exordium"],"potions_floor_usage":[8,14],"damage_taken":[{"damage":5.0,"enemies":"Small Slimes","floor":2.0,"turns":4.0},{"damage":4,"enemies":"Cultist","floor":4,"turns":4},{"damage":2,"enemies":"2 Louse","floor":5,"turns":4},{"damage":6,"enemies":"Lots of Slimes","floor":8,"turns":3},{"damage":43,"enemies":"Gremlin Nob","floor":9,"turns":6},{"damage":0,"enemies":"downfall:FleeingMerchant","floor":11,"turns":4},{"damage":9,"enemies":"Exordium Thugs","floor":12,"turns":6},{"damage":2,"enemies":"Exordium Wildlife","floor":14,"turns":2},{"damage":10,"enemies":"2 Fungi Beasts","floor":15,"turns":5},{"damage":10,"enemies":"downfall:Defect","floor":16,"turns":6}],"seed_played":"5446754545179283655","potions_obtained":[{"floor":2.0,"key":"PowerPotion"},{"floor":12,"key":"Fire Potion"},{"floor":14,"key":"Guardian:BlockOnCardUsePotion"}],"is_trial":false,"path_per_floor":["R","M","?","M","M","?","T","M","E","R","$","M","R","M","M","B"],"character_chosen":"GUARDIAN","items_purchased":["Guardian:Gem_Fragmented"],"campfire_rested":1,"item_purchase_floors":[11],"current_hp_per_floor":[80,75,75,71,69,69,69,63,20,20,20,11,35,33,23,13,13,13],"gold":354,"neow_bonus":"TWO_FIFTY_GOLD","is_daily":false,"chose_seed":false,"campfire_upgraded":2,"win_rate":0.0,"timestamp":1609296094,"path_taken":["R","M","?","?","M","?","T","?","E","R","?","M","R","M","M","BOSS"],"items_purchased_type":["Card"],"build_version":"2020-12-22","purchased_purges":1,"victory":false,"max_hp_per_floor":[80,80,80,80,80,80,80,80,80,80,80,80,80,80,80,80,80,80],"card_choices":[{"not_picked":["Guardian:Gem_Crimson","Guardian:Gem_Lightblue"],"picked":"Guardian:Recover","floor":2.0},{"not_picked":["Guardian:Gem_Cyan","Guardian:CrystalBeam"],"picked":"Guardian:PiercingHide","floor":4},{"not_picked":["Guardian:PiercingHide","Guardian:Gem_Red"],"picked":"Guardian:Gem_Orange","floor":5},{"not_picked":["Guardian:PiercingHide","Guardian:Recover"],"picked":"Guardian:Planning","floor":8},{"not_picked":["Guardian:Orbwalk","Guardian:PrismaticBarrier"],"picked":"Guardian:GemFinder","floor":9},{"not_picked":["Guardian:CrystalBeam","Guardian:TemporalShield"],"picked":"Guardian:Gem_Lightblue","floor":11},{"not_picked":["Guardian:Gem_Lightblue","Guardian:Gem_Green"],"picked":"Guardian:Gem_Cyan","floor":12},{"not_picked":["Guardian:Gem_Purple","Guardian:VentSteam"],"picked":"Guardian:Emergency","floor":12},{"not_picked":["Guardian:Preprogram","Guardian:Suspension"],"picked":"Guardian:StasisEngine","floor":14},{"not_picked":["Guardian:DonusPower","Guardian:PiercingHide"],"picked":"Guardian:Suspension","floor":15}],"player_experience":1260265,"relics_obtained":[{"floor":7,"key":"Kunai"},{"floor":9,"key":"Ornamental Fan"}],"event_choices":[{"cards_removed":["Guardian:Aged"],"damage_healed":0,"gold_gain":0,"player_choice":"Purged","damage_taken":0,"max_hp_gain":0,"max_hp_loss":0,"event_name":"Purifier","floor":6,"gold_loss":0}],"is_beta":false,"boss_relics":[],"items_purged_floors":[11],"is_endless":false,"potions_floor_spawned":[2,12,14],"killed_by":"downfall:Defect","ascension_level":0}}