{"host":"Kent","time":1609330413,"event":{"mods":["Act Like it!","BaseMod","Colored Powertips","Downfall","Gensokyo","Hallownest","Infinite Spire","Koishi","Minty Spire (QoL Compilation)","Quick Restart","Replay The Spire","Robot Space Explorer","StSLib"],"gold_per_floor":[113,64,180,36,36,61,61,91,91,137,155,169,134,163,163,258,258,269,269,287,301,8,41,41,55,79,79,79,79,94,154,154,154,154],"floor_reached":33,"playtime":3063,"items_purged":["hexamod:Haunted","ReplayTheSpireMod:Splinters"],"score":333,"play_id":"57effe1a-bf8a-47b1-8b53-e200a625e1f8","local_time":"20201230201333","is_ascension_mode":false,"campfire_choices":[{"floor":7,"key":"REST"},{"floor":15,"key":"RECALL"},{"floor":24,"key":"REST"},{"floor":32,"key":"REST"}],"circlet_count":0,"master_deck":["RobotSpaceExplorer:Strike","RobotSpaceExplorer:Strike","RobotSpaceExplorer:Strike","RobotSpaceExplorer:Strike","RobotSpaceExplorer:Scan","RobotSpaceExplorer:MiniLasers","RobotSpaceExplorer:FreezeRay","RobotSpaceExplorer:ScrapToss+1","RobotSpaceExplorer:ShockKick","RobotSpaceExplorer:DualCore","RobotSpaceExplorer:Ammunition","ReplayTheSpireMod:IOU","expansioncontent:StudyTheSpire+1","RobotSpaceExplorer:SurgingShield","Hallownest:skillLeafShield","Hallownest:skillLeafShield","Hallownest:skillLeafShield","Hallownest:skillLeafShield","Hallownest:skillLeafShield","RobotSpaceExplorer:ToxicBomb","RobotSpaceExplorer:FreezingShield","RobotSpaceExplorer:SurgingShield","RobotSpaceExplorer:Fix","RobotSpaceExplorer:Explosion","RobotSpaceExplorer:Explosion","RobotSpaceExplorer:ShockKick","RobotSpaceExplorer:MiniBoosters","RobotSpaceExplorer:MiniDrones+1","RobotSpaceExplorer:LuckyStrike+1","RobotSpaceExplorer:PowerGlove+1","Panache","RobotSpaceExplorer:PowerGlove+1","RobotSpaceExplorer:Jetpack","RobotSpaceExplorer:ShovelStrike","ReplayTheSpireMod:IOU","Delirium","infinitespire:Collect","RobotSpaceExplorer:ScrapMissile","RobotSpaceExplorer:SurgingStrike+1"],"relics":["RobotSpaceExplorer:RoboCore","ReplayTheSpireMod:CursedCoin","Replay:Wax Seal","PreservedInsect","Replay:Bottled Eggs","Pet Ghost","Pen Nib","Shovel","Black Star","Replay:Mystery Machine","Replay:Bottled Flurry","Vajra","RobotSpaceExplorer:SearchSpecs","ReplayFunnel","Hallownest:NailmastersGloryRelic"],"acts_visited":["Exordium","Hallownest:Greenpath"],"potions_floor_usage":[16,33,33],"damage_taken":[{"damage":1,"enemies":"2_ Uuma","floor":1,"turns":8},{"damage":24,"enemies":"Hallownest:eliteMossKnight","floor":6,"turns":10},{"damage":14,"enemies":"Hallownest:eliteCrystalGuardian","floor":8,"turns":4},{"damage":9,"enemies":"Hallownest:monsterHuskGuard","floor":11,"turns":5},{"damage":1,"enemies":"Hallownest:2_MossCreeps","floor":12,"turns":4},{"damage":3,"enemies":"Hallownest:eliteMossKnight","floor":14,"turns":7},{"damage":21,"enemies":"Hallownest:BossFalseKnight","floor":16,"turns":8},{"damage":16,"enemies":"Hallownest:3_Youths","floor":18,"turns":7},{"damage":23,"enemies":"Hallownest:2_Mistakes","floor":20,"turns":8},{"damage":14,"enemies":"Hallownest:Warrior_and_Youth","floor":21,"turns":5},{"damage":17,"enemies":"Hallownest:Nosk","floor":23,"turns":8},{"damage":7,"enemies":"Hallownest:monsterShrumalOgre","floor":25,"turns":5},{"damage":10,"enemies":"Hallownest:2_Flukemon","floor":30,"turns":5},{"damage":9,"enemies":"Hallownest:Glutton_and_Coward","floor":31,"turns":3},{"damage":65,"enemies":"Hallownest:BossGrimm","floor":33,"turns":6}],"seed_played":"3049029290831399568","potions_obtained":[{"floor":8,"key":"LiquidMemories"},{"floor":11,"key":"DistilledChaos"},{"floor":12,"key":"SkillPotion"},{"floor":14,"key":"RobotSpaceExplorer:RecyclePotion"},{"floor":30,"key":"Weak Potion"},{"floor":31,"key":"RobotSpaceExplorer:RecyclePotion"}],"is_trial":false,"path_per_floor":["M","$","?","$","?","E","R","E","T","T","M","M","?","E","R","B",null,"M","?","M","M","$","E","R","M","T","?","AVR","?","M","M","R","B"],"character_chosen":"RobotSpaceExplorer","items_purchased":["RobotSpaceExplorer:ScrapToss+1","ReplayTheSpireMod:CursedCoin","Replay:Wax Seal","expansioncontent:StudyTheSpire","PreservedInsect","RobotSpaceExplorer:SurgingShield","Panache","RobotSpaceExplorer:PowerGlove+1"],"campfire_rested":3,"item_purchase_floors":[2,4,4,4,4,4,22,22],"current_hp_per_floor":[81,81,81,81,81,57,81,67,67,67,58,57,62,63,63,42,87,75,75,56,42,42,29,55,48,48,48,48,48,38,33,59,0,0],"gold":154,"neow_bonus":"TEN_PERCENT_HP_BONUS","is_daily":false,"chose_seed":false,"campfire_upgraded":0,"win_rate":0.0,"timestamp":1609330413,"path_taken":["M","?","?","$","?","E","R","E","T","?","M","M","?","E","R","BOSS","M","?","M","M","$","E","R","?","T","?","AVR","?","M","M","R","BOSS"],"items_purchased_type":["Card","Relic","Relic","Card","Relic","Card","Card","Card"],"build_version":"2020-12-18","purchased_purges":2,"victory":false,"max_hp_per_floor":[82,82,82,82,82,82,82,82,82,82,82,82,87,87,87,87,87,87,87,87,87,87,87,87,87,87,87,87,87,87,87,87,87,87],"card_choices":[{"not_picked":["RobotSpaceExplorer:IronShell","RobotSpaceExplorer:MetalStrike"],"picked":"RobotSpaceExplorer:FreezeRay","floor":1},{"not_picked":["RobotSpaceExplorer:JunkDive","RobotSpaceExplorer:Counterblock"],"picked":"RobotSpaceExplorer:ShockKick","floor":3},{"not_picked":["RobotSpaceExplorer:MakeshiftVolley","RobotSpaceExplorer:FranticSearch"],"picked":"RobotSpaceExplorer:DualCore","floor":3},{"not_picked":["RobotSpaceExplorer:ScrapShield","RobotSpaceExplorer:ShockKick"],"picked":"RobotSpaceExplorer:Ammunition","floor":3},{"not_picked":["RobotSpaceExplorer:SelfCleaning","RobotSpaceExplorer:Electroshield"],"picked":"RobotSpaceExplorer:ToxicBomb","floor":6},{"not_picked":["RobotSpaceExplorer:FrostMissile","RobotSpaceExplorer:Counterblock"],"picked":"RobotSpaceExplorer:FreezingShield","floor":8},{"not_picked":["RobotSpaceExplorer:FrostMissile","RobotSpaceExplorer:Ammunition"],"picked":"RobotSpaceExplorer:SurgingShield","floor":11},{"not_picked":["RobotSpaceExplorer:SelfCleaning","RobotSpaceExplorer:SlimeMissile"],"picked":"RobotSpaceExplorer:Fix","floor":12},{"not_picked":["RobotSpaceExplorer:GlueShot","RobotSpaceExplorer:Fix"],"picked":"RobotSpaceExplorer:Explosion","floor":14},{"not_picked":["RobotSpaceExplorer:ChargingLaser","RobotSpaceExplorer:Wormhole"],"picked":"RobotSpaceExplorer:Explosion","floor":16},{"not_picked":["RobotSpaceExplorer:FrostMissile","RobotSpaceExplorer:FranticSearch"],"picked":"RobotSpaceExplorer:ShockKick","floor":18},{"not_picked":["RobotSpaceExplorer:GlueSpray+1","RobotSpaceExplorer:ShockKick+1"],"picked":"RobotSpaceExplorer:MiniBoosters","floor":19},{"not_picked":["RobotSpaceExplorer:DualCore","RobotSpaceExplorer:GlueShot+1"],"picked":"RobotSpaceExplorer:MiniDrones+1","floor":19},{"not_picked":["RobotSpaceExplorer:ImprovisedAttack+1","RobotSpaceExplorer:Pulsar+1"],"picked":"RobotSpaceExplorer:LuckyStrike+1","floor":20},{"not_picked":["RobotSpaceExplorer:MiniDrones","RobotSpaceExplorer:MetalStrike+1"],"picked":"RobotSpaceExplorer:PowerGlove+1","floor":21},{"not_picked":["RobotSpaceExplorer:PowerGlove","RobotSpaceExplorer:MiniBoosters"],"picked":"RobotSpaceExplorer:Jetpack","floor":23},{"not_picked":["RobotSpaceExplorer:FranticSearch+1","RobotSpaceExplorer:Counterblock"],"picked":"RobotSpaceExplorer:ShovelStrike","floor":25},{"not_picked":["infinitespire:UltimateForm","infinitespire:NeuralNetwork"],"picked":"infinitespire:Collect","floor":27},{"not_picked":["RobotSpaceExplorer:BigMissile","RobotSpaceExplorer:Fix"],"picked":"RobotSpaceExplorer:ScrapMissile","floor":30},{"not_picked":["RobotSpaceExplorer:Arsenal","RobotSpaceExplorer:MakeshiftVolley"],"picked":"RobotSpaceExplorer:SurgingStrike+1","floor":31}],"player_experience":319128,"relics_obtained":[{"floor":6,"key":"Replay:Bottled Eggs"},{"floor":8,"key":"Pet Ghost"},{"floor":10,"key":"Pen Nib"},{"floor":14,"key":"Shovel"},{"floor":23,"key":"Replay:Mystery Machine"},{"floor":23,"key":"Replay:Bottled Flurry"},{"floor":26,"key":"Vajra"}],"event_choices":[],"is_beta":true,"boss_relics":[{"not_picked":["Tiny House","Kintsugi"],"picked":"Black Star"}],"items_purged_floors":[22,28],"is_endless":false,"potions_floor_spawned":[8,11,12,14,30,31],"killed_by":"Hallownest:BossGrimm","ascension_level":0}}