{"host":"dcj2yvrgcvh5dl2s","time":1609288510,"event":{"mods":["BaseMod","Better Note","Block Reminder","Colored Powertips","DeckTracker","Minty Spire (QoL Compilation)","Quick Restart","Rare Cards Sparkle","Relic Stats","StSLib"],"gold_per_floor":[111,124,71,88,98,126,126,156,156,156,156,174,186,196,196,270,270,283,295,295,295,11,39,39,72,72,72,87,87,113,132,132,132,132],"floor_reached":33,"playtime":1281,"items_purged":[],"score":650,"play_id":"6495f7c2-b5e5-4c73-9272-b5ad7a69955c","local_time":"20201230103510","is_ascension_mode":true,"campfire_choices":[{"data":"Bludgeon","floor":7.0,"key":"SMITH"},{"floor":10.0,"key":"REST"},{"floor":15.0,"key":"REST"},{"floor":24,"key":"REST"},{"data":"Whirlwind","floor":27,"key":"SMITH"},{"floor":29,"key":"REST"},{"floor":32,"key":"REST"}],"circlet_count":0,"master_deck":["AscendersBane","Strike_R","Strike_R","Strike_R","Strike_R","Strike_R","Defend_R","Defend_R","Defend_R","Defend_R","Bash","Bludgeon+1","Flex","Flex","Uppercut+1","Whirlwind+1","Heavy Blade","Shrug It Off+1","Sword Boomerang","Shockwave+1","Exhume+1","True Grit+1","Flex+1","True Grit+1","Intimidate+1","Injury","Battle Trance+1","Infernal Blade+1"],"relics":["Burning Blood","PreservedInsect","Pen Nib","Toxic Egg 2","Cursed Key","Nilry\u0027s Codex","HornCleat","Turnip","Red Skull","Prayer Wheel","Anchor"],"acts_visited":["Exordium","TheCity"],"potions_floor_usage":[23,33,33],"damage_taken":[{"damage":6.0,"enemies":"Cultist","floor":1.0,"turns":3.0},{"damage":10.0,"enemies":"Small Slimes","floor":2.0,"turns":3.0},{"damage":7.0,"enemies":"Jaw Worm","floor":4.0,"turns":3.0},{"damage":21.0,"enemies":"Blue Slaver","floor":5.0,"turns":3.0},{"damage":8.0,"enemies":"Gremlin Nob","floor":6.0,"turns":3.0},{"damage":35.0,"enemies":"Lagavulin","floor":8.0,"turns":4.0},{"damage":14.0,"enemies":"3 Louse","floor":12.0,"turns":3.0},{"damage":12.0,"enemies":"Large Slime","floor":13.0,"turns":6.0},{"damage":3.0,"enemies":"Looter","floor":14.0,"turns":3.0},{"damage":21.0,"enemies":"Hexaghost","floor":16.0,"turns":7.0},{"damage":7.0,"enemies":"Chosen","floor":18.0,"turns":4.0},{"damage":11.0,"enemies":"Spheric Guardian","floor":19.0,"turns":3.0},{"damage":0,"enemies":"Slavers","floor":23,"turns":1},{"damage":34,"enemies":"Gremlin Leader","floor":25,"turns":6},{"damage":6,"enemies":"Shelled Parasite and Fungi","floor":28,"turns":3},{"damage":15,"enemies":"Book of Stabbing","floor":30,"turns":4},{"damage":8,"enemies":"Cultist and Chosen","floor":31,"turns":4},{"damage":87,"enemies":"Champ","floor":33,"turns":7}],"seed_played":"2960069132559494616","potions_obtained":[{"floor":4.0,"key":"FearPotion"},{"floor":6.0,"key":"CultistPotion"},{"floor":13.0,"key":"GamblersBrew"},{"floor":18.0,"key":"SteroidPotion"},{"floor":28,"key":"Strength Potion"},{"floor":31,"key":"LiquidBronze"}],"is_trial":false,"path_per_floor":["M","M","$","M","M","E","R","E","T","R","?","M","M","M","R","B",null,"M","M","?","?","$","E","R","E","T","R","M","R","E","M","R","B"],"character_chosen":"IRONCLAD","items_purchased":["Flex","HornCleat"],"campfire_rested":5,"item_purchase_floors":[3,22],"current_hp_per_floor":[68,64,64,63,48,46,46,17,17,37,37,29,23,26,46,31,59,58,53,53,32,32,38,58,30,30,30,30,50,41,39,59,0,0],"gold":132,"neow_bonus":"THREE_RARE_CARDS","is_daily":false,"chose_seed":false,"campfire_upgraded":2,"win_rate":0.0,"timestamp":1609288510,"path_taken":["M","M","$","M","M","E","R","E","T","R","?","M","M","M","R","BOSS","M","M","?","?","$","E","R","E","T","R","M","R","E","M","R","BOSS"],"items_purchased_type":["Card","Relic"],"build_version":"2020-12-22","purchased_purges":0,"victory":false,"max_hp_per_floor":[68,68,68,68,68,68,68,68,68,68,68,68,68,68,68,68,68,68,68,68,68,68,68,68,68,68,68,68,68,68,68,68,68,68],"relic_stats":{"counters":[18,70],"Prayer Wheel":2,"PreservedInsect":162,"Pen Nib":[7],"Turnip":[6],"Cursed Key":1,"obtain_stats":[{"Anchor":30,"HornCleat":22,"Nilry\u0027s Codex":21,"Prayer Wheel":26,"PreservedInsect":6,"Pen Nib":8,"Turnip":23,"Toxic Egg 2":9,"Cursed Key":17,"Burning Blood":0,"Red Skull":25},{"Anchor":16,"HornCleat":12,"Nilry\u0027s Codex":12,"Prayer Wheel":14,"PreservedInsect":5,"Pen Nib":6,"Turnip":13,"Toxic Egg 2":6,"Cursed Key":10,"Burning Blood":0,"Red Skull":14},{"Anchor":59,"HornCleat":45,"Nilry\u0027s Codex":45,"Prayer Wheel":52,"PreservedInsect":15,"Pen Nib":19,"Turnip":46,"Toxic Egg 2":19,"Cursed Key":38,"Burning Blood":0,"Red Skull":52}],"Burning Blood":102},"card_choices":[{"not_picked":["Brutality","Exhume"],"picked":"Bludgeon","floor":0.0},{"not_picked":["Headbutt","Flame Barrier","Warcry"],"picked":"SKIP","floor":1.0},{"not_picked":["Searing Blow","Armaments"],"picked":"Flex","floor":2.0},{"not_picked":["Carnage","Warcry","Sever Soul"],"picked":"SKIP","floor":4.0},{"not_picked":["Perfected Strike","Pommel Strike"],"picked":"Uppercut","floor":5.0},{"not_picked":["Evolve","Fiend Fire"],"picked":"Whirlwind","floor":6.0},{"not_picked":["Fiend Fire","Body Slam"],"picked":"Heavy Blade","floor":8.0},{"not_picked":["Wild Strike","Clothesline"],"picked":"Shrug It Off+1","floor":12.0},{"not_picked":["Searing Blow","Clash"],"picked":"Sword Boomerang","floor":13.0},{"not_picked":["Dropkick","Reckless Charge"],"picked":"Shockwave+1","floor":14.0},{"not_picked":["Impervious+1","Corruption"],"picked":"Exhume+1","floor":16.0},{"not_picked":["Feel No Pain","Iron Wave"],"picked":"True Grit+1","floor":18.0},{"not_picked":["Shockwave+1","Whirlwind","Havoc+1"],"picked":"SKIP","floor":19.0},{"not_picked":["Clash+1","Rampage"],"picked":"True Grit+1","floor":23},{"not_picked":["Havoc+1","Wild Strike"],"picked":"Intimidate+1","floor":25},{"not_picked":["Clash+1","Hemokinesis"],"picked":"Battle Trance+1","floor":28},{"not_picked":["Heavy Blade","Pommel Strike","Shockwave+1"],"picked":"SKIP","floor":28},{"not_picked":["Feel No Pain+1","Armaments+1","Ghostly Armor+1"],"picked":"SKIP","floor":30},{"not_picked":["Feel No Pain","Shrug It Off+1"],"picked":"Infernal Blade+1","floor":31},{"not_picked":["Hemokinesis","Heavy Blade","Pommel Strike"],"picked":"SKIP","floor":31}],"player_experience":2105967,"relics_obtained":[{"floor":6.0,"key":"PreservedInsect"},{"floor":8.0,"key":"Pen Nib"},{"floor":9.0,"key":"Toxic Egg 2"},{"floor":21.0,"key":"Nilry\u0027s Codex"},{"floor":23,"key":"Turnip"},{"floor":25,"key":"Red Skull"},{"floor":26,"key":"Prayer Wheel"},{"floor":30,"key":"Anchor"}],"event_choices":[{"damage_healed":0.0,"max_hp_gain":0.0,"max_hp_loss":0.0,"gold_gain":0.0,"event_name":"Upgrade Shrine","player_choice":"Upgraded","floor":11.0,"gold_loss":0.0,"damage_taken":0.0,"cards_upgraded":["Uppercut"]},{"damage_healed":0.0,"max_hp_gain":0.0,"max_hp_loss":0.0,"gold_gain":0.0,"event_name":"The Library","player_choice":"Read","floor":20.0,"gold_loss":0.0,"damage_taken":0.0,"cards_obtained":["Flex"]},{"damage_healed":0.0,"max_hp_gain":0.0,"max_hp_loss":0.0,"gold_gain":0.0,"event_name":"Cursed Tome","player_choice":"Obtained Book","floor":21.0,"gold_loss":0.0,"damage_taken":21.0}],"is_beta":false,"boss_relics":[{"not_picked":["Sozu","Philosopher\u0027s Stone"],"picked":"Cursed Key"}],"items_purged_floors":[],"is_endless":false,"potions_floor_spawned":[4,6,13,18,28,31],"killed_by":"Champ","ascension_level":18}}