{"host":"uwh382mre4waz4ff","time":1609314999,"event":{"mods":["AchievementEnabler","BaseMod","Better Note","Better Third Choice","BetterRewards","Minty Spire (QoL Compilation)","Quick Restart","Shop Mod","StSLib","The Necromancer"],"gold_per_floor":[119,294,305,305,320,346,145,163,188,223,223,233,233,253,253,355,355,368,386,386,386,406,437,437,450,450,450,450,450,450,485,485,586,586,598,688,700,716,726,726,726],"floor_reached":40,"playtime":2512,"items_purged":["Doubt"],"score":478,"play_id":"807dc945-d754-4d2f-9935-ea8c7de2eaf0","local_time":"20201230155639","is_ascension_mode":false,"campfire_choices":[{"data":"Strike_W","floor":11,"key":"PURGE"},{"data":"Strike_W","floor":13,"key":"PURGE"},{"data":"Strike_W","floor":15,"key":"PURGE"},{"data":"Strike_W","floor":24,"key":"PURGE"},{"data":"Defend_W","floor":27,"key":"PURGE"},{"data":"Defend_W","floor":30,"key":"PURGE"},{"data":"Defend_W","floor":32,"key":"PURGE"}],"circlet_count":0,"master_deck":["Negative_Energy_Arrows","Bone_Wall","Negative_Energy_Sphere","Finesse","Bandage Up","Summon_Undead_Army","Flesh_Made_Foul","Thousand_Bone_Knives","Siphon_Strength","Summon_Vampire_Lady+1","Blood_Shield","Skeleton_Dragon","Dark Shackles"],"relics":["Vampire_Amulet","Nilry\u0027s Codex","Peace Pipe","Vajra","Smiling Mask","Membership Card","Dream Catcher","Mango","Busted Crown","MealTicket","Bottled Lightning","Oddly Smooth Stone","Runic Dome"],"acts_visited":["Exordium","TheCity","TheBeyond"],"potions_floor_usage":[10,23,40,40],"damage_taken":[{"damage":0,"enemies":"Cultist","floor":1,"turns":2},{"damage":2,"enemies":"Jaw Worm","floor":3,"turns":4},{"damage":0,"enemies":"2 Louse","floor":5,"turns":3},{"damage":6,"enemies":"Gremlin Gang","floor":8,"turns":3},{"damage":27,"enemies":"Lagavulin","floor":10,"turns":4},{"damage":8,"enemies":"Looter","floor":12,"turns":2},{"damage":9,"enemies":"Red Slaver","floor":14,"turns":3},{"damage":40,"enemies":"The Guardian","floor":16,"turns":9},{"damage":21,"enemies":"Spheric Guardian","floor":18,"turns":5},{"damage":0,"enemies":"Chosen","floor":19,"turns":4},{"damage":26,"enemies":"Snake Plant","floor":22,"turns":4},{"damage":50,"enemies":"Slavers","floor":23,"turns":5},{"damage":31,"enemies":"Shelled Parasite and Fungi","floor":25,"turns":5},{"damage":8,"enemies":"Book of Stabbing","floor":31,"turns":5},{"damage":44,"enemies":"Automaton","floor":33,"turns":9},{"damage":39,"enemies":"3 Shapes","floor":35,"turns":4},{"damage":11,"enemies":"Orb Walker","floor":37,"turns":4},{"damage":17,"enemies":"Spire Growth","floor":38,"turns":4},{"damage":30,"enemies":"3 Darklings","floor":39,"turns":4},{"damage":106,"enemies":"Reptomancer","floor":40,"turns":3}],"seed_played":"408708089960245594","potions_obtained":[{"floor":1,"key":"AttackPotion"},{"floor":5,"key":"FairyPotion"},{"floor":10,"key":"Fruit Juice"},{"floor":16,"key":"Weak Potion"},{"floor":18,"key":"EntropicBrew"},{"floor":38,"key":"Regen Potion"}],"is_trial":false,"path_per_floor":["M","?","M","?","M","T","$","M","T","E","R","M","R","M","R","B",null,"M","M","?","?","M","E","R","M","T","R","?","?","R","E","R","B",null,"M","?","M","M","M","E"],"character_chosen":"NECROMANCER","items_purchased":["Vajra","Membership Card"],"campfire_rested":0,"item_purchase_floors":[0,7],"current_hp_per_floor":[46,46,50,43,51,51,51,57,57,55,55,53,53,50,50,28,94,81,93,93,93,79,54,54,43,43,43,43,27,27,40,40,27,94,71,53,63,61,43,0,0],"gold":726,"neow_bonus":"","is_daily":false,"chose_seed":false,"campfire_upgraded":0,"win_rate":0.0,"timestamp":1609314999,"path_taken":["M","?","M","?","M","?","?","?","T","E","R","M","R","M","R","BOSS","M","M","?","?","?","E","R","M","T","R","?","?","R","E","R","BOSS","M","?","?","M","M","E"],"items_purchased_type":["Relic","Relic"],"build_version":"2020-12-22","purchased_purges":1,"victory":false,"max_hp_per_floor":[75,75,75,75,75,75,75,75,75,94,94,94,94,94,94,94,94,94,94,94,94,94,94,94,94,94,94,94,94,94,94,94,94,94,94,94,94,94,94,94,94],"card_choices":[{"not_picked":["Violent_Necrosis","Negative_Energy_Burst"],"picked":"Summon_Undead_Army","floor":1},{"not_picked":["Bones_to_Steel","Blood_Whip","Shackles_Of_Pain"],"picked":"SKIP","floor":3},{"not_picked":["Negative_Energy_Mist","Scare"],"picked":"Flesh_Made_Foul","floor":5},{"not_picked":["Necrotic_Claws","Bone_Spikes","Blood_Whip"],"picked":"SKIP","floor":8},{"not_picked":["Bones_to_Steel","Toxic_Smoke_Screen","Negative_Energy_Mist"],"picked":"SKIP","floor":10},{"not_picked":["Negative_Energy_Mist","Negative_Energy_Javelin"],"picked":"Thousand_Bone_Knives","floor":12},{"not_picked":["Blood_Shield","Thousand_Bone_Knives"],"picked":"Siphon_Strength","floor":14},{"not_picked":["Blood_Magic","Cloudkill"],"picked":"Summon_Vampire_Lady","floor":16},{"not_picked":["Bones_to_Steel"],"picked":"SKIP","floor":18},{"not_picked":["Chill_Blood"],"picked":"SKIP","floor":19},{"not_picked":["Vampiric_Strike"],"picked":"SKIP","floor":22},{"not_picked":["Life_Drain"],"picked":"SKIP","floor":23},{"not_picked":["Pandemic"],"picked":"SKIP","floor":25},{"not_picked":["Chill_Blood"],"picked":"SKIP","floor":31},{"not_picked":[],"picked":"Skeleton_Dragon","floor":33},{"not_picked":["Bone_Spikes"],"picked":"SKIP","floor":35},{"not_picked":["Finger_Of_Death"],"picked":"SKIP","floor":37},{"not_picked":["Vampiric_Strike+1"],"picked":"SKIP","floor":38},{"not_picked":["Vampiric_Strike"],"picked":"SKIP","floor":39}],"player_experience":113222,"relics_obtained":[{"floor":9,"key":"Dream Catcher"},{"floor":10,"key":"Mango"},{"floor":23,"key":"MealTicket"},{"floor":26,"key":"Bottled Lightning"},{"floor":31,"key":"Oddly Smooth Stone"}],"event_choices":[{"damage_healed":0,"gold_gain":175,"player_choice":"AGREE","damage_taken":119,"max_hp_gain":0,"max_hp_loss":0,"event_name":"betterThird:BetterSerpent","floor":2,"gold_loss":0},{"damage_healed":0,"gold_gain":0,"player_choice":"Relic ","damage_taken":7,"max_hp_gain":0,"max_hp_loss":0,"event_name":"betterThird:BetterScrap","floor":4,"gold_loss":0,"cards_obtained":["Weave"]},{"cards_removed":["Strike_W"],"damage_healed":0,"gold_gain":0,"player_choice":"Give","damage_taken":0,"max_hp_gain":0,"max_hp_loss":0,"event_name":"betterNote:BetterNote","floor":20,"gold_loss":0,"cards_obtained":["None"]},{"damage_healed":0,"gold_gain":0,"player_choice":"Upgraded","damage_taken":0,"max_hp_gain":0,"max_hp_loss":0,"event_name":"Upgrade Shrine","floor":21,"gold_loss":0,"cards_upgraded":["Summon_Vampire_Lady"]},{"damage_healed":0,"gold_gain":0,"player_choice":"Read","damage_taken":0,"max_hp_gain":0,"max_hp_loss":0,"event_name":"The Library","floor":28,"gold_loss":0,"cards_obtained":["Blood_Shield"]},{"damage_healed":0,"gold_gain":0,"player_choice":"Obtained Book","damage_taken":16,"max_hp_gain":0,"max_hp_loss":0,"event_name":"Cursed Tome","floor":29,"gold_loss":0},{"damage_healed":0,"gold_gain":0,"player_choice":"Random: Green","damage_taken":0,"max_hp_gain":0,"max_hp_loss":0,"event_name":"betterThird:BetterPortal","floor":36,"gold_loss":0},{"damage_healed":0,"gold_gain":90,"player_choice":"CARD GOLD ","damage_taken":18,"max_hp_gain":0,"max_hp_loss":0,"event_name":"Knowing Skull","floor":36,"potions_obtained":[],"gold_loss":0,"cards_obtained":["Dark Shackles"]},{"damage_healed":0,"gold_gain":90,"player_choice":"CARD GOLD ","damage_taken":18,"max_hp_gain":0,"max_hp_loss":0,"event_name":"Knowing Skull","floor":36,"potions_obtained":[],"gold_loss":0,"cards_obtained":["Dark Shackles"]}],"is_beta":false,"boss_relics":[{"not_picked":["Pandora\u0027s Box","Black Star"],"picked":"Busted Crown"},{"not_picked":["Calling Bell","Runic Pyramid"],"picked":"Runic Dome"}],"items_purged_floors":[7],"is_endless":false,"potions_floor_spawned":[1,5,10,16,18,19,22,38],"killed_by":"Reptomancer","ascension_level":0}}