{"host":"0ydzwspkajt4brzd","time":1609312275,"event":{"mods":["AchievementEnabler","BaseMod","Colored Map","DeckTracker","Googly Eyes","Highlight Path","Minty Spire (QoL Compilation)","Quick Restart","Random Character Button","Rare Cards Sparkle"],"gold_per_floor":[99,99,99,99,69,69,69,69,69,69,19,19,19,19,19,19,19,19,19,19,19,0,0,0],"floor_reached":23,"playtime":1387,"items_purged":[],"score":312,"play_id":"d89f42e9-c04f-41ae-8782-b64fd544bb9e","local_time":"20201229231115","is_ascension_mode":true,"campfire_choices":[{"data":"Bash","floor":6,"key":"SMITH"},{"floor":13,"key":"REST"},{"data":"Uppercut","floor":15,"key":"SMITH"}],"circlet_count":0,"master_deck":["AscendersBane","Strike_R","Strike_R+1","Strike_R+1","Defend_R","Defend_R","Defend_R","Defend_R","Bash+1","Twin Strike","Shockwave","Headbutt","Cleave+1","Uppercut+1","Feed","Rampage+1","Shrug It Off","Perfected Strike+1"],"relics":["Ectoplasm","Nunchaku","Whetstone","Matryoshka","Akabeko","Black Star","Enchiridion"],"acts_visited":["Exordium","TheCity"],"potions_floor_usage":[8,22],"damage_taken":[{"damage":0,"enemies":"Cultist","floor":1,"turns":3},{"damage":5,"enemies":"2 Louse","floor":2,"turns":2},{"damage":0,"enemies":"Small Slimes","floor":4,"turns":3},{"damage":3,"enemies":"Looter","floor":5,"turns":3},{"damage":0,"enemies":"3 Louse","floor":7,"turns":4},{"damage":24,"enemies":"3 Sentries","floor":8,"turns":10},{"damage":15,"enemies":"Lagavulin","floor":10,"turns":6},{"damage":0,"enemies":"Exordium Thugs","floor":14,"turns":2},{"damage":12,"enemies":"Slime Boss","floor":16,"turns":8},{"damage":18,"enemies":"3 Byrds","floor":18,"turns":6},{"damage":14,"enemies":"2 Thieves","floor":22,"turns":4},{"damage":22,"enemies":"Book of Stabbing","floor":23,"turns":3}],"seed_played":"-8044253241439327607","potions_obtained":[{"floor":4,"key":"SkillPotion"},{"floor":8,"key":"BlessingOfTheForge"},{"floor":10,"key":"SkillPotion"},{"floor":14,"key":"Dexterity Potion"}],"is_trial":false,"path_per_floor":["M","M","?","M","M","R","M","E","T","E","?","?","R","M","R","B",null,"M","?","?","?","M","E"],"character_chosen":"IRONCLAD","items_purchased":[],"campfire_rested":1,"item_purchase_floors":[],"current_hp_per_floor":[72,67,60,60,57,57,57,33,33,18,18,18,42,42,42,30,68,50,50,34,34,20,0,0],"gold":0,"neow_bonus":"BOSS_RELIC","is_daily":false,"chose_seed":false,"campfire_upgraded":2,"win_rate":0.0,"timestamp":1609312275,"path_taken":["M","M","?","M","M","R","M","E","T","E","?","?","R","?","R","BOSS","M","?","?","?","M","E"],"items_purchased_type":[],"build_version":"2020-12-22","purchased_purges":0,"victory":false,"max_hp_per_floor":[80,80,80,80,80,80,80,80,80,80,80,80,80,80,80,80,80,80,80,80,80,80,80,80],"card_choices":[{"not_picked":["True Grit","Flex"],"picked":"Twin Strike","floor":1},{"not_picked":["Thunderclap","Clash","Anger"],"picked":"SKIP","floor":2},{"not_picked":["Pummel","Cleave"],"picked":"Shockwave","floor":4},{"not_picked":["Infernal Blade","Thunderclap"],"picked":"Headbutt","floor":5},{"not_picked":["Body Slam","Shockwave","Blood for Blood"],"picked":"SKIP","floor":7},{"not_picked":["Shockwave","Second Wind"],"picked":"Cleave","floor":8},{"not_picked":["Rampage","Reckless Charge","Blood for Blood"],"picked":"SKIP","floor":10},{"not_picked":["Evolve","Twin Strike"],"picked":"Uppercut","floor":14},{"not_picked":["Juggernaut","Brutality"],"picked":"Feed","floor":16},{"not_picked":["Twin Strike","Pummel+1"],"picked":"Rampage+1","floor":18},{"not_picked":["Rampage+1","Cleave"],"picked":"Perfected Strike+1","floor":22}],"player_experience":398891,"relics_obtained":[{"floor":8,"key":"Nunchaku"},{"floor":9,"key":"Whetstone"},{"floor":10,"key":"Matryoshka"},{"floor":20,"key":"Enchiridion"}],"event_choices":[{"cards_removed":["Strike_R"],"damage_healed":0,"gold_gain":0,"player_choice":"Card Removal","damage_taken":7,"max_hp_gain":0,"max_hp_loss":0,"event_name":"Golden Wing","floor":3,"gold_loss":0},{"cards_removed":["Strike_R"],"damage_healed":0,"gold_gain":0,"player_choice":"Card Removal","damage_taken":0,"max_hp_gain":0,"max_hp_loss":0,"event_name":"The Cleric","floor":11,"gold_loss":50},{"damage_healed":0,"gold_gain":0,"player_choice":"Gave Potion","damage_taken":0,"relics_obtained":["Akabeko"],"max_hp_gain":0,"max_hp_loss":0,"event_name":"WeMeetAgain","floor":12,"gold_loss":0},{"damage_healed":0,"gold_gain":0,"player_choice":"Read","damage_taken":0,"max_hp_gain":0,"max_hp_loss":0,"event_name":"The Library","floor":19,"gold_loss":0,"cards_obtained":["Shrug It Off"]},{"damage_healed":0,"gold_gain":0,"player_choice":"Obtained Book","damage_taken":16,"max_hp_gain":0,"max_hp_loss":0,"event_name":"Cursed Tome","floor":20,"gold_loss":0},{"damage_healed":0,"gold_gain":0,"player_choice":"Upgraded","damage_taken":0,"max_hp_gain":0,"max_hp_loss":0,"event_name":"Upgrade Shrine","floor":21,"gold_loss":0,"cards_upgraded":["Cleave"]}],"is_beta":false,"boss_relics":[{"not_picked":["Runic Cube","Pandora\u0027s Box"],"picked":"Black Star"}],"items_purged_floors":[],"is_endless":false,"potions_floor_spawned":[4,8,10,14,16,18],"killed_by":"Book of Stabbing","ascension_level":11}}