{"host":"mv7lc7tvirr2z3gh","time":1609360646,"event":{"mods":["AchievementEnabler","Arknights The Spire","Aspiration","BaseMod","Bestiary","Better Altar","Better Match","Better Note","Better Sensory Stone","Better Skull","Better Third Choice","BetterRewards","Colored Powertips","Conspire","DeckTracker","Defuse TimeMaze Blight","Dota2Spire","Downfall","Energized Spire","Gold Saver","Hermit","Highlight Path","HololiveMod","Hubris","Magitek Elite","Marisa????????","Minty Spire (QoL Compilation)","MostiFishMod","Permanent Neow","Prisma Mod","Quick Restart","Relic Stats","Replay The Spire","Spicy Shops","StSLib","The Blue Laboratory","The Dragon Tamer","The Servant 0.9.4","Waifu the Spire","WarShipGirlsR/????R mod","Yuyuko"],"gold_per_floor":[114,114,114,133,12,42,42,52,52,81,100,111,111,128,128,128,128],"floor_reached":16,"playtime":1507,"items_purged":[],"score":162,"play_id":"00ba93db-ae8b-44f8-9fe5-0eb246552c8e","local_time":"20201231093726","is_ascension_mode":false,"campfire_choices":[{"data":"ats:Leaping Hammer","floor":7,"key":"SMITH"},{"data":"ats:Strike C","floor":15,"key":"PURGE"}],"circlet_count":0,"master_deck":["ats:Strike G","ats:Strike S","ats:Strike V","ats:Armor Crushing Shot","ats:Defend","ats:Defend","ats:Defend","ats:Defend","ats:Emotion Absorption","ats:Assault Order","ats:Leaping Hammer+1","ats:Demon Strength","ats:True Silver Slash","ats:Powerful Strike","ats:Song Of Battle+1","ats:Apocalypse","ats:Closed Bolt Burst Fire","ats:True Silver Slash"],"relics":["ats:Sanity","DaveBox","BionicSphere","SynthV:TestCard","ats:Hidden Killer","ats:Originium","Simple Rune","Frozen Egg 2","ReplayTheSpireMod:Lightbulb"],"acts_visited":["Exordium"],"potions_floor_usage":[6,12,16],"damage_taken":[{"damage":1,"enemies":"Cultist","floor":1,"turns":4},{"damage":0,"enemies":"Jaw Worm","floor":4,"turns":3},{"damage":0,"enemies":"Gremlin Nob","floor":6,"turns":5},{"damage":0,"enemies":"conspire:RoseBush","floor":8,"turns":2},{"damage":0,"enemies":"3 Sentries","floor":10,"turns":5},{"damage":0,"enemies":"3 Louse","floor":11,"turns":3},{"damage":0,"enemies":"Gremlin Gang","floor":12,"turns":5},{"damage":0,"enemies":"2 Fungi Beasts","floor":14,"turns":3},{"damage":15,"enemies":"Fading Forest","floor":16,"turns":11}],"seed_played":"8661611195152825513","potions_obtained":[{"floor":3,"key":"blueLaboratory:TrueEctoplasm"},{"floor":3,"key":"Weak Potion"},{"floor":3,"key":"Energy Potion"},{"floor":6,"key":"blueLaboratory:HummingbirdPotion"}],"is_trial":false,"path_per_floor":["M","T","?","M","$","E","R","M","T","E","M","M","$","M","R","B"],"character_chosen":"DOCTOR_CLASS","items_purchased":["ats:Demon Strength"],"campfire_rested":0,"item_purchase_floors":[5],"current_hp_per_floor":[71,71,71,71,71,71,71,71,71,71,71,71,71,71,71,57,57],"gold":128,"neow_bonus":"RANDOM_EVENT","is_daily":false,"chose_seed":false,"campfire_upgraded":1,"win_rate":0.0,"timestamp":1609360646,"path_taken":["M","?","?","?","?","E","R","M","T","E","M","M","$","M","R","BOSS"],"items_purchased_type":["Card"],"build_version":"2020-12-22","purchased_purges":0,"victory":false,"max_hp_per_floor":[72,72,72,72,72,72,72,72,72,72,72,72,72,72,72,72,72],"relic_stats":{"counters":[9,41],"obtain_stats":[{"SynthV:TestCard":1,"DaveBox":0,"ats:Originium":6,"BionicSphere":1,"ats:Hidden Killer":2,"Simple Rune":6,"ats:Sanity":0,"Frozen Egg 2":9,"ReplayTheSpireMod:Lightbulb":10},{"SynthV:TestCard":1,"DaveBox":0,"ats:Originium":3,"BionicSphere":1,"ats:Hidden Killer":1,"Simple Rune":3,"ats:Sanity":0,"Frozen Egg 2":4,"ReplayTheSpireMod:Lightbulb":5},{"SynthV:TestCard":4,"DaveBox":0,"ats:Originium":12,"BionicSphere":0,"ats:Hidden Killer":4,"Simple Rune":12,"ats:Sanity":0,"Frozen Egg 2":14,"ReplayTheSpireMod:Lightbulb":19}]},"card_choices":[{"not_picked":["ats:Consecutive Shot Auto","ats:Flexible Camouflage"],"picked":"ats:Assault Order","floor":1},{"not_picked":["ats:Ignite","ats:Powerful Strike","ats:Defend Order","ats:Hook Shot"],"picked":"ats:Leaping Hammer","floor":4},{"not_picked":["ats:Magnetic Hammer","ats:Shell Defense","ats:Guardian Obelisk","ats:Apocalypse"],"picked":"ats:True Silver Slash","floor":6},{"not_picked":["ats:Ignite","ats:Apocalypse","ats:Consecutive Shot Auto","ats:Beaten Up"],"picked":"ats:Powerful Strike","floor":8},{"not_picked":["ats:Curse Doll","ats:Very Hot Blade","ats:Nebulous Foxfire","ats:Shell Defense"],"picked":"ats:Song Of Battle+1","floor":10},{"not_picked":["ats:Steam Pump","ats:Encircling Forest","ats:Cat Scratch","ats:Explosion Area Strengthen"],"picked":"ats:Apocalypse","floor":11},{"not_picked":["ats:Curse Doll","ats:Childhood Dance","ats:Flexible Camouflage","ats:Charging Defense"],"picked":"ats:Closed Bolt Burst Fire","floor":12},{"not_picked":["ats:Demon Strength+1","ats:Consecutive Shot Auto","ats:Flexible Camouflage","ats:Explosion Area Strengthen"],"picked":"ats:True Silver Slash","floor":14}],"player_experience":85727,"relics_obtained":[{"floor":1,"key":"SynthV:TestCard"},{"floor":2,"key":"ats:Hidden Killer"},{"floor":6,"key":"ats:Originium"},{"floor":6,"key":"Simple Rune"},{"floor":9,"key":"Frozen Egg 2"},{"floor":10,"key":"ats:Originium"},{"floor":10,"key":"ReplayTheSpireMod:Lightbulb"}],"event_choices":[{"damage_healed":0,"gold_gain":0,"player_choice":"Got Potions","damage_taken":0,"max_hp_gain":0,"max_hp_loss":0,"event_name":"Lab","floor":3,"gold_loss":0}],"is_beta":false,"boss_relics":[],"items_purged_floors":[],"is_endless":false,"potions_floor_spawned":[6,8,11],"killed_by":"Fading Forest","ascension_level":0}}