{"host":"obl22cu6uafq1ffx","time":1609339263,"event":{"mods":["BaseMod","Colored Map","Hubris","Hunter ¡‘»À","KinomotoSakuraMod(ƒæ÷Æ±æ”£)","Lobotomy","Minty Spire (QoL Compilation)","Pikachu Mod","Shop Mod","Small Relic Pack","StSLib","The Poker Player","The Saiyan","TheHero","[IsaacMod]“‘»ˆº‚À˛","vexMod","°æ“≈ŒÔø®≈∆°øREMEMod"],"gold_per_floor":[88,105,121,121,141,141,141,141,191,225,275,275,275,316,316,413,413,431,431,131,131,131,166,181,181,181,191,203,203,203,272,272,416,416,445,510,510,510,536,580,580,580,580,189,217,234,234,248,248,251],"floor_reached":51,"playtime":4261,"items_purged":[],"score":720,"play_id":"82431234-869e-4f9f-8235-d40ee7bc3772","local_time":"20201230224103","is_ascension_mode":false,"campfire_choices":[{"floor":6,"key":"REST"},{"data":"Saiyan:BigBangAttack","floor":8,"key":"SMITH"},{"floor":12,"key":"REST"},{"floor":15,"key":"REST"},{"floor":30,"key":"REST"},{"data":"Saiyan:KameHameHa","floor":32,"key":"SMITH"},{"floor":41,"key":"REST"},{"data":"Saiyan:Makankosappo","floor":47,"key":"SMITH"},{"data":"REME_HeartOfCthun","floor":49,"key":"SMITH"}],"circlet_count":0,"master_deck":["Saiyan:SAIYA_Strike","Saiyan:SAIYA_Strike","Saiyan:SAIYA_Defend","Saiyan:SAIYA_Defend","Saiyan:SAIYA_Defend","Saiyan:SAIYA_Defend","Saiyan:EnergyBlast","Saiyan:KaioKen","Saiyan:RuthlessBlow","Saiyan:FinalFlash+1","Saiyan:ExpandingShockwave","Saiyan:FingerParry","Saiyan:BigBangAttack+1","Saiyan:Afterimage","Saiyan:Planning","Saiyan:BigBangAttack","Saiyan:DragonFist","Saiyan:MonkeyTail+1","REME_HeartOfCthun+1","Saiyan:AugmentedBlast","Saiyan:Makankosappo+1","Saiyan:TransfigurationBeam","Saiyan:BigBangAttack+1","Saiyan:Planning","Saiyan:KameHameHa+1","Saiyan:SuperSaiyanForm","Writhe","Saiyan:FingerParry","Saiyan:HyperTimeChamber","Saiyan:UltraInstinct","Saiyan:MeteorDash+1","Saiyan:FingerParry","Saiyan:MeteorDash","Dramatic Entrance","Saiyan:MeteorDash","Saiyan:ExpandingShockwave+1","Saiyan:Planning+1"],"relics":["SaiyanSoul","SaiyanHeart","HushsDoor","REME_ComplimentaryCards","GuppysHead","hubris:OldNail","BelialBook","TheBible","vexMod:Dragonfruit","Dream Catcher","hubris:Backtick","PunchingBag","Juzu Bracelet","Mercury Hourglass","Eternal Feather","REME_ArchaeologicalTools","Empty Cage","DeathBook","hubris:Potato","hubris:Towel","StoneCalendar","relicPack:DarknessArmor","relicPack:WeightedSword","REME_HandOfSuture"],"acts_visited":["Exordium","TheCity","TheBeyond"],"potions_floor_usage":[14,28,28,45,46,50],"damage_taken":[{"damage":5,"enemies":"Cultist","floor":1,"turns":3},{"damage":0,"enemies":"Small Slimes","floor":2,"turns":1},{"damage":2,"enemies":"2 Louse","floor":3,"turns":3},{"damage":10,"enemies":"Large Slime","floor":5,"turns":6},{"damage":11,"enemies":"Lagavulin","floor":10,"turns":3},{"damage":13,"enemies":"Hiden Room Battle","floor":11,"turns":5},{"damage":0,"enemies":"2 Fungi Beasts","floor":14,"turns":3},{"damage":25,"enemies":"The Guardian","floor":16,"turns":6},{"damage":13,"enemies":"3 Byrds","floor":18,"turns":3},{"damage":1,"enemies":"REME_1_Revenger","floor":23,"turns":3},{"damage":1,"enemies":"Shell Parasite","floor":24,"turns":3},{"damage":6,"enemies":"3 Cultists","floor":27,"turns":3},{"damage":15,"enemies":"Snecko","floor":28,"turns":3},{"damage":0,"enemies":"Cultist and Chosen","floor":31,"turns":3},{"damage":4,"enemies":"Collector","floor":33,"turns":7},{"damage":0,"enemies":"3 Darklings","floor":35,"turns":4},{"damage":19,"enemies":"Mind Bloom Boss Battle","floor":36,"turns":7},{"damage":10,"enemies":"Orb Walker","floor":39,"turns":2},{"damage":9,"enemies":"Nemesis","floor":40,"turns":5},{"damage":15,"enemies":"Spire Growth","floor":45,"turns":2},{"damage":0,"enemies":"3 Darklings","floor":46,"turns":2},{"damage":0,"enemies":"Jaw Worm Horde","floor":48,"turns":2},{"damage":2,"enemies":"Time Eater","floor":50,"turns":8}],"seed_played":"2242061664314322730","potions_obtained":[{"floor":1,"key":"REME_GoldPotion"},{"floor":2,"key":"Swift Potion"},{"floor":3,"key":"FairyPotion"},{"floor":11,"key":"DuplicationPotion"},{"floor":18,"key":"Energy Potion"},{"floor":33,"key":"Energy Potion"},{"floor":36,"key":"SkillPotion"},{"floor":45,"key":"Fire Potion"},{"floor":46,"key":"Regen Potion"}],"is_trial":false,"path_per_floor":["M","M","M","$","M","R","T","R","T","E","?","R","?","M","R","B",null,"M","?","$","?","?","E","M","?","T","M","M","?","R","M","R","B",null,"M","?","?","?","M","E","R","?","T","$","M","M","R","M","R","B",null],"character_chosen":"SAIYAJIN","items_purchased":["REME_HeartOfCthun","Juzu Bracelet","Saiyan:TransfigurationBeam","DeathBook","relicPack:WeightedSword","REME_HandOfSuture","Dramatic Entrance"],"campfire_rested":5,"item_purchase_floors":[17,20,20,34,44,44,44],"current_hp_per_floor":[55,55,55,55,46,63,63,63,63,52,34,55,55,56,74,49,69,56,56,56,56,56,55,55,55,55,49,36,36,72,74,74,71,65,65,49,49,49,39,33,71,71,71,71,57,59,74,75,75,76],"gold":251,"neow_bonus":"UPGRADE_CARD","is_daily":false,"chose_seed":false,"campfire_upgraded":4,"win_rate":0.0,"timestamp":1609339263,"path_taken":["M","?","M","$","M","R","?","R","T","E","?","R","?","M","R","BOSS","M","?","$","?","?","E","M","?","T","M","M","?","R","M","R","BOSS","M","?","?","?","M","E","R","?","T","$","M","M","R","M","R","BOSS"],"items_purchased_type":["Card","Relic","Card","Relic","Relic","Relic","Card"],"build_version":"2020-12-22","purchased_purges":0,"victory":true,"max_hp_per_floor":[60,60,62,62,63,63,63,63,63,63,73,73,73,74,74,74,69,69,69,69,69,69,69,70,70,70,70,72,72,72,74,74,75,65,65,68,68,68,68,71,71,71,71,71,72,74,74,75,75,78],"card_choices":[{"not_picked":[],"picked":"Bomb","floor":0},{"not_picked":["Saiyan:FingerParry","Saiyan:Flurry"],"picked":"Saiyan:ExpandingShockwave","floor":1},{"not_picked":["Saiyan:Endure","Saiyan:PowerUp"],"picked":"Saiyan:FingerParry","floor":2},{"not_picked":["Saiyan:DoubleMasenko","Saiyan:SaiyanHubris"],"picked":"Saiyan:BigBangAttack","floor":3},{"not_picked":["Saiyan:BigBangAttack","Saiyan:Twize"],"picked":"Saiyan:Afterimage","floor":5},{"not_picked":["Saiyan:SuperSaiyanThree","Saiyan:Scouter"],"picked":"Bomb","floor":10},{"not_picked":["Saiyan:Medicine","Saiyan:ReverberatingForce"],"picked":"Bomb","floor":11},{"not_picked":["Saiyan:BackAttack","Saiyan:Afterimage"],"picked":"Saiyan:Planning","floor":12},{"not_picked":["Saiyan:SaiyanHubris","Saiyan:Endure"],"picked":"Saiyan:BigBangAttack","floor":14},{"not_picked":["Saiyan:ReverberatingForce","Saiyan:SaiyanHubris"],"picked":"Saiyan:DragonFist","floor":15},{"not_picked":["Saiyan:Rekindle","Saiyan:MindBoom"],"picked":"Saiyan:MonkeyTail","floor":16},{"not_picked":["Saiyan:BigBangAttack+1","Saiyan:PlotArmor+1"],"picked":"Saiyan:AugmentedBlast","floor":18},{"not_picked":["Saiyan:ThirstForFight","Saiyan:RemoveWeights"],"picked":"Saiyan:BigBangAttack+1","floor":23},{"not_picked":["Saiyan:SaiyanHubris","Saiyan:BurningSoul"],"picked":"Saiyan:Planning","floor":24},{"not_picked":["Saiyan:Twize","Saiyan:PlotArmor"],"picked":"Saiyan:KameHameHa","floor":27},{"not_picked":["Saiyan:MajinSeal","Saiyan:KiExplosion+1"],"picked":"Saiyan:SuperSaiyanForm","floor":28},{"not_picked":["Saiyan:RemoveWeights","Saiyan:Scouter+1"],"picked":"Saiyan:SaiyanHubris","floor":30},{"not_picked":["Saiyan:BigBangAttack","Saiyan:SaiyanHubris"],"picked":"Saiyan:FingerParry","floor":31},{"not_picked":["Saiyan:MajinSeal","Saiyan:GhostAttack"],"picked":"Saiyan:HyperTimeChamber","floor":33},{"not_picked":["Saiyan:ExpandingShockwave","Saiyan:KameHameHa"],"picked":"Saiyan:UltraInstinct","floor":35},{"not_picked":["Saiyan:DragonFist+1","Saiyan:Expend"],"picked":"Saiyan:MeteorDash+1","floor":36},{"not_picked":["Saiyan:SaiyanHubris+1","Saiyan:Pacing+1"],"picked":"Saiyan:FingerParry","floor":39},{"not_picked":["Saiyan:ExtremeSpeed+1","Saiyan:GhostAttack","Saiyan:BigBangAttack+1"],"picked":"SKIP","floor":40},{"not_picked":["Saiyan:PowerUp","Saiyan:AugmentedBlast"],"picked":"Saiyan:MeteorDash","floor":41},{"not_picked":["Saiyan:KameHameHa+1","Saiyan:Twize+1"],"picked":"Saiyan:MeteorDash","floor":45},{"not_picked":["Saiyan:MajinSeal","Saiyan:MeteorDash+1"],"picked":"Saiyan:ExpandingShockwave+1","floor":46},{"not_picked":["Saiyan:RemoveWeights","Saiyan:SaiyanHubris"],"picked":"Saiyan:Planning+1","floor":48}],"player_experience":12114,"relics_obtained":[{"floor":7,"key":"hubris:OldNail"},{"floor":9,"key":"BelialBook"},{"floor":10,"key":"TheBible"},{"floor":11,"key":"vexMod:Dragonfruit"},{"floor":11,"key":"Dream Catcher"},{"floor":23,"key":"Mercury Hourglass"},{"floor":26,"key":"Eternal Feather"},{"floor":40,"key":"StoneCalendar"},{"floor":43,"key":"relicPack:DarknessArmor"}],"event_choices":[{"damage_healed":0,"gold_gain":0,"player_choice":"Fight","damage_taken":0,"max_hp_gain":0,"max_hp_loss":0,"event_name":"HidenRoomEvent","floor":11,"gold_loss":0},{"damage_healed":0,"gold_gain":0,"player_choice":"Ignored","damage_taken":0,"max_hp_gain":0,"max_hp_loss":0,"event_name":"Liars Game","floor":13,"gold_loss":0},{"damage_healed":0,"gold_gain":0,"player_choice":"Read","damage_taken":0,"max_hp_gain":0,"max_hp_loss":0,"event_name":"The Library","floor":19,"gold_loss":0,"cards_obtained":["Saiyan:Makankosappo"]},{"damage_healed":0,"gold_gain":0,"player_choice":"Ignored","damage_taken":0,"max_hp_gain":0,"max_hp_loss":0,"event_name":"Ghosts","floor":25,"gold_loss":0},{"damage_healed":0,"gold_gain":0,"player_choice":"Opened","damage_taken":0,"relics_obtained":["REME_ArchaeologicalTools"],"max_hp_gain":0,"max_hp_loss":0,"event_name":"The Mausoleum","floor":29,"gold_loss":0,"cards_obtained":["Writhe"]},{"damage_healed":0,"gold_gain":0,"player_choice":"Fight","damage_taken":0,"max_hp_gain":0,"max_hp_loss":0,"event_name":"MindBloom","floor":36,"gold_loss":0},{"cards_removed":["Saiyan:SaiyanHubris"],"damage_healed":0,"gold_gain":0,"player_choice":"Gave Card","damage_taken":0,"relics_obtained":["hubris:Potato"],"max_hp_gain":0,"max_hp_loss":0,"event_name":"WeMeetAgain","floor":37,"gold_loss":0},{"damage_healed":0,"gold_gain":0,"player_choice":"Forge","damage_taken":0,"max_hp_gain":0,"max_hp_loss":0,"event_name":"Accursed Blacksmith","floor":42,"gold_loss":0,"cards_upgraded":["Saiyan:MonkeyTail"]}],"is_beta":false,"boss_relics":[{"not_picked":["vexMod:ImprovementManual","Black Star"],"picked":"hubris:Backtick"},{"not_picked":[]},{"not_picked":["vexMod:CursedCompass","Snecko Eye"],"picked":"Empty Cage"},{"not_picked":[]}],"items_purged_floors":[],"is_endless":false,"potions_floor_spawned":[1,2,3,10,11,18,27,33,36,39,45,46],"ascension_level":0}}