{"host":"gsp4qlltb0c3ynci","time":1609305296,"event":{"mods":["2.2 Compatiblity","Abigail Mod","Ascension Reborn","BaseMod","Friendly Minions","Minty Spire (QoL Compilation)","Prisma Mod","Replay The Spire","Say the Spire","StSLib"],"gold_per_floor":[156,217,286,21,69,175,297,370,370,495,560,635,683,736,736,1062,1062,1135,1135,295,469,38,146,263,688,738,873,975,295,404,472,472,795,795,851,851,280,307,411,557,669,790,815,933,981,1137,1195,1221,1221,1257],"floor_reached":51,"playtime":1671,"items_purged":["Strike_G+1","Strike_G+1","Strike_G+1","Die Die Die","Riddle With Holes"],"score":1684,"play_id":"8875e775-bfb5-4557-8d3b-b109dee66e96","local_time":"20201230141456","daily_mods":["Vintage","Heirloom","Time Dilation","Flight","DeadlyEvents","Elite Swarm","Midas"],"is_ascension_mode":true,"campfire_choices":[{"floor":15,"key":"DIG"},{"data":"Defend_G+1","floor":32,"key":"PURGE"}],"circlet_count":0,"master_deck":["Defend_G+2","Defend_G+1","Defend_G+2","Survivor+1","Neutralize+1","Quick Slash+1","ReplayTheSpireMod:From All Sides","Accuracy","Apotheosis+1","Acrobatics+1","ReplayTheSpireMod:Scrap Shanks+1","Corpse Explosion+1","Venomology+1","A Thousand Cuts+1","Malaise+1","Madness+1","Backflip+1","After Image+1","Cloak And Dagger+1","Flash of Steel+1","Poison Darts+1","Unload+1","Storm of Steel+1","Calculated Gamble"],"relics":["Ring of the Snake","Incense Burner","Replay:Bandana","Replay:Bottled Flurry","Pantograph","Happy Flower","Replay:PocketPolymizer","Strawberry","War Paint","Tiny Chest","Peace Pipe","Counterbalance","Nunchaku","Replay:Bottled Snecko","Orichalcum","Akabeko","Golden Egg","Fusion Hammer","Boot","Chemical X","Durian","Paper Crane","Bottled Lightning","Omamori","Old Coin","Anchor","InkBottle","MawBank","Simple Rune","Potion Belt","TheAbacus","Dead Branch","Dream Catcher","Empty Cage","Replay:Wax Seal","Medical Kit","Pen Nib","ReplayFunnel","Regal Pillow","Meat on the Bone","Frozen Egg 2","Replay:Multitool","Replay:Bottled Steam","Bag of Preparation","Replay:Rubber Ducky","Mummified Hand","Bronze Scales"],"acts_visited":["Exordium","TheCity","TheBeyond"],"potions_floor_usage":[10,12,16,16,23,23,25,27,27,28,28,33,33,33,40,40,44,44,44,50,50,50,50,50,50,50,50,50],"damage_taken":[{"damage":0,"enemies":"Cultist","floor":1,"turns":2},{"damage":0,"enemies":"Jaw Worm","floor":2,"turns":4},{"damage":0,"enemies":"2 Louse","floor":3,"turns":2},{"damage":0,"enemies":"Large Slime","floor":5,"turns":5},{"damage":10,"enemies":"Replay:BlueRogue","floor":6,"turns":5},{"damage":13,"enemies":"3 Sentries","floor":7,"turns":6},{"damage":7,"enemies":"Looter","floor":8,"turns":2},{"damage":0,"enemies":"Lagavulin","floor":10,"turns":3},{"damage":0,"enemies":"2 Fungi Beasts","floor":11,"turns":2},{"damage":0,"enemies":"Large Slime","floor":12,"turns":2},{"damage":0,"enemies":"The Guardian","floor":16,"turns":9},{"damage":2,"enemies":"2 Thieves","floor":18,"turns":2},{"damage":0,"enemies":"Slavers","floor":23,"turns":3},{"damage":0,"enemies":"Replay:Snechameleon","floor":24,"turns":4},{"damage":0,"enemies":"Gremlin Leader","floor":25,"turns":5},{"damage":1,"enemies":"Book of Stabbing","floor":27,"turns":4},{"damage":11,"enemies":"Slavers","floor":28,"turns":5},{"damage":0,"enemies":"Book of Stabbing","floor":30,"turns":3},{"damage":0,"enemies":"3 Byrds","floor":31,"turns":3},{"damage":0,"enemies":"Collector","floor":33,"turns":4},{"damage":0,"enemies":"Orb Walker","floor":35,"turns":2},{"damage":0,"enemies":"R_Hoarder","floor":39,"turns":5},{"damage":0,"enemies":"Nemesis","floor":40,"turns":3},{"damage":0,"enemies":"R_Hoarder","floor":41,"turns":2},{"damage":0,"enemies":"Nemesis","floor":42,"turns":4},{"damage":0,"enemies":"Reptomancer","floor":44,"turns":3},{"damage":0,"enemies":"3 Darklings","floor":45,"turns":1},{"damage":0,"enemies":"Giant Head","floor":46,"turns":2},{"damage":0,"enemies":"Sphere and 2 Shapes","floor":47,"turns":1},{"damage":0,"enemies":"Awakened One","floor":50,"turns":4}],"seed_played":"-2122266871362406255","potions_obtained":[{"floor":1,"key":"Energy Potion"},{"floor":7,"key":"ColorlessPotion"},{"floor":10,"key":"FearPotion"},{"floor":11,"key":"Fire Potion"},{"floor":21,"key":"Dexterity Potion"},{"floor":21,"key":"Elixir"},{"floor":25,"key":"Swift Potion"},{"floor":27,"key":"Swift Potion"},{"floor":28,"key":"Dexterity Potion"},{"floor":35,"key":"SkillPotion"},{"floor":42,"key":"Explosive Potion"},{"floor":44,"key":"EssenceOfSteel"},{"floor":45,"key":"Adrenaline Potion"}],"is_trial":true,"path_per_floor":["M","M","M","$","M","E","E","M","T","E","M","M","T","T","R","B",null,"M","?","$","?","$","E","E","E","T","E","E","$","E","M","R","B",null,"M","?","$","T","E","E","E","E","T","E","M","E","M","T","R","B",null],"character_chosen":"THE_SILENT","items_purchased":["Happy Flower","Quick Slash+1","Chemical X","Durian","Paper Crane","PowerPotion","Apotheosis","Acrobatics","ReplayTheSpireMod:Scrap Shanks","Simple Rune","Madness","Potion Belt","Backflip","TheAbacus","Medical Kit","Pen Nib","Flash of Steel"],"campfire_rested":0,"item_purchase_floors":[4,4,20,20,20,20,22,22,22,29,29,29,29,29,37,37,37],"current_hp_per_floor":[70,70,70,70,70,67,54,47,47,47,47,47,47,47,47,72,77,75,75,80,80,80,80,80,80,80,79,68,68,68,68,68,82,82,82,82,82,82,82,82,82,82,82,82,82,82,82,82,82,82],"gold":1257,"neow_bonus":"","is_daily":false,"chose_seed":false,"campfire_upgraded":0,"win_rate":0.0,"timestamp":1609305296,"path_taken":["M","M","M","$","M","E","E","M","T","E","?","?","?","?","R","BOSS","M","?","$","?","$","E","E","E","T","E","E","$","E","M","R","BOSS","M","?","$","?","?","E","E","?","T","E","M","E","?","?","R","BOSS"],"items_purchased_type":["Relic","Card","Relic","Relic","Relic","Potion","Card","Card","Card","Relic","Card","Relic","Card","Relic","Relic","Relic","Card"],"build_version":"2020-12-22","purchased_purges":5,"victory":true,"max_hp_per_floor":[70,70,70,70,70,77,77,77,77,77,77,77,77,77,77,77,77,77,77,82,82,82,82,82,82,82,82,82,82,82,82,82,82,82,82,82,82,82,82,82,82,82,82,82,82,82,82,82,82,82],"card_choices":[{"not_picked":["Burst","Wraith Form v2"],"picked":"ReplayTheSpireMod:From All Sides","floor":6},{"not_picked":["Doppelganger","Wraith Form v2","Replay:Bag of Tricks"],"picked":"SKIP","floor":7},{"not_picked":["A Thousand Cuts","ReplayTheSpireMod:Necrosis"],"picked":"Die Die Die","floor":10},{"not_picked":["Bane","Noxious Fumes"],"picked":"Accuracy","floor":21},{"not_picked":["Unload","Night Terror"],"picked":"Corpse Explosion","floor":23},{"not_picked":["Bullet Time","Wraith Form v2"],"picked":"Venomology","floor":24},{"not_picked":["Tools of the Trade","Glass Knife"],"picked":"A Thousand Cuts","floor":25},{"not_picked":["Wraith Form v2","Glass Knife"],"picked":"Malaise","floor":27},{"not_picked":["A Thousand Cuts","Wraith Form v2","Unload"],"picked":"SKIP","floor":28},{"not_picked":["A Thousand Cuts","ReplayTheSpireMod:From All Sides"],"picked":"After Image","floor":30},{"not_picked":["A Thousand Cuts","Grand Finale"],"picked":"Poison Darts","floor":39},{"not_picked":["After Image","Glass Knife","Venomology"],"picked":"SKIP","floor":40},{"not_picked":["Glass Knife","Bullet Time","ReplayTheSpireMod:From All Sides"],"picked":"SKIP","floor":41},{"not_picked":["Atom Bomb","Venomology"],"picked":"Unload","floor":42},{"not_picked":["Burst","Phantasmal Killer"],"picked":"Storm of Steel","floor":44},{"not_picked":["Storm of Steel","Phantasmal Killer","A Thousand Cuts+1"],"picked":"SKIP","floor":46},{"not_picked":["Blade Dance","Finisher+1"],"picked":"Calculated Gamble","floor":49}],"player_experience":494367,"relics_obtained":[{"floor":1,"key":"Replay:Bandana"},{"floor":2,"key":"Replay:Bottled Flurry"},{"floor":3,"key":"Pantograph"},{"floor":5,"key":"Replay:PocketPolymizer"},{"floor":6,"key":"Strawberry"},{"floor":7,"key":"War Paint"},{"floor":8,"key":"Tiny Chest"},{"floor":9,"key":"Peace Pipe"},{"floor":10,"key":"Counterbalance"},{"floor":11,"key":"Nunchaku"},{"floor":12,"key":"Replay:Bottled Snecko"},{"floor":13,"key":"Orichalcum"},{"floor":14,"key":"Akabeko"},{"floor":15,"key":"Golden Egg"},{"floor":18,"key":"Boot"},{"floor":23,"key":"Bottled Lightning"},{"floor":24,"key":"Omamori"},{"floor":25,"key":"Old Coin"},{"floor":26,"key":"Anchor"},{"floor":27,"key":"InkBottle"},{"floor":28,"key":"MawBank"},{"floor":30,"key":"Dead Branch"},{"floor":31,"key":"Dream Catcher"},{"floor":35,"key":"Replay:Wax Seal"},{"floor":38,"key":"ReplayFunnel"},{"floor":39,"key":"Regal Pillow"},{"floor":40,"key":"Meat on the Bone"},{"floor":41,"key":"Frozen Egg 2"},{"floor":42,"key":"Replay:Multitool"},{"floor":44,"key":"Replay:Bottled Steam"},{"floor":45,"key":"Bag of Preparation"},{"floor":46,"key":"Replay:Rubber Ducky"},{"floor":47,"key":"Mummified Hand"},{"floor":48,"key":"Bronze Scales"}],"event_choices":[{"cards_removed":["Strike_G"],"damage_healed":0,"gold_gain":0,"player_choice":"Elegance","damage_taken":0,"max_hp_gain":0,"max_hp_loss":0,"event_name":"Back to Basics","floor":19,"gold_loss":0},{"damage_healed":0,"gold_gain":0,"player_choice":"2 cards matched","damage_taken":0,"max_hp_gain":0,"max_hp_loss":0,"event_name":"Match and Keep!","floor":36,"gold_loss":0,"cards_obtained":["Riddle With Holes","Cloak And Dagger"]}],"is_beta":false,"boss_relics":[{"not_picked":["Calling Bell","Replay:Drink Me"],"picked":"Fusion Hammer"},{"not_picked":["Sozu","Painkiller Herb"],"picked":"Empty Cage"}],"items_purged_floors":[4,20,22,29,37],"is_endless":false,"potions_floor_spawned":[1,7,10,11,25,27,28,35,42,44,45,46],"ascension_level":0}}