{"host":"m1168lp3vv5pgdep","time":1609286596,"event":{"mods":["Act Like it!","Aspiration","BaseMod","Better Altar","Better Match","Better Sensory Stone","Better Skull","Better Third Choice","Block Reminder","CCEM","Curses Come First","Elementarium","Gensokyo","GungeonMod","Hallownest","Hermit","Hubris","Menagerie","Minty Spire (QoL Compilation)","Pale of the Ancients","Permanent Neow","Quick Restart","Small Relic Pack","Spicy Shops","StSLib","The Bug Knight","The Forsaken","Wandering Minibosses","WarShipGirlsR/????R mod"],"gold_per_floor":[111,123,134,148,113,145,162,162,162,162,177,177,177],"floor_reached":12,"playtime":870,"items_purged":[],"score":82,"play_id":"5c1017f7-f628-4077-9b0b-c0b67b2e5eec","local_time":"20201230000316","is_ascension_mode":false,"campfire_choices":[{"data":"hermit:Determination","floor":8,"key":"SMITH"},{"floor":10,"key":"REST"}],"circlet_count":0,"master_deck":["hermit:Strike_Hermit","hermit:Strike_Hermit","hermit:Strike_Hermit","hermit:Strike_Hermit","hermit:Defend_Hermit","hermit:Defend_Hermit","hermit:Defend_Hermit","hermit:Defend_Hermit","hermit:Snapshot","hermit:Covet","hermit:TrackingShot","hermit:Quickdraw","hermit:ShadowCloak","hermit:ItchyTrigger","hermit:TakeAim","hermit:Determination+1","hermit:Determination"],"relics":["hermit:Momento","MealTicket","Vajra"],"acts_visited":["Exordium"],"potions_floor_usage":[6,12],"damage_taken":[{"damage":0,"enemies":"Cultist","floor":1,"turns":3},{"damage":9,"enemies":"Small Slimes","floor":2,"turns":5},{"damage":0,"enemies":"2 Louse","floor":3,"turns":2},{"damage":4,"enemies":"Looter","floor":4,"turns":3},{"damage":22,"enemies":"Gremlin Nob","floor":6,"turns":5},{"damage":28,"enemies":"Exordium Wildlife","floor":7,"turns":5},{"damage":16,"enemies":"2 Fungi Beasts","floor":11,"turns":4},{"damage":32,"enemies":"Lagavulin","floor":12,"turns":6}],"seed_played":"1518728736427120281","potions_obtained":[{"floor":1,"key":"GamblersBrew"},{"floor":3,"key":"Block Potion"},{"floor":7,"key":"Swift Potion"}],"is_trial":false,"path_per_floor":["M","M","M","M","?","E","M","R","T","R","M","E"],"character_chosen":"HERMIT","items_purchased":[],"campfire_rested":1,"item_purchase_floors":[],"current_hp_per_floor":[75,66,66,62,75,53,25,25,25,47,31,0,0],"gold":177,"neow_bonus":"RANDOM_COMMON_RELIC","is_daily":false,"chose_seed":false,"campfire_upgraded":1,"win_rate":0.0,"timestamp":1609286596,"path_taken":["M","M","?","M","?","E","M","R","T","R","M","E"],"items_purchased_type":[],"build_version":"2020-12-22","purchased_purges":0,"victory":false,"max_hp_per_floor":[75,75,75,75,75,75,75,75,75,75,75,75,75],"card_choices":[{"not_picked":["hermit:NoHoldsBarred","hermit:Ricochet"],"picked":"hermit:TrackingShot","floor":1},{"not_picked":["hermit:WideOpen","hermit:Glare"],"picked":"hermit:Quickdraw","floor":2},{"not_picked":["hermit:Scavenge","hermit:Feint"],"picked":"hermit:ShadowCloak","floor":3},{"not_picked":["hermit:WideOpen","hermit:TrackingShot"],"picked":"hermit:ItchyTrigger","floor":4},{"not_picked":["hermit:Malice","hermit:Virtue"],"picked":"hermit:TakeAim","floor":6},{"not_picked":["hermit:Cheat","hermit:Snipe"],"picked":"hermit:Determination","floor":7},{"not_picked":["hermit:HighCaliber","hermit:FatalDesire"],"picked":"hermit:Determination","floor":11}],"player_experience":237857,"relics_obtained":[{"floor":6,"key":"Vajra"}],"event_choices":[{"damage_healed":18,"gold_gain":0,"player_choice":"Healed","damage_taken":0,"max_hp_gain":0,"max_hp_loss":0,"event_name":"The Cleric","floor":5,"gold_loss":35}],"is_beta":false,"boss_relics":[],"items_purged_floors":[],"is_endless":false,"potions_floor_spawned":[1,3,7],"killed_by":"Lagavulin","ascension_level":0}}