{"host":"a7dhdzm3fda48fos","time":1609360418,"event":{"mods":["AchievementEnabler","AlwaysNeverKeys","BaseMod","Better Altar","Better Note","Better Sensory Stone","Better Skull","Better Third Choice","Block Reminder","Colored Map","Gold Saver","Hermit","Minty Spire (QoL Compilation)","Quick Restart","Rare Cards Sparkle","Relic Sorter","Relic Stats","Remove Card Discount Mod","Shop Mod","Spicy Shops","StSLib"],"gold_per_floor":[838,118,82,82,93,128,128,157,157,173,173,173,173,183,183,287,287,303,315,66,142,160,160,176,91,114,147,21,21,21,39,39,135,135,155,5,17,67,67,100,98,128,128,142,142,0,0,28,28,28,28,28,69,103,103,103],"floor_reached":55,"playtime":3484,"items_purged":["Dual Wield","Evolve"],"score":842,"play_id":"d3411111-55b4-4cf1-acce-036a4f9e474b","local_time":"20201230213338","is_ascension_mode":true,"campfire_choices":[{"data":"Offering","floor":7,"key":"SMITH"},{"data":"Rupture","floor":11,"key":"SMITH"},{"data":"Reaper","floor":13,"key":"SMITH"},{"data":"Bash","floor":15,"key":"SMITH"},{"data":"Brutality","floor":23,"key":"SMITH"},{"data":"Rupture","floor":29,"key":"SMITH"},{"floor":32,"key":"REST"},{"data":"1","floor":45,"key":"LIFT"},{"floor":49,"key":"REST"},{"data":"Berserk","floor":52,"key":"SMITH"}],"circlet_count":0,"master_deck":["Strike_R","Strike_R+1","Strike_R+1","Strike_R","Strike_R","Defend_R","Defend_R","Defend_R","Defend_R","Bash+1","Pommel Strike","Battle Trance+1","Offering+1","Reaper+1","Pommel Strike","Iron Wave","Rupture+1","Cleave","Pommel Strike","Brutality+1","Sword Boomerang","Feel No Pain","Pommel Strike+1","Rupture+1","Rage","Thunderclap","Berserk","CurseOfTheBell","Inflame+1","Pommel Strike+1","Twin Strike+1","Evolve+1","Flex+1","Rage","Combust+1","Berserk+1","Metallicize","Hemokinesis+1"],"relics":["Burning Blood","Prayer Wheel","Bag of Marbles","MerchantsRug","betterThird:SlimedRelic","InkBottle","White Beast Statue","Philosopher\u0027s Stone","Thread and Needle","Mummified Hand","Red Skull","Meat on the Bone","HornCleat","Lantern","Girya","Molten Egg 2","Omamori","Charon\u0027s Ashes","Calipers","Blood Vial","Red Mask","WarpedTongs","Oddly Smooth Stone","Anchor"],"acts_visited":["Exordium","TheCity","TheBeyond","TheEnding"],"potions_floor_usage":[16,28,33,38,40,42,44,50,50,55,55],"damage_taken":[{"damage":2,"enemies":"2 Louse","floor":1,"turns":3},{"damage":0,"enemies":"Small Slimes","floor":5,"turns":2},{"damage":9,"enemies":"Gremlin Nob","floor":6,"turns":3},{"damage":27,"enemies":"3 Sentries","floor":8,"turns":8},{"damage":6,"enemies":"Cultist","floor":10,"turns":1},{"damage":7,"enemies":"2 Fungi Beasts","floor":14,"turns":3},{"damage":12,"enemies":"Slime Boss","floor":16,"turns":7},{"damage":16,"enemies":"Shell Parasite","floor":18,"turns":3},{"damage":13,"enemies":"Chosen","floor":19,"turns":4},{"damage":25,"enemies":"Snake Plant","floor":22,"turns":3},{"damage":14,"enemies":"Centurion and Healer","floor":24,"turns":4},{"damage":19,"enemies":"Gremlin Leader","floor":27,"turns":4},{"damage":24,"enemies":"Snecko","floor":31,"turns":4},{"damage":19,"enemies":"Automaton","floor":33,"turns":5},{"damage":18,"enemies":"3 Darklings","floor":35,"turns":3},{"damage":30,"enemies":"3 Shapes","floor":37,"turns":2},{"damage":14,"enemies":"Mind Bloom Boss Battle","floor":38,"turns":4},{"damage":22,"enemies":"Reptomancer","floor":40,"turns":4},{"damage":25,"enemies":"Nemesis","floor":42,"turns":5},{"damage":14,"enemies":"Maw","floor":44,"turns":4},{"damage":12,"enemies":"Giant Head","floor":48,"turns":4},{"damage":60,"enemies":"Donu and Deca","floor":50,"turns":5},{"damage":27,"enemies":"Shield and Spear","floor":54,"turns":5},{"damage":128,"enemies":"The Heart","floor":55,"turns":5}],"seed_played":"-8651430213448076764","potions_obtained":[{"floor":6,"key":"BloodPotion"},{"floor":8,"key":"LiquidMemories"},{"floor":10,"key":"Explosive Potion"},{"floor":14,"key":"Block Potion"},{"floor":16,"key":"SkillPotion"},{"floor":19,"key":"DuplicationPotion"},{"floor":22,"key":"BloodPotion"},{"floor":24,"key":"BloodPotion"},{"floor":31,"key":"AttackPotion"},{"floor":33,"key":"AttackPotion"},{"floor":38,"key":"Energy Potion"},{"floor":40,"key":"CultistPotion"},{"floor":42,"key":"Strength Potion"},{"floor":44,"key":"Fruit Juice"},{"floor":48,"key":"ColorlessPotion"},{"floor":54,"key":"PowerPotion"}],"is_trial":false,"path_per_floor":["M","$","?","?","M","E","R","E","T","M","R","?","R","M","R","B",null,"M","M","$","T","M","R","M","?","T","E","$","R","?","M","R","B",null,"M","$","M","?","?","E","$","E","T","M","R","?","?","E","R","B",null,"R","$","E","B"],"character_chosen":"IRONCLAD","items_purchased":["Prayer Wheel","Bag of Marbles","MerchantsRug","Battle Trance","Thread and Needle","HornCleat","Omamori","Metallicize"],"campfire_rested":2,"item_purchase_floors":[2,2,2,2,20,28,36,53],"current_hp_per_floor":[80,80,69,69,75,72,72,65,65,65,65,65,65,78,78,72,80,77,70,70,70,61,61,60,60,60,47,63,63,63,57,80,80,80,80,80,60,64,64,78,80,61,61,60,60,60,60,56,85,60,85,85,85,64,0,0],"gold":103,"neow_bonus":"RANDOM_COMMON_RELIC","is_daily":false,"chose_seed":false,"campfire_upgraded":7,"win_rate":0.0,"timestamp":1609360418,"path_taken":["M","$","?","?","?","E","R","E","T","M","R","?","R","M","R","BOSS","M","M","$","?","M","R","M","?","T","E","$","R","?","M","R","BOSS","M","$","M","?","?","E","$","E","T","M","R","?","?","E","R","BOSS","R","$","E","BOSS"],"items_purchased_type":["Relic","Relic","Relic","Card","Relic","Relic","Relic","Card"],"build_version":"2020-12-22","purchased_purges":2,"victory":false,"max_hp_per_floor":[80,80,80,80,80,80,80,80,80,80,80,80,80,80,80,80,80,80,80,80,80,80,80,80,80,80,80,80,80,80,80,80,80,80,80,80,80,80,80,80,80,80,80,85,85,85,85,85,85,85,85,85,85,85,85,85],"relic_stats":{"Blood Vial":6,"counters":[24,95],"Mummified Hand":[97],"Prayer Wheel":11,"Charon\u0027s Ashes":[38],"obtain_stats":[{"Regal Pillow":8,"Lantern":34,"Calipers":42,"Whetstone":0,"Burning Blood":0,"Blood Vial":43,"HornCleat":28,"Mummified Hand":21,"Prayer Wheel":2,"Philosopher\u0027s Stone":17,"MealTicket":40,"Red Mask":46,"InkBottle":6,"Red Skull":25,"MerchantsRug":2,"Girya":34,"Oddly Smooth Stone":48,"Thread and Needle":20,"Charon\u0027s Ashes":38,"Omamori":36,"White Beast Statue":9,"WarpedTongs":47,"Calling Bell":34,"Anchor":54,"betterThird:SlimedRelic":3,"Molten Egg 2":34,"Bag of Marbles":2,"Meat on the Bone":27},{"Regal Pillow":4,"Lantern":14,"Calipers":19,"Whetstone":0,"Burning Blood":0,"Blood Vial":19,"HornCleat":12,"Mummified Hand":9,"Prayer Wheel":1,"Philosopher\u0027s Stone":7,"MealTicket":18,"Red Mask":20,"InkBottle":3,"Red Skull":11,"MerchantsRug":1,"Girya":14,"Oddly Smooth Stone":21,"Thread and Needle":9,"Charon\u0027s Ashes":17,"Omamori":15,"White Beast Statue":4,"WarpedTongs":20,"Calling Bell":14,"Anchor":23,"betterThird:SlimedRelic":1,"Molten Egg 2":14,"Bag of Marbles":1,"Meat on the Bone":12},{"Regal Pillow":16,"Lantern":54,"Calipers":72,"Whetstone":0,"Burning Blood":0,"Blood Vial":72,"HornCleat":45,"Mummified Hand":34,"Prayer Wheel":3,"Philosopher\u0027s Stone":27,"MealTicket":67,"Red Mask":76,"InkBottle":8,"Red Skull":41,"MerchantsRug":3,"Girya":54,"Oddly Smooth Stone":80,"Thread and Needle":34,"Charon\u0027s Ashes":63,"Omamori":57,"White Beast Statue":16,"WarpedTongs":76,"Calling Bell":54,"Anchor":90,"betterThird:SlimedRelic":3,"Molten Egg 2":54,"Bag of Marbles":3,"Meat on the Bone":45}],"Burning Blood":127,"InkBottle":[35],"Meat on the Bone":24,"WarpedTongs":[19]},"card_choices":[{"not_picked":["Anger","Clothesline"],"picked":"Pommel Strike","floor":1},{"not_picked":["Sever Soul","Carnage"],"picked":"Dual Wield","floor":5},{"not_picked":["Ghostly Armor","Searing Blow"],"picked":"Offering","floor":5},{"not_picked":["Feel No Pain","Clothesline"],"picked":"Reaper","floor":6},{"not_picked":["Cleave","Anger"],"picked":"Pommel Strike","floor":8},{"not_picked":["Armaments","Clothesline"],"picked":"Iron Wave","floor":10},{"not_picked":["Berserk","Intimidate"],"picked":"Rupture","floor":10},{"not_picked":["Armaments","Heavy Blade"],"picked":"Cleave","floor":14},{"not_picked":["Intimidate","Carnage"],"picked":"Pommel Strike","floor":14},{"not_picked":["Immolate","Bludgeon"],"picked":"Brutality","floor":16},{"not_picked":["True Grit+1","Body Slam"],"picked":"Sword Boomerang","floor":18},{"not_picked":["Dark Embrace","Anger","Cleave"],"picked":"SKIP","floor":18},{"not_picked":["Cleave+1","Intimidate"],"picked":"Feel No Pain","floor":19},{"not_picked":["Power Through","Second Wind","Cleave"],"picked":"SKIP","floor":19},{"not_picked":["Wild Strike+1","Headbutt"],"picked":"Pommel Strike+1","floor":22},{"not_picked":["Clothesline","Anger+1","Dual Wield"],"picked":"SKIP","floor":22},{"not_picked":["Rampage","True Grit"],"picked":"Rupture","floor":24},{"not_picked":["Armaments","Clothesline"],"picked":"Rage","floor":24},{"not_picked":["Offering","Dropkick"],"picked":"Bloodletting","floor":27},{"not_picked":["Searing Blow","Perfected Strike"],"picked":"Thunderclap","floor":31},{"not_picked":["Clothesline+1","Cleave","Dropkick+1"],"picked":"SKIP","floor":31},{"not_picked":["Feed","Impervious"],"picked":"Berserk","floor":33},{"not_picked":["Armaments","Cleave+1"],"picked":"Inflame+1","floor":35},{"not_picked":["Anger+1","Clothesline+1","Second Wind+1"],"picked":"SKIP","floor":35},{"not_picked":["Rampage+1","Armaments+1"],"picked":"Pommel Strike+1","floor":37},{"not_picked":["Perfected Strike+1","Dark Embrace","Dual Wield"],"picked":"SKIP","floor":37},{"not_picked":["Warcry","Perfected Strike+1"],"picked":"Twin Strike+1","floor":38},{"not_picked":["Anger+1","Clash+1"],"picked":"Evolve+1","floor":40},{"not_picked":["Feed+1","Body Slam+1"],"picked":"Flex+1","floor":42},{"not_picked":["Perfected Strike+1","Thunderclap+1"],"picked":"Rage","floor":44},{"not_picked":["Rupture+1","Headbutt+1"],"picked":"Combust+1","floor":44},{"not_picked":["Disarm+1","Cleave+1"],"picked":"Berserk","floor":48},{"not_picked":["Burning Pact+1","Wild Strike+1"],"picked":"Hemokinesis+1","floor":54}],"player_experience":53079,"relics_obtained":[{"floor":6,"key":"InkBottle"},{"floor":8,"key":"Regal Pillow"},{"floor":9,"key":"White Beast Statue"},{"floor":21,"key":"Mummified Hand"},{"floor":27,"key":"Meat on the Bone"},{"floor":34,"key":"Lantern"},{"floor":34,"key":"Girya"},{"floor":34,"key":"Molten Egg 2"},{"floor":38,"key":"Charon\u0027s Ashes"},{"floor":40,"key":"MealTicket"},{"floor":42,"key":"Calipers"},{"floor":43,"key":"Blood Vial"},{"floor":48,"key":"Oddly Smooth Stone"},{"floor":54,"key":"Anchor"}],"event_choices":[{"damage_healed":0,"gold_gain":0,"player_choice":"Slimed","damage_taken":11,"max_hp_gain":0,"max_hp_loss":0,"event_name":"betterThird:BetterGoop","floor":3,"gold_loss":36},{"damage_healed":0,"gold_gain":0,"player_choice":"Upgraded","damage_taken":0,"max_hp_gain":0,"max_hp_loss":0,"event_name":"Upgrade Shrine","floor":4,"gold_loss":0,"cards_upgraded":["Battle Trance"]},{"damage_healed":0,"gold_gain":0,"player_choice":"Bought 0 Potions","damage_taken":0,"max_hp_gain":0,"max_hp_loss":0,"event_name":"The Woman in Blue","floor":12,"gold_loss":0},{"damage_healed":0,"gold_gain":0,"player_choice":"Obtained Relic","damage_taken":0,"relics_obtained":["Red Skull"],"max_hp_gain":0,"max_hp_loss":0,"event_name":"Addict","floor":25,"gold_loss":85},{"damage_healed":0,"gold_gain":0,"player_choice":"Read","damage_taken":0,"max_hp_gain":0,"max_hp_loss":0,"event_name":"The Library","floor":30,"gold_loss":0,"cards_obtained":["Evolve"]},{"damage_healed":0,"gold_gain":0,"player_choice":"Fight","damage_taken":0,"max_hp_gain":0,"max_hp_loss":0,"event_name":"MindBloom","floor":38,"gold_loss":0},{"cards_removed":["Bloodletting"],"damage_healed":0,"gold_gain":0,"player_choice":"Removed Skill","damage_taken":0,"max_hp_gain":0,"max_hp_loss":0,"event_name":"Falling","floor":39,"gold_loss":0},{"damage_healed":0,"gold_gain":0,"player_choice":"Paid","damage_taken":0,"relics_obtained":["Red Mask"],"max_hp_gain":0,"max_hp_loss":0,"event_name":"Tomb of Lord Red Mask","floor":46,"gold_loss":142},{"damage_healed":0,"gold_gain":0,"player_choice":"Rummage","damage_taken":0,"relics_obtained":["WarpedTongs"],"max_hp_gain":0,"max_hp_loss":0,"event_name":"Accursed Blacksmith","floor":47,"gold_loss":0,"cards_obtained":["Pain"]}],"is_beta":false,"boss_relics":[{"not_picked":["Tiny House","Ectoplasm"],"picked":"Philosopher\u0027s Stone"},{"not_picked":["Coffee Dripper","Cursed Key"],"picked":"Calling Bell"}],"items_purged_floors":[20,41],"is_endless":false,"potions_floor_spawned":[6,8,10,14,16,18,19,22,24,27,31,33,35,37,38,40,42,44,48,54],"killed_by":"The Heart","ascension_level":1}}