{"host":"jn2qdns2nxijvlnt","time":1609295522,"event":{"mods":["BaseMod","Minty Spire (QoL Compilation)","Quick Restart"],"gold_per_floor":[116,129,279,292,309,341,341,341,341],"floor_reached":8,"playtime":453,"items_purged":[],"score":116,"play_id":"4b98066b-bad2-4093-82dd-3cebfda5958c","local_time":"20201229213202","is_ascension_mode":true,"campfire_choices":[{"floor":7,"key":"REST"}],"circlet_count":0,"master_deck":["AscendersBane","Strike_R","Strike_R","Strike_R","Strike_R","Strike_R","Defend_R","Defend_R","Defend_R","Defend_R","Bash","Armaments","Doubt","Perfected Strike","Rampage"],"relics":["Burning Blood","Frozen Egg 2"],"acts_visited":["Exordium"],"potions_floor_usage":[1,2,5,6],"damage_taken":[{"damage":1,"enemies":"Cultist","floor":1,"turns":3},{"damage":7,"enemies":"Jaw Worm","floor":2,"turns":2},{"damage":2,"enemies":"2 Louse","floor":4,"turns":3},{"damage":17,"enemies":"Large Slime","floor":5,"turns":7},{"damage":56,"enemies":"Gremlin Nob","floor":6,"turns":5},{"damage":35,"enemies":"Lagavulin","floor":8,"turns":5}],"seed_played":"7248257668699884880","potions_obtained":[{"floor":0,"key":"DistilledChaos"},{"floor":0,"key":"Fire Potion"},{"floor":2,"key":"LiquidMemories"},{"floor":5,"key":"BlessingOfTheForge"}],"is_trial":false,"path_per_floor":["M","M","?","M","M","E","R","E"],"character_chosen":"IRONCLAD","items_purchased":[],"campfire_rested":1,"item_purchase_floors":[],"current_hp_per_floor":[73,72,72,75,64,14,36,1,1],"gold":341,"neow_bonus":"THREE_SMALL_POTIONS","is_daily":false,"chose_seed":false,"campfire_upgraded":0,"win_rate":0.0,"timestamp":1609295522,"path_taken":["M","?","?","M","M","E","R","E"],"items_purchased_type":[],"build_version":"2020-12-22","purchased_purges":0,"victory":false,"max_hp_per_floor":[75,75,75,75,75,75,75,75,75],"card_choices":[{"not_picked":["Searing Blow","Entrench","Clothesline"],"picked":"SKIP","floor":1},{"not_picked":["Rage","Pommel Strike"],"picked":"Armaments","floor":2},{"not_picked":["Flex","Evolve","Havoc"],"picked":"SKIP","floor":4},{"not_picked":["Fire Breathing","Shockwave"],"picked":"Perfected Strike","floor":5},{"not_picked":["Entrench","Dark Embrace+1"],"picked":"Rampage","floor":6}],"player_experience":443945,"relics_obtained":[{"floor":6,"key":"Frozen Egg 2"}],"event_choices":[{"damage_healed":0,"gold_gain":150,"player_choice":"AGREE","damage_taken":0,"max_hp_gain":0,"max_hp_loss":0,"event_name":"Liars Game","floor":3,"gold_loss":0,"cards_obtained":["Doubt"]}],"is_beta":false,"boss_relics":[],"items_purged_floors":[],"is_endless":false,"potions_floor_spawned":[2,5],"killed_by":"Lagavulin","ascension_level":20}}