{"host":"2cg6xoexl1he7zus","time":1609289550,"event":{"mods":["AchievementEnabler","BaseMod","Colored Map","Minty Spire (QoL Compilation)","Quick Restart","StSLib","SuperFastMode","everything is the same but u backflip on backflip"],"gold_per_floor":[115,126,136,136,151,151,185,185,185,208,208,223,256,256,256,380,380,403,318,332,350,350,350,350,350],"floor_reached":24,"playtime":425,"items_purged":[],"score":333,"play_id":"8053d30a-1bf2-4e42-b900-dfbeb3659c6e","local_time":"20201230095230","is_ascension_mode":true,"campfire_choices":[{"data":"Dualcast","floor":6.0,"key":"SMITH"},{"floor":8.0,"key":"REST"},{"floor":15.0,"key":"REST"},{"data":"Coolheaded","floor":23,"key":"SMITH"}],"circlet_count":0,"master_deck":["AscendersBane","Strike_B","Strike_B","Strike_B","Strike_B","Defend_B","Defend_B","Defend_B","Defend_B","Zap","Dualcast+1","Sweeping Beam","Electrodynamics","Melter","Ball Lightning","Biased Cognition","Thunder Strike","Biased Cognition","Biased Cognition","Coolheaded+1"],"relics":["Cracked Core","Nunchaku","Golden Idol","Akabeko","Boot","InkBottle","Philosopher\u0027s Stone","Art of War"],"acts_visited":["Exordium","TheCity"],"potions_floor_usage":[],"damage_taken":[{"damage":4.0,"enemies":"Jaw Worm","floor":1.0,"turns":4.0},{"damage":9.0,"enemies":"2 Louse","floor":2.0,"turns":2.0},{"damage":1.0,"enemies":"Cultist","floor":3.0,"turns":3.0},{"damage":14.0,"enemies":"3 Louse","floor":5.0,"turns":2.0},{"damage":30.0,"enemies":"Lagavulin","floor":7.0,"turns":5.0},{"damage":8.0,"enemies":"Blue Slaver","floor":10.0,"turns":2.0},{"damage":4.0,"enemies":"2 Fungi Beasts","floor":12.0,"turns":2.0},{"damage":10.0,"enemies":"3 Sentries","floor":13.0,"turns":3.0},{"damage":26.0,"enemies":"Slime Boss","floor":16.0,"turns":5.0},{"damage":19.0,"enemies":"3 Byrds","floor":18.0,"turns":2.0},{"damage":19.0,"enemies":"Shell Parasite","floor":20.0,"turns":3.0},{"damage":9.0,"enemies":"3 Cultists","floor":21.0,"turns":3.0},{"damage":33,"enemies":"Snake Plant","floor":24,"turns":2}],"seed_played":"-6570264722678086665","potions_obtained":[{"floor":7.0,"key":"AttackPotion"},{"floor":10.0,"key":"AttackPotion"},{"floor":20.0,"key":"Strength Potion"},{"floor":21.0,"key":"Strength Potion"}],"is_trial":false,"path_per_floor":["M","M","M","?","M","R","E","R","T","M","?","M","E","?","R","B",null,"M","?","M","M","?","R","M"],"character_chosen":"DEFECT","items_purchased":[],"campfire_rested":2,"item_purchase_floors":[],"current_hp_per_floor":[64,55,54,54,40,40,10,30,30,22,22,18,8,8,28,2,52,33,33,14,5,28,28,0,0],"gold":350,"neow_bonus":"RANDOM_COMMON_RELIC","is_daily":false,"chose_seed":false,"campfire_upgraded":2,"win_rate":0.0,"timestamp":1609289550,"path_taken":["M","M","M","?","M","R","E","R","T","M","?","?","E","?","R","BOSS","M","?","M","M","?","R","M"],"items_purchased_type":[],"build_version":"2020-12-22","purchased_purges":0,"victory":false,"max_hp_per_floor":[75,75,75,69,69,69,69,69,69,69,69,69,69,69,69,69,69,69,69,69,69,69,69,69,69],"card_choices":[{"not_picked":["Leap","Stack"],"picked":"Sweeping Beam","floor":1.0},{"not_picked":["Barrage","Steam"],"picked":"Electrodynamics","floor":2.0},{"not_picked":["Rip and Tear","Beam Cell"],"picked":"Melter","floor":3.0},{"not_picked":["Streamline","Go for the Eyes","Sweeping Beam"],"picked":"SKIP","floor":5.0},{"not_picked":["Melter","Stack"],"picked":"Ball Lightning","floor":7.0},{"not_picked":["Steam","Aggregate"],"picked":"Biased Cognition","floor":10.0},{"not_picked":["Steam Power","Barrage","Beam Cell"],"picked":"SKIP","floor":12.0},{"not_picked":["Beam Cell","Coolheaded"],"picked":"Biased Cognition","floor":13.0},{"not_picked":["All For One","Meteor Strike"],"picked":"Biased Cognition","floor":16.0},{"not_picked":["Lockon","Stack+1","Compile Driver"],"picked":"SKIP","floor":18.0},{"not_picked":["Streamline","Go for the Eyes","Hello World"],"picked":"SKIP","floor":20.0},{"not_picked":["Ball Lightning","Go for the Eyes"],"picked":"Coolheaded","floor":21.0}],"player_experience":257475,"relics_obtained":[{"floor":7.0,"key":"Akabeko"},{"floor":9.0,"key":"Boot"},{"floor":13.0,"key":"InkBottle"}],"event_choices":[{"damage_healed":0.0,"max_hp_gain":0.0,"max_hp_loss":6.0,"gold_gain":0.0,"event_name":"Golden Idol","player_choice":"Lose Max HP","floor":4.0,"gold_loss":0.0,"damage_taken":0.0,"relics_obtained":["Golden Idol"]},{"damage_healed":0.0,"max_hp_gain":0.0,"max_hp_loss":0.0,"gold_gain":0.0,"event_name":"Match and Keep!","player_choice":"1 cards matched","floor":11.0,"gold_loss":0.0,"damage_taken":0.0,"cards_obtained":["Thunder Strike"]},{"damage_healed":0.0,"max_hp_gain":0.0,"max_hp_loss":0.0,"gold_gain":0.0,"event_name":"Liars Game","player_choice":"Ignored","floor":14.0,"gold_loss":0.0,"damage_taken":0.0},{"damage_healed":0.0,"max_hp_gain":0.0,"max_hp_loss":0.0,"gold_gain":0.0,"event_name":"Addict","player_choice":"Obtained Relic","floor":19.0,"gold_loss":85.0,"damage_taken":0.0,"relics_obtained":["Art of War"]},{"damage_healed":23,"gold_gain":0,"player_choice":"Heal","damage_taken":0,"max_hp_gain":0,"max_hp_loss":0,"event_name":"The Library","floor":22,"gold_loss":0}],"is_beta":false,"boss_relics":[{"not_picked":["Snecko Eye","Coffee Dripper"],"picked":"Philosopher\u0027s Stone"}],"items_purged_floors":[],"is_endless":false,"potions_floor_spawned":[7,10,12,20,21],"killed_by":"Snake Plant","ascension_level":12}}