{"host":"sav7uxregyirlf69","time":1609292672,"event":{"mods":["AchievementEnabler","BaseMod","Colored Map","DeckTracker","Keyboard Shortcuts","Minty Spire (QoL Compilation)","READ ME - Guardian Mod","StSLib","SuperFastMode"],"gold_per_floor":[113,113,113,73,83,83,109,109,136,152,171,96,116,132,132,206,206,223,223,250,250,300,332,332,332],"floor_reached":24,"playtime":385,"items_purged":[],"score":578,"play_id":"c8f85167-46d9-448d-ab6d-f420920a9c9e","local_time":"20201230104432","is_ascension_mode":true,"campfire_choices":[{"data":"Zap","floor":6.0,"key":"SMITH"},{"data":"Chaos","floor":15,"key":"SMITH"}],"circlet_count":0,"master_deck":["AscendersBane","Defend_B","Defend_B","Defend_B","Zap+1","Dualcast","Coolheaded","Sweeping Beam","Capacitor","Core Surge","Leap","Rip and Tear","Chaos+1","Go for the Eyes","Biased Cognition","Meteor Strike","FTL","BootSequence","Glacier+1"],"relics":["Cracked Core","NeowsBlessing","PreservedInsect","Shuriken","Nuclear Battery","Red Mask","Akabeko"],"acts_visited":["Exordium","TheCity"],"potions_floor_usage":[16,18,20,23],"damage_taken":[{"damage":0.0,"enemies":"Jaw Worm","floor":1.0,"turns":1.0},{"damage":0.0,"enemies":"Small Slimes","floor":5.0,"turns":1.0},{"damage":0.0,"enemies":"Gremlin Nob","floor":7.0,"turns":1.0},{"damage":0.0,"enemies":"Cultist","floor":10.0,"turns":3.0},{"damage":2.0,"enemies":"2 Fungi Beasts","floor":11.0,"turns":4.0},{"damage":4.0,"enemies":"Large Slime","floor":13.0,"turns":4.0},{"damage":1,"enemies":"3 Louse","floor":14,"turns":2},{"damage":0,"enemies":"Hexaghost","floor":16,"turns":7},{"damage":16,"enemies":"Shell Parasite","floor":18,"turns":5},{"damage":36,"enemies":"Masked Bandits","floor":20,"turns":3},{"damage":23,"enemies":"Gremlin Leader","floor":23,"turns":5},{"damage":5,"enemies":"Chosen","floor":24,"turns":3}],"seed_played":"4455167059788499963","potions_obtained":[{"floor":4.0,"key":"FocusPotion"},{"floor":4.0,"key":"AttackPotion"},{"floor":16,"key":"PowerPotion"},{"floor":20,"key":"LiquidMemories"},{"floor":23,"key":"Strength Potion"}],"is_trial":false,"path_per_floor":["M","?","?","?","M","R","E","?","T","M","M","?","M","M","R","B",null,"M","?","?","?","?","E","M"],"character_chosen":"DEFECT","items_purchased":[],"campfire_rested":0,"item_purchase_floors":[],"current_hp_per_floor":[64,64,53,53,53,53,53,46,46,46,44,44,40,39,39,39,63,47,47,11,25,25,2,0,0],"gold":332,"neow_bonus":"THREE_ENEMY_KILL","is_daily":false,"chose_seed":false,"campfire_upgraded":2,"win_rate":0.0,"timestamp":1609292672,"path_taken":["M","?","?","?","?","R","E","?","T","M","M","?","M","M","R","BOSS","M","?","?","?","?","E","M"],"items_purchased_type":[],"build_version":"2020-12-22","purchased_purges":0,"victory":false,"max_hp_per_floor":[71,71,71,71,71,71,71,71,71,71,71,71,71,71,71,71,71,71,71,71,71,71,71,71,71],"card_choices":[{"not_picked":["Beam Cell","Stack"],"picked":"Coolheaded","floor":1.0},{"not_picked":["Melter","Rebound"],"picked":"Capacitor","floor":5.0},{"not_picked":["Glacier","Beam Cell"],"picked":"Core Surge","floor":7.0},{"not_picked":["Undo","Stack"],"picked":"Leap","floor":10.0},{"not_picked":["Heatsinks","Aggregate"],"picked":"Rip and Tear","floor":11.0},{"not_picked":["Ball Lightning","Tempest"],"picked":"Chaos","floor":13.0},{"not_picked":["Stack","Force Field"],"picked":"Go for the Eyes","floor":14},{"not_picked":["Hyperbeam","Reboot"],"picked":"Biased Cognition","floor":16},{"not_picked":["Conserve Battery","Storm","Leap"],"picked":"SKIP","floor":18},{"not_picked":["Leap","Conserve Battery"],"picked":"BootSequence","floor":20},{"not_picked":["Stack","Sunder"],"picked":"Glacier+1","floor":23}],"player_experience":1058765,"relics_obtained":[{"floor":7.0,"key":"Shuriken"},{"floor":20,"key":"Red Mask"},{"floor":23,"key":"Akabeko"}],"event_choices":[{"damage_healed":0.0,"max_hp_gain":0.0,"max_hp_loss":0.0,"gold_gain":0.0,"cards_transformed":["Strike_B"],"event_name":"Living Wall","player_choice":"Change","floor":2.0,"gold_loss":0.0,"damage_taken":0.0,"cards_obtained":["Sweeping Beam"]},{"damage_healed":0.0,"max_hp_gain":0.0,"max_hp_loss":0.0,"gold_gain":0.0,"event_name":"Scrap Ooze","player_choice":"Success","floor":3.0,"gold_loss":0.0,"damage_taken":11.0,"relics_obtained":["PreservedInsect"]},{"damage_healed":0.0,"max_hp_gain":0.0,"max_hp_loss":0.0,"gold_gain":0.0,"event_name":"The Woman in Blue","player_choice":"Bought 3 Potions","floor":4.0,"gold_loss":0.0,"damage_taken":0.0},{"cards_removed":["Strike_B"],"damage_healed":0.0,"max_hp_gain":0.0,"max_hp_loss":0.0,"gold_gain":0.0,"event_name":"Golden Wing","player_choice":"Card Removal","floor":8.0,"gold_loss":0.0,"damage_taken":7.0},{"cards_removed":["Defend_B"],"damage_healed":0.0,"max_hp_gain":0.0,"max_hp_loss":0.0,"gold_gain":0.0,"event_name":"The Cleric","player_choice":"Card Removal","floor":12.0,"gold_loss":75.0,"damage_taken":0.0},{"damage_healed":0,"gold_gain":0,"cards_transformed":["Strike_B","Strike_B"],"player_choice":"Became Test Subject","damage_taken":0,"max_hp_gain":0,"max_hp_loss":0,"event_name":"Drug Dealer","floor":19,"gold_loss":0,"cards_obtained":["Meteor Strike","FTL"]},{"damage_healed":0,"gold_gain":0,"player_choice":"Fought Bandits","damage_taken":0,"max_hp_gain":0,"max_hp_loss":0,"event_name":"Masked Bandits","floor":20,"gold_loss":0},{"damage_healed":14,"gold_gain":0,"player_choice":"Heal","damage_taken":0,"max_hp_gain":0,"max_hp_loss":0,"event_name":"The Library","floor":21,"gold_loss":0},{"damage_healed":0,"gold_gain":50,"player_choice":"Stole From Cult","damage_taken":0,"max_hp_gain":0,"max_hp_loss":0,"event_name":"Nest","floor":22,"gold_loss":0}],"is_beta":false,"boss_relics":[{"not_picked":["Fusion Hammer","Busted Crown"],"picked":"Nuclear Battery"}],"items_purged_floors":[],"is_endless":false,"potions_floor_spawned":[5,7,13,14,16,20,23],"killed_by":"Chosen","ascension_level":20}}