{"host":"w5ovz9boloi14a0g","time":1609302649,"event":{"mods":["BaseMod","Googly Eyes","Minty Spire (QoL Compilation)","StSLib","SuperFastMode"],"gold_per_floor":[119,133,150,150,162,180,212,212,289,314,327,327,346,378,378,478,478,490,501,426,438,458,458,468,496,496,496,524,524,542,542,542,542,542],"floor_reached":33,"playtime":981,"items_purged":[],"score":397,"play_id":"7b4ddf87-32cd-4485-993e-ef3568827666","local_time":"20201229223049","is_ascension_mode":true,"campfire_choices":[{"floor":12,"key":"REST"},{"data":"Eruption","floor":15,"key":"SMITH"},{"floor":23,"key":"REST"},{"floor":27,"key":"REST"},{"floor":32,"key":"REST"}],"circlet_count":0,"master_deck":["Strike_P","Strike_P+1","Strike_P","Strike_P","Defend_P","Defend_P","Defend_P","Defend_P+1","Eruption+1","Vigilance+1","Conclude","FearNoEvil","EmptyBody","SashWhip","LessonLearned+1","EmptyFist+1","Evaluate","Injury","Scrawl+1"],"relics":["Cursed Key","Pear","Bird Faced Urn","StrikeDummy","Bag of Marbles","Matryoshka","Black Star","Akabeko","HornCleat","Ornamental Fan","Toxic Egg 2","Regal Pillow","Bronze Scales"],"acts_visited":["Exordium","TheCity"],"potions_floor_usage":[28],"damage_taken":[{"damage":0,"enemies":"Cultist","floor":1,"turns":2},{"damage":11,"enemies":"Small Slimes","floor":2,"turns":6},{"damage":0,"enemies":"2 Louse","floor":3,"turns":2},{"damage":10,"enemies":"Exordium Thugs","floor":5,"turns":3},{"damage":0,"enemies":"Lots of Slimes","floor":6,"turns":1},{"damage":19,"enemies":"Lagavulin","floor":7,"turns":5},{"damage":5,"enemies":"3 Sentries","floor":10,"turns":4},{"damage":0,"enemies":"Looter","floor":11,"turns":2},{"damage":0,"enemies":"Red Slaver","floor":13,"turns":2},{"damage":3,"enemies":"Gremlin Nob","floor":14,"turns":3},{"damage":0,"enemies":"Slime Boss","floor":16,"turns":5},{"damage":37,"enemies":"3 Byrds","floor":18,"turns":5},{"damage":0,"enemies":"Spheric Guardian","floor":19,"turns":2},{"damage":11,"enemies":"Snake Plant","floor":21,"turns":3},{"damage":14,"enemies":"Shelled Parasite and Fungi","floor":22,"turns":4},{"damage":0,"enemies":"Chosen and Byrds","floor":24,"turns":3},{"damage":21,"enemies":"Slavers","floor":25,"turns":6},{"damage":27,"enemies":"Gremlin Leader","floor":28,"turns":5},{"damage":4,"enemies":"Snake Plant","floor":30,"turns":2},{"damage":60,"enemies":"Collector","floor":33,"turns":11}],"seed_played":"3647030182004617871","potions_obtained":[{"floor":3,"key":"Regen Potion"},{"floor":7,"key":"FearPotion"},{"floor":11,"key":"AttackPotion"},{"floor":28,"key":"Explosive Potion"}],"is_trial":false,"path_per_floor":["M","M","M","?","M","M","E","?","T","E","M","R","M","E","R","B",null,"M","M","?","M","M","R","M","E","T","R","E","?","M","?","R","B"],"character_chosen":"WATCHER","items_purchased":[],"campfire_rested":4,"item_purchase_floors":[],"current_hp_per_floor":[72,61,61,64,54,54,35,40,40,35,35,59,59,56,56,56,82,45,45,45,34,20,44,44,23,23,47,20,20,16,16,55,0,0],"gold":542,"neow_bonus":"BOSS_RELIC","is_daily":false,"chose_seed":false,"campfire_upgraded":1,"win_rate":0.0,"timestamp":1609302649,"path_taken":["M","?","M","?","M","M","E","?","T","E","M","R","?","E","R","BOSS","M","?","?","M","M","R","M","E","T","R","E","?","?","?","R","BOSS"],"items_purchased_type":[],"build_version":"2020-12-22","purchased_purges":0,"victory":false,"max_hp_per_floor":[72,72,72,82,82,82,82,82,82,82,82,82,82,82,82,82,82,82,82,82,82,82,82,82,82,82,82,82,82,82,82,82,82,82],"card_choices":[{"not_picked":["WaveOfTheHand","ClearTheMind"],"picked":"ThirdEye","floor":1},{"not_picked":["FlurryOfBlows","WreathOfFlame"],"picked":"Conclude","floor":2},{"not_picked":["FlurryOfBlows","Halt"],"picked":"FearNoEvil","floor":3},{"not_picked":["Adaptation","Crescendo","InnerPeace"],"picked":"SKIP","floor":5},{"not_picked":["Study","FlyingSleeves"],"picked":"EmptyBody","floor":6},{"not_picked":["Pray","Prostrate"],"picked":"SashWhip","floor":7},{"not_picked":["ThirdEye","BattleHymn","Pray"],"picked":"SKIP","floor":10},{"not_picked":["Weave","ClearTheMind"],"picked":"LessonLearned","floor":11},{"not_picked":["Protect","JustLucky","FlyingSleeves"],"picked":"SKIP","floor":13},{"not_picked":["ThirdEye","Protect","Crescendo"],"picked":"SKIP","floor":14},{"not_picked":["SignatureMove","Protect"],"picked":"EmptyFist+1","floor":18},{"not_picked":["Crescendo","Consecrate"],"picked":"Evaluate","floor":19},{"not_picked":["Protect","FlyingSleeves","CutThroughFate"],"picked":"SKIP","floor":21},{"not_picked":["Indignation+1","Conclude+1","FlyingSleeves+1"],"picked":"SKIP","floor":22},{"not_picked":["FlyingSleeves","TalkToTheHand","Prostrate"],"picked":"SKIP","floor":24},{"not_picked":["LikeWater","Meditate","Crescendo"],"picked":"SKIP","floor":25},{"not_picked":["EmptyBody+1","Prostrate+1"],"picked":"Scrawl+1","floor":28},{"not_picked":["FlyingSleeves","ThirdEye+1","Crescendo+1"],"picked":"SKIP","floor":30}],"player_experience":39874,"relics_obtained":[{"floor":7,"key":"Bird Faced Urn"},{"floor":9,"key":"StrikeDummy"},{"floor":10,"key":"Bag of Marbles"},{"floor":14,"key":"Matryoshka"},{"floor":25,"key":"Akabeko"},{"floor":25,"key":"HornCleat"},{"floor":26,"key":"Ornamental Fan"},{"floor":26,"key":"Toxic Egg 2"},{"floor":28,"key":"Regal Pillow"},{"floor":28,"key":"Bronze Scales"}],"event_choices":[{"damage_healed":0,"gold_gain":0,"player_choice":"Success","damage_taken":7,"relics_obtained":["Pear"],"max_hp_gain":0,"max_hp_loss":0,"event_name":"Scrap Ooze","floor":4,"gold_loss":0},{"cards_removed":["ThirdEye"],"damage_healed":5,"gold_gain":0,"player_choice":"Offered Common","damage_taken":0,"max_hp_gain":0,"max_hp_loss":0,"event_name":"Bonfire Elementals","floor":8,"gold_loss":0},{"cards_removed":["ThirdEye"],"damage_healed":5,"gold_gain":0,"player_choice":"Offered Special","damage_taken":0,"max_hp_gain":0,"max_hp_loss":0,"event_name":"Bonfire Elementals","floor":8,"gold_loss":0},{"cards_removed":["Writhe"],"damage_healed":0,"gold_gain":0,"player_choice":"Gave Gold","damage_taken":0,"max_hp_gain":0,"max_hp_loss":0,"event_name":"Beggar","floor":20,"gold_loss":75},{"damage_healed":0,"gold_gain":0,"player_choice":"Upgraded","damage_taken":0,"max_hp_gain":0,"max_hp_loss":0,"event_name":"Upgrade Shrine","floor":29,"gold_loss":0,"cards_upgraded":["LessonLearned"]},{"damage_healed":0,"gold_gain":0,"player_choice":"Ignored","damage_taken":0,"max_hp_gain":0,"max_hp_loss":0,"event_name":"Vampires","floor":31,"gold_loss":0}],"is_beta":false,"boss_relics":[{"not_picked":["Runic Dome","Busted Crown"],"picked":"Black Star"}],"items_purged_floors":[],"is_endless":false,"potions_floor_spawned":[3,7,11,13,14,19,22,28],"killed_by":"Collector","ascension_level":2}}