{"host":"rmsq46plbpwfbxcc","time":1609333860,"event":{"mods":["AchievementEnabler","BaseMod","Colored Map","Colored Powertips","DeckTracker","KOR Keyword Fix","Minty Spire (QoL Compilation)","Permanent Neow","SuperFastMode"],"gold_per_floor":[118,118,43,57,76,76,89,89,141,158,186,186,225,248,248,347,347,368,368,268,287,162,197,197,210,234,234,234,269,269,280,280,352,352,362,376,391,404,284,284,312,312,339,339,352,379,47,61,61,61],"floor_reached":51,"playtime":1690,"items_purged":["Defend_G","Strike_G","Injury","Strike_G","Strike_G"],"score":1458,"play_id":"dbef7beb-e61a-4c9a-84c1-86bc2246e3e5","local_time":"20201230221100","is_ascension_mode":true,"campfire_choices":[{"data":"Cloak And Dagger","floor":6.0,"key":"SMITH"},{"data":"Finisher","floor":8.0,"key":"SMITH"},{"data":"Blade Dance","floor":15.0,"key":"SMITH"},{"data":"After Image","floor":24.0,"key":"SMITH"},{"data":"Accuracy","floor":28.0,"key":"SMITH"},{"data":"Phantasmal Killer","floor":32.0,"key":"SMITH"},{"data":"Neutralize","floor":40.0,"key":"SMITH"},{"data":"Blur","floor":42,"key":"SMITH"},{"data":"Dash","floor":44,"key":"SMITH"},{"data":"Backflip","floor":49,"key":"SMITH"}],"circlet_count":0,"master_deck":["AscendersBane","Strike_G","Strike_G","Defend_G","Defend_G","Defend_G","Survivor","Neutralize+1","Cloak And Dagger+1","Finisher+1","Accuracy+1","Blade Dance+1","Dash+1","Escape Plan","After Image+1","Backflip+1","Blur+1","Cloak And Dagger+1","Phantasmal Killer+1","CurseOfTheBell","Accuracy+1","Footwork+1","Blade Dance+1"],"relics":["Coffee Dripper","Toy Ornithopter","Odd Mushroom","Bloody Idol","Pen Nib","WristBlade","The Courier","Centennial Puzzle","Frozen Egg 2","Calling Bell","Vajra","Mercury Hourglass","Gambling Chip","Potion Belt","PreservedInsect","Smiling Mask","Art of War"],"acts_visited":["Exordium","TheCity","TheBeyond"],"potions_floor_usage":[45,46,48,48,50,50],"damage_taken":[{"damage":0.0,"enemies":"2 Louse","floor":1.0,"turns":3.0},{"damage":0.0,"enemies":"Small Slimes","floor":4.0,"turns":4.0},{"damage":0.0,"enemies":"Jaw Worm","floor":5.0,"turns":4.0},{"damage":14.0,"enemies":"3 Louse","floor":7.0,"turns":3.0},{"damage":0.0,"enemies":"2 Fungi Beasts","floor":10.0,"turns":4.0},{"damage":5.0,"enemies":"The Mushroom Lair","floor":11.0,"turns":5.0},{"damage":17.0,"enemies":"Lagavulin","floor":13.0,"turns":6.0},{"damage":2.0,"enemies":"Large Slime","floor":14.0,"turns":5.0},{"damage":34.0,"enemies":"Slime Boss","floor":16.0,"turns":8.0},{"damage":0.0,"enemies":"Chosen","floor":18.0,"turns":3.0},{"damage":1.0,"enemies":"3 Byrds","floor":21.0,"turns":6.0},{"damage":14.0,"enemies":"Gremlin Leader","floor":23.0,"turns":5.0},{"damage":0.0,"enemies":"Snecko","floor":25.0,"turns":5.0},{"damage":25.0,"enemies":"Slavers","floor":29.0,"turns":8.0},{"damage":0.0,"enemies":"Snake Plant","floor":31.0,"turns":3.0},{"damage":52.0,"enemies":"Champ","floor":33.0,"turns":7.0},{"damage":0.0,"enemies":"Orb Walker","floor":35.0,"turns":3.0},{"damage":0.0,"enemies":"3 Darklings","floor":36.0,"turns":5.0},{"damage":13.0,"enemies":"Maw","floor":37.0,"turns":5.0},{"damage":8.0,"enemies":"Sphere and 2 Shapes","floor":38.0,"turns":8.0},{"damage":0,"enemies":"Giant Head","floor":41,"turns":4},{"damage":20,"enemies":"Jaw Worm Horde","floor":45,"turns":4},{"damage":25,"enemies":"Reptomancer","floor":46,"turns":5},{"damage":7,"enemies":"Maw","floor":48,"turns":5},{"damage":43,"enemies":"Time Eater","floor":50,"turns":5}],"seed_played":"3426400405831729199","potions_obtained":[{"floor":4.0,"key":"Energy Potion"},{"floor":7.0,"key":"FearPotion"},{"floor":10.0,"key":"SpeedPotion"},{"floor":16.0,"key":"BlessingOfTheForge"},{"floor":18.0,"key":"EntropicBrew"},{"floor":29.0,"key":"SkillPotion"},{"floor":31.0,"key":"GamblersBrew"},{"floor":35.0,"key":"DuplicationPotion"},{"floor":41,"key":"DuplicationPotion"},{"floor":45,"key":"PowerPotion"}],"is_trial":false,"path_per_floor":["M","?","$","M","M","R","M","R","T","M","?","?","E","M","R","B",null,"M","?","$","M","$","E","R","M","T","?","R","E","?","M","R","B",null,"M","M","M","M","$","R","E","R","T","R","M","E","$","M","R","B",null],"character_chosen":"THE_SILENT","items_purchased":["PowerPotion","Art of War","DuplicationPotion","SpeedPotion"],"campfire_rested":0,"item_purchase_floors":[47,47,47,47],"current_hp_per_floor":[59,64,64,64,64,64,50,50,50,50,50,50,38,36,36,2,54,59,59,59,68,68,62,62,67,71,71,71,51,51,61,61,19,58,63,68,60,57,57,57,62,62,67,67,56,41,41,49,49,16],"gold":61,"neow_bonus":"BOSS_RELIC","is_daily":false,"chose_seed":true,"campfire_upgraded":10,"win_rate":0.0,"timestamp":1609333860,"path_taken":["M","?","$","M","M","R","M","R","T","M","?","?","E","?","R","BOSS","M","?","$","M","$","E","R","M","T","?","R","E","?","M","R","BOSS","M","M","M","M","$","R","E","R","T","R","?","E","$","M","R","BOSS"],"items_purchased_type":["Potion","Relic","Potion","Potion"],"build_version":"2020-12-22","purchased_purges":5,"victory":true,"max_hp_per_floor":[66,71,71,71,71,71,71,71,71,71,71,71,71,71,71,71,71,71,71,71,71,71,71,71,71,71,71,71,71,71,71,71,71,71,71,71,71,71,71,71,71,71,71,71,71,71,71,71,71,71],"card_choices":[{"not_picked":["Poisoned Stab","Prepared"],"picked":"Cloak And Dagger","floor":1.0},{"not_picked":["Deflect","Slice"],"picked":"Finisher","floor":4.0},{"not_picked":["Flying Knee","Poisoned Stab"],"picked":"Accuracy","floor":5.0},{"not_picked":["Outmaneuver","Doppelganger","Prepared"],"picked":"SKIP","floor":7.0},{"not_picked":["Concentrate","Dagger Spray","Bane"],"picked":"SKIP","floor":10.0},{"not_picked":["Flechettes","Noxious Fumes"],"picked":"Blade Dance","floor":11.0},{"not_picked":["Prepared","Glass Knife"],"picked":"Dash","floor":13.0},{"not_picked":["Dagger Throw","Dodge and Roll"],"picked":"Escape Plan","floor":14.0},{"not_picked":["Burst","Adrenaline"],"picked":"After Image","floor":16.0},{"not_picked":["All Out Attack","Outmaneuver"],"picked":"Backflip","floor":18.0},{"not_picked":["Reflex","Noxious Fumes"],"picked":"Blur","floor":21.0},{"not_picked":["All Out Attack","Escape Plan"],"picked":"Cloak And Dagger+1","floor":23.0},{"not_picked":["Quick Slash","Noxious Fumes","Expertise"],"picked":"SKIP","floor":25.0},{"not_picked":["Outmaneuver","Bane+1","Dodge and Roll"],"picked":"SKIP","floor":29.0},{"not_picked":["Bane","Cloak And Dagger"],"picked":"Phantasmal Killer","floor":31.0},{"not_picked":["Dagger Throw","Acrobatics","Riddle With Holes"],"picked":"SKIP","floor":35.0},{"not_picked":["Deflect+1","Catalyst","Leg Sweep"],"picked":"SKIP","floor":36.0},{"not_picked":["Blur","Noxious Fumes+1"],"picked":"Accuracy+1","floor":37.0},{"not_picked":["Poisoned Stab+1","Dodge and Roll"],"picked":"Footwork+1","floor":38.0},{"not_picked":["Distraction","All Out Attack","Setup+1"],"picked":"SKIP","floor":41},{"not_picked":["Quick Slash","Bane","Eviscerate+1"],"picked":"SKIP","floor":45},{"not_picked":["Dagger Throw","Grand Finale","Predator"],"picked":"SKIP","floor":46},{"not_picked":["Outmaneuver","Deflect"],"picked":"Blade Dance+1","floor":48}],"player_experience":1407089,"relics_obtained":[{"floor":9.0,"key":"Toy Ornithopter"},{"floor":11.0,"key":"Odd Mushroom"},{"floor":13.0,"key":"Pen Nib"},{"floor":23.0,"key":"The Courier"},{"floor":26.0,"key":"Centennial Puzzle"},{"floor":29.0,"key":"Frozen Egg 2"},{"floor":34.0,"key":"Vajra"},{"floor":34.0,"key":"Mercury Hourglass"},{"floor":34.0,"key":"Gambling Chip"},{"floor":41,"key":"Potion Belt"},{"floor":43,"key":"PreservedInsect"},{"floor":46,"key":"Smiling Mask"}],"event_choices":[{"damage_healed":0.0,"max_hp_gain":5.0,"max_hp_loss":0.0,"gold_gain":0.0,"event_name":"Big Fish","player_choice":"Donut","floor":2.0,"gold_loss":0.0,"damage_taken":0.0},{"damage_healed":0.0,"max_hp_gain":0.0,"max_hp_loss":0.0,"gold_gain":0.0,"event_name":"Mushrooms","player_choice":"Fought Mushrooms","floor":11.0,"gold_loss":0.0,"damage_taken":0.0},{"damage_healed":0.0,"max_hp_gain":0.0,"max_hp_loss":0.0,"gold_gain":0.0,"event_name":"Golden Idol","player_choice":"Take Wound","floor":12.0,"gold_loss":0.0,"damage_taken":0.0,"relics_obtained":["Golden Idol"],"cards_obtained":["Injury"]},{"damage_healed":0.0,"max_hp_gain":0.0,"max_hp_loss":0.0,"gold_gain":0.0,"event_name":"Forgotten Altar","player_choice":"Gave Idol","floor":19.0,"relics_lost":["Golden Idol"],"gold_loss":0.0,"damage_taken":0.0,"relics_obtained":["Bloody Idol"]},{"damage_healed":0.0,"max_hp_gain":0.0,"max_hp_loss":0.0,"gold_gain":0.0,"event_name":"Ghosts","player_choice":"Ignored","floor":27.0,"gold_loss":0.0,"damage_taken":0.0},{"cards_removed":["Defend_G"],"damage_healed":0.0,"max_hp_gain":0.0,"max_hp_loss":0.0,"gold_gain":0.0,"event_name":"Bonfire Elementals","player_choice":"Offered Basic","floor":30.0,"gold_loss":0.0,"damage_taken":0.0}],"is_beta":false,"boss_relics":[{"not_picked":["Philosopher\u0027s Stone","Astrolabe"],"picked":"WristBlade"},{"not_picked":["SacredBark","Pandora\u0027s Box"],"picked":"Calling Bell"}],"items_purged_floors":[3,20,22,39,47],"is_endless":false,"potions_floor_spawned":[4,7,10,16,18,29,31,35,41,45],"ascension_level":19}}