{"host":"czyrp3agadxx2eka","time":1609348333,"event":{"mods":["Bard","BaseMod","Beaked The Cultist","BetterRewards","Colored Map","Downfall","Hermit","Hubris","Infinite Spire","Marisa????????","Minty Spire (QoL Compilation)","Replay The Spire","Shop Mod","StSLib","The Construct","The Cursed","The Elementalist","The Runesmith"],"gold_per_floor":[119,119,130,130,147,177,177,177,177,187,198,211,211,243,243,343,343,362,362,109,122,137,137,157,176,201,201,126,140,172,172,172,270,270,289,136,156,77,89,89,89,120,120,120,120,120,138,49,49,148,148,162,162],"floor_reached":52,"playtime":6959,"items_purged":["Runesmith:Strike_RS","Runesmith:Defend_RS"],"score":889,"play_id":"398b59bd-ce57-4581-8645-371d6e9f0417","local_time":"20201230151213","is_ascension_mode":false,"campfire_choices":[{"data":"Runesmith:HeatExchange","floor":8,"key":"SMITH"},{"data":"Runesmith:EarthShield","floor":15,"key":"SMITH"},{"data":"Runesmith:CraftIncendium","floor":23,"key":"SMITH"},{"floor":32,"key":"REST"},{"data":"hubris:InfiniteBlow+1","floor":40,"key":"SMITH"},{"data":"hubris:InfiniteBlow+2","floor":46,"key":"SMITH"},{"floor":49,"key":"DIG"}],"circlet_count":0,"master_deck":["Runesmith:Strike_RS","Runesmith:Strike_RS","Runesmith:Defend_RS","Runesmith:Defend_RS","Runesmith:Defend_RS","Runesmith:CraftFirestone","Runesmith:Refine","Runesmith:HeatExchange+1","infinitespire:Starlight","Runesmith:ChiselStab","Runesmith:ShiftingStrike+1","Runesmith:CraftIncendium","Runesmith:CraftIncendium+1","Runesmith:Attraction+1","Runesmith:EarthShield+1","Runesmith:MetallurgicalResearch+1","Runesmith:ChiselStab+1","Runesmith:ChiselStab+1","Runesmith:CraftReservo+1","Runesmith:EnergizedChisel+1","Runesmith:CraftMagma+1","Runesmith:HeatedChisel+1","hubris:InfiniteBlow+3","Runesmith:Grindstone","Runesmith:BackupBattery","Runesmith:Duplicate+1","Runesmith:Grindstone","Runesmith:CraftVitae+1","Runesmith:BackupBattery+1","Runesmith:Retool+1","Runesmith:EnergizedChisel+1","Runesmith:FieryHammer+1","Writhe","Runesmith:BackupBattery+1","Runesmith:UnlimitedPower+1","Runesmith:Overpower+1"],"relics":["Runesmith:BrokenRuby","Molten Egg 2","Regal Pillow","Golden Egg","construct:ClawGrip","MerchantsRug","Dream Catcher","Cursed Key","infinitespire:WardingShard","Replay:Blank Codex","Ring of Chaos","Ring of Searing","ReplayTheSpireMod:Ring of Collecting","Orichalcum","Ring of Fury","Sundial","infinitespire:EvilPickle","Potion Belt","Runic Pyramid"],"acts_visited":["Exordium","TheCity","TheBeyond","Exordium"],"potions_floor_usage":[14,14,16,24,50],"damage_taken":[{"damage":0,"enemies":"Jaw Worm","floor":1,"turns":4},{"damage":6,"enemies":"Cultist","floor":3,"turns":3},{"damage":5,"enemies":"2 Louse","floor":5,"turns":2},{"damage":9,"enemies":"3 Sentries","floor":6,"turns":5},{"damage":8,"enemies":"Large Slime","floor":10,"turns":4},{"damage":0,"enemies":"Exordium Thugs","floor":11,"turns":2},{"damage":18,"enemies":"Lots of Slimes","floor":12,"turns":3},{"damage":22,"enemies":"Gremlin Nob","floor":14,"turns":4},{"damage":43,"enemies":"Fading Forest","floor":16,"turns":11},{"damage":5,"enemies":"3 Byrds","floor":18,"turns":3},{"damage":30,"enemies":"2 Thieves","floor":21,"turns":3},{"damage":20,"enemies":"Centurion and Healer","floor":22,"turns":3},{"damage":4,"enemies":"Snake Plant","floor":24,"turns":5},{"damage":11,"enemies":"Snecko","floor":25,"turns":4},{"damage":10,"enemies":"Cultist and Chosen","floor":29,"turns":4},{"damage":3,"enemies":"Gremlin Leader","floor":30,"turns":4},{"damage":4,"enemies":"Pondfish","floor":33,"turns":7},{"damage":3,"enemies":"Orb Walker","floor":35,"turns":3},{"damage":11,"enemies":"3 Shapes","floor":37,"turns":3},{"damage":21,"enemies":"Spire Growth","floor":39,"turns":5},{"damage":59,"enemies":"Nightmare","floor":42,"turns":6},{"damage":18,"enemies":"Maw","floor":47,"turns":5},{"damage":51,"enemies":"infinitespire:MassOfShapes","floor":50,"turns":9},{"damage":20,"enemies":"infinitespire:Voidling","floor":52,"turns":2}],"seed_played":"-4056225993232440808","potions_obtained":[{"floor":1,"key":"Weak Potion"},{"floor":2,"key":"champ:CounterPotion"},{"floor":2,"key":"LifebloodPotion"},{"floor":11,"key":"BlessingOfTheForge"},{"floor":16,"key":"Strength Potion"},{"floor":18,"key":"Elixir"},{"floor":22,"key":"Block Potion"},{"floor":25,"key":"Dexterity Potion"},{"floor":42,"key":"Elixir"},{"floor":50,"key":"Weak Potion"}],"is_trial":false,"path_per_floor":["M","?","M","?","M","E","?","R","T","M","M","M","?","E","R","B",null,"M","?","$","M","M","R","M","M","T","AVR","?","M","E","?","R","B",null,"M","$","M","$","M","R","?","NM","T","?","?","R","M","$","R_BF","B",null,"M"],"character_chosen":"RUNESMITH_CLASS","items_purchased":["MerchantsRug","Runesmith:ChiselStab+1","Runesmith:CraftReservo","Runesmith:CraftVitae","Runesmith:Retool"],"campfire_rested":1,"item_purchase_floors":[20,20,20,36,38],"current_hp_per_floor":[77,77,71,53,48,49,49,49,49,51,51,43,43,36,36,13,77,77,77,77,62,42,42,38,27,27,27,27,32,29,13,51,62,77,74,74,77,77,59,59,59,10,10,67,67,67,54,54,54,18,67,47,47],"gold":162,"neow_bonus":"TEN_PERCENT_HP_BONUS","is_daily":false,"chose_seed":false,"campfire_upgraded":5,"win_rate":0.0,"timestamp":1609348333,"path_taken":["M","?","?","?","M","E","?","R","T","M","M","M","?","E","R","BOSS","M","?","?","M","M","R","M","M","T","AVR","?","M","E","?","R","BOSS","M","$","M","$","M","R","?","NM","T","?","?","R","M","?","R_BF","BOSS","M"],"items_purchased_type":["Relic","Card","Card","Card","Card"],"build_version":"2020-12-22","purchased_purges":2,"victory":false,"max_hp_per_floor":[77,77,77,77,77,77,77,77,77,77,77,77,77,77,77,77,77,77,77,77,77,77,77,77,77,77,77,77,77,77,77,77,77,77,77,77,77,77,77,77,77,77,77,67,67,67,67,67,67,67,67,67,67],"card_choices":[{"not_picked":["Runesmith:Retool","Runesmith:Permafrost"],"picked":"Runesmith:Refine","floor":1},{"not_picked":["Runesmith:CraftSpiculum","Runesmith:CraftProtectio"],"picked":"Runesmith:HeatExchange","floor":3},{"not_picked":["ReplayTheSpireMod:Book of Names","infinitespire:UltimateForm"],"picked":"infinitespire:Starlight","floor":4},{"not_picked":["Runesmith:ElementalConversion","Runesmith:ShiftingStrike"],"picked":"Runesmith:ChiselStab","floor":5},{"not_picked":["Runesmith:NegativeSpace","Runesmith:BackupBattery"],"picked":"Runesmith:ShiftingStrike+1","floor":6},{"not_picked":["Runesmith:CraftSpiculum","Runesmith:HammerTime+1"],"picked":"Runesmith:CraftIncendium","floor":10},{"not_picked":["Runesmith:StaticCage","Runesmith:UnstableHammer+1"],"picked":"Runesmith:CraftIncendium","floor":11},{"not_picked":["Runesmith:ReplicatingBarrier","Runesmith:UnstableHammer+1"],"picked":"Runesmith:Attraction","floor":12},{"not_picked":["Runesmith:Firewall","Runesmith:MakeshiftArmor"],"picked":"Runesmith:EarthShield","floor":14},{"not_picked":["Runesmith:GrandSlam+1","Runesmith:LastStand"],"picked":"Runesmith:MetallurgicalResearch","floor":16},{"not_picked":["Runesmith:CraftProtectio","Runesmith:CraftMagma"],"picked":"Runesmith:ChiselStab+1","floor":18},{"not_picked":["Runesmith:RuneHurl+1","Runesmith:HammerAndChisel","Runesmith:Attraction"],"picked":"SKIP","floor":21},{"not_picked":["Runesmith:Accelerate","Runesmith:StaticCage"],"picked":"Runesmith:EnergizedChisel+1","floor":22},{"not_picked":["Runesmith:LastStand","Runesmith:ElementalConversion"],"picked":"Runesmith:CraftMagma+1","floor":24},{"not_picked":["Runesmith:RuneHurl+1","Runesmith:CraftMagma"],"picked":"Runesmith:HeatedChisel+1","floor":25},{"not_picked":["Runesmith:StaticCage","Runesmith:RuneHurl+1"],"picked":"Runesmith:Grindstone","floor":29},{"not_picked":["Runesmith:Discharge+1","Runesmith:Refine","Runesmith:Electrocute+1"],"picked":"SKIP","floor":30},{"not_picked":["Runesmith:Accelerate","Runesmith:EarthShield+1"],"picked":"Runesmith:BackupBattery","floor":32},{"not_picked":["Runesmith:DuctTape","Runesmith:ReplicatingBarrier"],"picked":"Runesmith:Duplicate","floor":33},{"not_picked":["Runesmith:HeatedChisel+1","Runesmith:Discharge+1"],"picked":"Runesmith:Grindstone","floor":35},{"not_picked":["Runesmith:EnergizedChisel+1","Runesmith:Grindstone"],"picked":"Runesmith:BackupBattery+1","floor":37},{"not_picked":["Runesmith:CraftProtectio","Runesmith:CraftReservo"],"picked":"Runesmith:EnergizedChisel+1","floor":39},{"not_picked":["Runesmith:WhiteBalance+1","Runesmith:HammerTime+1"],"picked":"Runesmith:FieryHammer+1","floor":42},{"not_picked":["Runesmith:Overpower+1","Runesmith:Repurpose+1"],"picked":"Runesmith:BackupBattery+1","floor":47},{"not_picked":["Runesmith:Duplicate","Runesmith:Supernova"],"picked":"Runesmith:UnlimitedPower","floor":50},{"not_picked":["Runesmith:CraftIncendium","Runesmith:HeatedChisel+1"],"picked":"Runesmith:Overpower+1","floor":52}],"player_experience":21741,"relics_obtained":[{"floor":6,"key":"Molten Egg 2"},{"floor":9,"key":"Regal Pillow"},{"floor":14,"key":"Golden Egg"},{"floor":26,"key":"Dream Catcher"},{"floor":30,"key":"infinitespire:WardingShard"},{"floor":31,"key":"Replay:Blank Codex"},{"floor":41,"key":"Ring of Searing"},{"floor":41,"key":"ReplayTheSpireMod:Ring of Collecting"},{"floor":42,"key":"Orichalcum"},{"floor":43,"key":"Ring of Fury"},{"floor":43,"key":"Sundial"},{"floor":49,"key":"Potion Belt"}],"event_choices":[{"damage_healed":0,"gold_gain":0,"player_choice":"Got Potions","damage_taken":0,"max_hp_gain":0,"max_hp_loss":0,"event_name":"Lab","floor":2,"gold_loss":0},{"damage_healed":0,"gold_gain":0,"player_choice":"Upgraded","damage_taken":0,"max_hp_gain":0,"max_hp_loss":0,"event_name":"Upgrade Shrine","floor":19,"gold_loss":0,"cards_upgraded":["Runesmith:Attraction"]},{"cards_removed":["Runesmith:Strike_RS"],"damage_healed":0,"gold_gain":0,"player_choice":"Gave Gold","damage_taken":0,"max_hp_gain":0,"max_hp_loss":0,"event_name":"Beggar","floor":28,"gold_loss":75},{"damage_healed":0,"gold_gain":0,"player_choice":"Obtained Book","damage_taken":16,"max_hp_gain":0,"max_hp_loss":0,"event_name":"Cursed Tome","floor":31,"gold_loss":0},{"damage_healed":67,"gold_gain":0,"player_choice":"Heal","damage_taken":0,"max_hp_gain":0,"max_hp_loss":10,"event_name":"The Moai Head","floor":44,"gold_loss":0},{"damage_healed":0,"gold_gain":0,"player_choice":"Memory 1","damage_taken":0,"max_hp_gain":0,"max_hp_loss":0,"event_name":"SensoryStone","floor":45,"gold_loss":0}],"is_beta":false,"boss_relics":[{"not_picked":["ChewingGum","Snecko Eye"],"picked":"construct:ClawGrip"},{"not_picked":["beaked:SacredDeck","infinitespire:Cupcake"],"picked":"Ring of Chaos"},{"not_picked":["Astrolabe","Tiny House"],"picked":"Runic Pyramid"}],"items_purged_floors":[36,48],"is_endless":true,"potions_floor_spawned":[1,6,11,12,16,18,22,25,42,47,50],"killed_by":"infinitespire:Voidling","ascension_level":0}}