{"host":"appz8zkad29u9482","time":1609315024,"event":{"mods":["2.2 Compatiblity","Act Like it!","Aspiration","BaseMod","Better Altar","Better Match","Better Note","Better Skull","Better Third Choice","BetterRewards","CapriCore","Chen","Conspire","Disable Question Mark Monsters","Energized Spire","Gensokyo","GifTheSpireLib","Gold Saver","Halation","Hermit","Hubris","Infinite Spire","Jedi Mod","Marisa????????","Minty Spire (QoL Compilation)","Permanent Neow","Reimu??????","Replay The Spire","Spicy Shops","StSLib","Strawberry Spire","Stuff the Spire","The Immortal","The Servant 0.9.4","Yakumo Yukari mod","yUi"],"gold_per_floor":[114,129,129,148,148,177,197,197,197,207,221,232,38,38,38,141,141,154,154,2,2,12,12,24,24,24],"floor_reached":25,"playtime":1656,"items_purged":["Regret"],"score":205,"play_id":"9cf537a1-d312-4d98-8d12-1f4fcb3bbaf3","local_time":"20201229215704","is_ascension_mode":false,"campfire_choices":[{"data":"FollowUp","floor":8.0,"key":"SMITH"},{"data":"infinitespire:NeuralNetwork","floor":15.0,"key":"SMITH"},{"floor":23.0,"key":"RECALL"}],"circlet_count":0,"master_deck":["Strike_P","Strike_P","Strike_P","Strike_P","Defend_P","Defend_P","Defend_P","Defend_P","Eruption+1","Vigilance","Prostrate","Crescendo","Decay","Consecrate","FollowUp+1","Adaptation","ClearTheMind","Replay:Anticipation","Tantrum","FlurryOfBlows","infinitespire:NeuralNetwork+1","Blasphemy","Study","EmptyBody+1"],"relics":["PureWater","Dead Branch","halation:LettersToHer","Juzu Bracelet","jedi:hotpepper","Tea:ReiMu"],"acts_visited":["Exordium","TheCity"],"potions_floor_usage":[25],"damage_taken":[{"damage":6.0,"enemies":"Jaw Worm","floor":1.0,"turns":4.0},{"damage":7.0,"enemies":"Cultist","floor":2.0,"turns":3.0},{"damage":6.0,"enemies":"2 Louse","floor":4.0,"turns":3.0},{"damage":9.0,"enemies":"Replay:BlueRogue","floor":6.0,"turns":5.0},{"damage":2.0,"enemies":"Lots of Slimes","floor":7.0,"turns":3.0},{"damage":21.0,"enemies":"Exordium Thugs","floor":10.0,"turns":2.0},{"damage":6.0,"enemies":"Blue Slaver","floor":11.0,"turns":4.0},{"damage":3.0,"enemies":"Looter","floor":12.0,"turns":4.0},{"damage":5.0,"enemies":"Slime Boss","floor":16.0,"turns":3.0},{"damage":9.0,"enemies":"Spheric Guardian","floor":18.0,"turns":2.0},{"damage":15.0,"enemies":"2 Thieves","floor":22.0,"turns":3.0},{"damage":19.0,"enemies":"Sentry and Sphere","floor":24.0,"turns":3.0},{"damage":38,"enemies":"strawberrySpire:AncientClocktower","floor":25,"turns":3}],"seed_played":"-8185259718140303574","potions_obtained":[{"floor":2.0,"key":"Dexterity Potion"},{"floor":6.0,"key":"SmokeBomb"},{"floor":11.0,"key":"PowerPotion"},{"floor":24.0,"key":"MagicPotion:ReiMu"}],"is_trial":false,"path_per_floor":["M","M","?","M","?","E","M","R","T","M","M","M","$","?","R","B",null,"M","?","$","?","M","R","M","E"],"character_chosen":"WATCHER","items_purchased":["FlurryOfBlows","Juzu Bracelet","Study"],"campfire_rested":0,"item_purchase_floors":[13,13,20],"current_hp_per_floor":[66,59,59,53,53,44,42,42,42,21,15,12,12,12,12,7,54,45,45,45,45,30,46,27,0,0],"gold":24,"neow_bonus":"RANDOM_EVENT","is_daily":false,"chose_seed":false,"campfire_upgraded":2,"win_rate":0.0,"timestamp":1609315024,"path_taken":["M","M","?","?","?","E","M","R","T","M","M","M","$","?","R","BOSS","M","?","?","?","M","R","M","E"],"items_purchased_type":["Card","Relic","Card"],"build_version":"2020-12-22","purchased_purges":1,"victory":false,"max_hp_per_floor":[72,72,72,72,72,72,72,72,72,72,72,72,72,72,72,72,54,54,54,54,54,54,54,54,54,54],"card_choices":[{"not_picked":["Replay:ManipulateFuture","Perseverance"],"picked":"Prostrate","floor":1.0},{"not_picked":["LikeWater","DeceiveReality"],"picked":"Crescendo","floor":2.0},{"not_picked":["Replay:BluntJabs","CutThroughFate"],"picked":"Consecrate","floor":4.0},{"not_picked":["DeceiveReality","EmptyFist"],"picked":"FollowUp","floor":6.0},{"not_picked":["SashWhip","Protect"],"picked":"Adaptation","floor":7.0},{"not_picked":["SashWhip","Vault"],"picked":"ClearTheMind","floor":10.0},{"not_picked":["CutThroughFate","Replay:ManipulateFuture"],"picked":"Replay:Anticipation","floor":11.0},{"not_picked":["PathToVictory","Replay:AtTheReady"],"picked":"Tantrum","floor":12.0},{"not_picked":["LessonLearned","jedi:nirvanicrebirth"],"picked":"Blasphemy","floor":16.0},{"not_picked":["CrushJoints","Worship","FlyingSleeves+1"],"picked":"SKIP","floor":18.0},{"not_picked":["Replay:BluntJabs","CutThroughFate","Study"],"picked":"SKIP","floor":22.0},{"not_picked":["Halt","WindmillStrike+1"],"picked":"EmptyBody+1","floor":24.0}],"player_experience":385748,"relics_obtained":[{"floor":6.0,"key":"halation:LettersToHer"},{"floor":9.0,"key":"halation:LettersToHer"}],"event_choices":[{"damage_healed":0.0,"max_hp_gain":0.0,"max_hp_loss":0.0,"gold_gain":0.0,"event_name":"Big Fish","player_choice":"Box","floor":0.0,"gold_loss":0.0,"damage_taken":0.0,"relics_obtained":["Dead Branch"],"cards_obtained":["Regret"]},{"damage_healed":0.0,"max_hp_gain":0.0,"max_hp_loss":0.0,"gold_gain":0.0,"event_name":"Wheel of Change","player_choice":"Cursed","floor":3.0,"gold_loss":0.0,"damage_taken":0.0,"cards_obtained":["Decay"]},{"cards_removed":["Replay:Anticipation"],"damage_healed":0.0,"max_hp_gain":0.0,"max_hp_loss":0.0,"gold_gain":0.0,"event_name":"betterNote:BetterNote","player_choice":"Take \u0026 Give","floor":14.0,"gold_loss":0.0,"damage_taken":0.0,"cards_obtained":["infinitespire:NeuralNetwork"]},{"damage_healed":0.0,"max_hp_gain":0.0,"max_hp_loss":0.0,"gold_gain":0.0,"event_name":"Lab","player_choice":"Got Potions","floor":19.0,"gold_loss":0.0,"damage_taken":0.0},{"damage_healed":0.0,"max_hp_gain":0.0,"max_hp_loss":0.0,"gold_gain":0.0,"event_name":"The Mausoleum","player_choice":"Opened","floor":21.0,"gold_loss":0.0,"damage_taken":0.0,"relics_obtained":["Tea:ReiMu"]}],"is_beta":false,"boss_relics":[{"not_picked":["hubris:Stopwatch","hubris:Backtick"],"picked":"jedi:hotpepper"}],"items_purged_floors":[20],"is_endless":false,"potions_floor_spawned":[2,6,11,12,24],"killed_by":"strawberrySpire:AncientClocktower","ascension_level":0}}