{"host":"dhyczjm99amxd3qx","time":1609308185,"event":{"mods":["BaseMod","Colored Map","Googly Eyes","Highlight Path","Minty Spire (QoL Compilation)","Quick Restart","StSLib"],"gold_per_floor":[117,292,145,145,77,77,111,111,163,191,191,201,25,50,50,152,152,171,171,86,86,86,113,38,38,38,90,110,110,110],"floor_reached":29,"playtime":1475,"items_purged":["Doubt","Strike_G"],"score":316,"play_id":"52052415-3031-4fdf-b73b-5dc8141c6be0","local_time":"20201230010305","is_ascension_mode":true,"campfire_choices":[{"data":"Crippling Poison","floor":6.0,"key":"SMITH"},{"data":"Corpse Explosion","floor":8.0,"key":"SMITH"},{"data":"Bouncing Flask","floor":11.0,"key":"SMITH"},{"data":"Well Laid Plans","floor":15.0,"key":"SMITH"},{"data":"Envenom","floor":25.0,"key":"SMITH"}],"circlet_count":0,"master_deck":["Strike_G+1","Strike_G+1","Defend_G","Defend_G","Defend_G","Defend_G","Survivor","Neutralize","Cloak And Dagger","Cloak And Dagger","Bouncing Flask+1","Crippling Poison+1","Corpse Explosion+1","Deadly Poison","Noxious Fumes","Well Laid Plans+1","Envenom+1"],"relics":["Ring of the Snake","Calipers","Nunchaku","Ginger","Mercury Hourglass","Empty Cage","MutagenicStrength","Thread and Needle","Frozen Egg 2","Question Card","Whetstone"],"acts_visited":["Exordium","TheCity"],"potions_floor_usage":[],"damage_taken":[{"damage":0.0,"enemies":"2 Louse","floor":1.0,"turns":4.0},{"damage":25.0,"enemies":"Gremlin Nob","floor":7.0,"turns":4.0},{"damage":19.0,"enemies":"Lagavulin","floor":10.0,"turns":6.0},{"damage":0.0,"enemies":"Jaw Worm","floor":12.0,"turns":4.0},{"damage":25.0,"enemies":"Gremlin Nob","floor":14.0,"turns":4.0},{"damage":9.0,"enemies":"Slime Boss","floor":16.0,"turns":7.0},{"damage":7.0,"enemies":"Chosen","floor":18.0,"turns":5.0},{"damage":23.0,"enemies":"Slavers","floor":23.0,"turns":3.0},{"damage":0.0,"enemies":"Spheric Guardian","floor":28.0,"turns":3.0},{"damage":33,"enemies":"Gremlin Leader","floor":29,"turns":4}],"seed_played":"-7011063846795920937","potions_obtained":[{"floor":10.0,"key":"SpeedPotion"},{"floor":14.0,"key":"AttackPotion"},{"floor":18.0,"key":"Dexterity Potion"}],"is_trial":false,"path_per_floor":["M","?","$","?","$","R","E","R","T","E","R","M","$","E","R","B",null,"M","?","?","?","$","E","?","R","T","T","M","E"],"character_chosen":"THE_SILENT","items_purchased":["Bouncing Flask","Crippling Poison","Well Laid Plans"],"campfire_rested":0,"item_purchase_floors":[3,5,13],"current_hp_per_floor":[77,77,77,82,82,82,57,57,57,38,38,38,38,13,13,4,63,56,56,56,56,56,33,33,33,33,33,33,0,0],"gold":110,"neow_bonus":"TEN_PERCENT_HP_BONUS","is_daily":false,"chose_seed":false,"campfire_upgraded":5,"win_rate":0.0,"timestamp":1609308185,"path_taken":["M","?","$","?","?","R","E","R","T","E","R","M","$","E","R","BOSS","M","?","?","?","$","E","?","R","T","?","?","E"],"items_purchased_type":["Card","Card","Card"],"build_version":"2020-12-22","purchased_purges":2,"victory":false,"max_hp_per_floor":[77,77,77,82,82,82,82,82,82,82,82,82,82,82,82,82,82,82,82,82,82,82,82,82,82,82,82,82,82,82],"card_choices":[{"not_picked":["Flying Knee","Deflect"],"picked":"Cloak And Dagger","floor":1.0},{"not_picked":["Flying Knee","Deflect"],"picked":"Cloak And Dagger","floor":1.0},{"not_picked":["Deadly Poison","Calculated Gamble"],"picked":"Corpse Explosion","floor":7.0},{"not_picked":["Expertise","Backflip"],"picked":"Deadly Poison","floor":10.0},{"not_picked":["Blade Dance","Dodge and Roll"],"picked":"Noxious Fumes","floor":12.0},{"not_picked":["Backflip","Dodge and Roll","Endless Agony"],"picked":"SKIP","floor":14.0},{"not_picked":["Unload","Wraith Form v2"],"picked":"Envenom","floor":16.0},{"not_picked":["Dagger Spray","Dagger Throw+1","Cloak And Dagger+1"],"picked":"SKIP","floor":18.0},{"not_picked":["Dagger Throw+1","Burst","Endless Agony+1"],"picked":"SKIP","floor":23.0},{"not_picked":["Dagger Spray+1","Bouncing Flask","Flying Knee+1","Reflex+1"],"picked":"SKIP","floor":28.0}],"player_experience":204286,"relics_obtained":[{"floor":7.0,"key":"Calipers"},{"floor":9.0,"key":"Nunchaku"},{"floor":10.0,"key":"Ginger"},{"floor":14.0,"key":"Mercury Hourglass"},{"floor":23.0,"key":"Frozen Egg 2"},{"floor":26.0,"key":"Question Card"},{"floor":27.0,"key":"Whetstone"}],"event_choices":[{"damage_healed":0.0,"max_hp_gain":0.0,"max_hp_loss":0.0,"gold_gain":175.0,"event_name":"Liars Game","player_choice":"AGREE","floor":2.0,"gold_loss":0.0,"damage_taken":0.0,"cards_obtained":["Doubt"]},{"damage_healed":0.0,"max_hp_gain":5.0,"max_hp_loss":0.0,"gold_gain":0.0,"event_name":"Big Fish","player_choice":"Donut","floor":4.0,"gold_loss":0.0,"damage_taken":0.0},{"damage_healed":0.0,"max_hp_gain":0.0,"max_hp_loss":0.0,"gold_gain":0.0,"event_name":"Drug Dealer","player_choice":"Inject Mutagens","floor":19.0,"gold_loss":0.0,"damage_taken":0.0,"relics_obtained":["MutagenicStrength"]},{"damage_healed":0.0,"max_hp_gain":0.0,"max_hp_loss":0.0,"gold_gain":0.0,"event_name":"Addict","player_choice":"Obtained Relic","floor":20.0,"gold_loss":85.0,"damage_taken":0.0,"relics_obtained":["Thread and Needle"]},{"damage_healed":0.0,"max_hp_gain":0.0,"max_hp_loss":0.0,"gold_gain":0.0,"event_name":"The Mausoleum","player_choice":"Ignored","floor":21.0,"gold_loss":0.0,"damage_taken":0.0},{"cards_removed":["Strike_G"],"damage_healed":0.0,"max_hp_gain":0.0,"max_hp_loss":0.0,"gold_gain":0.0,"event_name":"Beggar","player_choice":"Gave Gold","floor":24.0,"gold_loss":75.0,"damage_taken":0.0}],"is_beta":false,"boss_relics":[{"not_picked":["SacredBark","Black Star"],"picked":"Empty Cage"}],"items_purged_floors":[3,13],"is_endless":false,"potions_floor_spawned":[10,14,18],"killed_by":"Gremlin Leader","ascension_level":5}}