{"host":"odz7g4gpgch153rb","time":1609303854,"event":{"mods":["AchievementEnabler","BaseMod","Better Match","Better Third Choice","BetterRewards","GifTheSpireLib","Infinite Spire","Jedi Mod","Minty Spire (QoL Compilation)","Quick Restart","Replay The Spire","Spikes Relics","StSLib","Stuff the Spire","The Blue Laboratory","Trackpad"],"gold_per_floor":[116,116,60,60,83,83,103,103,156,173,207,207,8,22,22,101,101,67,82,82,7,7,7,41,41,41,55,55,55,72,72,72,151,151,168,168,186,186,206,240,240,256,280,313,313,338,338,368,368,368],"floor_reached":51,"playtime":5298,"items_purged":["Strike_G","StuffTheSpire:Python","ReplayTheSpireMod:Necrosis"],"score":1798,"play_id":"66f50d9b-2dfd-490c-a3bc-a81ef535346a","local_time":"20201229235054","is_ascension_mode":true,"campfire_choices":[{"floor":6.0,"key":"REST"},{"floor":8.0,"key":"REST"},{"data":"Blade Dance","floor":12.0,"key":"SMITH"},{"data":"Strike_G","floor":15.0,"key":"PURGE"},{"data":"Cloak And Dagger","floor":23.0,"key":"SMITH"},{"data":"Finesse","floor":25.0,"key":"SMITH"},{"data":"Neutralize","floor":29.0,"key":"SMITH"},{"data":"StuffTheSpire:Python+1","floor":32.0,"key":"PURGE"},{"data":"Cloak And Dagger","floor":41,"key":"SMITH"},{"data":"Cloak And Dagger","floor":45,"key":"SMITH"},{"data":"Blade Dance","floor":47,"key":"SMITH"},{"data":"infinitespire:Fortify","floor":49,"key":"SMITH"}],"circlet_count":0,"master_deck":["AscendersBane","Strike_G+1","Strike_G+1","Defend_G+1","Defend_G+1","Defend_G+1","Defend_G+1","Defend_G+1","Survivor","Neutralize+1","Footwork+1","Blade Dance+1","Finesse+1","Backstab+1","Cloak And Dagger+1","StuffTheSpire:Rapture","Infinite Blades","infinitespire:Fortify+1","After Image","Cloak And Dagger+1","Cloak And Dagger+1","Blade Dance+1"],"relics":["Ring of the Snake","BargainBundle","jedi:firstaidkit","ToxicTincture","Gremlin Food","jedi:arcanewood","Ancient Tea Set","Molten Egg 2","Happy Flower","Vajra","Anchor","Toy Ornithopter","Sozu","Tiny Chest","SpikesRelics:ToyHorsey","Bag of Preparation","PreservedInsect","Du-Vu Doll","jedi:scrapmetal"],"acts_visited":["Exordium","TheCity","TheBeyond"],"potions_floor_usage":[],"damage_taken":[{"damage":0.0,"enemies":"2 Louse","floor":1.0,"turns":3.0},{"damage":0.0,"enemies":"Cultist","floor":7.0,"turns":6.0},{"damage":0.0,"enemies":"Jaw Worm","floor":10.0,"turns":5.0},{"damage":27.0,"enemies":"Gremlin Nob","floor":11.0,"turns":5.0},{"damage":0.0,"enemies":"Red Slaver","floor":14.0,"turns":3.0},{"damage":6.0,"enemies":"Hexaghost","floor":16.0,"turns":8.0},{"damage":32.0,"enemies":"2 Thieves","floor":18.0,"turns":5.0},{"damage":10.0,"enemies":"3 Byrds","floor":19.0,"turns":9.0},{"damage":3.0,"enemies":"Replay:Snechameleon","floor":24.0,"turns":4.0},{"damage":1.0,"enemies":"3 Cultists","floor":27.0,"turns":5.0},{"damage":2.0,"enemies":"Snecko","floor":30.0,"turns":3.0},{"damage":28.0,"enemies":"Champ","floor":33.0,"turns":8.0},{"damage":0,"enemies":"3 Shapes","floor":35,"turns":4},{"damage":0,"enemies":"3 Darklings","floor":37,"turns":5},{"damage":10,"enemies":"Transient","floor":39,"turns":5},{"damage":0,"enemies":"Giant Head","floor":40,"turns":8},{"damage":0,"enemies":"4 Shapes","floor":42,"turns":5},{"damage":15,"enemies":"R_Hoarder","floor":44,"turns":8},{"damage":0,"enemies":"Mind Bloom Boss Battle","floor":46,"turns":6},{"damage":0,"enemies":"Reptomancer","floor":48,"turns":4},{"damage":0,"enemies":"Awakened One","floor":50,"turns":12}],"seed_played":"-3584981497300770377","potions_obtained":[{"floor":7.0,"key":"Fire Potion"},{"floor":11.0,"key":"blueLaboratory:BubblePotion"},{"floor":24.0,"key":"EssenceOfSteel"},{"floor":27.0,"key":"blueLaboratory:NinjaPotion"}],"is_trial":false,"path_per_floor":["M","?","$","$","T","R","M","R","T","M","E","R","$","M","R","B",null,"M","M","?","?","T","R","E","R","T","M","?","R","M","AVR","R","B",null,"M","AVR","M","?","M","E","R","M","T","E","R","?","R","E","R","B",null],"character_chosen":"THE_SILENT","items_purchased":["BargainBundle","StuffTheSpire:Python","blueLaboratory:FruitPunch","ToxicTincture","Gremlin Food","Footwork+1","Finesse"],"campfire_rested":2,"item_purchase_floors":[0,0,0,0,0,3,13],"current_hp_per_floor":[30,23,23,23,23,43,43,63,63,63,45,45,45,45,45,49,63,43,64,64,64,64,64,66,66,66,67,67,67,67,67,67,44,62,62,62,62,62,55,55,55,55,55,50,50,50,50,50,50,50],"gold":368,"neow_bonus":"","is_daily":false,"chose_seed":false,"campfire_upgraded":8,"win_rate":0.0,"timestamp":1609303854,"path_taken":["M","?","?","$","?","R","M","R","T","?","E","R","$","M","R","BOSS","M","?","?","?","?","R","E","R","T","?","?","R","M","AVR","R","BOSS","M","AVR","M","?","M","E","R","M","T","E","R","?","R","E","R","BOSS"],"items_purchased_type":["Relic","Card","Potion","Relic","Relic","Card","Card"],"build_version":"2020-12-22","purchased_purges":3,"victory":true,"max_hp_per_floor":[68,68,68,68,68,68,68,68,68,68,68,68,68,68,68,68,68,68,68,68,68,68,68,68,68,68,68,68,68,68,68,68,68,68,68,68,68,68,68,68,68,68,68,68,68,68,68,68,68,68],"card_choices":[{"not_picked":["Dagger Throw","StuffTheSpire:ClusterCrunch","Sucker Punch"],"picked":"SKIP","floor":1.0},{"not_picked":["Flying Knee","StuffTheSpire:ClusterCrunch","StuffTheSpire:BumpUp"],"picked":"SKIP","floor":7.0},{"not_picked":["Bane","Pace"],"picked":"Blade Dance","floor":10.0},{"not_picked":["Quick Slash+1","Phantasmal Killer","Bane+1"],"picked":"SKIP","floor":11.0},{"not_picked":["Setup","Outmaneuver","Slice+1"],"picked":"SKIP","floor":14.0},{"not_picked":["Wraith Form v2","Unload+1"],"picked":"ReplayTheSpireMod:Necrosis","floor":16.0},{"not_picked":["jedi:acidrain","StuffTheSpire:BumpUp+1"],"picked":"Backstab+1","floor":18.0},{"not_picked":["Prepared","Deflect+1"],"picked":"Cloak And Dagger","floor":19.0},{"not_picked":["InfectiousVector","Acrobatics+1","PiercingWail"],"picked":"SKIP","floor":24.0},{"not_picked":["Endless Agony+1","Dodge and Roll","ShadowRift+1"],"picked":"SKIP","floor":27.0},{"not_picked":["StuffTheSpire:BumpUp+1","Blur"],"picked":"Infinite Blades","floor":30.0},{"not_picked":["A Thousand Cuts","ReplayTheSpireMod:From All Sides+1"],"picked":"After Image","floor":33.0},{"not_picked":["Sucker Punch+1","Deflect"],"picked":"Cloak And Dagger","floor":35},{"not_picked":["StuffTheSpire:BumpUp+1","Slice+1","Leg Sweep"],"picked":"SKIP","floor":37},{"not_picked":["jedi:acidrain","ReplayTheSpireMod:Necrosis"],"picked":"Cloak And Dagger","floor":39},{"not_picked":["Concentrate+1","StuffTheSpire:Injection+1","StuffTheSpire:ClusterCrunch+1"],"picked":"SKIP","floor":40},{"not_picked":["StuffTheSpire:Injection+1","Setup","Prepared"],"picked":"SKIP","floor":42},{"not_picked":["Escape Plan","Prepared","Finisher+1"],"picked":"SKIP","floor":44},{"not_picked":["Bouncing Flask","Eviscerate+1"],"picked":"Blade Dance","floor":46},{"not_picked":["ReplayTheSpireMod:Necrosis","StuffTheSpire:Injection+1","Setup"],"picked":"SKIP","floor":48}],"player_experience":967676,"relics_obtained":[{"floor":5.0,"key":"jedi:arcanewood"},{"floor":9.0,"key":"Ancient Tea Set"},{"floor":11.0,"key":"Molten Egg 2"},{"floor":22.0,"key":"Happy Flower"},{"floor":24.0,"key":"Vajra"},{"floor":26.0,"key":"Anchor"},{"floor":40,"key":"SpikesRelics:ToyHorsey"},{"floor":43,"key":"Bag of Preparation"},{"floor":44,"key":"PreservedInsect"},{"floor":46,"key":"Du-Vu Doll"},{"floor":48,"key":"jedi:scrapmetal"}],"event_choices":[{"cards_removed":["Strike_G"],"damage_healed":0.0,"max_hp_gain":0.0,"max_hp_loss":0.0,"gold_gain":0.0,"event_name":"Golden Wing","player_choice":"Card Removal","floor":2.0,"gold_loss":0.0,"damage_taken":7.0},{"damage_healed":0.0,"max_hp_gain":0.0,"max_hp_loss":0.0,"gold_gain":0.0,"event_name":"Ghosts","player_choice":"Ignored","floor":20.0,"gold_loss":0.0,"damage_taken":0.0},{"damage_healed":0.0,"max_hp_gain":0.0,"max_hp_loss":6.0,"gold_gain":0.0,"event_name":"betterThird:BetterWriting","player_choice":"Simplicity","floor":28.0,"gold_loss":0.0,"damage_taken":0.0},{"damage_healed":0,"gold_gain":0,"player_choice":"Fight","damage_taken":0,"max_hp_gain":0,"max_hp_loss":0,"event_name":"MindBloom","floor":46,"gold_loss":0}],"is_beta":false,"boss_relics":[{"not_picked":["jedi:battlestandard","Replay:Bronze Core","StuffTheSpire:RunicConfusion"]},{"not_picked":["Replay:Grab Bag","StuffTheSpire:ModemDavis"],"picked":"Sozu"}],"items_purged_floors":[0,13,31],"is_endless":false,"potions_floor_spawned":[7,11,24,27,30,35,42],"ascension_level":16}}