{"host":"09dggplywn8v9u5y","time":1609367298,"event":{"mods":["2.2 Compatiblity","AchievementEnabler","BaseMod","Better Altar","Better Match","Better Note","Better Sensory Stone","Better Skull","Better Third Choice","BetterRewards","Block Reminder","Colored Map","Colored Powertips","DeckTracker","Friendly Minions","Highlight Path","Jorbs\u0027s Wanderer Trilogy","Minty Spire (QoL Compilation)","Quick Restart","Random Character Button","Rare Cards Sparkle","Relic Sorter","Relic Stats","Shop Mod","StSLib","The Bug Knight","The Cursed","The Disciple","The Necromancer","The Runesmith","The Servant 0.9.4","Unceasing Turn Reminder"],"gold_per_floor":[110,121,135,154,164,164,175,185,185,185,185,201,126,136,136,239,239,249,267,283,283,283],"floor_reached":21,"playtime":1439,"items_purged":["Strike_R"],"score":179,"play_id":"00418d90-7100-421e-a2fd-ba252e6fcbba","local_time":"20201230192818","is_ascension_mode":false,"campfire_choices":[{"data":"Body Slam","floor":6,"key":"SMITH"},{"data":"Iron Wave","floor":11,"key":"SMITH"},{"data":"Defend_R","floor":15,"key":"SMITH"}],"circlet_count":0,"master_deck":["Strike_R","Strike_R","Strike_R","Strike_R","Defend_R","Defend_R","Defend_R+1","Defend_R","Bash","Warcry","Clothesline","Iron Wave+1","Body Slam+1","Clothesline","Double Tap","Body Slam"],"relics":["Burning Blood","NeowsBlessing","MealTicket","FossilizedHelix","SacredBark"],"acts_visited":["Exordium","TheCity"],"potions_floor_usage":[16],"damage_taken":[{"damage":0,"enemies":"Jaw Worm","floor":1,"turns":1},{"damage":0,"enemies":"Cultist","floor":2,"turns":1},{"damage":0,"enemies":"Small Slimes","floor":3,"turns":1},{"damage":11,"enemies":"Red Slaver","floor":4,"turns":3},{"damage":8,"enemies":"3 Louse","floor":5,"turns":4},{"damage":21,"enemies":"Large Slime","floor":7,"turns":8},{"damage":12,"enemies":"2 Fungi Beasts","floor":8,"turns":4},{"damage":0,"enemies":"Blue Slaver","floor":12,"turns":4},{"damage":0,"enemies":"Looter","floor":14,"turns":3},{"damage":45,"enemies":"The Guardian","floor":16,"turns":14},{"damage":63,"enemies":"Spheric Guardian","floor":18,"turns":11},{"damage":23,"enemies":"Chosen","floor":19,"turns":8},{"damage":48,"enemies":"Snake Plant","floor":20,"turns":9},{"damage":20,"enemies":"Sentry and Sphere","floor":21,"turns":3}],"seed_played":"6579259462911455892","potions_obtained":[{"floor":1,"key":"Explosive Potion"},{"floor":2,"key":"FairyPotion"},{"floor":7,"key":"Swift Potion"},{"floor":12,"key":"FearPotion"}],"is_trial":false,"path_per_floor":["M","M","M","M","M","R","M","M","T","?","R","M","$","M","R","B",null,"M","M","M","M"],"character_chosen":"IRONCLAD","items_purchased":[],"campfire_rested":0,"item_purchase_floors":[],"current_hp_per_floor":[80,80,80,75,73,73,58,52,52,52,52,58,73,79,79,40,80,23,54,12,0,0],"gold":283,"neow_bonus":"THREE_ENEMY_KILL","is_daily":false,"chose_seed":false,"campfire_upgraded":3,"win_rate":0.0,"timestamp":1609367298,"path_taken":["M","M","M","M","M","R","M","M","T","?","R","M","$","M","R","BOSS","M","M","M","?"],"items_purchased_type":[],"build_version":"2020-12-22","purchased_purges":1,"victory":false,"max_hp_per_floor":[80,80,80,80,80,80,80,80,80,80,80,80,80,80,80,80,80,80,80,80,80,80],"relic_stats":{"counters":[14,74],"MealTicket":15,"obtain_stats":[{"NeowsBlessing":0,"SacredBark":17,"MealTicket":9,"Burning Blood":0,"FossilizedHelix":10},{"NeowsBlessing":0,"SacredBark":10,"MealTicket":7,"Burning Blood":0,"FossilizedHelix":7},{"NeowsBlessing":0,"SacredBark":43,"MealTicket":22,"Burning Blood":0,"FossilizedHelix":22}],"Burning Blood":60},"card_choices":[{"not_picked":["Anger","Inflame"],"picked":"Warcry","floor":1},{"not_picked":["True Grit","Searing Blow"],"picked":"Clothesline","floor":2},{"not_picked":["Shrug It Off","True Grit"],"picked":"Iron Wave","floor":3},{"not_picked":["Headbutt","Dropkick"],"picked":"Body Slam","floor":4},{"not_picked":["Carnage","Power Through"],"picked":"Clothesline","floor":5},{"not_picked":["Feel No Pain","Corruption","Anger"],"picked":"SKIP","floor":7},{"not_picked":["Rampage","Headbutt","Power Through"],"picked":"SKIP","floor":8},{"not_picked":["Feel No Pain","Twin Strike","Disarm"],"picked":"SKIP","floor":12},{"not_picked":["Pommel Strike","Reaper","Flex"],"picked":"SKIP","floor":14},{"not_picked":["Feed","Reaper"],"picked":"Double Tap","floor":16},{"not_picked":["Armaments","Intimidate"],"picked":"Body Slam","floor":18},{"not_picked":["True Grit+1","Thunderclap","Shrug It Off"],"picked":"SKIP","floor":19},{"not_picked":["Rampage","Disarm","Anger"],"picked":"SKIP","floor":20}],"player_experience":24656,"relics_obtained":[{"floor":9,"key":"MealTicket"}],"event_choices":[{"damage_healed":0,"gold_gain":0,"player_choice":"Gave Potion","damage_taken":0,"relics_obtained":["FossilizedHelix"],"max_hp_gain":0,"max_hp_loss":0,"event_name":"WeMeetAgain","floor":10,"gold_loss":0}],"is_beta":false,"boss_relics":[{"not_picked":["Busted Crown","Black Blood"],"picked":"SacredBark"}],"items_purged_floors":[13],"is_endless":false,"potions_floor_spawned":[1,2,7,12],"killed_by":"Sentry and Sphere","ascension_level":0}}