{"host":"5ezk7t18wcb10u1o","time":1609325317,"event":{"mods":["BaseMod","Bestiary","Colored Powertips","Minty Spire (QoL Compilation)","Relic Sorter"],"gold_per_floor":[116,191,191,208,222,222,250,262,262,262,262],"floor_reached":10,"playtime":376,"items_purged":[],"score":129,"play_id":"5e21d050-7775-4f36-a26d-81aeb4d709ad","local_time":"20201230104837","is_ascension_mode":true,"campfire_choices":[{"floor":6,"key":"REST"}],"circlet_count":0,"master_deck":["AscendersBane","Strike_B","Strike_B","Strike_B","Strike_B","Defend_B","Defend_B","Defend_B","Zap","Dualcast","Bandage Up","Go for the Eyes","Leap","Static Discharge","Echo Form","Conserve Battery"],"relics":["Cracked Core","Boot","Blue Candle"],"acts_visited":["Exordium"],"potions_floor_usage":[7,7],"damage_taken":[{"damage":12,"enemies":"Jaw Worm","floor":1,"turns":3},{"damage":7,"enemies":"2 Louse","floor":4,"turns":2},{"damage":4,"enemies":"Cultist","floor":5,"turns":3},{"damage":27,"enemies":"3 Sentries","floor":7,"turns":9},{"damage":18,"enemies":"Exordium Thugs","floor":8,"turns":5},{"damage":30,"enemies":"Gremlin Nob","floor":10,"turns":3}],"seed_played":"1965083640103552855","potions_obtained":[{"floor":1,"key":"Dexterity Potion"},{"floor":5,"key":"Block Potion"}],"is_trial":false,"path_per_floor":["M","?","?","M","M","R","E","M","T","E"],"character_chosen":"DEFECT","items_purchased":[],"campfire_rested":1,"item_purchase_floors":[],"current_hp_per_floor":[56,45,38,35,35,56,33,23,23,0,0],"gold":262,"neow_bonus":"RANDOM_COLORLESS","is_daily":false,"chose_seed":false,"campfire_upgraded":0,"win_rate":0.0,"timestamp":1609325317,"path_taken":["M","?","?","M","M","R","E","M","T","E"],"items_purchased_type":[],"build_version":"2020-12-22","purchased_purges":0,"victory":false,"max_hp_per_floor":[71,71,71,71,71,71,71,71,71,71,71],"card_choices":[{"not_picked":["Purity","Jack Of All Trades"],"picked":"Bandage Up","floor":0},{"not_picked":["Capacitor","Beam Cell"],"picked":"Go for the Eyes","floor":1},{"not_picked":["Go for the Eyes","Darkness"],"picked":"Leap","floor":4},{"not_picked":["Force Field","Gash"],"picked":"Static Discharge","floor":5},{"not_picked":["Genetic Algorithm","Double Energy"],"picked":"Echo Form","floor":7},{"not_picked":["Leap","Lockon"],"picked":"Conserve Battery","floor":8}],"player_experience":1090940,"relics_obtained":[{"floor":7,"key":"Boot"},{"floor":9,"key":"Blue Candle"}],"event_choices":[{"damage_healed":0,"gold_gain":75,"player_choice":"Gather Gold","damage_taken":11,"max_hp_gain":0,"max_hp_loss":0,"event_name":"World of Goop","floor":2,"gold_loss":0},{"cards_removed":["Defend_B"],"damage_healed":0,"gold_gain":0,"player_choice":"Card Removal","damage_taken":7,"max_hp_gain":0,"max_hp_loss":0,"event_name":"Golden Wing","floor":3,"gold_loss":0}],"is_beta":false,"boss_relics":[],"items_purged_floors":[],"is_endless":false,"potions_floor_spawned":[1,5],"killed_by":"Gremlin Nob","ascension_level":18}}