{"host":"12lnwhc48gjtaggg","time":1609347990,"event":{"mods":["Aspiration","BaseMod","BetterRewards","Gold Saver","GungeonMod","Infinite Spire","Minty Spire (QoL Compilation)","Remove Card Discount Mod","Shop Mod","StSLib","Trackpad","[IsaacMod]????"],"gold_per_floor":[388,388,237,237,252,284,284,317,317,348,187,187,205,217,217,320,320,334,334,344,344,356,382,382,401,401,401,401,401,411,444,444,548,548,567,582,597,614,614,641,660,660,660,679,679,697,713,729,729,729],"floor_reached":51,"playtime":1324,"items_purged":["EpicFetus"],"score":1117,"play_id":"0c243667-2e98-42da-87c1-609fbd7c487a","local_time":"20201230170630","is_ascension_mode":true,"campfire_choices":[{"floor":7,"key":"REST"},{"floor":12,"key":"REST"},{"data":"Bash","floor":15,"key":"SMITH"},{"data":"True Grit","floor":24,"key":"SMITH"},{"data":"infinitespire:FinalStrike","floor":27,"key":"SMITH"},{"data":"Intimidate","floor":32,"key":"SMITH"},{"data":"Double Tap","floor":45,"key":"SMITH"},{"data":"Offering","floor":49,"key":"SMITH"}],"circlet_count":0,"master_deck":["Strike_R+1","Strike_R","Strike_R","Strike_R","Strike_R","Defend_R","Defend_R","Defend_R","Defend_R","Bash+1","Inflame+1","Shockwave+1","Perfected Strike","Perfected Strike","Intimidate+1","Pommel Strike","Immolate","Shrug It Off","Twin Strike","Offering+1","Twin Strike","infinitespire:FinalStrike+1","True Grit+1","Double Tap+1","Sword Boomerang+1","Sword Boomerang+1","Thunderclap+1","Pommel Strike+1","Normality","Wild Strike+1","Heavy Blade","Pommel Strike+1","Cleave"],"relics":["Burning Blood","HushsDoor","NineVolt","Regal Pillow","DemoMod:GundromedaStrain","SteamSale","DemoMod:RingOfEthereal","infinitespire:Satchel","HowToJump","Omamori","Brimstone","trackpad:DemonHeart","Cursed Key","EdensBlessing","SharpPlug","Ornamental Fan","DemoMod:VorpalBullet","aspiration:PoetsPen_weak","DemoMod:GlassGuonStoneRelic","trackpad:WondrousWand","Potion Belt"],"acts_visited":["Exordium","TheCity","TheBeyond"],"potions_floor_usage":[16,16,25,50,50,50,50,50],"damage_taken":[{"damage":7,"enemies":"Small Slimes","floor":1,"turns":3},{"damage":1,"enemies":"Jaw Worm","floor":5,"turns":3},{"damage":17,"enemies":"3 Sentries","floor":6,"turns":4},{"damage":25,"enemies":"Lagavulin","floor":8,"turns":5},{"damage":19,"enemies":"3 Sentries","floor":10,"turns":5},{"damage":0,"enemies":"2 Louse","floor":13,"turns":1},{"damage":0,"enemies":"Blue Slaver","floor":14,"turns":2},{"damage":30,"enemies":"Hexaghost","floor":16,"turns":5},{"damage":16,"enemies":"2 Thieves","floor":18,"turns":3},{"damage":12,"enemies":"Shell Parasite","floor":20,"turns":2},{"damage":0,"enemies":"Shelled Parasite and Fungi","floor":22,"turns":1},{"damage":20,"enemies":"Slavers","floor":23,"turns":3},{"damage":0,"enemies":"Snake Plant","floor":25,"turns":2},{"damage":0,"enemies":"Centurion and Healer","floor":30,"turns":2},{"damage":6,"enemies":"Book of Stabbing","floor":31,"turns":2},{"damage":7,"enemies":"Champ","floor":33,"turns":4},{"damage":0,"enemies":"3 Darklings","floor":35,"turns":1},{"damage":0,"enemies":"3 Shapes","floor":36,"turns":1},{"damage":0,"enemies":"Spire Growth","floor":37,"turns":1},{"damage":6,"enemies":"3 Darklings","floor":38,"turns":2},{"damage":6,"enemies":"Giant Head","floor":40,"turns":1},{"damage":0,"enemies":"Jaw Worm Horde","floor":41,"turns":1},{"damage":0,"enemies":"Writhing Mass","floor":44,"turns":1},{"damage":0,"enemies":"4 Shapes","floor":46,"turns":2},{"damage":0,"enemies":"Jaw Worm Horde","floor":47,"turns":1},{"damage":0,"enemies":"Spire Growth","floor":48,"turns":1},{"damage":0,"enemies":"Time Eater","floor":50,"turns":5}],"seed_played":"6802593979607150660","potions_obtained":[{"floor":8,"key":"FearPotion"},{"floor":10,"key":"Energy Potion"},{"floor":13,"key":"Weak Potion"},{"floor":23,"key":"SkillPotion"},{"floor":33,"key":"Strength Potion"},{"floor":36,"key":"ColorlessPotion"},{"floor":38,"key":"Block Potion"},{"floor":46,"key":"DemoMod:LeadSkinPotion"},{"floor":47,"key":"CultistPotion"}],"is_trial":false,"path_per_floor":["M","?","$","?","M","E","R","E","T","E","$","R","M","M","R","B",null,"M","?","M","AVR","M","E","R","M","T","R","?","?","M","E","R","B",null,"M","M","M","M","?","E","M","?","T","M","R","M","M","M","R","B",null],"character_chosen":"IRONCLAD","items_purchased":["Inflame","Shockwave","Regal Pillow","Perfected Strike","SteamSale","Brimstone","Immolate"],"campfire_rested":2,"item_purchase_floors":[0,0,0,0,3,11,11],"current_hp_per_floor":[55,39,39,39,44,33,72,53,53,40,40,79,80,80,80,56,80,70,70,64,64,70,56,56,62,62,62,62,62,68,68,68,67,80,80,80,80,80,80,80,80,80,80,80,80,80,80,80,80,80],"gold":729,"neow_bonus":"","is_daily":false,"chose_seed":false,"campfire_upgraded":6,"win_rate":0.0,"timestamp":1609347990,"path_taken":["M","?","$","?","M","E","R","E","T","E","$","R","M","M","R","BOSS","M","?","M","AVR","M","E","R","M","T","R","?","?","M","E","R","BOSS","M","M","M","?","?","E","M","?","T","M","R","M","M","M","R","BOSS"],"items_purchased_type":["Card","Card","Relic","Card","Relic","Relic","Card"],"build_version":"2020-12-22","purchased_purges":1,"victory":true,"max_hp_per_floor":[80,80,80,80,80,80,80,80,80,80,80,80,80,80,80,80,80,80,80,80,80,80,80,80,80,80,80,80,80,80,80,80,80,80,80,80,80,80,80,80,80,80,80,80,80,80,80,80,80,80],"card_choices":[{"not_picked":[],"picked":"EpicFetus","floor":0},{"not_picked":["Blood for Blood","Flex","Burning Pact"],"picked":"SKIP","floor":1},{"not_picked":["Shrug It Off","Thunderclap"],"picked":"Perfected Strike","floor":5},{"not_picked":["Corruption","infinitespire:OneForAll"],"picked":"Intimidate","floor":6},{"not_picked":["Clothesline","Shrug It Off"],"picked":"Pommel Strike","floor":8},{"not_picked":["Sentinel","Headbutt","Cleave"],"picked":"SKIP","floor":10},{"not_picked":["Evolve","Heavy Blade"],"picked":"Shrug It Off","floor":13},{"not_picked":["Body Slam","Headbutt"],"picked":"Twin Strike","floor":14},{"not_picked":["Immolate","Impervious"],"picked":"Offering","floor":16},{"not_picked":["Headbutt","Iron Wave","DemoMod:WhiteBlade"],"picked":"SKIP","floor":18},{"not_picked":["Clothesline","Havoc"],"picked":"Twin Strike","floor":20},{"not_picked":["Second Wind","Heavy Blade","Evolve"],"picked":"SKIP","floor":22},{"not_picked":["Flame Barrier","DemoMod:BlackBlade+1"],"picked":"True Grit","floor":23},{"not_picked":["Clash","Shockwave+1","Flex"],"picked":"SKIP","floor":25},{"not_picked":["Flex+1","Reckless Charge","Combust"],"picked":"SKIP","floor":30},{"not_picked":["Disarm","Inflame","Ghostly Armor"],"picked":"SKIP","floor":31},{"not_picked":["Immolate","Berserk"],"picked":"Double Tap","floor":33},{"not_picked":["Infernal Blade+1","Evolve"],"picked":"Sword Boomerang+1","floor":35},{"not_picked":["Rage+1","Power Through+1"],"picked":"Sword Boomerang+1","floor":36},{"not_picked":["Rampage","DemoMod:WhiteBlade","Hemokinesis"],"picked":"SKIP","floor":37},{"not_picked":["Sever Soul","Inflame"],"picked":"Thunderclap+1","floor":38},{"not_picked":["Feel No Pain","Searing Blow+1","Body Slam+1"],"picked":"SKIP","floor":40},{"not_picked":["Clothesline+1","Havoc"],"picked":"Pommel Strike+1","floor":41},{"not_picked":["Thunderclap","Double Tap"],"picked":"Wild Strike+1","floor":44},{"not_picked":["Clash","Iron Wave"],"picked":"Heavy Blade","floor":46},{"not_picked":["Heavy Blade+1","Sword Boomerang+1"],"picked":"Pommel Strike+1","floor":47},{"not_picked":["Body Slam+1","Infernal Blade+1"],"picked":"Cleave","floor":48}],"player_experience":345727,"relics_obtained":[{"floor":6,"key":"DemoMod:WeirdEgg"},{"floor":8,"key":"infinitespire:Satchel"},{"floor":9,"key":"HowToJump"},{"floor":10,"key":"Omamori"},{"floor":23,"key":"SharpPlug"},{"floor":26,"key":"Ornamental Fan"},{"floor":31,"key":"DemoMod:VorpalBullet"},{"floor":40,"key":"trackpad:WondrousWand"},{"floor":43,"key":"Potion Belt"}],"event_choices":[{"damage_healed":0,"gold_gain":0,"player_choice":"Entered Light","damage_taken":16,"max_hp_gain":0,"max_hp_loss":0,"event_name":"Shining Light","floor":2,"gold_loss":0,"cards_upgraded":["Strike_R","Inflame"]},{"damage_healed":0,"gold_gain":0,"player_choice":"Grow","damage_taken":0,"max_hp_gain":0,"max_hp_loss":0,"event_name":"Living Wall","floor":4,"gold_loss":0,"cards_upgraded":["Shockwave"]},{"damage_healed":0,"gold_gain":0,"player_choice":"Smashed Altar","damage_taken":0,"max_hp_gain":0,"max_hp_loss":0,"event_name":"Forgotten Altar","floor":19,"gold_loss":0,"cards_obtained":["Decay"]},{"damage_healed":0,"gold_gain":0,"player_choice":"Ignored","damage_taken":0,"max_hp_gain":0,"max_hp_loss":0,"event_name":"Vampires","floor":28,"gold_loss":0}],"is_beta":false,"boss_relics":[{"not_picked":["Pandora\u0027s Box","trackpad:Coffee"],"picked":"trackpad:DemonHeart"},{"not_picked":[]},{"not_picked":["Fusion Hammer","aspiration:RunicSpoon"],"picked":"aspiration:PoetsPen_weak"},{"not_picked":[]}],"items_purged_floors":[11],"is_endless":false,"potions_floor_spawned":[8,10,13,23,33,36,38,41,46,47,48],"ascension_level":1}}