{"host":"0ydzwspkajt4brzd","time":1609330133,"event":{"mods":["AchievementEnabler","BaseMod","Colored Map","DeckTracker","Googly Eyes","Highlight Path","Minty Spire (QoL Compilation)","Quick Restart","Random Character Button","Rare Cards Sparkle"],"gold_per_floor":[117,136,37,112,112,112,147,147,147,162,26,50,50,64,64,64,64],"floor_reached":16,"playtime":870,"items_purged":["Strike_R"],"score":155,"play_id":"6304ea0b-6c38-4df4-bce1-37ff6555312e","local_time":"20201230040853","is_ascension_mode":true,"campfire_choices":[{"data":"Berserk","floor":6,"key":"SMITH"},{"floor":8,"key":"REST"},{"floor":15,"key":"REST"}],"circlet_count":0,"master_deck":["AscendersBane","Strike_R","Strike_R","Strike_R","Strike_R","Defend_R","Defend_R","Defend_R","Defend_R","Bash","Berserk+1","Twin Strike","Whirlwind","Warcry","Power Through","Headbutt","Corruption","Second Wind","Parasite","Hemokinesis"],"relics":["Burning Blood","Golden Idol","Strawberry","MealTicket"],"acts_visited":["Exordium"],"potions_floor_usage":[7,16,16],"damage_taken":[{"damage":0,"enemies":"Small Slimes","floor":1,"turns":3},{"damage":12,"enemies":"Jaw Worm","floor":2,"turns":3},{"damage":60,"enemies":"Gremlin Nob","floor":7,"turns":5},{"damage":11,"enemies":"Cultist","floor":10,"turns":4},{"damage":23,"enemies":"Blue Slaver","floor":12,"turns":5},{"damage":20,"enemies":"2 Fungi Beasts","floor":14,"turns":5},{"damage":65,"enemies":"Hexaghost","floor":16,"turns":9}],"seed_played":"7527519807040356554","potions_obtained":[{"floor":1,"key":"DistilledChaos"},{"floor":2,"key":"AttackPotion"},{"floor":12,"key":"ElixirPotion"}],"is_trial":false,"path_per_floor":["M","M","$","?","?","R","E","R","T","M","$","M","?","M","R","B"],"character_chosen":"IRONCLAD","items_purchased":["Warcry","Corruption"],"campfire_rested":2,"item_purchase_floors":[3,11],"current_hp_per_floor":[78,72,72,61,61,61,14,38,38,33,48,31,51,37,61,0,0],"gold":64,"neow_bonus":"ONE_RANDOM_RARE_CARD","is_daily":false,"chose_seed":false,"campfire_upgraded":1,"win_rate":0.0,"timestamp":1609330133,"path_taken":["M","M","$","?","?","R","E","R","T","M","$","M","?","?","R","BOSS"],"items_purchased_type":["Card","Card"],"build_version":"2020-12-22","purchased_purges":1,"victory":false,"max_hp_per_floor":[80,80,80,80,74,74,81,81,81,81,81,81,81,81,81,81,81],"card_choices":[{"not_picked":["Dark Embrace","Warcry"],"picked":"Twin Strike","floor":1},{"not_picked":["Wild Strike","Power Through"],"picked":"Whirlwind","floor":2},{"not_picked":["Cleave","Body Slam"],"picked":"Power Through","floor":7},{"not_picked":["Rupture","Clothesline"],"picked":"Headbutt","floor":10},{"not_picked":["Cleave","Heavy Blade"],"picked":"Second Wind","floor":12},{"not_picked":["Dropkick","Pommel Strike"],"picked":"Hemokinesis","floor":14}],"player_experience":414548,"relics_obtained":[{"floor":7,"key":"Strawberry"},{"floor":9,"key":"MealTicket"}],"event_choices":[{"damage_healed":0,"gold_gain":75,"player_choice":"Gather Gold","damage_taken":11,"max_hp_gain":0,"max_hp_loss":0,"event_name":"World of Goop","floor":4,"gold_loss":0},{"damage_healed":0,"gold_gain":0,"player_choice":"Lose Max HP","damage_taken":0,"relics_obtained":["Golden Idol"],"max_hp_gain":0,"max_hp_loss":6,"event_name":"Golden Idol","floor":5,"gold_loss":0},{"damage_healed":20,"gold_gain":0,"player_choice":"Healed and dodged fight","damage_taken":0,"max_hp_gain":0,"max_hp_loss":0,"event_name":"Mushrooms","floor":13,"gold_loss":0,"cards_obtained":["Parasite"]}],"is_beta":false,"boss_relics":[],"items_purged_floors":[3],"is_endless":false,"potions_floor_spawned":[1,2,12],"killed_by":"Hexaghost","ascension_level":11}}