{"host":"m2106ztvmcgfoyc9","time":1609351988,"event":{"mods":["BaseMod","Minty Spire (QoL Compilation)","Relic Stats"],"gold_per_floor":[119,135,210,30,45,45,57,85,85,85,101,101,101,119,119,119,119],"floor_reached":16,"playtime":1651,"items_purged":[],"score":204,"play_id":"615fa1f0-e0c2-45ae-a522-3c5174629d3c","local_time":"20201230191308","is_ascension_mode":true,"campfire_choices":[{"data":"1","floor":6,"key":"LIFT"},{"data":"2","floor":10,"key":"LIFT"},{"data":"3","floor":12,"key":"LIFT"},{"floor":15,"key":"REST"}],"circlet_count":0,"master_deck":["AscendersBane","Strike_R","Strike_R","Strike_R","Strike_R","Strike_R","Defend_R","Defend_R","Defend_R","Defend_R","Bash+1","Sword Boomerang","Immolate","Double Tap","Fiend Fire","Heavy Blade"],"relics":["Burning Blood","Girya","Happy Flower","Omamori"],"acts_visited":["Exordium"],"potions_floor_usage":[7,16],"damage_taken":[{"damage":7,"enemies":"Small Slimes","floor":1,"turns":5},{"damage":3,"enemies":"2 Louse","floor":2,"turns":3},{"damage":0,"enemies":"Cultist","floor":5,"turns":2},{"damage":13,"enemies":"Exordium Wildlife","floor":7,"turns":2},{"damage":32,"enemies":"Gremlin Nob","floor":8,"turns":4},{"damage":2,"enemies":"3 Louse","floor":11,"turns":3},{"damage":8,"enemies":"Blue Slaver","floor":14,"turns":2},{"damage":45,"enemies":"Hexaghost","floor":16,"turns":7}],"seed_played":"-8185900618411463501","potions_obtained":[{"floor":2,"key":"SkillPotion"},{"floor":5,"key":"SpeedPotion"},{"floor":7,"key":"SpeedPotion"},{"floor":11,"key":"Energy Potion"}],"is_trial":false,"path_per_floor":["M","M","?","$","M","R","M","E","T","R","M","R","?","M","R","B"],"character_chosen":"IRONCLAD","items_purchased":["Immolate"],"campfire_rested":1,"item_purchase_floors":[4],"current_hp_per_floor":[49,52,41,41,47,47,40,14,14,14,18,18,18,16,38,0,0],"gold":119,"neow_bonus":"ONE_RARE_RELIC","is_daily":false,"chose_seed":false,"campfire_upgraded":0,"win_rate":0.0,"timestamp":1609351988,"path_taken":["M","M","?","$","M","R","M","E","T","R","M","R","?","M","R","BOSS"],"items_purchased_type":["Card"],"build_version":"2020-12-22","purchased_purges":0,"victory":false,"max_hp_per_floor":[75,75,75,75,75,75,75,75,75,75,75,75,75,75,75,75,75],"relic_stats":{"Happy Flower":[4],"counters":[8,28],"obtain_stats":[{"Girya":0,"Happy Flower":8,"Omamori":9,"Burning Blood":0},{"Girya":0,"Happy Flower":5,"Omamori":5,"Burning Blood":0},{"Girya":0,"Happy Flower":16,"Omamori":16,"Burning Blood":0}],"Burning Blood":42},"card_choices":[{"not_picked":["Wild Strike","Cleave"],"picked":"Sword Boomerang","floor":1},{"not_picked":["Clash","Sever Soul","Headbutt"],"picked":"SKIP","floor":2},{"not_picked":["Sword Boomerang","Uppercut"],"picked":"Double Tap","floor":5},{"not_picked":["Havoc","Dual Wield","Headbutt"],"picked":"SKIP","floor":7},{"not_picked":["Power Through","Cleave"],"picked":"Fiend Fire","floor":8},{"not_picked":["Perfected Strike","Clash"],"picked":"Heavy Blade","floor":11},{"not_picked":["Warcry","Perfected Strike","Twin Strike"],"picked":"SKIP","floor":14}],"player_experience":967912,"relics_obtained":[{"floor":8,"key":"Happy Flower"},{"floor":9,"key":"Omamori"}],"event_choices":[{"damage_healed":0,"gold_gain":75,"player_choice":"Gather Gold","damage_taken":11,"max_hp_gain":0,"max_hp_loss":0,"event_name":"World of Goop","floor":3,"gold_loss":0},{"damage_healed":0,"gold_gain":0,"player_choice":"Upgraded","damage_taken":0,"max_hp_gain":0,"max_hp_loss":0,"event_name":"Upgrade Shrine","floor":13,"gold_loss":0,"cards_upgraded":["Bash"]}],"is_beta":false,"boss_relics":[],"items_purged_floors":[],"is_endless":false,"potions_floor_spawned":[2,5,7,11],"killed_by":"Hexaghost","ascension_level":20}}