{"host":"b4oqa93y40rb9616","time":1609291571,"event":{"mods":["BaseMod","Colored Map","Custom Start","DeckTracker","Keyboard Shortcuts","Minty Spire (QoL Compilation)","Permanent Neow","Quick Restart","StSLib","SuperFastMode","everything is the same but u backflip on backflip"],"gold_per_floor":[117,130,149,160,12,12,12,12,12,12,12,33,33,33,33,156,156,172,33,132,132,132,132,151,176,176,196,196,71,84,108,108,231,231,252,275,275,298,316,316,330,330,330,330,355,375,395,428,428,428,428],"floor_reached":50,"playtime":1341,"items_purged":["Strike_B","Strike_B","Parasite"],"score":869,"play_id":"17e6c935-cb41-4c93-b42a-d5d9d4e1f25a","local_time":"20201230102611","is_ascension_mode":true,"campfire_choices":[{"data":"Defragment","floor":6.0,"key":"SMITH"},{"data":"Heatsinks","floor":8.0,"key":"SMITH"},{"data":"Loop","floor":13.0,"key":"SMITH"},{"floor":15.0,"key":"REST"},{"data":"Loop","floor":23.0,"key":"SMITH"},{"data":"Defragment","floor":28.0,"key":"SMITH"},{"floor":32.0,"key":"REST"},{"data":"Amplify","floor":40.0,"key":"SMITH"},{"floor":42.0,"key":"REST"},{"data":"Electrodynamics","floor":44.0,"key":"SMITH"},{"floor":49.0,"key":"RECALL"}],"circlet_count":0,"master_deck":["AscendersBane","Strike_B","Defend_B","Defend_B","Defend_B","Defend_B","Zap","Dualcast","Defragment+1","Heatsinks+1","Amplify+1","Loop+1","Glacier","Electrodynamics+1","Loop+1","Defragment+1","White Noise","Undo","Biased Cognition","Glacier+1","Hologram+1","Force Field","BootSequence","Thunder Strike"],"relics":["Cursed Key","Golden Idol","Cables","Nuclear Battery","Enchiridion","Sozu","Meat on the Bone"],"acts_visited":["Exordium","TheCity","TheBeyond"],"potions_floor_usage":[],"damage_taken":[{"damage":4.0,"enemies":"Jaw Worm","floor":1.0,"turns":4.0},{"damage":7.0,"enemies":"Small Slimes","floor":2.0,"turns":3.0},{"damage":2.0,"enemies":"2 Louse","floor":3.0,"turns":3.0},{"damage":22.0,"enemies":"Exordium Wildlife","floor":4.0,"turns":5.0},{"damage":11.0,"enemies":"Blue Slaver","floor":12.0,"turns":3.0},{"damage":12.0,"enemies":"Slime Boss","floor":16.0,"turns":16.0},{"damage":7.0,"enemies":"Chosen","floor":18.0,"turns":3.0},{"damage":0.0,"enemies":"3 Byrds","floor":24.0,"turns":2.0},{"damage":12.0,"enemies":"Cultist and Chosen","floor":25.0,"turns":4.0},{"damage":13.0,"enemies":"Centurion and Healer","floor":27.0,"turns":2.0},{"damage":19.0,"enemies":"Snake Plant","floor":30.0,"turns":4.0},{"damage":0.0,"enemies":"Cultist and Chosen","floor":31.0,"turns":3.0},{"damage":0.0,"enemies":"Automaton","floor":33.0,"turns":8.0},{"damage":20.0,"enemies":"3 Shapes","floor":35.0,"turns":2.0},{"damage":0.0,"enemies":"3 Darklings","floor":36.0,"turns":2.0},{"damage":0.0,"enemies":"4 Shapes","floor":38.0,"turns":2.0},{"damage":18.0,"enemies":"Writhing Mass","floor":39.0,"turns":2.0},{"damage":0.0,"enemies":"Sphere and 2 Shapes","floor":41.0,"turns":2.0},{"damage":0.0,"enemies":"Jaw Worm Horde","floor":45.0,"turns":4.0},{"damage":3.0,"enemies":"Maw","floor":46.0,"turns":5.0},{"damage":6.0,"enemies":"4 Shapes","floor":47.0,"turns":3.0},{"damage":0.0,"enemies":"Reptomancer","floor":48.0,"turns":3.0},{"damage":33,"enemies":"Time Eater","floor":50,"turns":5}],"seed_played":"4513123994443935379","potions_obtained":[{"floor":1.0,"key":"Fruit Juice"},{"floor":3.0,"key":"Swift Potion"},{"floor":4.0,"key":"SpeedPotion"},{"floor":24.0,"key":"Regen Potion"},{"floor":27.0,"key":"PowerPotion"}],"is_trial":false,"path_per_floor":["M","M","M","M","$","R","?","R","T","?","?","M","R","?","R","B",null,"M","$","?","?","?","R","M","M","T","M","R","$","M","M","R","B",null,"M","M","?","M","M","R","M","R","T","R","M","M","M","E","R","B"],"character_chosen":"DEFECT","items_purchased":["Loop","Loop"],"campfire_rested":3,"item_purchase_floors":[5,19],"current_hp_per_floor":[64,57,55,38,38,38,38,38,38,38,31,20,20,20,42,30,63,56,56,56,40,40,40,40,28,28,20,20,20,1,1,22,22,59,39,39,39,39,21,21,21,42,42,42,42,39,33,33,33,0,0],"gold":428,"neow_bonus":"BOSS_RELIC","is_daily":false,"chose_seed":false,"campfire_upgraded":7,"win_rate":0.0,"timestamp":1609291571,"path_taken":["M","M","M","M","$","R","?","R","T","?","?","M","R","?","R","BOSS","M","$","?","?","?","R","M","?","T","M","R","$","M","M","R","BOSS","M","?","?","M","?","R","M","R","T","R","M","M","M","E","R","BOSS"],"items_purchased_type":["Card","Card"],"build_version":"2020-12-22","purchased_purges":3,"victory":false,"max_hp_per_floor":[75,75,75,80,80,80,74,74,74,74,74,74,74,74,74,74,74,74,74,74,74,74,74,74,74,74,74,74,71,71,71,71,71,71,71,71,71,71,71,71,71,71,71,71,71,71,71,71,71,71,71],"card_choices":[{"not_picked":["Darkness","Blizzard"],"picked":"Defragment","floor":1.0},{"not_picked":["Darkness","Rebound","Gash"],"picked":"SKIP","floor":2.0},{"not_picked":["Defragment","Streamline"],"picked":"Heatsinks","floor":3.0},{"not_picked":["Stack","Gash"],"picked":"Amplify","floor":4.0},{"not_picked":["Redo","Hello World"],"picked":"Glacier","floor":12.0},{"not_picked":["Biased Cognition","Reboot"],"picked":"Electrodynamics","floor":16.0},{"not_picked":["Sweeping Beam","Doom and Gloom","Rebound"],"picked":"SKIP","floor":18.0},{"not_picked":["Hologram","Go for the Eyes"],"picked":"Defragment","floor":24.0},{"not_picked":["Streamline","Conserve Battery","Blizzard"],"picked":"SKIP","floor":25.0},{"not_picked":["Go for the Eyes+1","Barrage"],"picked":"White Noise","floor":27.0},{"not_picked":["Rebound","Go for the Eyes","Melter"],"picked":"SKIP","floor":30.0},{"not_picked":["Stack","Leap"],"picked":"Undo","floor":31.0},{"not_picked":["Buffer","Hyperbeam"],"picked":"Biased Cognition","floor":33.0},{"not_picked":["Sweeping Beam","Chill"],"picked":"Glacier+1","floor":35.0},{"not_picked":["Rebound","Sweeping Beam","Cold Snap"],"picked":"SKIP","floor":36.0},{"not_picked":["Streamline","Double Energy"],"picked":"Hologram+1","floor":38.0},{"not_picked":["Streamline+1","Doom and Gloom","Hello World"],"picked":"SKIP","floor":39.0},{"not_picked":["Chill","Recycle","Hologram"],"picked":"SKIP","floor":41.0},{"not_picked":["Go for the Eyes","Ball Lightning","Barrage"],"picked":"SKIP","floor":45.0},{"not_picked":["Hologram","Consume"],"picked":"Force Field","floor":46.0},{"not_picked":["Hologram","Ball Lightning"],"picked":"BootSequence","floor":47.0},{"not_picked":["Ball Lightning","Rebound+1"],"picked":"Thunder Strike","floor":48.0}],"player_experience":407261,"relics_obtained":[{"floor":9.0,"key":"Cables"},{"floor":21.0,"key":"Enchiridion"},{"floor":48.0,"key":"Meat on the Bone"}],"event_choices":[{"damage_healed":0.0,"max_hp_gain":0.0,"max_hp_loss":6.0,"gold_gain":0.0,"event_name":"Golden Idol","player_choice":"Lose Max HP","floor":7.0,"gold_loss":0.0,"damage_taken":0.0,"relics_obtained":["Golden Idol"]},{"cards_removed":["Regret"],"damage_healed":0.0,"max_hp_gain":0.0,"max_hp_loss":0.0,"gold_gain":0.0,"event_name":"Living Wall","player_choice":"Forget","floor":10.0,"gold_loss":0.0,"damage_taken":0.0},{"cards_removed":["Strike_B"],"damage_healed":0.0,"max_hp_gain":0.0,"max_hp_loss":0.0,"gold_gain":0.0,"event_name":"Golden Wing","player_choice":"Card Removal","floor":11.0,"gold_loss":0.0,"damage_taken":7.0},{"damage_healed":0.0,"max_hp_gain":0.0,"max_hp_loss":0.0,"gold_gain":0.0,"event_name":"Liars Game","player_choice":"Ignored","floor":14.0,"gold_loss":0.0,"damage_taken":0.0},{"damage_healed":0.0,"max_hp_gain":0.0,"max_hp_loss":0.0,"gold_gain":99.0,"event_name":"Nest","player_choice":"Stole From Cult","floor":20.0,"gold_loss":0.0,"damage_taken":0.0},{"damage_healed":0.0,"max_hp_gain":0.0,"max_hp_loss":0.0,"gold_gain":0.0,"event_name":"Cursed Tome","player_choice":"Obtained Book","floor":21.0,"gold_loss":0.0,"damage_taken":16.0},{"damage_healed":0.0,"max_hp_gain":0.0,"max_hp_loss":0.0,"gold_gain":0.0,"event_name":"Vampires","player_choice":"Ignored","floor":22.0,"gold_loss":0.0,"damage_taken":0.0},{"damage_healed":0.0,"max_hp_gain":0.0,"max_hp_loss":0.0,"gold_gain":0.0,"event_name":"The Woman in Blue","player_choice":"Bought 0 Potions","floor":37.0,"gold_loss":0.0,"damage_taken":0.0}],"is_beta":false,"boss_relics":[{"not_picked":["Inserter","Tiny House"],"picked":"Nuclear Battery"},{"not_picked":["Astrolabe","Fusion Hammer"],"picked":"Sozu"}],"items_purged_floors":[5,19,29],"is_endless":false,"potions_floor_spawned":[1,3,4,12,24,27,39,45,46,48],"killed_by":"Time Eater","ascension_level":12}}