{"host":"1eo5f82aifdzd7pr","time":1609359752,"event":{"mods":["AchievementEnabler","BaseMod","Colored Map","Colored Powertips","DeckTracker","Marisa????????","Minty Spire (QoL Compilation)","SuperFastMode","The Servant 0.9.4"],"gold_per_floor":[119,135,135,145,157,184,196,226,238,250,295,307,330,342,354,462,474,505,532,454,482,164,164,181,181,181,196,210,223,223,235,235,235,235],"floor_reached":33,"playtime":2105,"items_purged":["Strike_MRS"],"score":302,"play_id":"ffc9fee5-6827-417b-a0c5-aeb85a3ba2ef","local_time":"20201230222232","is_ascension_mode":true,"campfire_choices":[{"data":"DC","floor":7,"key":"SMITH"},{"data":"PowerUp","floor":10,"key":"SMITH"},{"floor":15,"key":"REST"},{"data":"FinalSpark","floor":23,"key":"SMITH"},{"floor":25,"key":"REST"},{"data":"Singularity","floor":30,"key":"SMITH"},{"data":"AsteroidBelt","floor":32,"key":"SMITH"}],"circlet_count":0,"master_deck":["Strike_MRS","Defend_MRS","Defend_MRS","Defend_MRS","Defend_MRS","MasterSpark","UpSweep+1","AsteroidBelt+1","DC+1","Singularity+1","PowerUp+1","DoubleSpark+1","FinalSpark+1","AlicesGift","DoubleSpark+1","OortCloud","MilkyWay+1"],"relics":["BewitchedHakkero","MawBank","TungstenRod","Darkstone Periapt","Molten Egg 2","Turnip"],"acts_visited":["Exordium","TheCity"],"potions_floor_usage":[6,11,16,19,29,31,33,33],"damage_taken":[{"damage":7,"enemies":"Jaw Worm","floor":1,"turns":4},{"damage":0,"enemies":"Small Slimes","floor":2,"turns":3},{"damage":0,"enemies":"Cultist","floor":4,"turns":3},{"damage":0,"enemies":"Blue Slaver","floor":5,"turns":3},{"damage":19,"enemies":"Gremlin Nob","floor":6,"turns":4},{"damage":8,"enemies":"Red Slaver","floor":8,"turns":2},{"damage":6,"enemies":"3 Sentries","floor":11,"turns":6},{"damage":0,"enemies":"Looter","floor":13,"turns":3},{"damage":9,"enemies":"Slime Boss","floor":16,"turns":7},{"damage":5,"enemies":"Spheric Guardian","floor":18,"turns":4},{"damage":17,"enemies":"Chosen","floor":19,"turns":5},{"damage":15,"enemies":"Snake Plant","floor":21,"turns":3},{"damage":13,"enemies":"Centurion and Healer","floor":24,"turns":6},{"damage":2,"enemies":"Sentry and Sphere","floor":27,"turns":6},{"damage":0,"enemies":"Snecko","floor":28,"turns":2},{"damage":13,"enemies":"Centurion and Healer","floor":29,"turns":11},{"damage":3,"enemies":"Shelled Parasite and Fungi","floor":31,"turns":4},{"damage":44,"enemies":"Collector","floor":33,"turns":6}],"seed_played":"215486648401484942","potions_obtained":[{"floor":1,"key":"SteroidPotion"},{"floor":4,"key":"ShroomBrew"},{"floor":5,"key":"LiquidBronze"},{"floor":11,"key":"ShroomBrew"},{"floor":13,"key":"Regen Potion"},{"floor":18,"key":"Block Potion"},{"floor":24,"key":"Energy Potion"},{"floor":29,"key":"Swift Potion"}],"is_trial":false,"path_per_floor":["M","M","?","M","M","E","R","M","T","R","E","?","M","$","R","B",null,"M","M","?","M","$","R","M","R","T","M","M","M","R","M","R","B"],"character_chosen":"MARISA","items_purchased":["Molten Egg 2"],"campfire_rested":2,"item_purchase_floors":[22],"current_hp_per_floor":[68,68,68,68,68,49,49,41,41,41,35,29,29,29,51,42,75,70,53,53,38,38,38,25,47,47,45,45,47,47,44,44,0,0],"gold":235,"neow_bonus":"UPGRADE_CARD","is_daily":false,"chose_seed":false,"campfire_upgraded":5,"win_rate":0.0,"timestamp":1609359752,"path_taken":["M","M","?","M","M","E","R","M","T","R","E","?","M","$","R","BOSS","M","M","?","M","$","R","M","R","T","M","M","?","R","M","R","BOSS"],"items_purchased_type":["Relic"],"build_version":"2020-12-22","purchased_purges":1,"victory":false,"max_hp_per_floor":[75,75,75,75,75,75,75,75,75,75,75,75,75,75,75,75,75,75,75,75,75,75,75,75,75,75,75,75,75,75,75,75,75,75],"card_choices":[{"not_picked":["DragonMeteor","MysteriousBeam"],"picked":"AsteroidBelt","floor":1},{"not_picked":["PowerUp","ShootTheMoon","GravityBeat"],"picked":"SKIP","floor":2},{"not_picked":["AsteroidBelt","GravityBeat"],"picked":"DC","floor":4},{"not_picked":["ShootingEcho","6A"],"picked":"Singularity","floor":5},{"not_picked":["LuminesStrike","SuperNova","6A"],"picked":"SKIP","floor":6},{"not_picked":["RefractionSpark","IllusionStar"],"picked":"PowerUp","floor":8},{"not_picked":["SuperPerseids","MeteoricShower"],"picked":"DoubleSpark","floor":11},{"not_picked":["Occultation","Singularity","DC"],"picked":"SKIP","floor":13},{"not_picked":["AbsoluteMagnitude","MillisecondPulsars"],"picked":"FinalSpark","floor":16},{"not_picked":["WitchOfGreed+1","ShootingEcho","Occultation"],"picked":"SKIP","floor":18},{"not_picked":["GrandCross","GravityBeat","NonDirectionalLaser+1"],"picked":"SKIP","floor":19},{"not_picked":["GrandCross","GravityBeat","NonDirectionalLaser+1"],"picked":"SKIP","floor":19},{"not_picked":["SuperPerseids","IllusionStar"],"picked":"AlicesGift","floor":21},{"not_picked":["6A+1","SporeBomb","NonDirectionalLaser+1"],"picked":"SKIP","floor":24},{"not_picked":["NonDirectionalLaser+1","IllusionStar+1"],"picked":"DoubleSpark+1","floor":27},{"not_picked":["StarlightTyphoon","AlicesGift+1"],"picked":"OortCloud","floor":28},{"not_picked":["NonDirectionalLaser+1","6A+1","Occultation"],"picked":"SKIP","floor":29},{"not_picked":["Orbital","Robbery+1"],"picked":"MilkyWay+1","floor":31}],"player_experience":755744,"relics_obtained":[{"floor":6,"key":"MawBank"},{"floor":9,"key":"TungstenRod"},{"floor":11,"key":"Darkstone Periapt"},{"floor":26,"key":"Turnip"}],"event_choices":[{"damage_healed":0,"gold_gain":0,"player_choice":"Ignored","damage_taken":0,"max_hp_gain":0,"max_hp_loss":0,"event_name":"Liars Game","floor":3,"gold_loss":0},{"cards_removed":["Strike_MRS"],"damage_healed":0,"gold_gain":0,"player_choice":"Card Removal","damage_taken":7,"max_hp_gain":0,"max_hp_loss":0,"event_name":"Golden Wing","floor":12,"gold_loss":0},{"cards_removed":["Strike_MRS"],"damage_healed":0,"gold_gain":0,"player_choice":"Upgrade and Remove","damage_taken":0,"max_hp_gain":0,"max_hp_loss":0,"event_name":"Designer","floor":20,"gold_loss":90,"cards_upgraded":["DoubleSpark"]}],"is_beta":false,"boss_relics":[{"not_picked":["Black Star","Coffee Dripper"],"picked":"BewitchedHakkero"}],"items_purged_floors":[22],"is_endless":false,"potions_floor_spawned":[1,4,5,11,13,18,24,28,29],"killed_by":"Collector","ascension_level":1}}