{"host":"tr12w2fixbnujl15","time":1609346185,"event":{"mods":["2.2 Compatiblity","BaseMod","Better Skull","BetterRewards","CatGirl Mod","Colored Powertips","Hubris","Infinite Spire","Jorbs\u0027s Wanderer Trilogy","Luminous","Minty Spire (QoL Compilation)","Quick Restart","Reimu??????","Replay The Spire","StSLib","SuperFastMode","Td1madao Mod","The Animator","The Sage","The Spell Scribe","WarShipGirlsR/????R mod"],"gold_per_floor":[114,133,133,151,151,151,164,182,182,194,207,83,113,113,113,214,214,234,244,244,244],"floor_reached":20,"playtime":578,"items_purged":[],"score":203,"play_id":"b0eb1d39-0c3b-4cfd-abfb-db76d2c5813f","local_time":"20201230113625","is_ascension_mode":false,"campfire_choices":[{"data":"ReplayTheSpireMod:??????????????????????","floor":6,"key":"SMITH"},{"floor":15,"key":"REST"}],"circlet_count":0,"master_deck":["Strike_B","Strike_B+1","Strike_B","Defend_B","Defend_B","Defend_B","Defend_B","Zap","Dualcast","Sweeping Beam","Double Energy","ReplayTheSpireMod:??????????????????????+1","Lockon","Sweeping Beam","Force Field","FIFO Queue","Tempest","Fusion","Discovery","White Noise","Electrodynamics","ReplaySolidLightProjector","Compile Driver"],"relics":["Cracked Core","NeowsBlessing","PreservedInsect","hubris:DeckOfHolding"],"acts_visited":["Exordium","TheCity"],"potions_floor_usage":[8,16],"damage_taken":[{"damage":0,"enemies":"Small Slimes","floor":1,"turns":1},{"damage":0,"enemies":"Cultist","floor":2,"turns":1},{"damage":0,"enemies":"Jaw Worm","floor":4,"turns":1},{"damage":3,"enemies":"2 Fungi Beasts","floor":7,"turns":3},{"damage":11,"enemies":"Large Slime","floor":8,"turns":3},{"damage":3,"enemies":"Exordium Wildlife","floor":10,"turns":3},{"damage":0,"enemies":"Blue Slaver","floor":11,"turns":1},{"damage":0,"enemies":"Gremlin Nob","floor":13,"turns":2},{"damage":54,"enemies":"The Guardian","floor":16,"turns":8},{"damage":37,"enemies":"Chosen","floor":18,"turns":5},{"damage":40,"enemies":"2 Thieves","floor":19,"turns":4},{"damage":5,"enemies":"Cultist and Chosen","floor":20,"turns":1}],"seed_played":"3041945499246829028","potions_obtained":[{"floor":7,"key":"Death Potion"},{"floor":8,"key":"Fruit Juice"},{"floor":11,"key":"MagicPotion:ReiMu"},{"floor":19,"key":"Explosive Potion"}],"is_trial":false,"path_per_floor":["M","M","?","M","?","R","M","M","T","M","M","$","E","?","R","B",null,"M","M","M"],"character_chosen":"DEFECT","items_purchased":["Fusion","Discovery"],"campfire_rested":1,"item_purchase_floors":[12,12],"current_hp_per_floor":[75,75,57,57,57,57,54,48,48,45,45,45,45,45,69,15,80,43,3,0,0],"gold":244,"neow_bonus":"THREE_ENEMY_KILL","is_daily":false,"chose_seed":false,"campfire_upgraded":1,"win_rate":0.0,"timestamp":1609346185,"path_taken":["M","M","?","M","?","R","M","M","T","M","M","$","E","?","R","BOSS","M","M","M"],"items_purchased_type":["Card","Card"],"build_version":"2020-12-22","purchased_purges":0,"victory":false,"max_hp_per_floor":[75,75,75,75,75,75,75,80,80,80,80,80,80,80,80,80,80,80,80,80,80],"card_choices":[{"not_picked":["Conserve Battery","Glacier"],"picked":"Sweeping Beam","floor":1},{"not_picked":["Defragment","Crystallizer"],"picked":"Double Energy","floor":2},{"not_picked":["ReplayTheSpireMod:Haul","infinitespire:NeuralNetwork"],"picked":"ReplayTheSpireMod:??????????????????????","floor":3},{"not_picked":["BasicCrystalCard","ReplaySort"],"picked":"Lockon","floor":4},{"not_picked":["Streamline","Beam Cell"],"picked":"Sweeping Beam","floor":7},{"not_picked":["Sweeping Beam","Leap"],"picked":"Force Field","floor":8},{"not_picked":["Defragment","Auto Shields"],"picked":"FIFO Queue","floor":10},{"not_picked":["Go for the Eyes","Auto Shields"],"picked":"Tempest","floor":11},{"not_picked":["Steam","Rebound"],"picked":"White Noise","floor":13},{"not_picked":["ReplayTheSpireMod:Omega Cannon","Mirror Shield"],"picked":"Electrodynamics","floor":16},{"not_picked":["Aggregate","Steam"],"picked":"ReplaySolidLightProjector","floor":18},{"not_picked":["Steam+1","Sweeping Beam"],"picked":"Compile Driver","floor":19}],"player_experience":10157,"relics_obtained":[{"floor":9,"key":"PreservedInsect"},{"floor":13,"key":"hubris:DeckOfHolding"}],"event_choices":[{"cards_removed":["Strike_B"],"damage_healed":0,"gold_gain":0,"player_choice":"Offered Basic","damage_taken":0,"max_hp_gain":0,"max_hp_loss":0,"event_name":"Bonfire Elementals","floor":14,"gold_loss":0}],"is_beta":false,"boss_relics":[{"not_picked":["Runic Dome","ReplayTheSpireMod:DimensionalGlitch","hubris:TerracottaHorce"]}],"items_purged_floors":[],"is_endless":false,"potions_floor_spawned":[7,8,11,19],"killed_by":"Cultist and Chosen","ascension_level":0}}