{"host":"c95txy58ipbu969e","time":1609296089,"event":{"mods":["Act Like it!","BaseMod","Downfall","Minty Spire (QoL Compilation)","Quick Restart","StSLib"],"gold_per_floor":[99,99,99,99,99,119,119,144,169,169,169,201,201,111,125,222,222,222,236,250,250,350,450,450,14,29,41,41,41,41,41],"floor_reached":29,"playtime":1620,"items_purged":["Slimebound:Strike_Slimebound","Slimebound:Defend_Slimebound"],"score":284,"play_id":"cdc2c65e-f084-4455-8bf4-c7530d8b0ecc","local_time":"20201230104129","is_ascension_mode":true,"campfire_choices":[{"data":"Slimebound:CorrosiveSpit","floor":1.0,"key":"SMITH"},{"data":"Slimebound:Split","floor":10.0,"key":"SMITH"},{"data":"Slimebound:SlimeSlap","floor":18.0,"key":"SMITH"},{"floor":28,"key":"REST"}],"circlet_count":0,"master_deck":["Slimebound:Defend_Slimebound","Slimebound:Defend_Slimebound","Slimebound:Defend_Slimebound","Slimebound:Split+1","Slimebound:CorrosiveSpit+1","Slimebound:SplitLeeching","Slimebound:Gluttony","Slimebound:Grow","Slimebound:ViciousTackle","Slimebound:TongueLash+1","Slimebound:SlimeTap","Slimebound:SlimeBarrage","Slimebound:SlimeSlap+1","Slimebound:SplitMire","Slimebound:MinionMaster","Apotheosis","Slimebound:LeechLife"],"relics":["Slimebound:AbsorbEndCombat","downfall:HeartsMalice","Shuriken","Pantograph","Happy Flower","Bottled Lightning","Nunchaku","Empty Cage","Prayer Wheel","Darkstone Periapt","Gremlin Horn"],"acts_visited":["Exordium","TheCity"],"potions_floor_usage":[27],"damage_taken":[{"damage":0.0,"enemies":"Jaw Worm","floor":2.0,"turns":1.0},{"damage":0.0,"enemies":"2 Louse","floor":3.0,"turns":1.0},{"damage":0.0,"enemies":"Small Slimes","floor":4.0,"turns":1.0},{"damage":10.0,"enemies":"2 Fungi Beasts","floor":6.0,"turns":4.0},{"damage":21.0,"enemies":"Lagavulin","floor":9.0,"turns":7.0},{"damage":40.0,"enemies":"Gremlin Nob","floor":12.0,"turns":4.0},{"damage":19.0,"enemies":"downfall:FleeingMerchant","floor":14.0,"turns":4.0},{"damage":12.0,"enemies":"Exordium Wildlife","floor":15.0,"turns":3.0},{"damage":59.0,"enemies":"downfall:Watcher","floor":16.0,"turns":6.0},{"damage":22.0,"enemies":"Spheric Guardian","floor":19.0,"turns":4.0},{"damage":43.0,"enemies":"Cultist and Chosen","floor":20.0,"turns":5.0},{"damage":46.0,"enemies":"downfall:Silent","floor":22.0,"turns":6.0},{"damage":30.0,"enemies":"downfall:FleeingMerchant","floor":25.0,"turns":4.0},{"damage":29.0,"enemies":"Shelled Parasite and Fungi","floor":26.0,"turns":3.0},{"damage":32,"enemies":"Sentry and Sphere","floor":27,"turns":4},{"damage":37,"enemies":"Slavers","floor":29,"turns":2}],"seed_played":"-7624847516567422581","potions_obtained":[{"floor":6.0,"key":"Fire Potion"},{"floor":12.0,"key":"Swift Potion"},{"floor":16.0,"key":"Fire Potion"},{"floor":26.0,"key":"Swift Potion"},{"floor":27,"key":"EssenceOfSteel"}],"is_trial":false,"path_per_floor":["R","M","M","M","?","M","T","T","E","R","?","E","?","$","M","B",null,"R","M","M","?","?","?","T","$","M","M","R","E"],"character_chosen":"SLIMEBOUND","items_purchased":["Slimebound:MinionMaster","Apotheosis"],"campfire_rested":1,"item_purchase_floors":[25,25],"current_hp_per_floor":[60,60,60,60,57,60,60,60,53,53,58,36,36,37,37,27,56,56,50,31,31,34,34,34,26,21,19,38,1,1,1],"gold":41,"neow_bonus":"THREE_ENEMY_KILL","is_daily":false,"chose_seed":false,"campfire_upgraded":3,"win_rate":0.0,"timestamp":1609296089,"path_taken":["R","M","M","M","?","M","T","?","E","R","?","E","?","$","M","BOSS","R","M","M","?","?","?","T","$","M","M","R","E"],"items_purchased_type":["Card","Card"],"build_version":"2020-12-22","purchased_purges":2,"victory":false,"max_hp_per_floor":[60,60,60,60,60,60,60,60,60,60,65,65,65,65,65,65,65,65,65,65,65,65,65,65,65,65,65,65,65,65,65],"card_choices":[{"not_picked":["Slimebound:LivingWall","Slimebound:Nibble"],"picked":"Slimebound:SplitLeeching","floor":2.0},{"not_picked":["Slimebound:MegaLick","Slimebound:RollThrough"],"picked":"Slimebound:Gluttony","floor":3.0},{"not_picked":["Slimebound:SlimeSpikes","Slimebound:Chomp","Slimebound:SamplingLick"],"picked":"SKIP","floor":4.0},{"not_picked":["Slimebound:Nibble","Slimebound:SplitLeeching"],"picked":"Slimebound:Grow","floor":6.0},{"not_picked":["Slimebound:SplitBruiser","Slimebound:RallyTheTroops"],"picked":"Slimebound:ViciousTackle","floor":9.0},{"not_picked":["Slimebound:LivingWall","Slimebound:DivideAndConquer"],"picked":"Slimebound:TongueLash","floor":12.0},{"not_picked":["Slimebound:SlimeBrawl","Slimebound:ViciousTackle"],"picked":"Slimebound:SlimeTap","floor":14.0},{"not_picked":["Slimebound:SamplingLick","Slimebound:FormOfPuddle"],"picked":"Slimebound:SlimeBarrage","floor":15.0},{"not_picked":["Slimebound:RallyTheTroops","Slimebound:Darklings"],"picked":"Slimebound:SlimeSlap","floor":16.0},{"not_picked":["Slimebound:FirmFortitude+1","Slimebound:LeechingTouch+1","Slimebound:ViciousTackle"],"picked":"SKIP","floor":19.0},{"not_picked":["Slimebound:RollThrough","Slimebound:Recollect+1","Slimebound:BestDefense+1"],"picked":"SKIP","floor":20.0},{"not_picked":["Slimebound:SlimeSpikes+1","Slimebound:Nibble+1"],"picked":"Slimebound:SplitMire","floor":22.0},{"not_picked":["Slimebound:RollThrough","Slimebound:SplitBruiser+1","Slimebound:ServeAndProtect"],"picked":"SKIP","floor":25.0},{"not_picked":["Slimebound:Schlurp","Slimebound:DivideAndConquer"],"picked":"Slimebound:LeechLife","floor":26.0},{"not_picked":["Slimebound:LeechingTouch","Slimebound:Recollect","Slimebound:Schlurp"],"picked":"SKIP","floor":26.0},{"not_picked":["Slimebound:ItLooksTasty","Slimebound:ComboTackle+1","Slimebound:DivideAndConquer"],"picked":"SKIP","floor":27},{"not_picked":["Slimebound:HungryTackle+1","Slimebound:FlameTackle","Slimebound:Gluttony"],"picked":"SKIP","floor":27}],"player_experience":460662,"relics_obtained":[{"floor":7.0,"key":"Pantograph"},{"floor":8.0,"key":"Happy Flower"},{"floor":9.0,"key":"Bottled Lightning"},{"floor":12.0,"key":"Nunchaku"},{"floor":22.0,"key":"Prayer Wheel"},{"floor":22.0,"key":"Darkstone Periapt"},{"floor":24.0,"key":"Gremlin Horn"}],"event_choices":[{"damage_healed":0.0,"max_hp_gain":0.0,"max_hp_loss":0.0,"gold_gain":0.0,"event_name":"Scrap Ooze","player_choice":"Success","floor":5.0,"gold_loss":0.0,"damage_taken":3.0,"relics_obtained":["Shuriken"]},{"damage_healed":0.0,"max_hp_gain":5.0,"max_hp_loss":0.0,"gold_gain":0.0,"event_name":"Big Fish","player_choice":"Donut","floor":11.0,"gold_loss":0.0,"damage_taken":0.0},{"damage_healed":0.0,"max_hp_gain":0.0,"max_hp_loss":0.0,"gold_gain":0.0,"event_name":"Living Wall","player_choice":"Grow","floor":13.0,"gold_loss":0.0,"damage_taken":0.0,"cards_upgraded":["Slimebound:TongueLash"]},{"cards_removed":["Slimebound:Strike_Slimebound"],"damage_healed":0.0,"max_hp_gain":0.0,"max_hp_loss":0.0,"gold_gain":0.0,"event_name":"Back to Basics","player_choice":"Elegance","floor":21.0,"gold_loss":0.0,"damage_taken":0.0}],"is_beta":false,"boss_relics":[{"not_picked":["Pandora\u0027s Box","Cursed Key"],"picked":"Empty Cage"}],"items_purged_floors":[14,25],"is_endless":false,"potions_floor_spawned":[6,12,16,26,27],"killed_by":"Slavers","ascension_level":5}}