{"host":"pr6x8hyknev46vut","time":1609372563,"event":{"mods":["Aspiration","BaseMod","CCEM","Colored Map","Downfall","Googly Eyes","Hermit","Highlight Path","Minty Spire (QoL Compilation)","Permanent Neow","Replay The Spire","Shop Mod","StSLib","The Bug Knight","The Construct","The Cursed","The Disciple","The Necromancer","The Runesmith","The Servant 0.9.4"],"gold_per_floor":[99,99,99,99,99,133,133,118,43,58,58,75,75,88,106,202,202,202,202,37,37,37,37,37,37,37,37,37,37,37,37,37,37,37,37,37,37,37,37,37,37,37,37,37,37,37,22,22,22,22,22,22],"floor_reached":53,"playtime":3360,"items_purged":[],"score":768,"play_id":"30e15805-eef5-4fa4-b37d-11cad43999e8","local_time":"20201231005603","is_ascension_mode":false,"campfire_choices":[{"floor":1,"key":"RECALL"},{"data":"Guardian:ChargeCore","floor":9,"key":"SMITH"},{"floor":13,"key":"REST"},{"data":"Guardian:TwinSlam","floor":18,"key":"SMITH"},{"data":"Guardian:CurlUp","floor":29,"key":"SMITH"},{"floor":44,"key":"REST"}],"circlet_count":0,"master_deck":["Guardian:Strike_Guardian","Guardian:Strike_Guardian","Guardian:Strike_Guardian","Guardian:Strike_Guardian","Guardian:Defend_Guardian","Guardian:Defend_Guardian","Guardian:Defend_Guardian","Guardian:Defend_Guardian","Guardian:CurlUp+1","Guardian:TwinSlam+1","Guardian:ChargeCore+1","Guardian:ShieldSpikes","Guardian:Harden","Guardian:BronzeOrb","Guardian:TemporalStrike","Guardian:RollAttack","Guardian:PiercingHide","Guardian:SpikerProtocol","Guardian:TemporalStrike","Guardian:SphericShield","Sickly","Guardian:TemporalStrike","Guardian:ArmoredProtocol+1","Guardian:ConstructionForm","Guardian:Gem_Crimson","Guardian:SentryBeam","Guardian:DecasProtection+1","Guardian:TemporalStrike+1","Guardian:CrystalBeam","Guardian:PiercingHide+1","Guardian:BronzeOrb+1","Guardian:SentryBeam+1","Guardian:ChargeCore","Guardian:TemporalShield+1"],"relics":["Guardian:ModeShifter","downfall:HeartsMalice","aspiration:HiddenCompartment","ReplayTheSpireMod:Ninjato","downfall:HeartBlessingRed","downfall:Hecktoplasm","Guardian:PickAxe","Bag of Marbles","Ring of Peace","Runesmith:Locket","downfall:HeartBlessingBlue","aspiration:Lifesprig","HornCleat"],"acts_visited":["Exordium","TheCity","TheBeyond"],"potions_floor_usage":[15,16,35],"damage_taken":[{"damage":0,"enemies":"2 Louse","floor":2,"turns":1},{"damage":0,"enemies":"Cultist","floor":4,"turns":1},{"damage":0,"enemies":"Small Slimes","floor":5,"turns":1},{"damage":31,"enemies":"3 Sentries","floor":6,"turns":10},{"damage":0,"enemies":"downfall:FleeingMerchant","floor":8,"turns":4},{"damage":0,"enemies":"Exordium Wildlife","floor":10,"turns":2},{"damage":1,"enemies":"Large Slime","floor":12,"turns":3},{"damage":5,"enemies":"Exordium Thugs","floor":14,"turns":3},{"damage":3,"enemies":"Exordium Wildlife","floor":15,"turns":3},{"damage":35,"enemies":"downfall:Ironclad","floor":16,"turns":11},{"damage":0,"enemies":"Shell Parasite","floor":19,"turns":3},{"damage":1,"enemies":"downfall:FleeingMerchant","floor":20,"turns":4},{"damage":0,"enemies":"Spheric Guardian","floor":22,"turns":3},{"damage":0,"enemies":"Cultist and Chosen","floor":23,"turns":4},{"damage":0,"enemies":"Snake Plant","floor":26,"turns":3},{"damage":13,"enemies":"Shelled Parasite and Fungi","floor":27,"turns":4},{"damage":0,"enemies":"Snecko","floor":28,"turns":4},{"damage":0,"enemies":"Sentry and Sphere","floor":33,"turns":5},{"damage":7,"enemies":"Snake Plant","floor":34,"turns":2},{"damage":49,"enemies":"downfall:Defect","floor":35,"turns":12},{"damage":16,"enemies":"3 Shapes","floor":38,"turns":6},{"damage":0,"enemies":"Orb Walker","floor":39,"turns":4},{"damage":6,"enemies":"Sphere and 2 Shapes","floor":40,"turns":4},{"damage":27,"enemies":"2 Orb Walkers","floor":42,"turns":6},{"damage":0,"enemies":"3 Darklings","floor":45,"turns":6},{"damage":0,"enemies":"Spire Growth","floor":46,"turns":6},{"damage":0,"enemies":"downfall:FleeingMerchant","floor":47,"turns":4},{"damage":0,"enemies":"Reptomancer","floor":48,"turns":6},{"damage":0,"enemies":"4 Shapes","floor":50,"turns":4},{"damage":0,"enemies":"Maw","floor":51,"turns":6},{"damage":0,"enemies":"downfall:Watcher","floor":52,"turns":6}],"seed_played":"1336463646595185331","potions_obtained":[{"floor":6,"key":"Fire Potion"},{"floor":10,"key":"Cursed Concoction"},{"floor":11,"key":"Dexterity Potion"},{"floor":11,"key":"CultistPotion"},{"floor":15,"key":"Weak Potion"},{"floor":16,"key":"Regen Potion"},{"floor":35,"key":"Ancient Potion"},{"floor":39,"key":"Death Potion"}],"is_trial":false,"path_per_floor":["R","M","?","M","M","E","T","$","R","M","?","M","R","M","M","B",null,"R","M","$","?","M","M","T","?","M","M","M","R","PTL","PTL","?","M","M","B",null,"R","M","M","M","?","?","T","R","M","M","$","E","?","M","M","B",null],"character_chosen":"GUARDIAN","items_purchased":["Guardian:PickAxe"],"campfire_rested":2,"item_purchase_floors":[20],"current_hp_per_floor":[80,80,80,80,80,49,49,49,49,49,49,48,72,67,64,29,80,80,80,79,79,79,79,79,79,79,66,66,66,66,66,66,66,59,25,80,80,64,64,58,66,39,39,76,76,76,76,76,76,76,76,76],"gold":22,"neow_bonus":"THREE_ENEMY_KILL","is_daily":false,"chose_seed":false,"campfire_upgraded":3,"win_rate":0.0,"timestamp":1609372563,"path_taken":["R","M","?","M","?","E","T","$","R","M","?","M","R","M","M","BOSS","R","?","$","?","M","M","T","?","M","M","M","R","PTL","PTL","?","M","M","BOSS","R","M","M","M","?","?","T","R","M","M","?","E","?","M","M","BOSS"],"items_purchased_type":["Relic"],"build_version":"2020-12-22","purchased_purges":0,"victory":true,"max_hp_per_floor":[80,80,80,80,80,80,80,80,80,80,80,80,80,80,80,80,80,80,80,80,80,80,80,80,80,80,80,80,80,80,80,80,80,80,80,80,80,80,80,80,80,80,80,90,90,90,90,90,90,90,90,90],"card_choices":[{"not_picked":["Guardian:RollAttack","Guardian:Suspension"],"picked":"Guardian:ChargeCore","floor":2},{"not_picked":["Guardian:TimeBomb","Guardian:PolyBeam"],"picked":"Guardian:ShieldSpikes","floor":4},{"not_picked":["Guardian:Gem_Yellow","Guardian:Gem_Lightblue"],"picked":"Guardian:Harden","floor":5},{"not_picked":["Guardian:RollAttack","Guardian:Planning"],"picked":"Guardian:BronzeOrb","floor":6},{"not_picked":["Guardian:Incinerate","Guardian:ShieldCharger"],"picked":"Guardian:TemporalStrike","floor":8},{"not_picked":["Guardian:Planning","Guardian:SpikerProtocol"],"picked":"Guardian:RollAttack","floor":10},{"not_picked":["Guardian:ShieldCharger","Guardian:Gem_Red"],"picked":"Guardian:PiercingHide","floor":12},{"not_picked":["Guardian:ExploitGems","Guardian:ShieldCharger"],"picked":"Guardian:SpikerProtocol","floor":14},{"not_picked":["Guardian:BronzeOrb","Guardian:Gem_Lightblue"],"picked":"Guardian:Gem_Cyan","floor":15},{"not_picked":["Guardian:HyperBeam_Guardian","Guardian:RevengeProtocol"],"picked":"Guardian:Gem_Orange","floor":16},{"not_picked":["Guardian:Planning","Guardian:RefractedBeam+1"],"picked":"Guardian:TemporalStrike","floor":19},{"not_picked":["Guardian:Gem_Cyan","Guardian:Repulse"],"picked":"Guardian:SphericShield","floor":20},{"not_picked":["Guardian:EvasiveProtocol","Guardian:DonusPower"],"picked":"Guardian:Gem_Red","floor":22},{"not_picked":["Guardian:TemporalStrike+1","Guardian:Suspension"],"picked":"Guardian:Gem_Cyan","floor":23},{"not_picked":["Guardian:Suspension+1","Guardian:PrimingBeam","Guardian:DonusPower"],"picked":"SKIP","floor":26},{"not_picked":["Guardian:Gem_Yellow","Guardian:Emergency"],"picked":"Guardian:Gem_Crimson","floor":27},{"not_picked":["Guardian:Gem_Green","Guardian:StasisStrike"],"picked":"Guardian:Gem_Red","floor":28},{"not_picked":["Guardian:PolyBeam","Guardian:Gem_Cyan"],"picked":"Guardian:TemporalStrike","floor":33},{"not_picked":["Guardian:PrismaticBeam","Guardian:ShieldCharger+1"],"picked":"Guardian:ArmoredProtocol+1","floor":34},{"not_picked":["Guardian:StasisStrike","Guardian:TimeSifter"],"picked":"Guardian:ConstructionForm","floor":35},{"not_picked":["Guardian:Suspension","Guardian:RollAttack"],"picked":"Guardian:SentryBeam","floor":38},{"not_picked":["Guardian:RollAttack","Guardian:Suspension+1"],"picked":"Guardian:DecasProtection+1","floor":39},{"not_picked":["Guardian:Recover","Guardian:ChargeCore+1"],"picked":"Guardian:TemporalStrike+1","floor":40},{"not_picked":["Guardian:ChargeCore+1","Guardian:SpikerProtocol+1"],"picked":"Guardian:CrystalBeam","floor":42},{"not_picked":["Guardian:Reroute+1","Guardian:StasisStrike"],"picked":"Guardian:PiercingHide+1","floor":45},{"not_picked":["Guardian:Planning","Guardian:Orbwalk+1","Guardian:PrimingBeam"],"picked":"SKIP","floor":46},{"not_picked":["Guardian:Reroute+1","Guardian:ShieldCharger+1"],"picked":"Guardian:BronzeOrb+1","floor":47},{"not_picked":["Guardian:SpikerProtocol+1","Guardian:Repulse+1"],"picked":"Guardian:SentryBeam+1","floor":48},{"not_picked":["Guardian:Recover+1","Guardian:Planning+1"],"picked":"Guardian:ChargeCore","floor":50},{"not_picked":["Guardian:StasisField","Guardian:Orbwalk"],"picked":"Guardian:TemporalShield+1","floor":51}],"player_experience":56714,"relics_obtained":[{"floor":6,"key":"aspiration:HiddenCompartment"},{"floor":7,"key":"ReplayTheSpireMod:Ninjato"},{"floor":24,"key":"Bag of Marbles"},{"floor":32,"key":"Ring of Peace"},{"floor":42,"key":"Runesmith:Locket"},{"floor":48,"key":"aspiration:Lifesprig"},{"floor":49,"key":"HornCleat"}],"event_choices":[{"damage_healed":0,"gold_gain":0,"player_choice":"Got Potions","damage_taken":0,"max_hp_gain":0,"max_hp_loss":0,"event_name":"Lab","floor":11,"gold_loss":0},{"damage_healed":0,"gold_gain":0,"player_choice":"Ignored","damage_taken":0,"max_hp_gain":0,"max_hp_loss":0,"event_name":"Ghosts","floor":25,"gold_loss":0},{"damage_healed":0,"gold_gain":0,"player_choice":"Fight","damage_taken":0,"max_hp_gain":0,"max_hp_loss":0,"event_name":"Mysterious Sphere","floor":42,"gold_loss":0}],"is_beta":false,"boss_relics":[{"not_picked":["Philosopher\u0027s Stone","Cursed Key"],"picked":"downfall:Hecktoplasm"},{"not_picked":["CCEMRelics:GreenEgg","ReplayTheSpireMod:DimensionalGlitch","Guardian:ModeShifterPlus"]}],"items_purged_floors":[],"is_endless":false,"potions_floor_spawned":[6,10,15,16,19,26,35,39,46,48,50,51],"ascension_level":0}}