{"host":"kh6fvhxn285ncg0o","time":1609338012,"event":{"mods":["Act Like it!","BaseMod","Colored Map","Friendly Minions","Keyboard Shortcuts","Minty Spire (QoL Compilation)","Quick Restart","Relic Stats","StSLib","SuperFastMode"],"gold_per_floor":[119,119,130,149,35,60,79,114,139,173,187,218,218,233,233,307,307,322,337,372,384,284,310,310,310],"floor_reached":24,"playtime":996,"items_purged":["Defend_P","Wallop"],"score":596,"play_id":"b3cb8182-2464-492b-9b50-325ec5a60bcf","local_time":"20201230232012","is_ascension_mode":true,"campfire_choices":[{"data":"TalkToTheHand","floor":15.0,"key":"SMITH"}],"circlet_count":0,"master_deck":["AscendersBane","Eruption+1","Vigilance+1","Vault+1","Adaptation","Wallop+1","FearNoEvil","TalkToTheHand+1","LessonLearned+1","InnerPeace","SignatureMove","Pray","WaveOfTheHand+1","MasterReality","ClearTheMind","InnerPeace+1"],"relics":["PureWater","War Paint","Oddly Smooth Stone","Bag of Marbles","Ancient Tea Set","Meat on the Bone","Pandora\u0027s Box","Red Mask","Toxic Egg 2"],"acts_visited":["TheCity"],"potions_floor_usage":[],"damage_taken":[{"damage":0.0,"enemies":"Cultist","floor":1.0,"turns":3.0},{"damage":0.0,"enemies":"Jaw Worm","floor":3.0,"turns":3.0},{"damage":2.0,"enemies":"Small Slimes","floor":4.0,"turns":3.0},{"damage":35.0,"enemies":"Lagavulin","floor":6.0,"turns":6.0},{"damage":22.0,"enemies":"Exordium Wildlife","floor":7.0,"turns":4.0},{"damage":0.0,"enemies":"3 Sentries","floor":8.0,"turns":6.0},{"damage":0.0,"enemies":"Gremlin Nob","floor":10.0,"turns":2.0},{"damage":0.0,"enemies":"Blue Slaver","floor":11.0,"turns":5.0},{"damage":1.0,"enemies":"Lagavulin","floor":12.0,"turns":7.0},{"damage":0.0,"enemies":"Lots of Slimes","floor":14.0,"turns":3.0},{"damage":4.0,"enemies":"Hexaghost","floor":16.0,"turns":8.0},{"damage":0.0,"enemies":"2 Thieves","floor":18.0,"turns":4.0},{"damage":21.0,"enemies":"Shell Parasite","floor":19.0,"turns":5.0},{"damage":18.0,"enemies":"Masked Bandits","floor":20.0,"turns":4.0},{"damage":12.0,"enemies":"3 Cultists","floor":21.0,"turns":6.0},{"damage":27.0,"enemies":"Gremlin Leader","floor":23.0,"turns":7.0},{"damage":9,"enemies":"Chosen and Byrds","floor":24,"turns":3}],"seed_played":"-8051431160161566094","potions_obtained":[{"floor":3.0,"key":"EssenceOfSteel"},{"floor":8.0,"key":"SkillPotion"},{"floor":10.0,"key":"Dexterity Potion"},{"floor":11.0,"key":"SkillPotion"},{"floor":19.0,"key":"SkillPotion"},{"floor":23.0,"key":"Strength Potion"}],"is_trial":false,"path_per_floor":["M","?","M","M","$","E","M","E","T","E","M","E","?","M","R","B",null,"M","M","?","M","$","E","M"],"character_chosen":"WATCHER","items_purchased":["FearNoEvil"],"campfire_rested":0,"item_purchase_floors":[5],"current_hp_per_floor":[61,61,61,59,59,24,2,2,2,2,2,1,1,13,13,21,52,52,43,37,37,37,22,13,13],"gold":310,"neow_bonus":"THREE_RARE_CARDS","is_daily":false,"chose_seed":false,"campfire_upgraded":1,"win_rate":0.0,"timestamp":1609338012,"path_taken":["M","?","M","?","$","E","M","E","T","E","M","E","?","M","R","BOSS","M","M","?","M","$","E","M"],"items_purchased_type":["Card"],"build_version":"2020-12-22","purchased_purges":2,"victory":false,"max_hp_per_floor":[62,62,62,62,62,62,62,62,62,62,62,62,62,62,62,62,62,62,62,62,62,62,62,62,62],"relic_stats":{"counters":[17,79],"Pandora\u0027s Box":["SignatureMove","Pray","WaveOfTheHand","MasterReality","Wallop","ClearTheMind","InnerPeace"],"War Paint":["Defend_P","Vault"],"obtain_stats":[{"Oddly Smooth Stone":8,"Pandora\u0027s Box":17,"Bag of Marbles":9,"Red Mask":20,"PureWater":0,"War Paint":6,"Toxic Egg 2":23,"Ancient Tea Set":10,"Meat on the Bone":12},{"Oddly Smooth Stone":6,"Pandora\u0027s Box":11,"Bag of Marbles":6,"Red Mask":14,"PureWater":0,"War Paint":4,"Toxic Egg 2":16,"Ancient Tea Set":7,"Meat on the Bone":9},{"Oddly Smooth Stone":25,"Pandora\u0027s Box":50,"Bag of Marbles":25,"Red Mask":63,"PureWater":0,"War Paint":15,"Toxic Egg 2":76,"Ancient Tea Set":27,"Meat on the Bone":39}],"Meat on the Bone":72},"card_choices":[{"not_picked":["Omniscience","Ragnarok"],"picked":"Vault","floor":0.0},{"not_picked":["Protect","FollowUp","Indignation"],"picked":"SKIP","floor":1.0},{"not_picked":["LikeWater","SashWhip"],"picked":"Adaptation","floor":3.0},{"not_picked":["Halt","CutThroughFate"],"picked":"Wallop","floor":4.0},{"not_picked":["Crescendo","Fasting2","FlyingSleeves"],"picked":"SKIP","floor":6.0},{"not_picked":["EmptyBody","Indignation","Perseverance"],"picked":"SKIP","floor":7.0},{"not_picked":["Sanctity","EmptyBody"],"picked":"TalkToTheHand","floor":8.0},{"not_picked":["WreathOfFlame","Prostrate","SandsOfTime"],"picked":"SKIP","floor":10.0},{"not_picked":["ThirdEye","Study","SandsOfTime"],"picked":"SKIP","floor":11.0},{"not_picked":["ThirdEye","Crescendo"],"picked":"LessonLearned","floor":12.0},{"not_picked":["Weave","JustLucky"],"picked":"InnerPeace","floor":14.0},{"not_picked":["Fasting2","EmptyBody","ClearTheMind"],"picked":"SKIP","floor":18.0},{"not_picked":["Consecrate","FlurryOfBlows","ForeignInfluence+1"],"picked":"SKIP","floor":19.0},{"not_picked":["Pray","Protect","InnerPeace+1"],"picked":"SKIP","floor":21.0},{"not_picked":["CrushJoints","FlurryOfBlows","Vengeance+1"],"picked":"SKIP","floor":23.0}],"player_experience":3324991,"relics_obtained":[{"floor":6.0,"key":"War Paint"},{"floor":8.0,"key":"Oddly Smooth Stone"},{"floor":9.0,"key":"Bag of Marbles"},{"floor":10.0,"key":"Ancient Tea Set"},{"floor":12.0,"key":"Meat on the Bone"},{"floor":20.0,"key":"Red Mask"},{"floor":23.0,"key":"Toxic Egg 2"}],"event_choices":[{"damage_healed":0.0,"max_hp_gain":0.0,"max_hp_loss":0.0,"gold_gain":0.0,"event_name":"Upgrade Shrine","player_choice":"Upgraded","floor":2.0,"gold_loss":0.0,"damage_taken":0.0,"cards_upgraded":["Eruption"]},{"damage_healed":0.0,"max_hp_gain":0.0,"max_hp_loss":0.0,"gold_gain":0.0,"event_name":"Scrap Ooze","player_choice":"Fled","floor":13.0,"gold_loss":0.0,"damage_taken":0.0},{"damage_healed":0.0,"max_hp_gain":0.0,"max_hp_loss":0.0,"gold_gain":0.0,"event_name":"Masked Bandits","player_choice":"Fought Bandits","floor":20.0,"gold_loss":0.0,"damage_taken":0.0}],"is_beta":false,"boss_relics":[{"not_picked":["Cursed Key","Fusion Hammer"],"picked":"Pandora\u0027s Box"}],"items_purged_floors":[5,22],"is_endless":false,"potions_floor_spawned":[3,8,10,11,19,21,23],"killed_by":"Chosen and Byrds","ascension_level":20}}