{"host":"w5ovz9boloi14a0g","time":1609299183,"event":{"mods":["BaseMod","Googly Eyes","Minty Spire (QoL Compilation)","StSLib","SuperFastMode"],"gold_per_floor":[119,137,137,147,158,175,206,206,231,257,257,269,269,269,269,372,372,391,403,413,423,423,423],"floor_reached":22,"playtime":527,"items_purged":[],"score":210,"play_id":"3fe4b5f2-cfa9-4cb8-b123-cb9c3618abcf","local_time":"20201229213303","is_ascension_mode":true,"campfire_choices":[{"data":"Dualcast","floor":8.0,"key":"SMITH"},{"data":"Conserve Battery","floor":13,"key":"SMITH"},{"data":"Zap","floor":15,"key":"SMITH"}],"circlet_count":0,"master_deck":["Strike_B","Strike_B","Strike_B","Defend_B","Defend_B","Defend_B","Defend_B","Zap+1","Dualcast+1","Ball Lightning","Chaos+1","Conserve Battery+1","Machine Learning","Capacitor","Reinforced Body+1"],"relics":["Cracked Core","PreservedInsect","MealTicket","Strawberry","Toy Ornithopter","SlaversCollar"],"acts_visited":["Exordium","TheCity"],"potions_floor_usage":[],"damage_taken":[{"damage":1.0,"enemies":"Cultist","floor":1.0,"turns":3.0},{"damage":1.0,"enemies":"2 Louse","floor":2.0,"turns":2.0},{"damage":1.0,"enemies":"Jaw Worm","floor":4.0,"turns":3.0},{"damage":2.0,"enemies":"Blue Slaver","floor":5.0,"turns":3.0},{"damage":6.0,"enemies":"Exordium Thugs","floor":6.0,"turns":4.0},{"damage":10.0,"enemies":"Gremlin Nob","floor":7.0,"turns":3.0},{"damage":21.0,"enemies":"3 Sentries","floor":10.0,"turns":5.0},{"damage":0.0,"enemies":"Exordium Wildlife","floor":12.0,"turns":2.0},{"damage":34,"enemies":"Hexaghost","floor":16,"turns":12},{"damage":0,"enemies":"Chosen","floor":18,"turns":4},{"damage":36,"enemies":"2 Thieves","floor":19,"turns":5},{"damage":31,"enemies":"Snecko","floor":20,"turns":7},{"damage":10,"enemies":"Centurion and Healer","floor":21,"turns":10},{"damage":16,"enemies":"Snake Plant","floor":22,"turns":1}],"seed_played":"-2598350458173850098","potions_obtained":[{"floor":5.0,"key":"Explosive Potion"},{"floor":6.0,"key":"BlessingOfTheForge"},{"floor":10.0,"key":"DistilledChaos"},{"floor":12,"key":"BlessingOfTheForge"},{"floor":18,"key":"Block Potion"}],"is_trial":false,"path_per_floor":["M","M","?","M","M","M","E","R","T","E","?","M","R","?","R","B",null,"M","M","M","M","M"],"character_chosen":"DEFECT","items_purchased":[],"campfire_rested":0,"item_purchase_floors":[],"current_hp_per_floor":[74,73,73,72,70,64,54,54,61,40,40,40,40,45,45,11,87,87,51,20,10,0,0],"gold":423,"neow_bonus":"RANDOM_COMMON_RELIC","is_daily":false,"chose_seed":false,"campfire_upgraded":3,"win_rate":0.0,"timestamp":1609299183,"path_taken":["M","M","?","M","?","M","E","R","T","E","?","M","R","?","R","BOSS","M","M","M","M","M"],"items_purchased_type":[],"build_version":"2020-12-22","purchased_purges":0,"victory":false,"max_hp_per_floor":[75,75,75,75,75,75,75,75,82,82,82,82,82,87,87,87,87,87,87,87,87,87,87],"card_choices":[{"not_picked":["Rebound","Hologram","Storm"],"picked":"SKIP","floor":1.0},{"not_picked":["Stack","Barrage","Go for the Eyes"],"picked":"SKIP","floor":2.0},{"not_picked":["Sunder","Tempest"],"picked":"Ball Lightning","floor":4.0},{"not_picked":["Reinforced Body","Hello World","Force Field"],"picked":"SKIP","floor":5.0},{"not_picked":["Steam","Go for the Eyes"],"picked":"Chaos","floor":6.0},{"not_picked":["Beam Cell","Steam","Meteor Strike"],"picked":"SKIP","floor":7.0},{"not_picked":["FTL","Gash"],"picked":"Conserve Battery","floor":10.0},{"not_picked":["Turbo","Go for the Eyes","Cold Snap"],"picked":"SKIP","floor":12},{"not_picked":["Multi-Cast","Meteor Strike"],"picked":"Machine Learning","floor":16},{"not_picked":["Stack","Auto Shields"],"picked":"Capacitor","floor":18},{"not_picked":["Compile Driver","Storm","Hologram+1"],"picked":"SKIP","floor":19},{"not_picked":["Steam","Force Field"],"picked":"Reinforced Body+1","floor":20},{"not_picked":["BootSequence+1","Sweeping Beam","Stack"],"picked":"SKIP","floor":21}],"player_experience":37076,"relics_obtained":[{"floor":7.0,"key":"MealTicket"},{"floor":9.0,"key":"Strawberry"},{"floor":10.0,"key":"Toy Ornithopter"}],"event_choices":[{"cards_removed":["Strike_B"],"damage_healed":0.0,"max_hp_gain":0.0,"max_hp_loss":0.0,"gold_gain":0.0,"event_name":"Bonfire Elementals","player_choice":"Offered Basic","floor":3.0,"gold_loss":0.0,"damage_taken":0.0},{"damage_healed":0.0,"max_hp_gain":0.0,"max_hp_loss":0.0,"gold_gain":0.0,"event_name":"Living Wall","player_choice":"Grow","floor":11.0,"gold_loss":0.0,"damage_taken":0.0,"cards_upgraded":["Chaos"]},{"damage_healed":0,"gold_gain":0,"player_choice":"Donut","damage_taken":0,"max_hp_gain":5,"max_hp_loss":0,"event_name":"Big Fish","floor":14,"gold_loss":0}],"is_beta":false,"boss_relics":[{"not_picked":["FrozenCore","Runic Dome"],"picked":"SlaversCollar"}],"items_purged_floors":[],"is_endless":false,"potions_floor_spawned":[5,6,10,12,18,19,20],"killed_by":"Snake Plant","ascension_level":1}}