{"host":"2lrkmsuh7nz013qb","time":1609316326,"event":{"mods":["BaseMod","Colored Map","DeckTracker","Minty Spire (QoL Compilation)","SuperFastMode","everything is the same but u backflip on backflip"],"gold_per_floor":[119,119,137,157,137,137,48,48,74,103,132,132,155,69,69,153,153,182,182,191,36,36,36,42,42,42,42,42,69,48,48,48],"floor_reached":31,"playtime":643,"items_purged":["Writhe"],"score":546,"play_id":"52ea664e-5c20-4713-a674-c656827f9f4d","local_time":"20201230171846","is_ascension_mode":true,"campfire_choices":[{"data":"Blade Dance","floor":6.0,"key":"SMITH"},{"data":"Accuracy","floor":8.0,"key":"SMITH"},{"data":"Cloak And Dagger","floor":12.0,"key":"SMITH"},{"data":"Trip","floor":15.0,"key":"SMITH"},{"data":"Footwork","floor":23.0,"key":"SMITH"},{"data":"Blade Dance","floor":28,"key":"SMITH"}],"circlet_count":0,"master_deck":["AscendersBane","Strike_G","Strike_G","Strike_G","Strike_G","Defend_G","Defend_G","Defend_G","Defend_G","Survivor","Neutralize","Dodge and Roll","Dagger Spray","Blade Dance+1","Accuracy+1","Finisher","Cloak And Dagger+1","Blade Dance+1","Trip+1","Burst","Terror","Footwork+1","Cloak And Dagger","Backflip","Backflip"],"relics":["Ring of the Snake","CeramicFish","Cursed Key","Snake Skull"],"acts_visited":["Exordium","TheCity"],"potions_floor_usage":[31],"damage_taken":[{"damage":5.0,"enemies":"Jaw Worm","floor":1.0,"turns":6.0},{"damage":0.0,"enemies":"Small Slimes","floor":3.0,"turns":5.0},{"damage":0.0,"enemies":"Cultist","floor":4.0,"turns":5.0},{"damage":2.0,"enemies":"Red Slaver","floor":10.0,"turns":4.0},{"damage":1.0,"enemies":"2 Fungi Beasts","floor":11.0,"turns":3.0},{"damage":0.0,"enemies":"Large Slime","floor":13.0,"turns":3.0},{"damage":0.0,"enemies":"Slime Boss","floor":16.0,"turns":4.0},{"damage":11.0,"enemies":"Shell Parasite","floor":18.0,"turns":4.0},{"damage":6.0,"enemies":"2 Thieves","floor":24.0,"turns":5.0},{"damage":23,"enemies":"Shelled Parasite and Fungi","floor":29,"turns":3},{"damage":10,"enemies":"3 Cultists","floor":31,"turns":3}],"seed_played":"-4285936696144346281","potions_obtained":[{"floor":3.0,"key":"LiquidMemories"},{"floor":4.0,"key":"Dexterity Potion"},{"floor":11.0,"key":"CultistPotion"},{"floor":18.0,"key":"EssenceOfSteel"}],"is_trial":false,"path_per_floor":["M","?","M","M","?","R","$","R","T","M","M","R","M","$","R","B",null,"M","?","?","$","?","R","M","?","T","$","R","M","$","M"],"character_chosen":"THE_SILENT","items_purchased":["Accuracy","Trip","Footwork","Backflip"],"campfire_rested":0,"item_purchase_floors":[7,14,21,30],"current_hp_per_floor":[54,54,54,54,54,54,54,54,54,52,51,51,51,51,51,51,62,51,51,51,51,33,33,27,27,27,27,27,4,4,0,0],"gold":48,"neow_bonus":"REMOVE_CARD","is_daily":false,"chose_seed":false,"campfire_upgraded":6,"win_rate":0.0,"timestamp":1609316326,"path_taken":["M","?","M","M","?","R","$","R","T","M","M","R","?","?","R","BOSS","M","?","?","$","?","R","M","?","T","$","R","M","?","M"],"items_purchased_type":["Card","Card","Card","Card"],"build_version":"2020-12-22","purchased_purges":1,"victory":false,"max_hp_per_floor":[66,66,66,66,66,66,66,66,66,66,66,66,66,66,66,66,66,66,66,66,66,71,71,71,71,71,71,71,71,71,71,71],"card_choices":[{"not_picked":["Outmaneuver","Acrobatics","Terror"],"picked":"SKIP","floor":1.0},{"not_picked":["Sucker Punch","Prepared"],"picked":"Dagger Spray","floor":3.0},{"not_picked":["Heel Hook","Prepared"],"picked":"Blade Dance","floor":4.0},{"not_picked":["Dagger Throw","Dagger Spray"],"picked":"Finisher","floor":10.0},{"not_picked":["Leg Sweep","Backflip"],"picked":"Cloak And Dagger","floor":11.0},{"not_picked":["Backflip","All Out Attack"],"picked":"Blade Dance","floor":13.0},{"not_picked":["Glass Knife","Corpse Explosion"],"picked":"Burst","floor":16.0},{"not_picked":["Escape Plan","Crippling Poison+1"],"picked":"Terror","floor":18.0},{"not_picked":["Flechettes","PiercingWail"],"picked":"Cloak And Dagger","floor":24.0},{"not_picked":["Dagger Spray","Flechettes"],"picked":"Backflip","floor":29}],"player_experience":708393,"relics_obtained":[{"floor":9.0,"key":"CeramicFish"}],"event_choices":[{"damage_healed":0.0,"max_hp_gain":0.0,"max_hp_loss":0.0,"gold_gain":0.0,"cards_transformed":["Strike_G"],"event_name":"Living Wall","player_choice":"Change","floor":2.0,"gold_loss":0.0,"damage_taken":0.0,"cards_obtained":["Dodge and Roll"]},{"damage_healed":0.0,"max_hp_gain":0.0,"max_hp_loss":0.0,"gold_gain":0.0,"event_name":"The Woman in Blue","player_choice":"Bought 1 Potion","floor":5.0,"gold_loss":0.0,"damage_taken":0.0},{"damage_healed":0.0,"max_hp_gain":0.0,"max_hp_loss":0.0,"gold_gain":0.0,"event_name":"Vampires","player_choice":"Ignored","floor":19.0,"gold_loss":0.0,"damage_taken":0.0},{"damage_healed":0.0,"max_hp_gain":0.0,"max_hp_loss":0.0,"gold_gain":0.0,"event_name":"The Mausoleum","player_choice":"Opened","floor":20.0,"gold_loss":0.0,"damage_taken":0.0,"relics_obtained":["Snake Skull"],"cards_obtained":["Writhe"]},{"damage_healed":0.0,"max_hp_gain":5.0,"max_hp_loss":0.0,"gold_gain":0.0,"event_name":"Forgotten Altar","player_choice":"Shed Blood","floor":22.0,"gold_loss":0.0,"damage_taken":23.0}],"is_beta":false,"boss_relics":[{"not_picked":["Coffee Dripper","Runic Pyramid"],"picked":"Cursed Key"}],"items_purged_floors":[21],"is_endless":false,"potions_floor_spawned":[3,4,11,18],"killed_by":"3 Cultists","ascension_level":20}}