{"host":"6q3xrfxx8iswq9mh","time":1609309118,"event":{"mods":["BaseMod","Colored Powertips","Downfall","Lobotomy","Marisa£®ÏF”Í°°ƒß¿Ì…≥£©","Minty Spire (QoL Compilation)","Quick Restart","Remilia£®¿Ÿ√◊¿Ú—«£©","Replay The Spire","StSLib","The Bug Knight","The Cursed","The Runesmith","The Servant 0.9.4"],"gold_per_floor":[130,92,118,130,142,185,197,209,247,259,281,293,321,347,359,470,482,509,243,257,257,257,268,268,268,268],"floor_reached":25,"playtime":1011,"items_purged":["Strike_R"],"score":261,"play_id":"8bbea392-0df7-45d2-b6be-a15fe1c69559","local_time":"20201230141838","is_ascension_mode":true,"campfire_choices":[{"floor":7.0,"key":"REST"}],"circlet_count":0,"master_deck":["Strike_R","Strike_R","Defend_R","Defend_R","Defend_R","Defend_R","Bash","Pommel Strike","Twin Strike","Perfected Strike","Twin Strike+1","Armaments","Dropkick","Demonic Infusion","Flame Barrier","Flex+1","Flex+1"],"relics":["Burning Blood","MawBank","Shuriken","Tiny Chest","Nunchaku","Black Star","Oddly Smooth Stone","Happy Flower"],"acts_visited":["Exordium","TheCity"],"potions_floor_usage":[25,25,25],"damage_taken":[{"damage":2.0,"enemies":"2 Louse","floor":1.0,"turns":3.0},{"damage":0.0,"enemies":"Small Slimes","floor":3.0,"turns":3.0},{"damage":55.0,"enemies":"3 Sentries","floor":6.0,"turns":12.0},{"damage":2.0,"enemies":"Jaw Worm","floor":11.0,"turns":3.0},{"damage":9.0,"enemies":"2 Fungi Beasts","floor":13.0,"turns":3.0},{"damage":6.0,"enemies":"Looter","floor":14.0,"turns":3.0},{"damage":41.0,"enemies":"Fading Forest","floor":16.0,"turns":11.0},{"damage":14.0,"enemies":"3 Byrds","floor":18.0,"turns":6.0},{"damage":26.0,"enemies":"Shell Parasite","floor":20.0,"turns":6.0},{"damage":18.0,"enemies":"Snake Plant","floor":23.0,"turns":5.0},{"damage":21,"enemies":"HollowMod:Nosk","floor":25,"turns":4}],"seed_played":"-8034108342919718823","potions_obtained":[{"floor":3.0,"key":"Swift Potion"},{"floor":14.0,"key":"Elixir"}],"is_trial":false,"path_per_floor":["M","?","M","?","?","E","R","$","T","?","M","$","M","M","R","B",null,"M","$","M","?","T","M","?","E"],"character_chosen":"IRONCLAD","items_purchased":["Oddly Smooth Stone","ColorlessPotion"],"campfire_rested":1,"item_purchase_floors":[19,19],"current_hp_per_floor":[76,76,80,80,73,24,48,48,48,48,52,52,49,49,73,48,72,64,64,44,44,44,32,20,0,0],"gold":268,"neow_bonus":"RANDOM_COMMON_RELIC","is_daily":false,"chose_seed":false,"campfire_upgraded":0,"win_rate":0.0,"timestamp":1609309118,"path_taken":["M","?","M","?","?","E","R","?","T","?","M","?","M","M","R","BOSS","M","$","M","?","?","M","?","E"],"items_purchased_type":["Relic","Potion"],"build_version":"2020-12-22","purchased_purges":1,"victory":false,"max_hp_per_floor":[80,80,80,80,80,80,80,80,80,80,80,80,80,80,80,80,80,80,80,80,80,80,80,80,80,80],"card_choices":[{"not_picked":["Headbutt","Evolve"],"picked":"Pommel Strike","floor":1.0},{"not_picked":["Reckless Charge","Clothesline"],"picked":"Twin Strike","floor":3.0},{"not_picked":["Ghostly Armor","Iron Wave"],"picked":"Perfected Strike","floor":6.0},{"not_picked":["Evolve","ReplayTheSpireMod:Strike From Hell"],"picked":"Twin Strike","floor":11.0},{"not_picked":["Havoc","Anger"],"picked":"Armaments","floor":13.0},{"not_picked":["ReplayTheSpireMod:Strike From Hell","Perfected Strike"],"picked":"Dropkick","floor":14.0},{"not_picked":["Reaper","Bludgeon"],"picked":"Demonic Infusion","floor":16.0},{"not_picked":["Intimidate","Pommel Strike"],"picked":"Flame Barrier","floor":18.0},{"not_picked":["Warcry","Burning Pact"],"picked":"Flex+1","floor":20.0},{"not_picked":["Defy Death","Entrench","Sword Boomerang"],"picked":"SKIP","floor":23.0}],"player_experience":285835,"relics_obtained":[{"floor":6.0,"key":"Shuriken"},{"floor":9.0,"key":"Tiny Chest"},{"floor":22.0,"key":"Happy Flower"}],"event_choices":[{"cards_removed":["Strike_R"],"damage_healed":0.0,"max_hp_gain":0.0,"max_hp_loss":0.0,"gold_gain":0.0,"event_name":"The Cleric","player_choice":"Card Removal","floor":2.0,"gold_loss":50.0,"damage_taken":0.0},{"damage_healed":0.0,"max_hp_gain":0.0,"max_hp_loss":0.0,"gold_gain":0.0,"event_name":"Liars Game","player_choice":"Ignored","floor":4.0,"gold_loss":0.0,"damage_taken":0.0},{"cards_removed":["Strike_R"],"damage_healed":0.0,"max_hp_gain":0.0,"max_hp_loss":0.0,"gold_gain":0.0,"event_name":"Golden Wing","player_choice":"Card Removal","floor":5.0,"gold_loss":0.0,"damage_taken":7.0},{"damage_healed":0.0,"max_hp_gain":0.0,"max_hp_loss":0.0,"gold_gain":0.0,"event_name":"Dead Adventurer","player_choice":"Searched \u00271\u0027 times","floor":10.0,"gold_loss":0.0,"damage_taken":0.0,"relics_obtained":["Nunchaku"]},{"damage_healed":0.0,"max_hp_gain":0.0,"max_hp_loss":0.0,"gold_gain":0.0,"event_name":"Duplicator","player_choice":"Copied","floor":21.0,"gold_loss":0.0,"damage_taken":0.0,"cards_obtained":["Flex"]},{"damage_healed":0.0,"max_hp_gain":0.0,"max_hp_loss":0.0,"gold_gain":0.0,"event_name":"Knowing Skull","player_choice":"POTION ","floor":24.0,"potions_obtained":["Guardian:BlockOnCardUsePotion"],"gold_loss":0.0,"damage_taken":12.0,"cards_obtained":[]}],"is_beta":false,"boss_relics":[{"not_picked":["SacredBark","Replay:Ancient Bell"],"picked":"Black Star"}],"items_purged_floors":[19],"is_endless":false,"potions_floor_spawned":[3,14,20],"killed_by":"HollowMod:Nosk","ascension_level":6}}