{"host":"lpcxcvdszk9zyesf","time":1609313383,"event":{"mods":["BaseMod","Better Third Choice","BetterRewards","Minty Spire (QoL Compilation)","Rare Cards Sparkle","Relic Stats","Say the Spire","Spicy Shops","StSLib"],"gold_per_floor":[118,118,118,2,22,22,54,54,102,117,127,138,138,138,138,262,262,286,211,235,167,183,183,183,197,197,233,233,258,258,281,281,409,409,433,433,456,456,456,456,495,495,495,495,511,529,592,592,592,592,592],"floor_reached":50,"playtime":1998,"items_purged":["Strike_R","Strike_R"],"score":1020,"play_id":"eb267498-2534-4e9b-a6f6-fb3236caa119","local_time":"20201230152943","is_ascension_mode":true,"campfire_choices":[{"data":"Chrysalis","floor":6.0,"key":"SMITH"},{"floor":8.0,"key":"REST"},{"data":"Rampage","floor":15.0,"key":"SMITH"},{"floor":23.0,"key":"REST"},{"floor":30.0,"key":"REST"},{"floor":32.0,"key":"REST"},{"floor":40.0,"key":"REST"},{"floor":42.0,"key":"REST"},{"data":"Limit Break","floor":44.0,"key":"SMITH"},{"floor":49,"key":"REST"}],"circlet_count":0,"master_deck":["AscendersBane","Strike_R+1","Defend_R","Defend_R","Defend_R","Defend_R","Bash+1","Ghostly Armor","Burning Pact","Chrysalis+1","Blind","Seeing Red","Shrug It Off","Rampage+1","Pummel","Bloodletting","Injury","Demon Form","Pummel+1","Writhe","Thunderclap+1","Necronomicurse","Limit Break+1","Disarm","Heavy Blade+1","Armaments+1","Purity","Jack Of All Trades","Finesse"],"relics":["Black Blood","Eternal Feather","Strange Spoon","White Beast Statue","Bronze Scales","Golden Idol","Busted Crown","Vajra","Meat on the Bone","Self Forming Clay","Kunai","Necronomicon","Smiling Mask","StoneCalendar","Incense Burner"],"acts_visited":["Exordium","TheCity","TheBeyond"],"potions_floor_usage":[46,47,50],"damage_taken":[{"damage":9.0,"enemies":"2 Louse","floor":1.0,"turns":4.0},{"damage":7.0,"enemies":"Jaw Worm","floor":5.0,"turns":6.0},{"damage":39.0,"enemies":"Gremlin Nob","floor":7.0,"turns":6.0},{"damage":10.0,"enemies":"Cultist","floor":10.0,"turns":4.0},{"damage":0.0,"enemies":"2 Fungi Beasts","floor":11.0,"turns":5.0},{"damage":6.0,"enemies":"3 Louse","floor":12.0,"turns":3.0},{"damage":53.0,"enemies":"Slime Boss","floor":16.0,"turns":9.0},{"damage":22.0,"enemies":"Chosen","floor":18.0,"turns":7.0},{"damage":18.0,"enemies":"3 Byrds","floor":20.0,"turns":5.0},{"damage":28.0,"enemies":"Shelled Parasite and Fungi","floor":22.0,"turns":5.0},{"damage":38.0,"enemies":"Snake Plant","floor":25.0,"turns":4.0},{"damage":32.0,"enemies":"Book of Stabbing","floor":27.0,"turns":6.0},{"damage":26.0,"enemies":"3 Cultists","floor":31.0,"turns":5.0},{"damage":35.0,"enemies":"Champ","floor":33.0,"turns":8.0},{"damage":39.0,"enemies":"3 Shapes","floor":35.0,"turns":5.0},{"damage":46.0,"enemies":"3 Darklings","floor":37.0,"turns":7.0},{"damage":57.0,"enemies":"Nemesis","floor":41.0,"turns":9.0},{"damage":30.0,"enemies":"4 Shapes","floor":45.0,"turns":7.0},{"damage":41,"enemies":"Sphere and 2 Shapes","floor":46,"turns":4},{"damage":16,"enemies":"Mind Bloom Boss Battle","floor":47,"turns":7},{"damage":125,"enemies":"Time Eater","floor":50,"turns":8}],"seed_played":"-407608431027979684","potions_obtained":[{"floor":1.0,"key":"Strength Potion"},{"floor":10.0,"key":"GamblersBrew"},{"floor":11.0,"key":"Fire Potion"},{"floor":12.0,"key":"Fire Potion"},{"floor":16.0,"key":"FearPotion"},{"floor":18.0,"key":"PowerPotion"},{"floor":20.0,"key":"Energy Potion"},{"floor":22.0,"key":"FairyPotion"},{"floor":25.0,"key":"Fruit Juice"},{"floor":27.0,"key":"ColorlessPotion"},{"floor":31.0,"key":"Block Potion"},{"floor":33.0,"key":"Swift Potion"},{"floor":35.0,"key":"FearPotion"},{"floor":37.0,"key":"BloodPotion"},{"floor":41.0,"key":"Strength Potion"},{"floor":45.0,"key":"PowerPotion"},{"floor":46,"key":"Block Potion"},{"floor":47,"key":"GamblersBrew"}],"is_trial":false,"path_per_floor":["M","?","?","$","M","R","E","R","T","M","M","M","?","?","R","B",null,"M","?","M","?","M","R","?","M","T","E","?","T","R","M","R","B",null,"M","?","M","?","?","R","E","R","T","R","M","M","?","?","R","B"],"character_chosen":"IRONCLAD","items_purchased":["Ghostly Armor","Burning Pact","Chrysalis","Eternal Feather","Blind","LiquidBronze","Seeing Red","Strange Spoon"],"campfire_rested":7,"item_purchase_floors":[0,0,0,0,0,0,4,4],"current_hp_per_floor":[69,53,53,53,52,61,28,61,61,57,63,63,68,68,77,30,71,55,55,43,43,21,58,58,43,43,29,13,13,52,44,83,54,81,66,66,62,62,62,90,57,90,90,90,72,55,63,53,90,0,0],"gold":592,"neow_bonus":"","is_daily":false,"chose_seed":false,"campfire_upgraded":3,"win_rate":0.0,"timestamp":1609313383,"path_taken":["M","?","?","$","?","R","E","R","T","M","M","M","?","?","R","BOSS","M","?","M","?","?","R","?","M","T","E","?","?","R","M","R","BOSS","M","?","M","?","?","R","E","R","T","R","?","M","?","?","R","BOSS"],"items_purchased_type":["Card","Card","Card","Relic","Card","Potion","Card","Relic"],"build_version":"2020-12-22","purchased_purges":2,"victory":false,"max_hp_per_floor":[80,80,80,80,80,80,80,80,80,80,80,80,85,85,85,85,85,85,85,85,85,85,85,85,90,90,90,90,90,90,90,90,90,90,90,90,90,90,90,90,90,90,90,90,90,90,90,90,90,90,90],"relic_stats":{"counters":[96,454],"Golden Idol":117,"Self Forming Clay":[153],"Black Blood":591,"Eternal Feather":102,"StoneCalendar":[119],"Smiling Mask":88,"Strange Spoon":[54],"Busted Crown":32,"Bronze Scales":[363],"Necronomicon":[14],"Kunai":[19],"obtain_stats":[{"Gremlin Horn":40,"Vajra":21,"Boot":0,"Blood Vial":0,"Centennial Puzzle":29,"HornCleat":26,"Strawberry":38,"Philosopher\u0027s Stone":17,"Prayer Wheel":28,"MealTicket":9,"Fusion Hammer":17,"HandDrill":0,"Necronomicon":24,"Kunai":6,"Runic Cube":17,"Girya":36,"Happy Flower":25,"Dead Branch":0,"Eternal Feather":0,"Letter Opener":12,"War Paint":19,"Question Card":9,"Akabeko":9,"Bottled Flame":41,"Bronze Scales":9,"Mark of Pain":34,"Meat on the Bone":24,"Regal Pillow":11,"Singing Bowl":0,"Black Blood":17,"StoneCalendar":41,"Bag of Preparation":10,"Incense Burner":47,"Smiling Mask":7,"Ancient Tea Set":4,"Cursed Key":17,"Burning Blood":0,"SsserpentHead":19,"Pantograph":10,"Toolbox":28,"Red Mask":21,"Potion Belt":21,"NeowsBlessing":0,"Golden Idol":3,"Self Forming Clay":26,"Thread and Needle":3,"PreservedInsect":0,"The Courier":26,"White Beast Statue":22,"Mercury Hourglass":0,"Strange Spoon":4,"Anchor":8,"CaptainsWheel":21,"Busted Crown":17,"Bag of Marbles":0,"Art of War":7,"Membership Card":39,"TungstenRod":0},{"Gremlin Horn":40,"Vajra":84,"Boot":45,"Blood Vial":59,"Centennial Puzzle":20,"HornCleat":33,"Strawberry":39,"Philosopher\u0027s Stone":30,"Prayer Wheel":55,"MealTicket":63,"Fusion Hammer":5,"HandDrill":21,"Necronomicon":32,"Kunai":24,"Runic Cube":14,"Girya":72,"Happy Flower":68,"Dead Branch":59,"Eternal Feather":75,"Letter Opener":64,"War Paint":15,"Question Card":3,"Akabeko":11,"Bottled Flame":40,"Bronze Scales":78,"Mark of Pain":37,"Meat on the Bone":85,"Regal Pillow":3,"Singing Bowl":45,"Black Blood":52,"StoneCalendar":92,"Bag of Preparation":26,"Incense Burner":95,"Smiling Mask":3,"Ancient Tea Set":60,"Cursed Key":65,"Burning Blood":0,"SsserpentHead":31,"Pantograph":3,"Toolbox":55,"Red Mask":16,"Potion Belt":32,"NeowsBlessing":0,"Golden Idol":1,"Self Forming Clay":86,"Thread and Needle":8,"PreservedInsect":7,"The Courier":55,"White Beast Statue":66,"Mercury Hourglass":45,"Strange Spoon":76,"Anchor":25,"CaptainsWheel":32,"Busted Crown":82,"Bag of Marbles":45,"Art of War":48,"Membership Card":73,"TungstenRod":21},{"Gremlin Horn":173,"Vajra":379,"Boot":200,"Blood Vial":255,"Centennial Puzzle":91,"HornCleat":147,"Strawberry":167,"Philosopher\u0027s Stone":134,"Prayer Wheel":232,"MealTicket":269,"Fusion Hammer":24,"HandDrill":94,"Necronomicon":142,"Kunai":106,"Runic Cube":66,"Girya":321,"Happy Flower":300,"Dead Branch":255,"Eternal Feather":330,"Letter Opener":273,"War Paint":68,"Question Card":3,"Akabeko":50,"Bottled Flame":173,"Bronze Scales":346,"Mark of Pain":162,"Meat on the Bone":384,"Regal Pillow":3,"Singing Bowl":200,"Black Blood":222,"StoneCalendar":428,"Bag of Preparation":115,"Incense Burner":446,"Smiling Mask":3,"Ancient Tea Set":257,"Cursed Key":285,"Burning Blood":0,"SsserpentHead":138,"Pantograph":3,"Toolbox":232,"Red Mask":72,"Potion Belt":142,"NeowsBlessing":0,"Golden Idol":1,"Self Forming Clay":388,"Thread and Needle":37,"PreservedInsect":33,"The Courier":232,"White Beast Statue":289,"Mercury Hourglass":200,"Strange Spoon":334,"Anchor":112,"CaptainsWheel":142,"Busted Crown":367,"Bag of Marbles":200,"Art of War":207,"Membership Card":323,"TungstenRod":94}],"Meat on the Bone":96},"card_choices":[{"not_picked":["Havoc","Flex"],"picked":"Metallicize","floor":1.0},{"not_picked":["Headbutt","Feel No Pain"],"picked":"Shrug It Off","floor":5.0},{"not_picked":["Cleave","Warcry"],"picked":"Rampage","floor":7.0},{"not_picked":["Perfected Strike","Headbutt","Rampage"],"picked":"SKIP","floor":10.0},{"not_picked":["Headbutt","Perfected Strike"],"picked":"Pummel","floor":11.0},{"not_picked":["Heavy Blade","Wild Strike"],"picked":"Bloodletting","floor":12.0},{"not_picked":["Bludgeon","Brutality"],"picked":"Demon Form","floor":16.0},{"not_picked":["Thunderclap"],"picked":"SKIP","floor":18.0},{"not_picked":["Body Slam"],"picked":"SKIP","floor":20.0},{"not_picked":[],"picked":"Pummel+1","floor":22.0},{"not_picked":["Body Slam"],"picked":"SKIP","floor":25.0},{"not_picked":[],"picked":"Thunderclap+1","floor":27.0},{"not_picked":["Wild Strike"],"picked":"SKIP","floor":31.0},{"not_picked":[],"picked":"Limit Break","floor":33.0},{"not_picked":["Perfected Strike+1"],"picked":"SKIP","floor":35.0},{"not_picked":["Wild Strike+1"],"picked":"SKIP","floor":37.0},{"not_picked":[],"picked":"Disarm","floor":41.0},{"not_picked":[],"picked":"Heavy Blade+1","floor":45.0},{"not_picked":[],"picked":"Armaments+1","floor":46},{"not_picked":[],"picked":"Purity","floor":48},{"not_picked":[],"picked":"Jack Of All Trades","floor":48},{"not_picked":[],"picked":"Finesse","floor":48}],"player_experience":291733,"relics_obtained":[{"floor":7.0,"key":"White Beast Statue"},{"floor":9.0,"key":"Bronze Scales"},{"floor":26.0,"key":"Self Forming Clay"},{"floor":27.0,"key":"Kunai"},{"floor":28.0,"key":"Necronomicon"},{"floor":29.0,"key":"Smiling Mask"},{"floor":41.0,"key":"StoneCalendar"},{"floor":47,"key":"Incense Burner"}],"event_choices":[{"damage_healed":69.0,"max_hp_gain":0.0,"max_hp_loss":80.0,"gold_gain":0.0,"event_name":"betterThird:BetterShining","player_choice":"Upgrade","floor":2.0,"gold_loss":0.0,"damage_taken":16.0,"cards_upgraded":["Bash","Strike_R"]},{"cards_removed":["Strike_R"],"damage_healed":0.0,"max_hp_gain":0.0,"max_hp_loss":0.0,"gold_gain":0.0,"event_name":"Purifier","player_choice":"Purged","floor":3.0,"gold_loss":0.0,"damage_taken":0.0},{"damage_healed":0.0,"max_hp_gain":5.0,"max_hp_loss":0.0,"gold_gain":0.0,"event_name":"Big Fish","player_choice":"Donut","floor":13.0,"gold_loss":0.0,"damage_taken":0.0},{"damage_healed":0.0,"max_hp_gain":0.0,"max_hp_loss":0.0,"gold_gain":0.0,"event_name":"Golden Idol","player_choice":"Take Wound","floor":14.0,"gold_loss":0.0,"damage_taken":0.0,"relics_obtained":["Golden Idol"],"cards_obtained":["Injury"]},{"cards_removed":["Strike_R"],"damage_healed":0.0,"max_hp_gain":0.0,"max_hp_loss":0.0,"gold_gain":0.0,"event_name":"Beggar","player_choice":"Gave Gold","floor":19.0,"gold_loss":75.0,"damage_taken":0.0},{"damage_healed":0.0,"max_hp_gain":0.0,"max_hp_loss":0.0,"gold_gain":0.0,"event_name":"WeMeetAgain","player_choice":"Paid Gold","floor":21.0,"gold_loss":68.0,"damage_taken":0.0,"relics_obtained":["Vajra"]},{"damage_healed":0.0,"max_hp_gain":0.0,"max_hp_loss":0.0,"gold_gain":0.0,"event_name":"The Mausoleum","player_choice":"Opened","floor":24.0,"gold_loss":0.0,"damage_taken":0.0,"relics_obtained":["Meat on the Bone"],"cards_obtained":["Writhe"]},{"damage_healed":0.0,"max_hp_gain":0.0,"max_hp_loss":0.0,"gold_gain":0.0,"event_name":"Cursed Tome","player_choice":"Obtained Book","floor":28.0,"gold_loss":0.0,"damage_taken":16.0},{"cards_removed":["Metallicize"],"damage_healed":0.0,"max_hp_gain":0.0,"max_hp_loss":0.0,"gold_gain":0.0,"event_name":"Falling","player_choice":"Removed Power","floor":36.0,"gold_loss":0.0,"damage_taken":0.0},{"damage_healed":0.0,"max_hp_gain":0.0,"max_hp_loss":0.0,"gold_gain":0.0,"event_name":"Tomb of Lord Red Mask","player_choice":"Ignored","floor":38.0,"gold_loss":0.0,"damage_taken":0.0},{"damage_healed":0.0,"max_hp_gain":0.0,"max_hp_loss":0.0,"gold_gain":0.0,"event_name":"betterThird:BetterPortal","player_choice":"Ignored","floor":39.0,"gold_loss":0.0,"damage_taken":0.0},{"damage_healed":0,"gold_gain":0,"player_choice":"Fight","damage_taken":0,"max_hp_gain":0,"max_hp_loss":0,"event_name":"MindBloom","floor":47,"gold_loss":0},{"damage_healed":0,"gold_gain":0,"player_choice":"Memory 3","damage_taken":10,"max_hp_gain":0,"max_hp_loss":0,"event_name":"SensoryStone","floor":48,"gold_loss":0}],"is_beta":false,"boss_relics":[{"not_picked":["Astrolabe","Snecko Eye"],"picked":"Busted Crown"},{"not_picked":["SacredBark","Coffee Dripper"],"picked":"Black Blood"}],"items_purged_floors":[0,0],"is_endless":false,"potions_floor_spawned":[1,10,11,12,16,18,20,22,25,27,31,33,35,37,41,45,46,47],"killed_by":"Time Eater","ascension_level":10}}