{"host":"w5ovz9boloi14a0g","time":1609311944,"event":{"mods":["BaseMod","Googly Eyes","Minty Spire (QoL Compilation)","StSLib","SuperFastMode"],"gold_per_floor":[118,38,38,54,74,100,100,100,100,100,120,120,120,158,158,282,282,296,296,279,302,2,2,37,0,0,0,0,36,59,59,59],"floor_reached":31,"playtime":657,"items_purged":[],"score":323,"play_id":"c54f45d9-4876-4d5a-b9a4-3e509cce2c86","local_time":"20201230010544","is_ascension_mode":true,"campfire_choices":[{"floor":7.0,"key":"REST"},{"data":"Neutralize","floor":10.0,"key":"SMITH"},{"floor":15.0,"key":"REST"},{"data":"Footwork","floor":23.0,"key":"SMITH"},{"data":"Envenom","floor":27,"key":"SMITH"}],"circlet_count":0,"master_deck":["Strike_G","Strike_G","Strike_G","Strike_G","Defend_G","Defend_G","Defend_G","Defend_G","Defend_G","Survivor","Neutralize+1","Backstab","Footwork+1","Leg Sweep","Infinite Blades","Injury","Blade Dance","Envenom+1","CurseOfTheBell","After Image","Cloak And Dagger"],"relics":["WristBlade","Blue Candle","Golden Idol","Shuriken","Calipers","Blood Vial","Calling Bell","MealTicket","Darkstone Periapt","Turnip","Lee\u0027s Waffle","Art of War","StoneCalendar","Letter Opener","Shovel"],"acts_visited":["Exordium","TheCity"],"potions_floor_usage":[],"damage_taken":[{"damage":0.0,"enemies":"Cultist","floor":1.0,"turns":3.0},{"damage":0.0,"enemies":"Small Slimes","floor":4.0,"turns":3.0},{"damage":0.0,"enemies":"Jaw Worm","floor":5.0,"turns":3.0},{"damage":38.0,"enemies":"Lagavulin","floor":6.0,"turns":10.0},{"damage":8.0,"enemies":"2 Fungi Beasts","floor":11.0,"turns":5.0},{"damage":14.0,"enemies":"Gremlin Nob","floor":14.0,"turns":4.0},{"damage":9.0,"enemies":"The Guardian","floor":16.0,"turns":12.0},{"damage":18.0,"enemies":"Spheric Guardian","floor":18.0,"turns":6.0},{"damage":19.0,"enemies":"2 Thieves","floor":20.0,"turns":4.0},{"damage":16.0,"enemies":"Chosen and Byrds","floor":21.0,"turns":7.0},{"damage":17.0,"enemies":"Gremlin Leader","floor":24.0,"turns":9.0},{"damage":45,"enemies":"Slavers","floor":29,"turns":7},{"damage":22,"enemies":"Snecko","floor":30,"turns":7},{"damage":18,"enemies":"Book of Stabbing","floor":31,"turns":5}],"seed_played":"9095775339456984354","potions_obtained":[{"floor":4.0,"key":"CunningPotion"},{"floor":5.0,"key":"DuplicationPotion"},{"floor":11.0,"key":"Strength Potion"},{"floor":16.0,"key":"BlessingOfTheForge"},{"floor":18.0,"key":"SpeedPotion"}],"is_trial":false,"path_per_floor":["M","$","$","M","M","E","R","?","T","R","M","T","$","E","R","B",null,"M","?","M","M","$","R","E","?","T","R","$","E","M","E"],"character_chosen":"THE_SILENT","items_purchased":["Footwork","Lee\u0027s Waffle","Art of War"],"campfire_rested":2,"item_purchase_floors":[2,22,22],"current_hp_per_floor":[70,70,70,70,70,32,53,53,53,53,45,45,45,31,52,45,70,52,52,35,21,77,77,60,60,60,60,75,32,12,0,0],"gold":59,"neow_bonus":"BOSS_RELIC","is_daily":false,"chose_seed":false,"campfire_upgraded":3,"win_rate":0.0,"timestamp":1609311944,"path_taken":["M","?","$","?","M","E","R","?","T","R","M","?","$","E","R","BOSS","M","?","M","?","$","R","E","?","T","R","$","E","M","E"],"items_purchased_type":["Card","Relic","Relic"],"build_version":"2020-12-22","purchased_purges":0,"victory":false,"max_hp_per_floor":[70,70,70,70,70,70,70,70,70,70,70,70,70,70,70,70,70,70,70,70,70,77,77,77,77,77,77,77,77,77,77,77],"card_choices":[{"not_picked":["Prepared","Underhanded Strike"],"picked":"Backstab","floor":1.0},{"not_picked":["Prepared","Acrobatics","Reflex"],"picked":"SKIP","floor":4.0},{"not_picked":["Slice","Riddle With Holes"],"picked":"Leg Sweep","floor":5.0},{"not_picked":["Wraith Form v2","Acrobatics"],"picked":"Infinite Blades","floor":6.0},{"not_picked":["Bane","Poisoned Stab"],"picked":"Blade Dance","floor":11.0},{"not_picked":["Eviscerate","Bouncing Flask","Caltrops"],"picked":"SKIP","floor":14.0},{"not_picked":["Venomology","Malaise"],"picked":"Envenom","floor":16.0},{"not_picked":["Prepared","Poisoned Stab"],"picked":"After Image","floor":18.0},{"not_picked":["Distraction+1","Tactician","Quick Slash"],"picked":"SKIP","floor":20.0},{"not_picked":["Deadly Poison","Quick Slash","Prepared"],"picked":"SKIP","floor":21.0},{"not_picked":["Expertise+1","Sucker Punch","Dodge and Roll"],"picked":"SKIP","floor":24.0},{"not_picked":["Noxious Fumes","All Out Attack","Dodge and Roll"],"picked":"SKIP","floor":29},{"not_picked":["Blade Dance","Terror+1"],"picked":"Cloak And Dagger","floor":30}],"player_experience":49302,"relics_obtained":[{"floor":6.0,"key":"Blue Candle"},{"floor":9.0,"key":"Shuriken"},{"floor":12.0,"key":"Calipers"},{"floor":14.0,"key":"Blood Vial"},{"floor":17.0,"key":"MealTicket"},{"floor":17.0,"key":"Darkstone Periapt"},{"floor":17.0,"key":"Turnip"},{"floor":24.0,"key":"StoneCalendar"},{"floor":26,"key":"Letter Opener"},{"floor":29,"key":"Shovel"}],"event_choices":[{"damage_healed":0.0,"max_hp_gain":0.0,"max_hp_loss":0.0,"gold_gain":0.0,"event_name":"Golden Idol","player_choice":"Take Wound","floor":8.0,"gold_loss":0.0,"damage_taken":0.0,"relics_obtained":["Golden Idol"],"cards_obtained":["Injury"]},{"cards_removed":["Strike_G"],"damage_healed":0.0,"max_hp_gain":0.0,"max_hp_loss":0.0,"gold_gain":0.0,"event_name":"Purifier","player_choice":"Purged","floor":19.0,"gold_loss":0.0,"damage_taken":0.0},{"damage_healed":0,"gold_gain":0,"player_choice":"Paid Fearfully","damage_taken":0,"max_hp_gain":0,"max_hp_loss":0,"event_name":"Masked Bandits","floor":25,"gold_loss":37}],"is_beta":false,"boss_relics":[{"not_picked":["Runic Dome","Empty Cage"],"picked":"Calling Bell"}],"items_purged_floors":[],"is_endless":false,"potions_floor_spawned":[4,5,11,16,18,24,29,30],"killed_by":"Book of Stabbing","ascension_level":3}}