{"host":"f6tqpspb2ou2a4h5","time":1609329547,"event":{"mods":["2.2 Compatiblity","Ascension Unlocker","BaseMod","Colored Map","DeckTracker","Hermit","Highlight Path","KOR Keyword Fix","Keyboard Shortcuts","Minty Spire (QoL Compilation)","Permanent Neow","Quick Restart","Random Character Button","StSLib","SuperFastMode","The Poker Player","everything is the same but u backflip on backflip"],"gold_per_floor":[112,126,51,51,62,62,92,167,167,196,196,216,216,244,244,349,349,349,349,179,179,159,159,159,159,159,159,159,159,159,159,159,159,159,159,159,8,8,8,8,8,8,8,8,8,8,8,8,8,8,8],"floor_reached":50,"playtime":2695,"items_purged":["Strike_B","Strike_B","Defend_B"],"score":819,"play_id":"e78109b9-b836-4db3-9d68-c606ee7ee7ec","local_time":"20201230205907","is_ascension_mode":true,"campfire_choices":[{"data":"Zap","floor":6,"key":"SMITH"},{"floor":11,"key":"REST"},{"data":"Steam","floor":13,"key":"SMITH"},{"floor":15,"key":"REST"},{"data":"Hello World","floor":23,"key":"SMITH"},{"data":"Aggregate","floor":29,"key":"SMITH"},{"floor":32,"key":"REST"},{"data":"Panache","floor":40,"key":"SMITH"},{"floor":42,"key":"REST"},{"data":"White Noise","floor":47,"key":"SMITH"},{"floor":49,"key":"REST"}],"circlet_count":0,"master_deck":["AscendersBane","Strike_B","Strike_B","Defend_B","Defend_B","Defend_B","Zap+1","Dualcast","Panache+1","Cold Snap","Gash","Go for the Eyes","Steam+1","Undo","Ball Lightning","Ball Lightning","Aggregate+1","Coolheaded","Echo Form","Conserve Battery+1","Hello World+1","BootSequence","Sweeping Beam+1","Compile Driver","Fission","Ball Lightning","White Noise+1","Hologram","Seek","Reinforced Body+1","Gash","Compile Driver","Gash+1","Seek","Steam+1"],"relics":["Cracked Core","Meat on the Bone","TungstenRod","Dream Catcher","Ice Cream","Question Card","Ectoplasm","Red Mask","Omamori","Oddly Smooth Stone","Inserter","Girya","MealTicket","Gremlin Horn","MawBank"],"acts_visited":["Exordium","TheCity","TheBeyond"],"potions_floor_usage":[21,24,28,33,50,50],"damage_taken":[{"damage":2,"enemies":"2 Louse","floor":1,"turns":2},{"damage":7,"enemies":"Small Slimes","floor":2,"turns":5},{"damage":1,"enemies":"Cultist","floor":5,"turns":3},{"damage":6,"enemies":"Lagavulin","floor":7,"turns":8},{"damage":12,"enemies":"3 Sentries","floor":10,"turns":10},{"damage":4,"enemies":"Blue Slaver","floor":12,"turns":3},{"damage":26,"enemies":"Lagavulin","floor":14,"turns":5},{"damage":1,"enemies":"Slime Boss","floor":16,"turns":8},{"damage":6,"enemies":"3 Byrds","floor":18,"turns":3},{"damage":0,"enemies":"Shell Parasite","floor":19,"turns":6},{"damage":40,"enemies":"Masked Bandits","floor":21,"turns":4},{"damage":12,"enemies":"Gremlin Leader","floor":24,"turns":4},{"damage":11,"enemies":"Shelled Parasite and Fungi","floor":25,"turns":5},{"damage":11,"enemies":"Centurion and Healer","floor":27,"turns":5},{"damage":13,"enemies":"3 Cultists","floor":28,"turns":4},{"damage":30,"enemies":"Cultist and Chosen","floor":30,"turns":5},{"damage":0,"enemies":"Snecko","floor":31,"turns":5},{"damage":34,"enemies":"Champ","floor":33,"turns":12},{"damage":2,"enemies":"3 Darklings","floor":35,"turns":4},{"damage":31,"enemies":"2 Orb Walkers","floor":36,"turns":6},{"damage":4,"enemies":"3 Shapes","floor":38,"turns":2},{"damage":31,"enemies":"Reptomancer","floor":41,"turns":6},{"damage":0,"enemies":"Maw","floor":44,"turns":7},{"damage":3,"enemies":"Writhing Mass","floor":46,"turns":6},{"damage":27,"enemies":"4 Shapes","floor":48,"turns":4},{"damage":54,"enemies":"Awakened One","floor":50,"turns":7}],"seed_played":"2465922831196856374","potions_obtained":[{"floor":2,"key":"Energy Potion"},{"floor":5,"key":"FearPotion"},{"floor":14,"key":"Regen Potion"},{"floor":16,"key":"Regen Potion"},{"floor":22,"key":"Block Potion"},{"floor":25,"key":"Explosive Potion"},{"floor":28,"key":"PowerPotion"},{"floor":41,"key":"ColorlessPotion"}],"is_trial":false,"path_per_floor":["M","M","$","?","M","R","E","?","T","E","R","M","R","E","R","B",null,"M","M","$","?","?","R","E","M","T","M","M","R","M","M","R","B",null,"M","?","$","M","?","R","E","R","T","M","T","M","R","M","R","B"],"character_chosen":"DEFECT","items_purchased":["BootSequence","Gash"],"campfire_rested":5,"item_purchase_floors":[20,37],"current_hp_per_floor":[48,41,41,38,49,49,43,33,33,33,55,51,51,37,59,58,71,65,65,65,42,42,42,42,43,43,44,40,40,22,34,56,34,65,63,44,44,40,40,40,21,43,43,43,43,40,40,25,47,0,0],"gold":8,"neow_bonus":"RANDOM_COLORLESS_2","is_daily":false,"chose_seed":false,"campfire_upgraded":6,"win_rate":0.0,"timestamp":1609329547,"path_taken":["M","M","$","?","M","R","E","?","T","E","R","M","R","E","R","BOSS","M","M","$","?","?","R","E","?","T","M","M","R","M","M","R","BOSS","M","?","$","M","?","R","E","R","T","M","?","M","R","M","R","BOSS"],"items_purchased_type":["Card","Card"],"build_version":"2020-12-22","purchased_purges":3,"victory":false,"max_hp_per_floor":[75,75,75,75,75,75,75,75,75,75,75,75,75,75,75,75,75,75,75,75,75,75,75,75,75,75,75,75,75,75,75,75,75,75,75,75,75,75,75,75,75,75,75,75,75,75,75,75,75,75,75],"card_choices":[{"not_picked":["HandOfGreed","Magnetism"],"picked":"Panache","floor":0},{"not_picked":["Stack","Leap"],"picked":"Cold Snap","floor":1},{"not_picked":["Steam","Go for the Eyes"],"picked":"Gash","floor":2},{"not_picked":["Ball Lightning","Storm"],"picked":"Go for the Eyes","floor":5},{"not_picked":["Hello World","Biased Cognition"],"picked":"Steam","floor":7},{"not_picked":["Rebound","Redo"],"picked":"Undo","floor":10},{"not_picked":["Leap","Static Discharge"],"picked":"Ball Lightning","floor":11},{"not_picked":["Streamline","Rebound"],"picked":"Ball Lightning","floor":12},{"not_picked":["Self Repair","Beam Cell"],"picked":"Aggregate","floor":14},{"not_picked":["Ball Lightning","Chill","Barrage"],"picked":"Coolheaded","floor":15},{"not_picked":["Buffer","Biased Cognition","Meteor Strike"],"picked":"Echo Form","floor":16},{"not_picked":["Redo","Steam","Coolheaded"],"picked":"Conserve Battery+1","floor":18},{"not_picked":["Leap+1","Conserve Battery","Doom and Gloom+1"],"picked":"Hello World","floor":19},{"not_picked":["Tempest","Turbo","Genetic Algorithm"],"picked":"Sweeping Beam+1","floor":21},{"not_picked":["Turbo","Beam Cell+1","Barrage+1"],"picked":"Compile Driver","floor":24},{"not_picked":["Compile Driver","Leap","Barrage+1"],"picked":"Fission","floor":25},{"not_picked":["Aggregate+1","Go for the Eyes+1","Ball Lightning","Double Energy"],"picked":"SKIP","floor":27},{"not_picked":["Blizzard","Steam","Loop"],"picked":"Ball Lightning","floor":28},{"not_picked":["Aggregate","Turbo","Steam"],"picked":"White Noise","floor":30},{"not_picked":["Double Energy","Capacitor+1","Cold Snap+1","Barrage+1"],"picked":"SKIP","floor":31},{"not_picked":["Rebound","Force Field","Go for the Eyes"],"picked":"Hologram","floor":32},{"not_picked":["Creative AI","Amplify","Meteor Strike"],"picked":"Seek","floor":33},{"not_picked":["Double Energy","Rebound","Turbo"],"picked":"Reinforced Body+1","floor":35},{"not_picked":["Double Energy","Recycle","Force Field","Blizzard+1"],"picked":"SKIP","floor":38},{"not_picked":["Steam Power","Sunder","Melter"],"picked":"Compile Driver","floor":41},{"not_picked":["FTL","Lockon+1","Hologram"],"picked":"Gash+1","floor":42},{"not_picked":["Static Discharge+1","Steam","Turbo+1","Doom and Gloom+1"],"picked":"SKIP","floor":44},{"not_picked":["Redo+1","Coolheaded+1","Melter"],"picked":"Seek","floor":46},{"not_picked":["Compile Driver","Stack","Streamline","Blizzard"],"picked":"SKIP","floor":48},{"not_picked":["Barrage","Turbo","Blizzard+1"],"picked":"Steam+1","floor":49}],"player_experience":104856,"relics_obtained":[{"floor":7,"key":"TungstenRod"},{"floor":9,"key":"Dream Catcher"},{"floor":10,"key":"Ice Cream"},{"floor":14,"key":"Question Card"},{"floor":21,"key":"Red Mask"},{"floor":24,"key":"Omamori"},{"floor":26,"key":"Oddly Smooth Stone"},{"floor":36,"key":"Girya"},{"floor":41,"key":"MealTicket"},{"floor":43,"key":"Gremlin Horn"},{"floor":45,"key":"MawBank"}],"event_choices":[{"damage_healed":0,"gold_gain":0,"player_choice":"Success","damage_taken":3,"relics_obtained":["Meat on the Bone"],"max_hp_gain":0,"max_hp_loss":0,"event_name":"Scrap Ooze","floor":4,"gold_loss":0},{"damage_healed":0,"gold_gain":75,"player_choice":"Gather Gold","damage_taken":11,"max_hp_gain":0,"max_hp_loss":0,"event_name":"World of Goop","floor":8,"gold_loss":0},{"damage_healed":0,"gold_gain":0,"player_choice":"Fought Bandits","damage_taken":0,"max_hp_gain":0,"max_hp_loss":0,"event_name":"Masked Bandits","floor":21,"gold_loss":0},{"damage_healed":0,"gold_gain":0,"player_choice":"Bought 1 Potion","damage_taken":0,"max_hp_gain":0,"max_hp_loss":0,"event_name":"The Woman in Blue","floor":22,"gold_loss":0},{"damage_healed":0,"gold_gain":0,"player_choice":"Fight","damage_taken":0,"max_hp_gain":0,"max_hp_loss":0,"event_name":"Mysterious Sphere","floor":36,"gold_loss":0},{"damage_healed":0,"gold_gain":0,"player_choice":"Memory 1","damage_taken":0,"max_hp_gain":0,"max_hp_loss":0,"event_name":"SensoryStone","floor":39,"gold_loss":0}],"is_beta":false,"boss_relics":[{"not_picked":["Cursed Key","Fusion Hammer"],"picked":"Ectoplasm"},{"not_picked":["Runic Pyramid","Busted Crown"],"picked":"Inserter"}],"items_purged_floors":[3,20,37],"is_endless":false,"potions_floor_spawned":[2,5,14,16,18,19,25,28,41,44,46],"killed_by":"Awakened One","ascension_level":11}}