{"host":"16je3t89sok2dgub","time":1609307673,"event":{"mods":["BaseMod","Better Altar","Better Match","Better Sensory Stone","Better Skull","Better Third Choice","Colored Map","Downfall","Hermit","Minty Spire (QoL Compilation)","Permanent Neow","Relic Stats","StSLib","The Mystic","The Poker Player","Trackpad"],"gold_per_floor":[99,110,140,164,164,173,200,225,235,141,151,184,34,19,48,152,152,152,166,76,96,46,46,70,92,92,92,114,114,114],"floor_reached":29,"playtime":1702,"items_purged":["mysticmod:Strike_Mystic"],"score":236,"play_id":"5bb480fd-d806-4553-b430-f3d082f4cf0e","local_time":"20201229235433","is_ascension_mode":true,"campfire_choices":[{"floor":1.0,"key":"RECALL"},{"floor":13.0,"key":"REST"},{"data":"mysticmod:Momentum","floor":18.0,"key":"SMITH"},{"floor":27,"key":"REST"}],"circlet_count":0,"master_deck":["mysticmod:Strike_Mystic","mysticmod:Strike_Mystic","mysticmod:Strike_Mystic","mysticmod:Defend_Mystic","mysticmod:Defend_Mystic","mysticmod:Defend_Mystic","mysticmod:Defend_Mystic","mysticmod:ArcaneDodge","mysticmod:ShockingGrasp","mysticmod:BladedDash","mysticmod:Fireball","mysticmod:TomeOfSpells","mysticmod:RapidCaster","mysticmod:ComboCaster","mysticmod:TomeOfSpells","mysticmod:Discipline","mysticmod:Momentum+1","mysticmod:Riposte","mysticmod:ChargedParry","mysticmod:ArcaneAccuracy"],"relics":["mysticmod:SpellBook","CeramicFish","Ginger","mysticmod:TrainingManual","Vajra","downfall:HeartBlessingRed","downfall:HeartBlessingGreen","trackpad:Coffee","Nilry\u0027s Codex","downfall:RedIOU"],"acts_visited":["Exordium","TheCity"],"potions_floor_usage":[],"damage_taken":[{"damage":3.0,"enemies":"Jaw Worm","floor":2.0,"turns":5.0},{"damage":0.0,"enemies":"Small Slimes","floor":4.0,"turns":4.0},{"damage":0.0,"enemies":"Cultist","floor":8.0,"turns":2.0},{"damage":2.0,"enemies":"3 Louse","floor":9.0,"turns":3.0},{"damage":0.0,"enemies":"downfall:FleeingMerchant","floor":10.0,"turns":4.0},{"damage":17.0,"enemies":"Large Slime","floor":11.0,"turns":5.0},{"damage":37.0,"enemies":"Lagavulin","floor":12.0,"turns":8.0},{"damage":0.0,"enemies":"downfall:FleeingMerchant","floor":14.0,"turns":4.0},{"damage":4.0,"enemies":"2 Fungi Beasts","floor":15.0,"turns":4.0},{"damage":19.0,"enemies":"downfall:Silent","floor":16.0,"turns":6.0},{"damage":7.0,"enemies":"3 Byrds","floor":19.0,"turns":6.0},{"damage":14.0,"enemies":"downfall:FleeingMerchant","floor":20.0,"turns":4.0},{"damage":40.0,"enemies":"Snake Plant","floor":21.0,"turns":7.0},{"damage":16,"enemies":"Snecko","floor":25,"turns":4},{"damage":21,"enemies":"Shelled Parasite and Fungi","floor":28,"turns":5},{"damage":15,"enemies":"Snake Plant","floor":29,"turns":4}],"seed_played":"2669780016458199041","potions_obtained":[{"floor":2.0,"key":"Strength Potion"},{"floor":8.0,"key":"AttackPotion"},{"floor":9.0,"key":"SpeedPotion"},{"floor":25,"key":"Weak Potion"},{"floor":28,"key":"AttackPotion"}],"is_trial":false,"path_per_floor":["R","M","?","M","?","?","T","M","M","$","M","E","R","$","M","B",null,"R","M","$","M","?","?","T","M","?","R","M","M"],"character_chosen":"MYSTIC_CLASS","items_purchased":["mysticmod:ComboCaster","mysticmod:TomeOfSpells"],"campfire_rested":2,"item_purchase_floors":[10,10],"current_hp_per_floor":[77,74,74,74,62,62,62,62,60,60,43,6,29,29,25,6,77,77,70,56,16,45,29,29,13,13,36,15,0,0],"gold":114,"neow_bonus":"ONE_RANDOM_RARE_CARD","is_daily":false,"chose_seed":false,"campfire_upgraded":1,"win_rate":0.0,"timestamp":1609307673,"path_taken":["R","M","?","M","?","?","T","M","M","$","?","E","R","$","M","BOSS","R","M","$","M","?","?","T","M","?","R","M","M"],"items_purchased_type":["Card","Card"],"build_version":"2020-12-22","purchased_purges":1,"victory":false,"max_hp_per_floor":[77,77,77,77,77,77,77,77,77,77,77,77,77,77,77,77,77,77,77,77,77,77,77,77,77,77,77,77,77,77],"relic_stats":{"counters":[16,75],"CeramicFish":90,"Ginger":[15],"obtain_stats":[{"trackpad:Coffee":17,"downfall:HeartBlessingRed":13,"Nilry\u0027s Codex":23,"CeramicFish":3,"Vajra":12,"mysticmod:SpellBook":0,"downfall:HeartBlessingGreen":13,"mysticmod:TrainingManual":7,"Pen Nib":24,"downfall:RedIOU":26,"Ginger":5},{"trackpad:Coffee":10,"downfall:HeartBlessingRed":7,"Nilry\u0027s Codex":13,"CeramicFish":1,"Vajra":7,"mysticmod:SpellBook":0,"downfall:HeartBlessingGreen":7,"mysticmod:TrainingManual":2,"Pen Nib":13,"downfall:RedIOU":14,"Ginger":2},{"trackpad:Coffee":45,"downfall:HeartBlessingRed":31,"Nilry\u0027s Codex":62,"CeramicFish":5,"Vajra":31,"mysticmod:SpellBook":0,"downfall:HeartBlessingGreen":31,"mysticmod:TrainingManual":9,"Pen Nib":62,"downfall:RedIOU":66,"Ginger":9}]},"card_choices":[{"not_picked":["mysticmod:Grapple","mysticmod:Probe"],"picked":"mysticmod:BladedDash","floor":2.0},{"not_picked":["mysticmod:FloatingDisk","mysticmod:BulkUp"],"picked":"mysticmod:Fireball","floor":4.0},{"not_picked":["mysticmod:Shield","mysticmod:MirrorStrike"],"picked":"mysticmod:RapidCaster","floor":8.0},{"not_picked":["mysticmod:DiviningBlow","mysticmod:Daze","mysticmod:PowerSlash"],"picked":"SKIP","floor":9.0},{"not_picked":["mysticmod:BladeMaster","mysticmod:PreparedCaster","mysticmod:Sideswipe"],"picked":"SKIP","floor":10.0},{"not_picked":["mysticmod:CorrosiveTouch","mysticmod:Flurry","mysticmod:BulkUp"],"picked":"SKIP","floor":11.0},{"not_picked":["mysticmod:PureInstinct","mysticmod:Alacrity","mysticmod:Grapple"],"picked":"SKIP","floor":12.0},{"not_picked":["mysticmod:Fly","mysticmod:Snowball","mysticmod:EbbAndFlow"],"picked":"SKIP","floor":14.0},{"not_picked":["mysticmod:SpellCombat","mysticmod:Grease"],"picked":"mysticmod:Discipline","floor":15.0},{"not_picked":["mysticmod:MysticalShield","mysticmod:Natural20"],"picked":"mysticmod:Momentum","floor":16.0},{"not_picked":["mysticmod:AllIn","mysticmod:HeavyStrike+1","mysticmod:Snowball"],"picked":"SKIP","floor":19.0},{"not_picked":["mysticmod:Feint","mysticmod:PunishingArmor","mysticmod:TomeOfSpells"],"picked":"SKIP","floor":20.0},{"not_picked":["mysticmod:CorrosiveTouch","mysticmod:TomeOfSpells+1"],"picked":"mysticmod:Riposte","floor":21.0},{"not_picked":["mysticmod:RapidCaster","mysticmod:HunkerDown+1"],"picked":"mysticmod:ChargedParry","floor":25},{"not_picked":["mysticmod:HeavyStrike+1","mysticmod:PureInstinct+1"],"picked":"mysticmod:ArcaneAccuracy","floor":28}],"player_experience":382017,"relics_obtained":[{"floor":7.0,"key":"mysticmod:TrainingManual"},{"floor":12.0,"key":"Vajra"},{"floor":23.0,"key":"Nilry\u0027s Codex"},{"floor":24.0,"key":"Pen Nib"}],"event_choices":[{"damage_healed":0.0,"max_hp_gain":0.0,"max_hp_loss":0.0,"gold_gain":0.0,"event_name":"betterThird:BetterScrap","player_choice":"Relic ","floor":5.0,"gold_loss":0.0,"damage_taken":12.0,"cards_obtained":["Bouncing Flask"]},{"damage_healed":0.0,"max_hp_gain":0.0,"max_hp_loss":0.0,"gold_gain":0.0,"cards_transformed":["mysticmod:GreaterInvisibility"],"event_name":"Transmorgrifier","player_choice":"Transformed","floor":6.0,"gold_loss":0.0,"damage_taken":0.0,"cards_obtained":["mysticmod:TomeOfSpells"]}],"is_beta":false,"boss_relics":[{"not_picked":["Runic Dome","trackpad:Trackpad"],"picked":"trackpad:Coffee"}],"items_purged_floors":[20],"is_endless":false,"potions_floor_spawned":[2,8,9,15,25,28],"killed_by":"Snake Plant","ascension_level":1}}