{"host":"ao8ok4k25npyixk7","time":1609318206,"event":{"mods":["BaseMod","Colored Map","Minty Spire (QoL Compilation)"],"gold_per_floor":[112,128,141,153,165,165,195,195,195,195,215,28,28,42,42,132,132,152,152,77,77,77,77,77,77],"floor_reached":24,"playtime":932,"items_purged":[],"score":443,"play_id":"70c4e661-7193-465e-91f7-8bfd5b8ef093","local_time":"20201230095006","is_ascension_mode":true,"campfire_choices":[{"data":"Deadly Poison","floor":6,"key":"SMITH"},{"floor":8,"key":"REST"},{"data":"Catalyst","floor":13,"key":"SMITH"},{"data":"Footwork","floor":15,"key":"SMITH"},{"data":"Bullet Time","floor":23,"key":"SMITH"}],"circlet_count":0,"master_deck":["AscendersBane","Strike_G","Strike_G","Defend_G","Defend_G","Defend_G","Defend_G","Defend_G","Survivor","Neutralize","Catalyst+1","Deadly Poison+1","Poisoned Stab","Poisoned Stab","PiercingWail","Prepared","Footwork+1","Dagger Spray","Bullet Time+1","PiercingWail","RitualDagger","Ghostly","Ghostly","Ghostly","Ghostly","Ghostly","Terror","Endless Agony"],"relics":["Ring of the Snake","Art of War","CaptainsWheel","WingedGreaves","Golden Idol","Membership Card","Philosopher\u0027s Stone"],"acts_visited":["Exordium","TheCity"],"potions_floor_usage":[4,16,16,24,24],"damage_taken":[{"damage":2,"enemies":"Cultist","floor":1,"turns":4},{"damage":1,"enemies":"Jaw Worm","floor":2,"turns":5},{"damage":6,"enemies":"Small Slimes","floor":3,"turns":4},{"damage":10,"enemies":"2 Fungi Beasts","floor":4,"turns":3},{"damage":8,"enemies":"Blue Slaver","floor":5,"turns":4},{"damage":26,"enemies":"3 Sentries","floor":7,"turns":10},{"damage":5,"enemies":"Exordium Wildlife","floor":11,"turns":4},{"damage":1,"enemies":"2 Fungi Beasts","floor":14,"turns":4},{"damage":0,"enemies":"The Guardian","floor":16,"turns":7},{"damage":35,"enemies":"2 Thieves","floor":18,"turns":5},{"damage":22,"enemies":"Slavers","floor":24,"turns":6}],"seed_played":"1011924323432835609","potions_obtained":[{"floor":1,"key":"CunningPotion"},{"floor":4,"key":"DuplicationPotion"},{"floor":7,"key":"PowerPotion"},{"floor":16,"key":"CultistPotion"},{"floor":18,"key":"Ancient Potion"}],"is_trial":false,"path_per_floor":["M","M","M","M","M","R","E","R","T","?","M","$","R","M","R","B",null,"M","?","?","?","?","R","E"],"character_chosen":"THE_SILENT","items_purchased":["Membership Card","Footwork"],"campfire_rested":1,"item_purchase_floors":[12,12],"current_hp_per_floor":[57,56,50,40,32,32,6,25,25,25,20,20,20,19,19,19,51,16,10,10,10,10,10,0,0],"gold":77,"neow_bonus":"RANDOM_COMMON_RELIC","is_daily":false,"chose_seed":false,"campfire_upgraded":4,"win_rate":0.0,"timestamp":1609318206,"path_taken":["M","M","M","M","M","R","E","R","T","?","M","$","R","M","R","BOSS","M","?","?","?","?","R","E"],"items_purchased_type":["Relic","Card"],"build_version":"2020-12-22","purchased_purges":0,"victory":false,"max_hp_per_floor":[66,66,66,66,66,66,66,66,66,61,61,61,61,61,61,61,61,61,61,61,30,30,30,30,30],"card_choices":[{"not_picked":["Accuracy","Flying Knee"],"picked":"Catalyst","floor":1},{"not_picked":["Acrobatics","Dagger Spray"],"picked":"Deadly Poison","floor":2},{"not_picked":["Finisher","Flying Knee"],"picked":"Poisoned Stab","floor":3},{"not_picked":["Skewer","Quick Slash"],"picked":"Poisoned Stab","floor":4},{"not_picked":["Blade Dance","Distraction","Caltrops"],"picked":"SKIP","floor":5},{"not_picked":["Blade Dance","Acrobatics"],"picked":"PiercingWail","floor":7},{"not_picked":["Acrobatics","Slice"],"picked":"Prepared","floor":11},{"not_picked":["Dagger Throw","Predator"],"picked":"Dagger Spray","floor":14},{"not_picked":["Grand Finale","Phantasmal Killer"],"picked":"Bullet Time","floor":16},{"not_picked":["Cloak And Dagger","Deflect"],"picked":"PiercingWail","floor":18}],"player_experience":238624,"relics_obtained":[{"floor":7,"key":"CaptainsWheel"},{"floor":9,"key":"WingedGreaves"}],"event_choices":[{"damage_healed":0,"gold_gain":0,"player_choice":"Lose Max HP","damage_taken":0,"relics_obtained":["Golden Idol"],"max_hp_gain":0,"max_hp_loss":5,"event_name":"Golden Idol","floor":10,"gold_loss":0},{"damage_healed":0,"gold_gain":0,"player_choice":"Joined the Cult","damage_taken":6,"max_hp_gain":0,"max_hp_loss":0,"event_name":"Nest","floor":19,"gold_loss":0,"cards_obtained":["RitualDagger"]},{"cards_removed":["Strike_G"],"damage_healed":0,"gold_gain":0,"player_choice":"Gave Gold","damage_taken":0,"max_hp_gain":0,"max_hp_loss":0,"event_name":"Beggar","floor":20,"gold_loss":75},{"damage_healed":0,"gold_gain":0,"player_choice":"Became a Ghost","damage_taken":0,"max_hp_gain":0,"max_hp_loss":31,"event_name":"Ghosts","floor":21,"gold_loss":0,"cards_obtained":["Ghostly","Ghostly","Ghostly","Ghostly","Ghostly"]},{"damage_healed":0,"gold_gain":0,"cards_transformed":["Strike_G","Strike_G"],"player_choice":"Became Test Subject","damage_taken":0,"max_hp_gain":0,"max_hp_loss":0,"event_name":"Drug Dealer","floor":22,"gold_loss":0,"cards_obtained":["Terror","Endless Agony"]}],"is_beta":false,"boss_relics":[{"not_picked":["Black Star","Snecko Eye"],"picked":"Philosopher\u0027s Stone"}],"items_purged_floors":[],"is_endless":false,"potions_floor_spawned":[1,4,7,14,16,18],"killed_by":"Slavers","ascension_level":14}}