{"host":"y89x8uui45kcjy42","time":1609339030,"event":{"mods":["2.2 Compatiblity","BaseMod","CapriCore","Colored Map","Colored Powertips","Custom Start","Friendly Minions","Highlight Path","Keyboard Shortcuts","Minty Spire (QoL Compilation)","Relic Stats","Slay the Relics Exporter","StSLib","SuperFastMode","Waifu the Spire"],"gold_per_floor":[117,130,140,153,97,97,97,97,97,97,111,127,140,154,154,226,226,241,241,241,256,266,295,295,315,341,367,381,401,412,428,428,502,502,515,515,540,540,380,380,407,427,427,427,427],"floor_reached":44,"playtime":1349,"items_purged":[],"score":1027,"play_id":"225cbe2f-ffff-485b-a690-f51c33e377f7","local_time":"20201230233710","is_ascension_mode":true,"campfire_choices":[{"data":"Evolve","floor":6,"key":"SMITH"},{"data":"Feel No Pain","floor":8,"key":"SMITH"},{"data":"Shrug It Off","floor":10,"key":"SMITH"},{"data":"Body Slam","floor":15,"key":"SMITH"},{"floor":24,"key":"RECALL"},{"floor":32,"key":"REST"},{"floor":40,"key":"REST"}],"circlet_count":0,"master_deck":["BattleHymn+1","Study+1","Safety+1","Safety+1","Safety+1","Safety+1","Safety+1","Smite+1","Smite+1","Smite+1","Smite+1","Smite+1","ThroughViolence+1","Feel No Pain+1","Evolve+1","Shrug It Off+1","Body Slam+1","Pommel Strike+1","Demon Form+1","Dual Wield+1"],"relics":["Burning Blood","Frozen Egg 2","SlaversCollar","Pear","Lantern","Singing Bowl","Fusion Hammer","Unceasing Top","OrangePellets","Boot"],"acts_visited":["Exordium","TheCity","TheBeyond"],"potions_floor_usage":[18,23,27,27,41,41],"damage_taken":[{"damage":0,"enemies":"Cultist","floor":1,"turns":2},{"damage":0,"enemies":"Jaw Worm","floor":2,"turns":2},{"damage":0,"enemies":"2 Louse","floor":3,"turns":2},{"damage":14,"enemies":"Red Slaver","floor":4,"turns":2},{"damage":0,"enemies":"Gremlin Gang","floor":11,"turns":3},{"damage":8,"enemies":"Lots of Slimes","floor":12,"turns":3},{"damage":0,"enemies":"Exordium Thugs","floor":13,"turns":2},{"damage":6,"enemies":"3 Louse","floor":14,"turns":2},{"damage":5,"enemies":"The Guardian","floor":16,"turns":8},{"damage":3,"enemies":"3 Byrds","floor":18,"turns":5},{"damage":7,"enemies":"Shell Parasite","floor":21,"turns":4},{"damage":10,"enemies":"Cultist and Chosen","floor":22,"turns":5},{"damage":29,"enemies":"Slavers","floor":23,"turns":5},{"damage":6,"enemies":"Shelled Parasite and Fungi","floor":25,"turns":2},{"damage":33,"enemies":"Gremlin Leader","floor":27,"turns":4},{"damage":0,"enemies":"Snecko","floor":28,"turns":2},{"damage":12,"enemies":"Snake Plant","floor":29,"turns":3},{"damage":23,"enemies":"Centurion and Healer","floor":30,"turns":4},{"damage":0,"enemies":"Shelled Parasite and Fungi","floor":31,"turns":3},{"damage":2,"enemies":"Champ","floor":33,"turns":7},{"damage":74,"enemies":"3 Shapes","floor":35,"turns":3},{"damage":5,"enemies":"Mind Bloom Boss Battle","floor":37,"turns":4},{"damage":50,"enemies":"Reptomancer","floor":41,"turns":6},{"damage":30,"enemies":"3 Darklings","floor":42,"turns":5},{"damage":34,"enemies":"Nemesis","floor":44,"turns":2}],"seed_played":"403069222331351342","potions_obtained":[{"floor":2,"key":"Block Potion"},{"floor":3,"key":"LiquidMemories"},{"floor":18,"key":"DistilledChaos"},{"floor":25,"key":"DistilledChaos"},{"floor":31,"key":"Explosive Potion"},{"floor":33,"key":"FearPotion"},{"floor":41,"key":"SteroidPotion"}],"is_trial":false,"path_per_floor":["M","M","M","M","$","R","?","R","T","R","M","M","M","M","R","B",null,"M","?","$","M","M","E","R","M","T","E","M","M","M","M","R","B",null,"M","?","?","?","$","R","E","M","T","E"],"character_chosen":"IRONCLAD","items_purchased":["Shrug It Off","OrangePellets"],"campfire_rested":2,"item_purchase_floors":[5,39],"current_hp_per_floor":[81,82,82,74,74,74,74,74,74,74,80,78,82,82,82,82,82,82,82,82,81,77,64,64,64,64,39,47,43,28,36,66,72,96,30,87,89,85,85,95,53,31,31,0,0],"gold":427,"neow_bonus":"TEN_PERCENT_HP_BONUS","is_daily":false,"chose_seed":false,"campfire_upgraded":4,"win_rate":0.0,"timestamp":1609339030,"path_taken":["M","M","M","?","$","R","?","R","T","R","?","M","M","M","R","BOSS","M","?","$","?","?","E","R","M","T","E","M","?","M","M","R","BOSS","M","?","?","?","$","R","E","M","T","E"],"items_purchased_type":["Card","Relic"],"build_version":"2020-12-22","purchased_purges":0,"victory":false,"max_hp_per_floor":[82,82,82,82,82,82,82,82,82,82,82,82,82,82,82,82,82,82,82,82,82,82,92,92,92,92,94,96,98,100,102,102,104,104,106,87,89,95,95,95,97,99,99,99,99],"relic_stats":{"OrangePellets":[1],"Singing Bowl":26,"counters":[25,90],"Boot":[2],"obtain_stats":[{"SlaversCollar":17,"OrangePellets":39,"Lantern":26,"Pear":23,"Singing Bowl":27,"Fusion Hammer":34,"Frozen Egg 2":9,"Boot":41,"Burning Blood":0,"Unceasing Top":37},{"SlaversCollar":9,"OrangePellets":22,"Lantern":14,"Pear":13,"Singing Bowl":15,"Fusion Hammer":20,"Frozen Egg 2":4,"Boot":23,"Burning Blood":0,"Unceasing Top":22},{"SlaversCollar":26,"OrangePellets":77,"Lantern":47,"Pear":45,"Singing Bowl":51,"Fusion Hammer":70,"Frozen Egg 2":8,"Boot":83,"Burning Blood":0,"Unceasing Top":77}],"Burning Blood":126,"Unceasing Top":[2]},"card_choices":[{"not_picked":["Anger","Reckless Charge"],"picked":"Feel No Pain","floor":1},{"not_picked":["Battle Trance","Iron Wave","Clash"],"picked":"SKIP","floor":2},{"not_picked":["Thunderclap","Second Wind","Headbutt"],"picked":"SKIP","floor":3},{"not_picked":["Thunderclap","Bloodletting"],"picked":"Evolve","floor":4},{"not_picked":["True Grit","Evolve+1"],"picked":"Body Slam","floor":11},{"not_picked":["Ghostly Armor","Combust+1","Spot Weakness"],"picked":"SKIP","floor":12},{"not_picked":["Perfected Strike","Pummel","Twin Strike"],"picked":"SKIP","floor":13},{"not_picked":["Heavy Blade","Armaments"],"picked":"Pommel Strike","floor":14},{"not_picked":["Reaper","Brutality+1"],"picked":"Demon Form+1","floor":16},{"not_picked":["Flame Barrier","Wild Strike+1","Pommel Strike"],"picked":"SKIP","floor":18},{"not_picked":["True Grit","Cleave","Twin Strike"],"picked":"SKIP","floor":21},{"not_picked":["Wild Strike","Carnage"],"picked":"Dual Wield+1","floor":22},{"not_picked":["Uppercut","Shrug It Off","Pommel Strike+1"],"picked":"SKIP","floor":23},{"not_picked":["Shrug It Off","Iron Wave+1","Heavy Blade"],"picked":"SKIP","floor":25},{"not_picked":["Dropkick","Flame Barrier","Fire Breathing+1"],"picked":"Singing Bowl","floor":27},{"not_picked":["Thunderclap","Shrug It Off","Disarm"],"picked":"Singing Bowl","floor":28},{"not_picked":["Shrug It Off","Flex","Thunderclap"],"picked":"Singing Bowl","floor":29},{"not_picked":["Headbutt","Thunderclap","Flex"],"picked":"Singing Bowl","floor":30},{"not_picked":["Twin Strike","Armaments","True Grit"],"picked":"Singing Bowl","floor":31},{"not_picked":["Berserk+1","Demon Form+1","Exhume"],"picked":"Singing Bowl","floor":33},{"not_picked":["Flex","Warcry+1","Anger"],"picked":"Singing Bowl","floor":35},{"not_picked":["Disarm","Cleave+1","Thunderclap"],"picked":"Singing Bowl","floor":37},{"not_picked":["PanicButton","Master of Strategy","HandOfGreed"],"picked":"Singing Bowl","floor":38},{"not_picked":["Transmutation","Secret Technique","Finesse"],"picked":"Singing Bowl","floor":38},{"not_picked":["The Bomb","Forethought","Purity"],"picked":"Singing Bowl","floor":38},{"not_picked":["Wild Strike","Reckless Charge","Havoc"],"picked":"Singing Bowl","floor":41},{"not_picked":["Wild Strike+1","Clash+1","Seeing Red"],"picked":"Singing Bowl","floor":42}],"player_experience":530165,"relics_obtained":[{"floor":9,"key":"Frozen Egg 2"},{"floor":23,"key":"Pear"},{"floor":26,"key":"Lantern"},{"floor":27,"key":"Singing Bowl"},{"floor":37,"key":"Unceasing Top"},{"floor":41,"key":"Boot"}],"event_choices":[{"damage_healed":0,"gold_gain":0,"player_choice":"Got Potions","damage_taken":0,"max_hp_gain":0,"max_hp_loss":0,"event_name":"Lab","floor":7,"gold_loss":0},{"damage_healed":0,"gold_gain":0,"player_choice":"Upgraded","damage_taken":0,"max_hp_gain":0,"max_hp_loss":0,"event_name":"Upgrade Shrine","floor":19,"gold_loss":0,"cards_upgraded":["Pommel Strike"]},{"damage_healed":87,"gold_gain":0,"player_choice":"Heal","damage_taken":0,"max_hp_gain":0,"max_hp_loss":19,"event_name":"The Moai Head","floor":36,"gold_loss":0},{"damage_healed":0,"gold_gain":0,"player_choice":"Fight","damage_taken":0,"max_hp_gain":0,"max_hp_loss":0,"event_name":"MindBloom","floor":37,"gold_loss":0},{"damage_healed":0,"gold_gain":0,"player_choice":"Memory 3","damage_taken":10,"max_hp_gain":0,"max_hp_loss":0,"event_name":"SensoryStone","floor":38,"gold_loss":0}],"is_beta":false,"boss_relics":[{"not_picked":["Calling Bell","Busted Crown"],"picked":"SlaversCollar"},{"not_picked":["Pandora\u0027s Box","Philosopher\u0027s Stone"],"picked":"Fusion Hammer"}],"items_purged_floors":[],"is_endless":false,"potions_floor_spawned":[2,3,4,13,14,18,22,25,31,33,41],"killed_by":"Nemesis","ascension_level":20}}