{"host":"fmtvje4mks8zli8e","time":1609366817,"event":{"mods":["AchievementEnabler","AlwaysNeverKeys","BaseMod","BetterRewards","Minty Spire (QoL Compilation)","READ ME - Guardian Mod","Remove Card Discount Mod","StSLib","The Cursed","The Druid","The Servant 0.9.4","The Wild Card"],"gold_per_floor":[112,127,127,147,147,147,187,371,396,73,82,134,166,215,215,215,215],"floor_reached":16,"playtime":581,"items_purged":["Strike_B","Injury","Doubt"],"score":202,"play_id":"86536910-0ca6-46c4-9824-fde5f67afc8c","local_time":"20201230162017","is_ascension_mode":true,"campfire_choices":[{"data":"Zap","floor":6,"key":"SMITH"},{"data":"Consume","floor":15,"key":"SMITH"}],"circlet_count":0,"master_deck":["Strike_B","Strike_B","Strike_B","Defend_B","Defend_B","Defend_B","Defend_B","Zap+1","Dualcast","Sweeping Beam","Melter","Leap","Gash","Consume+1","Cold Snap","Loop","Regret","Fusion","Glacier","Ball Lightning"],"relics":["Cracked Core","OrangePellets","Golden Idol","CeramicFish","Art of War","Gremlin Horn","Letter Opener","Pocketwatch","Du-Vu Doll"],"acts_visited":["Exordium"],"potions_floor_usage":[12],"damage_taken":[{"damage":0,"enemies":"Cultist","floor":1,"turns":4},{"damage":0,"enemies":"Small Slimes","floor":2,"turns":2},{"damage":2,"enemies":"2 Louse","floor":4,"turns":3},{"damage":31,"enemies":"Gremlin Nob","floor":7,"turns":5},{"damage":20,"enemies":"3 Sentries","floor":12,"turns":4},{"damage":2,"enemies":"2 Fungi Beasts","floor":13,"turns":2},{"damage":9,"enemies":"Lagavulin","floor":14,"turns":6},{"damage":13,"enemies":"Hexaghost","floor":16,"turns":8}],"seed_played":"-2820461898220435970","potions_obtained":[{"floor":7,"key":"PowerPotion"}],"is_trial":false,"path_per_floor":["M","M","?","M","?","R","E","?","T","$","?","E","M","E","R","B"],"character_chosen":"DEFECT","items_purchased":["OrangePellets","Sweeping Beam","Gremlin Horn","Cold Snap","Loop"],"campfire_rested":0,"item_purchase_floors":[0,0,10,10,10],"current_hp_per_floor":[75,75,75,73,73,73,42,42,42,42,42,22,20,11,11,0,0],"gold":215,"neow_bonus":"","is_daily":false,"chose_seed":false,"campfire_upgraded":2,"win_rate":0.0,"timestamp":1609366817,"path_taken":["M","M","?","M","?","R","E","?","T","$","?","E","M","E","R","BOSS"],"items_purchased_type":["Relic","Card","Relic","Card","Card"],"build_version":"2020-12-22","purchased_purges":3,"victory":false,"max_hp_per_floor":[75,75,75,75,75,75,75,75,75,75,75,75,75,75,75,75,75],"card_choices":[{"not_picked":["Chill","Aggregate"],"picked":"Melter","floor":1},{"not_picked":["Beam Cell","Tempest"],"picked":"Leap","floor":2},{"not_picked":["Sweeping Beam","Barrage"],"picked":"Gash","floor":4},{"not_picked":["Rip and Tear","Tempest"],"picked":"Consume","floor":7},{"not_picked":["Doom and Gloom","Consume"],"picked":"Fusion","floor":12},{"not_picked":["Creative AI","Compile Driver"],"picked":"Glacier","floor":13},{"not_picked":["Leap","Go for the Eyes"],"picked":"Ball Lightning","floor":14}],"player_experience":3031094,"relics_obtained":[{"floor":7,"key":"CeramicFish"},{"floor":9,"key":"Art of War"},{"floor":12,"key":"Pocketwatch"},{"floor":14,"key":"Du-Vu Doll"}],"event_choices":[{"damage_healed":0,"gold_gain":0,"player_choice":"Take Wound","damage_taken":0,"relics_obtained":["Golden Idol"],"max_hp_gain":0,"max_hp_loss":0,"event_name":"Golden Idol","floor":3,"gold_loss":0,"cards_obtained":["Injury"]},{"damage_healed":0,"gold_gain":0,"player_choice":"Leave","damage_taken":0,"max_hp_gain":0,"max_hp_loss":0,"event_name":"The Cleric","floor":5,"gold_loss":0},{"damage_healed":0,"gold_gain":175,"player_choice":"AGREE","damage_taken":0,"max_hp_gain":0,"max_hp_loss":0,"event_name":"Liars Game","floor":8,"gold_loss":0,"cards_obtained":["Doubt"]},{"damage_healed":0,"gold_gain":0,"player_choice":"Box","damage_taken":0,"relics_obtained":["Letter Opener"],"max_hp_gain":0,"max_hp_loss":0,"event_name":"Big Fish","floor":11,"gold_loss":0,"cards_obtained":["Regret"]}],"is_beta":false,"boss_relics":[],"items_purged_floors":[0,10,10],"is_endless":false,"potions_floor_spawned":[7],"killed_by":"Hexaghost","ascension_level":4}}