{"host":"89b1o62hw5aqf71h","time":1609307533,"event":{"mods":["Ascension Reborn","Ascension Unlocker","Aspiration","Bard","BaseMod","Bestiary","Better Silent Start","Better-Laid Plans","BetterRewards","Challenge The Spire","Colored Map","Colored Powertips","Conspire","Downfall","Energized Spire","Grow up Mod","Hero for Fun","Hubris","HumanHunterMod(????mod)","Infinite Spire","JesterMod","Marisa????????","Mimic Mod","Minty Spire (QoL Compilation)","Potionbrewer","Random Character Button","Random Character Mod","Replay The Spire","Retaliation","Shop Mod","Small Relic Pack","Spicy Shops","Spikes Relics","StSLib","The Blue Laboratory","The Poker Player","The Saiyan","TheArtist","TheVelvet","Thieving Mod","Uncapped","Waifu the Spire","everything is the same but u backflip on backflip","vexMod","??????REMEMod"],"gold_per_floor":[92,108,108,108,108,142,162,162,162,182,182,182,10,76,76,192,192,228,228,271,283,295,382,394,394],"floor_reached":24,"playtime":1605,"items_purged":[],"score":422,"play_id":"732ccd92-777b-4c13-8666-24120c7f75b5","local_time":"20201230005213","is_ascension_mode":true,"campfire_choices":[{"data":"Saiyan:Makankosappo","floor":8,"key":"SMITH"},{"data":"Saiyan:KiStrike","floor":11,"key":"SMITH"},{"data":"Saiyan:Flurry","floor":15,"key":"SMITH"}],"circlet_count":0,"master_deck":["Saiyan:SAIYA_Strike","Saiyan:SAIYA_Strike","Saiyan:SAIYA_Strike","Saiyan:SAIYA_Strike","Saiyan:SAIYA_Defend","Saiyan:SAIYA_Defend","Saiyan:SAIYA_Defend","Saiyan:SAIYA_Defend","Saiyan:EnergyBlast","Saiyan:RuthlessBlow","Saiyan:TurtleShell","Saiyan:PlotArmor","Discovery","Saiyan:DoubleMasenko+1","Saiyan:Quickening+1","Saiyan:KiStrike+1","Saiyan:Makankosappo+1","Saiyan:Honing","Saiyan:SpiritSword","Saiyan:TurtleShell","hubris:Greed","Saiyan:DragonRadar","Saiyan:PlotArmor","Saiyan:Quickening","hubris:Greed","Saiyan:Flurry+1","hubris:Greed","artistmod:PaintProfusion","hubris:Greed","hubris:Greed","artistmod:IndigoIncapitation","infinitespire:FutureSight","infinitespire:Collect","hubris:Greed","hubris:Greed","hubris:Greed","hubris:Greed","artistmod:CursedClash","Decay","artistmod:BigBrown"],"relics":["SaiyanSoul","SaiyanHeart","REME_ComplimentaryCards","MerchantsRug","Replay:Rubber Ducky","hubris:BottledRain","hubris:DisguiseKit","relicPack:DarknessArmor","Ring of Chaos","MawBank","aspiration:RitualStick","infinitespire:ShieldingShard"],"acts_visited":["Exordium","TheCity"],"potions_floor_usage":[14,14,23],"damage_taken":[{"damage":2,"enemies":"conspire:RoseBush","floor":1,"turns":3},{"damage":0,"enemies":"2 Louse","floor":2,"turns":1},{"damage":18,"enemies":"Replay:BlueRogue","floor":6,"turns":5},{"damage":0,"enemies":"Cultist","floor":7,"turns":3},{"damage":11,"enemies":"Blue Slaver","floor":10,"turns":4},{"damage":30,"enemies":"Gremlin Nob","floor":14,"turns":5},{"damage":73,"enemies":"The Guardian","floor":16,"turns":13},{"damage":87,"enemies":"3 Byrds","floor":18,"turns":8},{"damage":14,"enemies":"2 Thieves","floor":20,"turns":4},{"damage":104,"enemies":"Book of Stabbing","floor":23,"turns":8},{"damage":64,"enemies":"Shelled Parasite and Fungi","floor":24,"turns":5}],"seed_played":"5667542371462692913","potions_obtained":[{"floor":1,"key":"REME_GoldPotion"},{"floor":16,"key":"blueLaboratory:Moonshine"},{"floor":18,"key":"Milkshake"},{"floor":20,"key":"Weak Potion"}],"is_trial":false,"path_per_floor":["M","M","?","?","?","E","M","R","T","M","R","?","$","E","R","B",null,"M","AVR","M","?","?","E","M"],"character_chosen":"SAIYAJIN","items_purchased":["MerchantsRug","Saiyan:TurtleShell","Fire Potion","Saiyan:DoubleMasenko","Saiyan:DragonRadar","Saiyan:PlotArmor","Saiyan:Quickening"],"campfire_rested":0,"item_purchase_floors":[0,0,0,0,13,13,13],"current_hp_per_floor":[44,55,47,57,132,127,138,148,158,159,169,179,189,170,180,118,260,184,194,190,142,152,58,0,0],"gold":394,"neow_bonus":"","is_daily":false,"chose_seed":false,"campfire_upgraded":3,"win_rate":0.0,"timestamp":1609307533,"path_taken":["M","M","?","?","?","E","M","R","T","?","R","?","$","E","R","BOSS","M","AVR","M","?","?","E","M"],"items_purchased_type":["Relic","Card","Potion","Card","Card","Card","Card"],"build_version":"2020-12-22","purchased_purges":0,"victory":false,"max_hp_per_floor":[81,92,102,112,132,145,156,166,176,188,198,208,218,229,239,250,260,271,281,291,301,311,321,322,322],"card_choices":[{"not_picked":["Saiyan:Endure","Saiyan:BigBangAttack"],"picked":"Saiyan:Quickening","floor":1},{"not_picked":["Saiyan:Planning","Saiyan:PowerUp"],"picked":"Saiyan:KiStrike","floor":2},{"not_picked":["Saiyan:BackAttack","Saiyan:Scouter"],"picked":"Saiyan:Honing","floor":6},{"not_picked":["Saiyan:Afterimage","Saiyan:MindBoom"],"picked":"Saiyan:SpiritSword","floor":7},{"not_picked":["Saiyan:ConcussiveBlow","Saiyan:Flurry"],"picked":"Saiyan:TurtleShell","floor":10},{"not_picked":["Saiyan:DragonFist","Saiyan:Kienzan","artistmod:CanvasCatapult"],"picked":"Saiyan:Flurry","floor":14},{"not_picked":["Saiyan:Rekindle","Saiyan:TransfigurationBeam","Saiyan:SolarFlare"],"picked":"artistmod:PaintProfusion","floor":16},{"not_picked":["Saiyan:SaiyanHubris+1","Saiyan:LastResort+1","Saiyan:SoulSpice+1"],"picked":"artistmod:IndigoIncapitation","floor":18},{"not_picked":["Saiyan:Planning","Saiyan:DoubleMasenko+1","Saiyan:PowerUp"],"picked":"artistmod:CursedClash","floor":20},{"not_picked":["Saiyan:Endure+1","Saiyan:Makankosappo","Saiyan:Quickening"],"picked":"artistmod:BigBrown","floor":23}],"player_experience":9895,"relics_obtained":[{"floor":9,"key":"hubris:BottledRain"},{"floor":14,"key":"relicPack:DarknessArmor"},{"floor":23,"key":"infinitespire:ShieldingShard"}],"event_choices":[{"damage_healed":0,"gold_gain":0,"player_choice":"Entered Light","damage_taken":18,"max_hp_gain":0,"max_hp_loss":0,"event_name":"Shining Light","floor":3,"gold_loss":0,"cards_upgraded":["Saiyan:DoubleMasenko","Saiyan:Quickening"]},{"cards_removed":["artistmod:BigBrown"],"damage_healed":55,"gold_gain":0,"player_choice":"Offered Rare","damage_taken":0,"max_hp_gain":10,"max_hp_loss":0,"event_name":"Bonfire Elementals","floor":5,"gold_loss":0},{"damage_healed":0,"gold_gain":0,"player_choice":"Smashed Altar","damage_taken":0,"max_hp_gain":0,"max_hp_loss":0,"event_name":"Forgotten Altar","floor":22,"gold_loss":0,"cards_obtained":["Decay"]}],"is_beta":false,"boss_relics":[{"not_picked":["relicPack:StarArrow","Sandwich"],"picked":"Ring of Chaos"}],"items_purged_floors":[],"is_endless":false,"potions_floor_spawned":[1,6,10,16,18,20],"killed_by":"Shelled Parasite and Fungi","ascension_level":0}}