{"host":"2nhpogk5xa0u9xre","time":1609371034,"event":{"mods":["Aspiration","BaseMod","Colored Powertips","Googly Eyes","Hubris","Infinite Spire","Minty Spire (QoL Compilation)","Rare Cards Sparkle","Replay The Spire","StSLib","The Construct","The Hayseed","The Hierophant","The Runesmith","The Senshi","everything is the same but u backflip on backflip"],"gold_per_floor":[111,124,124,140,152,152,2,2,2,2,2,21,46,64,64,162,162,175,190,223,223,66,95,20,48,74,74,40,40,40,72,72,190,190,222,261,297,339,339,389,430,465,489,489,515,210,250,279,279,303,303],"floor_reached":50,"playtime":2837,"items_purged":[],"score":594,"play_id":"b899d861-5818-46d1-83ee-270762934c77","local_time":"20201230183034","is_ascension_mode":false,"campfire_choices":[{"data":"theSenshi:MoonKick","floor":6,"key":"SMITH"},{"data":"theSenshi:SailorMarsAssists","floor":8,"key":"SMITH"},{"data":"1","floor":11,"key":"LIFT"},{"data":"2","floor":15,"key":"LIFT"},{"data":"3","floor":27,"key":"LIFT"},{"floor":30,"key":"REST"},{"data":"theSenshi:SailorStarMakerAssists","floor":32,"key":"SMITH"},{"floor":44,"key":"REST"},{"data":"theSenshi:GatheringStrength","floor":49,"key":"SMITH"}],"circlet_count":0,"master_deck":["theSenshi:SailorKick","theSenshi:SailorKick","theSenshi:SailorKick","theSenshi:SailorKick","theSenshi:SailorBlock","theSenshi:SailorBlock","theSenshi:SailorBlock","theSenshi:SailorBlock+1","theSenshi:RoseThrow","theSenshi:MoonPrismPowerMakeUp","theSenshi:TuxedoSmokingBomber","theSenshi:SailorMarsAssists+1","theSenshi:MoonKick+1","theSenshi:MoonTiaraMagic","theSenshi:SailorStarHealerAssists","theSenshi:MoonCrisisMakeUp","theSenshi:SailorChibiMoonAssists","theSenshi:Sidestep+1","theSenshi:SaturnsMystery","theSenshi:SailorNeptuneAssists","theSenshi:MoonlightKnight","theSenshi:InTheNameOfTheMoon","CurseOfTheBell","theSenshi:MoonPrincessHalation+1","theSenshi:VenusGlamour+1","theSenshi:TuxedoMaskAssists","theSenshi:MoonPrincessHalation+1","theSenshi:MoonHealingEscalation","theSenshi:SailorMercuryAssists","theSenshi:LateForSchool+1","theSenshi:SailorStarMakerAssists+1","theSenshi:WarriorOfTheMoon","theSenshi:PlutosSolemnity","theSenshi:KlutzyLuck+1","theSenshi:MoonlightKnight+1","theSenshi:CrisisMakeUp+1","theSenshi:UranusStrength+1","theSenshi:ChibiMoonsLove","theSenshi:GatheringStrength+1"],"relics":["theSenshi:TransformationBroochRelic","aspiration:TomeofQuesting","Orrery","Girya","Centennial Puzzle","Calling Bell","War Paint","Mummified Hand","StoneCalendar","Red Mask","DollysMirror","Replay:Mystery Machine","Replay:Bandana","PreservedInsect","ChewingGum","hubris:BundleOfHerbs","MealTicket","Chemical X","Toy Ornithopter","Durian"],"acts_visited":["Exordium","TheCity","TheBeyond"],"potions_floor_usage":[13,13,16,19,20,23,40,45,47,50,50],"damage_taken":[{"damage":0,"enemies":"Jaw Worm","floor":1,"turns":3},{"damage":3,"enemies":"Cultist","floor":2,"turns":5},{"damage":2,"enemies":"2 Louse","floor":4,"turns":3},{"damage":9,"enemies":"Blue Slaver","floor":5,"turns":4},{"damage":11,"enemies":"Large Slime","floor":12,"turns":4},{"damage":8,"enemies":"Lagavulin","floor":13,"turns":7},{"damage":1,"enemies":"Looter","floor":14,"turns":2},{"damage":6,"enemies":"Fading Forest","floor":16,"turns":11},{"damage":10,"enemies":"Chosen","floor":18,"turns":5},{"damage":20,"enemies":"2 Thieves","floor":19,"turns":4},{"damage":34,"enemies":"Masked Bandits","floor":20,"turns":4},{"damage":21,"enemies":"Book of Stabbing","floor":23,"turns":4},{"damage":8,"enemies":"Gremlin Leader","floor":25,"turns":4},{"damage":5,"enemies":"Snake Plant","floor":31,"turns":2},{"damage":85,"enemies":"Automaton","floor":33,"turns":8},{"damage":5,"enemies":"Orb Walker","floor":35,"turns":4},{"damage":3,"enemies":"3 Darklings","floor":36,"turns":4},{"damage":12,"enemies":"Maw","floor":37,"turns":6},{"damage":6,"enemies":"Jaw Worm Horde","floor":38,"turns":5},{"damage":9,"enemies":"R_Hoarder","floor":40,"turns":4},{"damage":0,"enemies":"3 Darklings","floor":41,"turns":3},{"damage":40,"enemies":"Sphere and 2 Shapes","floor":42,"turns":5},{"damage":4,"enemies":"Jaw Worm Horde","floor":45,"turns":2},{"damage":13,"enemies":"Nemesis","floor":47,"turns":5},{"damage":19,"enemies":"Maw","floor":48,"turns":8},{"damage":108,"enemies":"Awakened One","floor":50,"turns":11}],"seed_played":"5988810365271186788","potions_obtained":[{"floor":2,"key":"EssenceOfSteel"},{"floor":5,"key":"CultistPotion"},{"floor":13,"key":"construct:ShiftPotion"},{"floor":14,"key":"Energy Potion"},{"floor":18,"key":"DuplicationPotion"},{"floor":19,"key":"Weak Potion"},{"floor":20,"key":"Reflective Coating"},{"floor":38,"key":"Adrenaline Potion"},{"floor":42,"key":"Adrenaline Potion"},{"floor":45,"key":"Swift Potion"},{"floor":47,"key":"Strength Potion"}],"is_trial":false,"path_per_floor":["M","M","?","M","M","R","$","R","T","$","R","M","E","M","R","B",null,"M","M","?","?","$","E","?","E","T","R","$","?","R","M","R","B",null,"M","M","M","M","?","E","M","M","T","R","M","$","E","M","R","B"],"character_chosen":"THE_SENSHI","items_purchased":["Orrery","DollysMirror","theSenshi:LateForSchool+1","Chemical X","Toy Ornithopter"],"campfire_rested":2,"item_purchase_floors":[7,22,28,46,46],"current_hp_per_floor":[75,72,72,70,61,61,61,61,61,61,61,55,63,67,67,73,75,75,60,26,51,51,42,42,43,43,43,43,43,65,65,65,3,75,71,75,63,67,67,75,75,35,35,57,53,68,77,61,61,0,0],"gold":303,"neow_bonus":"RANDOM_COMMON_RELIC","is_daily":false,"chose_seed":false,"campfire_upgraded":4,"win_rate":0.0,"timestamp":1609371034,"path_taken":["M","M","?","M","M","R","$","R","T","$","R","M","E","M","R","BOSS","M","M","?","?","$","E","?","E","T","R","?","?","R","M","R","BOSS","M","M","M","M","?","E","?","M","T","R","M","?","E","M","R","BOSS"],"items_purchased_type":["Relic","Relic","Card","Relic","Relic"],"build_version":"2020-12-22","purchased_purges":0,"victory":false,"max_hp_per_floor":[75,75,75,75,75,75,75,75,75,75,75,75,75,75,75,75,75,75,75,75,75,75,75,75,75,75,75,75,75,75,75,75,75,75,75,75,75,75,75,75,75,75,75,75,75,75,80,80,80,80,80],"card_choices":[{"not_picked":["theSenshi:MoonPunch","theSenshi:TallSilhouette"],"picked":"theSenshi:TuxedoSmokingBomber","floor":1},{"not_picked":["theSenshi:SupersonicWaves","theSenshi:MoonCosmicPowerMakeUp"],"picked":"theSenshi:SailorMarsAssists","floor":2},{"not_picked":["theSenshi:LunasBite","theSenshi:SailorMarsAssists"],"picked":"theSenshi:MoonKick","floor":4},{"not_picked":["theSenshi:SupersonicWaves","theSenshi:MoonKick"],"picked":"theSenshi:MoonTiaraMagic","floor":5},{"not_picked":["theSenshi:SaturnsMystery","theSenshi:MoonPower"],"picked":"theSenshi:SailorStarHealerAssists","floor":7},{"not_picked":["theSenshi:SailorV","theSenshi:DramaticEntrance"],"picked":"theSenshi:MoonCrisisMakeUp","floor":7},{"not_picked":["theSenshi:LunaWiseMentor","theSenshi:HesSoDreamy"],"picked":"theSenshi:SailorChibiMoonAssists","floor":7},{"not_picked":["theSenshi:SailorChibiMoonAssists","theSenshi:SailorMarsAssists"],"picked":"theSenshi:Sidestep","floor":7},{"not_picked":["theSenshi:MoonTiaraMagic","theSenshi:MoonsReflection"],"picked":"theSenshi:SaturnsMystery","floor":7},{"not_picked":["theSenshi:LateForSchool","theSenshi:KlutzyLuck"],"picked":"theSenshi:SailorNeptuneAssists","floor":12},{"not_picked":["theSenshi:ChibiMoonsLove","theSenshi:SailorChibiMoonAssists"],"picked":"theSenshi:MoonlightKnight","floor":13},{"not_picked":["theSenshi:MoonKick","theSenshi:Sidestep"],"picked":"theSenshi:MoonSpiralHeartAttack","floor":14},{"not_picked":["theSenshi:SailorCosmosAssists","theSenshi:FatedKiss"],"picked":"theSenshi:InTheNameOfTheMoon","floor":16},{"not_picked":["theSenshi:TallSilhouette","theSenshi:SailorV+1"],"picked":"theSenshi:MoonPrincessHalation+1","floor":18},{"not_picked":["theSenshi:MoonTiaraMagic+1","theSenshi:MoonCrystalPowerMakeUp"],"picked":"theSenshi:VenusGlamour+1","floor":19},{"not_picked":["theSenshi:SailorMarsAssists","theSenshi:LunasBite"],"picked":"theSenshi:TuxedoMaskAssists","floor":20},{"not_picked":["theSenshi:SailorStarMakerAssists+1","theSenshi:SailorNeptuneAssists"],"picked":"theSenshi:MoonHealingEscalation","floor":23},{"not_picked":["theSenshi:MoonTiaraMagic","theSenshi:Overload+1"],"picked":"theSenshi:SailorMercuryAssists","floor":25},{"not_picked":["theSenshi:OdangoHead","theSenshi:SailorMarsAssists"],"picked":"theSenshi:SailorStarMakerAssists","floor":31},{"not_picked":["theSenshi:SilverMoonCrystalPowerKiss","theSenshi:LunaSensingAllies"],"picked":"theSenshi:WarriorOfTheMoon","floor":33},{"not_picked":["theSenshi:TuxedoSmokingBomber","theSenshi:SchoolBag+1"],"picked":"theSenshi:TallSilhouette+1","floor":35},{"not_picked":["theSenshi:RainbowMoonHeartAche+1","theSenshi:SailorVenusAssists"],"picked":"theSenshi:PlutosSolemnity","floor":36},{"not_picked":["theSenshi:MoonTiaraMagic+1","theSenshi:CrisisMakeUp+1"],"picked":"theSenshi:KlutzyLuck+1","floor":37},{"not_picked":["theSenshi:LateForSchool+1","theSenshi:TallSilhouette+1"],"picked":"theSenshi:MoonlightKnight+1","floor":38},{"not_picked":["theSenshi:SchoolBag","theSenshi:MoonPrincessHalation"],"picked":"theSenshi:CrisisMakeUp+1","floor":40},{"not_picked":["theSenshi:SailorPlutoAssists","theSenshi:SchoolBag","theSenshi:MoonKick"],"picked":"SKIP","floor":41},{"not_picked":["theSenshi:SailorChibiMoonAssists+1","theSenshi:MoonTiaraMagic"],"picked":"theSenshi:UranusStrength+1","floor":42},{"not_picked":["theSenshi:MoonPower","theSenshi:TuxedoSmokingBomber","theSenshi:MoonTiaraMagic+1"],"picked":"SKIP","floor":45},{"not_picked":["theSenshi:SailorStarMakerAssists","theSenshi:MoonTwilightFlash"],"picked":"theSenshi:ChibiMoonsLove","floor":47},{"not_picked":["theSenshi:TuxedoSmokingBomber+1","theSenshi:SailorStarMakerAssists+1"],"picked":"theSenshi:GatheringStrength","floor":48}],"player_experience":204935,"relics_obtained":[{"floor":9,"key":"Girya"},{"floor":13,"key":"Centennial Puzzle"},{"floor":17,"key":"War Paint"},{"floor":17,"key":"Mummified Hand"},{"floor":17,"key":"StoneCalendar"},{"floor":20,"key":"Red Mask"},{"floor":23,"key":"Replay:Mystery Machine"},{"floor":25,"key":"Replay:Bandana"},{"floor":26,"key":"PreservedInsect"},{"floor":40,"key":"hubris:BundleOfHerbs"},{"floor":43,"key":"MealTicket"},{"floor":47,"key":"Durian"}],"event_choices":[{"damage_healed":0,"gold_gain":0,"player_choice":"Ignored","damage_taken":0,"max_hp_gain":0,"max_hp_loss":0,"event_name":"NoteForYourself","floor":3,"gold_loss":0},{"damage_healed":0,"gold_gain":0,"player_choice":"Fought Bandits","damage_taken":0,"max_hp_gain":0,"max_hp_loss":0,"event_name":"Masked Bandits","floor":20,"gold_loss":0},{"damage_healed":25,"gold_gain":0,"player_choice":"Heal","damage_taken":0,"max_hp_gain":0,"max_hp_loss":0,"event_name":"The Library","floor":21,"gold_loss":0},{"cards_removed":["theSenshi:MoonSpiralHeartAttack"],"damage_healed":0,"gold_gain":0,"player_choice":"Gave Gold","damage_taken":0,"max_hp_gain":0,"max_hp_loss":0,"event_name":"Beggar","floor":24,"gold_loss":75},{"cards_removed":["theSenshi:TallSilhouette"],"damage_healed":0,"gold_gain":0,"player_choice":"Purged","damage_taken":0,"max_hp_gain":0,"max_hp_loss":0,"event_name":"Purifier","floor":39,"gold_loss":0}],"is_beta":false,"boss_relics":[{"not_picked":["Snecko Eye","Replay:Grab Bag"],"picked":"Calling Bell"},{"not_picked":["Honey Jar","Coffee Dripper"],"picked":"ChewingGum"}],"items_purged_floors":[],"is_endless":false,"potions_floor_spawned":[2,5,13,14,18,19,20,38,42,45,47],"killed_by":"Awakened One","ascension_level":0}}