{"host":"0cgp910o8339lr91","time":1609337214,"event":{"mods":["BaseMod","Colored Map","Filter the Spire","Minty Spire (QoL Compilation)","Relic Stats","Slay-I","ojb\u0027s Better Paths Mod","ojb\u0027s Info Mod"],"gold_per_floor":[114,189,189,201,282,314,314,348,348,373,373,373,373,384,384,458,458,471,396,311,68,85,120,120,134,185,210,310,335,335,355,355,426,426,439,339,339,358,373,402,402,476,476,476,528,558,558,310,310,310,310,310,9,42,42],"floor_reached":56,"playtime":5108,"items_purged":["Blasphemy","Alpha"],"score":2680,"play_id":"1eb51bac-cdb0-46cb-a1a9-ffe7968b243b","local_time":"20201230150654","is_ascension_mode":true,"campfire_choices":[{"data":"Consecrate","floor":7.0,"key":"SMITH"},{"data":"TalkToTheHand","floor":11.0,"key":"SMITH"},{"data":"1","floor":13.0,"key":"LIFT"},{"data":"2","floor":15.0,"key":"LIFT"},{"data":"3","floor":24.0,"key":"LIFT"},{"data":"MentalFortress","floor":30.0,"key":"SMITH"},{"floor":32.0,"key":"RECALL"},{"data":"Vault","floor":41.0,"key":"SMITH"},{"data":"Wallop","floor":44.0,"key":"SMITH"},{"data":"Eruption","floor":49.0,"key":"SMITH"},{"data":"LessonLearned","floor":52,"key":"SMITH"}],"circlet_count":0,"master_deck":["AscendersBane","Eruption+1","Vigilance+1","InnerPeace+1","FearNoEvil+1","TalkToTheHand+1","Sanctity+1","LikeWater+1","Consecrate+1","FlurryOfBlows+1","Protect+1","MentalFortress+1","Tantrum+1","Tantrum+1","FlurryOfBlows+1","LessonLearned+1","Vault+1","Wallop+1","FlurryOfBlows+1","MentalFortress+1","TalkToTheHand+1"],"relics":["Pandora\u0027s Box","White Beast Statue","Mango","Incense Burner","Ice Cream","Ornamental Fan","Girya","Coffee Dripper","Anchor","ClockworkSouvenir","Tiny Chest","PreservedInsect","TeardropLocket","Turnip","Meat on the Bone","InkBottle","Runic Pyramid","Bag of Marbles","Sundial","Unceasing Top","Toxic Egg 2","Happy Flower","TheAbacus","Letter Opener"],"acts_visited":["Exordium","TheCity","TheBeyond","TheEnding"],"potions_floor_usage":[55,55],"damage_taken":[{"damage":16.0,"enemies":"Small Slimes","floor":1.0,"turns":4.0},{"damage":3.0,"enemies":"2 Louse","floor":4.0,"turns":2.0},{"damage":6.0,"enemies":"3 Sentries","floor":6.0,"turns":4.0},{"damage":18.0,"enemies":"Gremlin Nob","floor":8.0,"turns":5.0},{"damage":17.0,"enemies":"3 Sentries","floor":10.0,"turns":4.0},{"damage":0.0,"enemies":"Cultist","floor":14.0,"turns":1.0},{"damage":0.0,"enemies":"Hexaghost","floor":16.0,"turns":7.0},{"damage":9.0,"enemies":"Chosen","floor":18.0,"turns":6.0},{"damage":0.0,"enemies":"Shell Parasite","floor":22.0,"turns":4.0},{"damage":0.0,"enemies":"Slavers","floor":23.0,"turns":3.0},{"damage":2.0,"enemies":"Snake Plant","floor":25.0,"turns":4.0},{"damage":6.0,"enemies":"Book of Stabbing","floor":27.0,"turns":4.0},{"damage":0.0,"enemies":"Colosseum Slavers","floor":28.0,"turns":2.0},{"damage":0.0,"enemies":"Colosseum Nobs","floor":28.0,"turns":2.0},{"damage":0.0,"enemies":"Gremlin Leader","floor":29.0,"turns":2.0},{"damage":0.0,"enemies":"Sentry and Sphere","floor":31.0,"turns":2.0},{"damage":0.0,"enemies":"Collector","floor":33.0,"turns":3.0},{"damage":0.0,"enemies":"Orb Walker","floor":35.0,"turns":2.0},{"damage":0.0,"enemies":"3 Darklings","floor":38.0,"turns":2.0},{"damage":0.0,"enemies":"4 Shapes","floor":39.0,"turns":3.0},{"damage":0.0,"enemies":"Reptomancer","floor":40.0,"turns":3.0},{"damage":11.0,"enemies":"2 Orb Walkers","floor":45.0,"turns":3.0},{"damage":0.0,"enemies":"Nemesis","floor":46.0,"turns":4.0},{"damage":0,"enemies":"Time Eater","floor":50,"turns":5},{"damage":0,"enemies":"Shield and Spear","floor":54,"turns":4},{"damage":1,"enemies":"The Heart","floor":55,"turns":7}],"seed_played":"7828210529230351558","potions_obtained":[{"floor":4.0,"key":"Ambrosia"},{"floor":6.0,"key":"Ancient Potion"},{"floor":8.0,"key":"Fruit Juice"},{"floor":10.0,"key":"BottledMiracle"},{"floor":14.0,"key":"Swift Potion"},{"floor":18.0,"key":"Energy Potion"},{"floor":23.0,"key":"BottledMiracle"},{"floor":25.0,"key":"SmokeBomb"},{"floor":27.0,"key":"Block Potion"},{"floor":31.0,"key":"AttackPotion"},{"floor":33.0,"key":"ColorlessPotion"},{"floor":39.0,"key":"Fire Potion"},{"floor":40.0,"key":"AttackPotion"},{"floor":45.0,"key":"EssenceOfSteel"},{"floor":46.0,"key":"Fruit Juice"}],"is_trial":false,"path_per_floor":["M","?","?","M","T","E","R","E","T","E","R","?","R","M","R","B",null,"M","?","?","$","M","E","R","M","T","E","?","E","R","M","R","B",null,"M","$","?","M","M","E","R","T","T","R","?","E","?","$","R","B",null,"R","$","E","B",null],"character_chosen":"WATCHER","items_purchased":["ClockworkSouvenir","Happy Flower","DuplicationPotion","TalkToTheHand","TheAbacus","Swift Potion"],"campfire_rested":0,"item_purchase_floors":[21,48,48,53,53,53],"current_hp_per_floor":[45,34,34,31,31,39,39,21,21,9,9,9,9,9,9,9,68,59,59,59,59,59,59,59,57,57,51,51,51,51,51,51,51,78,78,78,78,78,78,78,78,78,78,78,67,67,67,72,72,72,87,87,87,87,86],"gold":42,"neow_bonus":"BOSS_RELIC","is_daily":false,"chose_seed":false,"campfire_upgraded":7,"win_rate":0.0,"timestamp":1609337214,"path_taken":["M","?","?","?","?","E","R","E","T","E","R","?","R","?","R","BOSS","M","?","?","$","M","E","R","M","T","E","?","E","R","?","R","BOSS","M","$","?","M","M","E","R","?","T","R","?","E","?","$","R","BOSS","R","$","E","BOSS"],"items_purchased_type":["Relic","Relic","Potion","Card","Relic","Potion"],"build_version":"2020-12-22","purchased_purges":2,"victory":true,"max_hp_per_floor":[68,68,68,68,68,82,82,82,82,87,87,87,87,87,87,87,87,87,87,87,87,87,87,87,87,87,87,87,87,87,87,87,87,87,87,87,87,87,87,87,87,87,87,87,87,87,87,92,92,92,92,92,92,92,92],"relic_stats":{"Happy Flower":[5],"counters":[26,92],"PreservedInsect":326,"Letter Opener":[5],"TheAbacus":[12],"Ornamental Fan":[244],"Sundial":[2],"Pandora\u0027s Box":["InnerPeace","FearNoEvil","Devotion","Halt","TalkToTheHand","Sanctity","Alpha","LikeWater"],"Tiny Chest":1,"Turnip":[2],"obtain_stats":[{"Ice Cream":9,"Mango":6,"Incense Burner":8,"TeardropLocket":27,"ClockworkSouvenir":21,"TheAbacus":53,"Sundial":42,"Tiny Chest":23,"Toxic Egg 2":46,"InkBottle":29,"Runic Pyramid":34,"Girya":12,"Happy Flower":48,"PreservedInsect":26,"Letter Opener":54,"White Beast Statue":5,"Anchor":20,"Ornamental Fan":10,"Pandora\u0027s Box":0,"Turnip":28,"Coffee Dripper":17,"Bag of Marbles":40,"PureWater":0,"Unceasing Top":45,"Meat on the Bone":28},{"Ice Cream":4,"Mango":3,"Incense Burner":4,"TeardropLocket":12,"ClockworkSouvenir":8,"TheAbacus":24,"Sundial":21,"Tiny Chest":10,"Toxic Egg 2":23,"InkBottle":15,"Runic Pyramid":17,"Girya":5,"Happy Flower":23,"PreservedInsect":11,"Letter Opener":25,"White Beast Statue":2,"Anchor":8,"Ornamental Fan":5,"Pandora\u0027s Box":0,"Turnip":14,"Coffee Dripper":7,"Bag of Marbles":21,"PureWater":0,"Unceasing Top":22,"Meat on the Bone":14},{"Ice Cream":15,"Mango":10,"Incense Burner":15,"TeardropLocket":48,"ClockworkSouvenir":33,"TheAbacus":81,"Sundial":69,"Tiny Chest":40,"Toxic Egg 2":76,"InkBottle":54,"Runic Pyramid":59,"Girya":19,"Happy Flower":76,"PreservedInsect":44,"Letter Opener":85,"White Beast Statue":6,"Anchor":33,"Ornamental Fan":19,"Pandora\u0027s Box":0,"Turnip":52,"Coffee Dripper":27,"Bag of Marbles":69,"PureWater":0,"Unceasing Top":72,"Meat on the Bone":52}],"InkBottle":[20],"Unceasing Top":[0],"Meat on the Bone":0},"card_choices":[{"not_picked":["Prostrate","JustLucky"],"picked":"Consecrate","floor":1.0},{"not_picked":["FlyingSleeves","ThirdEye"],"picked":"FlurryOfBlows","floor":4.0},{"not_picked":["WindmillStrike","Consecrate","ClearTheMind"],"picked":"SKIP","floor":6.0},{"not_picked":["ReachHeaven","Pray"],"picked":"Protect","floor":8.0},{"not_picked":["FearNoEvil","Protect"],"picked":"MentalFortress","floor":10.0},{"not_picked":["Alpha","ClearTheMind","Prostrate"],"picked":"SKIP","floor":14.0},{"not_picked":["SashWhip","Nirvana"],"picked":"CutThroughFate","floor":18.0},{"not_picked":["Crescendo+1","Worship+1"],"picked":"Tantrum","floor":22.0},{"not_picked":["Sanctity","CrushJoints","SashWhip"],"picked":"SKIP","floor":23.0},{"not_picked":["EmptyFist","PathToVictory+1"],"picked":"Tantrum+1","floor":25.0},{"not_picked":["Scrawl","WindmillStrike+1"],"picked":"FlurryOfBlows","floor":27.0},{"not_picked":["Scrawl","Crescendo"],"picked":"LessonLearned","floor":29.0},{"not_picked":["ClearTheMind","JustLucky","Swivel+1"],"picked":"SKIP","floor":31.0},{"not_picked":["Blasphemy","Scrawl"],"picked":"Vault","floor":33.0},{"not_picked":["ClearTheMind","CutThroughFate","JustLucky"],"picked":"SKIP","floor":35.0},{"not_picked":["SashWhip","Nirvana+1"],"picked":"Wallop","floor":38.0},{"not_picked":["Crescendo+1","Nirvana","FlyingSleeves+1"],"picked":"SKIP","floor":39.0},{"not_picked":["Study+1","EmptyBody","Crescendo"],"picked":"SKIP","floor":40.0},{"not_picked":["Protect","Weave"],"picked":"FlurryOfBlows+1","floor":45.0},{"not_picked":["Halt+1","ForeignInfluence+1"],"picked":"MentalFortress+1","floor":46.0},{"not_picked":["PathToVictory+1","DeusExMachina+1","DevaForm"],"picked":"SKIP","floor":54}],"player_experience":1227444,"relics_obtained":[{"floor":5.0,"key":"White Beast Statue"},{"floor":6.0,"key":"Mango"},{"floor":8.0,"key":"Incense Burner"},{"floor":9.0,"key":"Ice Cream"},{"floor":10.0,"key":"Ornamental Fan"},{"floor":23.0,"key":"Tiny Chest"},{"floor":26.0,"key":"PreservedInsect"},{"floor":27.0,"key":"TeardropLocket"},{"floor":28.0,"key":"Turnip"},{"floor":28.0,"key":"Meat on the Bone"},{"floor":29.0,"key":"InkBottle"},{"floor":40.0,"key":"Bag of Marbles"},{"floor":42.0,"key":"Sundial"},{"floor":45.0,"key":"Unceasing Top"},{"floor":46.0,"key":"Toxic Egg 2"},{"floor":54,"key":"Letter Opener"}],"event_choices":[{"damage_healed":0.0,"max_hp_gain":0.0,"max_hp_loss":0.0,"gold_gain":75.0,"event_name":"World of Goop","player_choice":"Gather Gold","floor":2.0,"gold_loss":0.0,"damage_taken":11.0},{"damage_healed":0.0,"max_hp_gain":0.0,"max_hp_loss":0.0,"gold_gain":0.0,"cards_transformed":["Devotion"],"event_name":"Transmorgrifier","player_choice":"Transformed","floor":3.0,"gold_loss":0.0,"damage_taken":0.0,"cards_obtained":["Blasphemy"]},{"damage_healed":0.0,"max_hp_gain":0.0,"max_hp_loss":0.0,"gold_gain":0.0,"event_name":"WeMeetAgain","player_choice":"Gave Potion","floor":12.0,"gold_loss":0.0,"damage_taken":0.0,"relics_obtained":["Girya"]},{"cards_removed":["Halt"],"damage_healed":0.0,"max_hp_gain":0.0,"max_hp_loss":0.0,"gold_gain":0.0,"event_name":"Beggar","player_choice":"Gave Gold","floor":19.0,"gold_loss":75.0,"damage_taken":0.0},{"damage_healed":0.0,"max_hp_gain":0.0,"max_hp_loss":0.0,"gold_gain":0.0,"event_name":"Addict","player_choice":"Obtained Relic","floor":20.0,"gold_loss":85.0,"damage_taken":0.0,"relics_obtained":["Anchor"]},{"damage_healed":0.0,"max_hp_gain":0.0,"max_hp_loss":0.0,"gold_gain":0.0,"event_name":"Colosseum","player_choice":"Fight","floor":28.0,"gold_loss":0.0,"damage_taken":0.0},{"damage_healed":0.0,"max_hp_gain":0.0,"max_hp_loss":0.0,"gold_gain":0.0,"event_name":"Colosseum","player_choice":"Fought Nobs","floor":28.0,"gold_loss":0.0,"damage_taken":0.0},{"cards_removed":["CutThroughFate"],"damage_healed":0.0,"max_hp_gain":0.0,"max_hp_loss":0.0,"gold_gain":0.0,"event_name":"Falling","player_choice":"Removed Attack","floor":37.0,"gold_loss":0.0,"damage_taken":0.0},{"damage_healed":0.0,"max_hp_gain":0.0,"max_hp_loss":0.0,"gold_gain":0.0,"event_name":"Mysterious Sphere","player_choice":"Fight","floor":45.0,"gold_loss":0.0,"damage_taken":0.0},{"damage_healed":0.0,"max_hp_gain":0.0,"max_hp_loss":0.0,"gold_gain":0.0,"event_name":"Tomb of Lord Red Mask","player_choice":"Ignored","floor":47.0,"gold_loss":0.0,"damage_taken":0.0}],"is_beta":false,"boss_relics":[{"not_picked":["Empty Cage","SacredBark"],"picked":"Coffee Dripper"},{"not_picked":["Calling Bell","Tiny House"],"picked":"Runic Pyramid"}],"items_purged_floors":[21,36],"is_endless":false,"potions_floor_spawned":[4,6,8,10,14,16,18,22,23,25,27,28,28,29,31,33,35,38,39,40,45,46,54],"ascension_level":17}}