{"host":"0qevis500jgmlc2v","time":1609321028,"event":{"mods":["Act Like it!","Aspiration","BaseMod","Challenge The Spire","Conspire","Downfall","Friendly Minions","GifTheSpireLib","Hallownest","Hubris","KinomotoSakuraMod(ƒæ÷Æ±æ”£)","Koishi","KomeijiMod","Luminous","Marisa£®ÏF”Í°°ƒß¿Ì…≥£©","Minty Spire (QoL Compilation)","Quick Restart","Reimu£®≤©¿ˆ¡È√Œ£©","Replay The Spire","Shop Mod","StSLib","Stuff the Spire","The Bug Knight","The Hierophant","vexMod","°æ“≈ŒÔø®≈∆°øREMEMod"],"gold_per_floor":[114,39,58,102,119,181,198,198,198,198,212,40,65,69,69,165,165],"floor_reached":16,"playtime":4614,"items_purged":["hierophant:Strike_Hierophant","hierophant:Strike_Hierophant"],"score":169,"play_id":"c7b7782b-0d73-497f-b0e4-2de540e43427","local_time":"20201230173708","is_ascension_mode":true,"campfire_choices":[{"data":"Free:ReiMu","floor":8.0,"key":"SMITH"},{"data":"hierophant:EyeForCoin","floor":15.0,"key":"SMITH"}],"circlet_count":0,"master_deck":["hierophant:Strike_Hierophant","hierophant:Strike_Hierophant","hierophant:Punish","hierophant:Defend_Hierophant","hierophant:Defend_Hierophant","hierophant:Defend_Hierophant","hierophant:Defend_Hierophant","hierophant:ChurchCoffers","Free:ReiMu+1","hierophant:MorningPrayer","hierophant:Embezzle","hierophant:Rebuild","hierophant:Flagellation","hierophant:Invocation","hierophant:Upheaval","hierophant:FaithHealing","hierophant:Repentance","hierophant:EyeForCoin+1","hierophant:Doubloon","hierophant:Exaltation","hierophant:Doubloon+1"],"relics":["hierophant:PropheticMaskRelic","REME_ComplimentaryCards","Pet Ghost","CrazyTorch:ReiMu","StuffTheSpire:OldFever","Mango"],"acts_visited":["Exordium"],"potions_floor_usage":[16],"damage_taken":[{"damage":1.0,"enemies":"Jaw Worm","floor":1.0,"turns":4.0},{"damage":3.0,"enemies":"2 Louse","floor":3.0,"turns":2.0},{"damage":2.0,"enemies":"conspire:MimicChest","floor":4.0,"turns":10.0},{"damage":5.0,"enemies":"Small Slimes","floor":5.0,"turns":3.0},{"damage":40.0,"enemies":"Lagavulin","floor":6.0,"turns":10.0},{"damage":0.0,"enemies":"3 Louse","floor":7.0,"turns":2.0},{"damage":0.0,"enemies":"Gremlin Gang","floor":11.0,"turns":2.0},{"damage":0.0,"enemies":"Gremlin Nob","floor":13.0,"turns":3.0},{"damage":0.0,"enemies":"Exordium Thugs","floor":14.0,"turns":2.0},{"damage":63,"enemies":"Hexaghost","floor":16,"turns":13}],"seed_played":"-8637062439500159568","potions_obtained":[{"floor":3.0,"key":"REME_GoldPotion"},{"floor":5.0,"key":"Strength Potion"},{"floor":6.0,"key":"Reflective Coating"},{"floor":7.0,"key":"GamblersBrew"},{"floor":14.0,"key":"Strength Potion"}],"is_trial":false,"path_per_floor":["M","$","M","?","M","E","M","R","T","?","M","$","E","M","R","B"],"character_chosen":"HIEROPHANT","items_purchased":["hierophant:Repentance"],"campfire_rested":0,"item_purchase_floors":[12],"current_hp_per_floor":[81,81,78,76,71,31,31,31,31,46,46,46,60,60,60,0,0],"gold":165,"neow_bonus":"TEN_PERCENT_HP_BONUS","is_daily":false,"chose_seed":false,"campfire_upgraded":2,"win_rate":0.0,"timestamp":1609321028,"path_taken":["M","$","M","?","M","E","M","R","T","?","M","$","E","M","R","BOSS"],"items_purchased_type":["Card"],"build_version":"2020-12-22","purchased_purges":2,"victory":false,"max_hp_per_floor":[82,82,82,82,82,82,82,82,82,82,82,82,96,96,96,96,96],"card_choices":[{"not_picked":["hierophant:FlamingChariot","hierophant:Smite"],"picked":"hierophant:MorningPrayer","floor":1.0},{"not_picked":["hierophant:OrnateBuckler","hierophant:Zeal"],"picked":"hierophant:Embezzle","floor":3.0},{"not_picked":["hierophant:HolyVerse","hierophant:Purify"],"picked":"hierophant:Rebuild","floor":4.0},{"not_picked":["hierophant:Blessing","hierophant:Sermon"],"picked":"hierophant:Flagellation","floor":5.0},{"not_picked":["hierophant:AuricBeam","hierophant:Remorse"],"picked":"hierophant:Invocation","floor":6.0},{"not_picked":["hierophant:OrnateBuckler","hierophant:Doomsaying"],"picked":"hierophant:Upheaval","floor":7.0},{"not_picked":["hierophant:Endure","hierophant:HammerAndAnvil"],"picked":"hierophant:FaithHealing","floor":11.0},{"not_picked":["hierophant:SealAway","hierophant:Upheaval"],"picked":"hierophant:EyeForCoin","floor":13.0},{"not_picked":["hierophant:FlamingChariot","hierophant:HolyVerse"],"picked":"hierophant:Exaltation","floor":14.0}],"player_experience":1002076,"relics_obtained":[{"floor":4.0,"key":"Pet Ghost"},{"floor":6.0,"key":"CrazyTorch:ReiMu"},{"floor":9.0,"key":"StuffTheSpire:OldFever"},{"floor":13.0,"key":"Mango"}],"event_choices":[],"is_beta":false,"boss_relics":[],"items_purged_floors":[2,12],"is_endless":false,"potions_floor_spawned":[3,5,6,7,14],"killed_by":"Hexaghost","ascension_level":1}}