{"host":"6z6y4ky8uzsz1dpj","time":1609349427,"event":{"mods":["AchievementEnabler","BaseMod","BetterRewards","Challenge The Spire","Colored Map","Custom Start","Hubris","Minty Spire (QoL Compilation)","Quick Restart","Replay The Spire","StSLib"],"gold_per_floor":[115,30,42,42,57,92,109,137,137,137,137,137,156,156,156,252,252,269,284,37,37,52,52,68,86,86,86,103,103,103,114,114,211,211,223,223,74,85,99,131,151,151,151],"floor_reached":42,"playtime":2039,"items_purged":["Replay:Battleflow"],"score":492,"play_id":"60072e9d-d2e5-4bb3-b03a-8656e9f5381b","local_time":"20201230123027","is_ascension_mode":false,"campfire_choices":[{"data":"Replay:LoomingThreat","floor":12,"key":"SMITH"},{"floor":15,"key":"REST"},{"floor":23,"key":"REST"},{"floor":27,"key":"REST"},{"floor":29,"key":"REST"},{"floor":32,"key":"REST"}],"circlet_count":0,"master_deck":["Eruption","Vigilance","BattleHymn","CarveReality","FlurryOfBlows","EmptyFist","FollowUp","Replay:LoomingThreat+1","WindmillStrike","FlurryOfBlows","Vengeance","Blasphemy","Establishment","Replay:AtTheReady+1","Replay:BluntJabs+1","Crescendo","FollowUp+1","EmptyBody+1","CarveReality","TalkToTheHand","CarveReality","BattleHymn","Establishment","LessonLearned","CutThroughFate","Fasting2","ReachHeaven","LessonLearned","Fasting2","InnerPeace","JustLucky","Adaptation+1","EmptyMind","SandsOfTime+1","JustLucky","ThirdEye+1"],"relics":["PureWater","NeowsBlessing","Dream Catcher","MealTicket","hubris:CrystalStatue","FaceOfCleric","Painkiller Herb","Ornamental Fan","Pandora\u0027s Box","hubris:Icosahedron","Replay:WaspNest"],"acts_visited":["Exordium","TheCity","TheBeyond"],"potions_floor_usage":[6,24,25,31,38,39,42],"damage_taken":[{"damage":0,"enemies":"Jaw Worm","floor":1,"turns":1},{"damage":0,"enemies":"2 Louse","floor":3,"turns":1},{"damage":0,"enemies":"Small Slimes","floor":5,"turns":1},{"damage":14,"enemies":"3 Sentries","floor":6,"turns":5},{"damage":12,"enemies":"Red Slaver","floor":7,"turns":4},{"damage":21,"enemies":"Lagavulin","floor":8,"turns":5},{"damage":12,"enemies":"3 Louse","floor":13,"turns":3},{"damage":21,"enemies":"The Guardian","floor":16,"turns":9},{"damage":27,"enemies":"Shell Parasite","floor":18,"turns":5},{"damage":37,"enemies":"Chosen","floor":19,"turns":5},{"damage":22,"enemies":"Centurion and Healer","floor":22,"turns":4},{"damage":0,"enemies":"Chosen and Byrds","floor":24,"turns":4},{"damage":5,"enemies":"Sentry and Sphere","floor":25,"turns":3},{"damage":21,"enemies":"Snake Plant","floor":28,"turns":2},{"damage":2,"enemies":"Chosen and Byrds","floor":31,"turns":5},{"damage":50,"enemies":"Champ","floor":33,"turns":8},{"damage":16,"enemies":"Orb Walker","floor":35,"turns":3},{"damage":52,"enemies":"3 Darklings","floor":38,"turns":4},{"damage":20,"enemies":"Sphere and 2 Shapes","floor":39,"turns":4},{"damage":22,"enemies":"Giant Head","floor":40,"turns":5},{"damage":19,"enemies":"Transient","floor":41,"turns":5},{"damage":66,"enemies":"Spire Growth","floor":42,"turns":5}],"seed_played":"-7626930456461361132","potions_obtained":[{"floor":1,"key":"AttackPotion"},{"floor":8,"key":"Elixir"},{"floor":13,"key":"Elixir"},{"floor":22,"key":"Swift Potion"},{"floor":24,"key":"Swift Potion"},{"floor":25,"key":"SpeedPotion"},{"floor":35,"key":"Energy Potion"},{"floor":38,"key":"BlessingOfTheForge"},{"floor":41,"key":"Dexterity Potion"}],"is_trial":false,"path_per_floor":["M","$","M","?","M","E","M","E","T","?","?","R","M","?","R","B",null,"?","?","T","?","?","T","?","?","T","T","?","T","?","?","T","B",null,"?","?","T","?","?","E","?","?"],"character_chosen":"WATCHER","items_purchased":["CarveReality","FlurryOfBlows","Ornamental Fan","EmptyMind"],"campfire_rested":5,"item_purchase_floors":[2,2,20,37],"current_hp_per_floor":[72,72,72,58,58,44,32,11,11,11,35,35,23,23,44,24,73,47,11,26,26,5,27,28,24,24,47,27,50,50,49,73,24,81,66,66,81,30,11,72,54,0,0],"gold":151,"neow_bonus":"THREE_ENEMY_KILL","is_daily":false,"chose_seed":false,"campfire_upgraded":1,"win_rate":0.0,"timestamp":1609349427,"path_taken":["M","$","M","?","M","E","M","E","T","?","?","R","M","?","R","BOSS","?","?","T","?","?","T","?","?","T","T","?","T","?","?","T","BOSS","?","?","T","?","?","E","?","?"],"items_purchased_type":["Card","Card","Relic","Card"],"build_version":"2020-12-22","purchased_purges":1,"victory":false,"max_hp_per_floor":[72,72,72,72,72,72,72,72,72,72,72,72,72,72,72,73,73,74,75,75,75,76,76,77,78,78,78,79,79,79,80,80,81,81,82,82,82,83,84,85,86,86,86],"card_choices":[{"not_picked":["BowlingBash","WaveOfTheHand"],"picked":"BattleHymn","floor":1},{"not_picked":["EmptyBody","JustLucky"],"picked":"EmptyFist","floor":3},{"not_picked":["Collect","Study"],"picked":"FollowUp","floor":5},{"not_picked":["Indignation","SashWhip"],"picked":"Replay:LoomingThreat","floor":6},{"not_picked":["PathToVictory","Nirvana"],"picked":"WindmillStrike","floor":7},{"not_picked":["FollowUp","Collect"],"picked":"FlurryOfBlows","floor":8},{"not_picked":["Replay:ManipulateFuture","Weave"],"picked":"Vengeance","floor":13},{"not_picked":["ClearTheMind","FollowUp"],"picked":"Blasphemy","floor":15},{"not_picked":["Devotion","Scrawl"],"picked":"Establishment","floor":16},{"not_picked":["Evaluate+1","Replay:DivineShield+1"],"picked":"Replay:AtTheReady+1","floor":18},{"not_picked":["CrushJoints","Prostrate+1"],"picked":"Replay:BluntJabs+1","floor":19},{"not_picked":["CrushJoints+1","Consecrate"],"picked":"Crescendo","floor":22},{"not_picked":["Indignation","Replay:ManipulateFuture+1"],"picked":"FollowUp+1","floor":24},{"not_picked":["Replay:BluntJabs+1","CrushJoints"],"picked":"EmptyBody+1","floor":25},{"not_picked":["CutThroughFate+1","Replay:BluntJabs+1"],"picked":"CarveReality","floor":27},{"not_picked":["InnerPeace","CutThroughFate"],"picked":"TalkToTheHand","floor":28},{"not_picked":["Replay:DivineShield","Perseverance"],"picked":"CarveReality","floor":29},{"not_picked":["Replay:Vibes+1","EmptyBody"],"picked":"BattleHymn","floor":31},{"not_picked":["FlyingSleeves+1","Halt"],"picked":"Establishment","floor":32},{"not_picked":["Judgement","ConjureBlade"],"picked":"LessonLearned","floor":33},{"not_picked":["SandsOfTime+1","EmptyFist+1"],"picked":"Adaptation+1","floor":35},{"not_picked":["Replay:Battleflow+1","FollowUp+1"],"picked":"SandsOfTime+1","floor":38},{"not_picked":["Prostrate","Fasting2+1"],"picked":"JustLucky","floor":39},{"not_picked":["ForeignInfluence","PathToVictory","Indignation"],"picked":"SKIP","floor":40},{"not_picked":["Swivel","ForeignInfluence+1"],"picked":"ThirdEye+1","floor":41}],"player_experience":212461,"relics_obtained":[{"floor":6,"key":"Dream Catcher"},{"floor":8,"key":"MealTicket"},{"floor":9,"key":"hubris:CrystalStatue"},{"floor":40,"key":"Replay:WaspNest"}],"event_choices":[{"damage_healed":0,"gold_gain":0,"player_choice":"Entered Light","damage_taken":14,"max_hp_gain":0,"max_hp_loss":0,"event_name":"Shining Light","floor":4,"gold_loss":0,"cards_upgraded":["Defend_P","Strike_P"]},{"damage_healed":0,"gold_gain":0,"player_choice":"Ignored","damage_taken":0,"max_hp_gain":0,"max_hp_loss":0,"event_name":"Golden Wing","floor":10,"gold_loss":0},{"damage_healed":24,"gold_gain":0,"player_choice":"Banana","damage_taken":0,"max_hp_gain":0,"max_hp_loss":0,"event_name":"Big Fish","floor":11,"gold_loss":0},{"damage_healed":0,"gold_gain":0,"player_choice":"Trade","damage_taken":0,"relics_obtained":["FaceOfCleric"],"max_hp_gain":0,"max_hp_loss":0,"event_name":"FaceTrader","floor":14,"gold_loss":0}],"is_beta":false,"boss_relics":[{"not_picked":["Coffee Dripper","Runic Dome"],"picked":"Painkiller Herb"},{"not_picked":["ChewingGum","Ring of Chaos"],"picked":"Pandora\u0027s Box"}],"items_purged_floors":[37],"is_endless":false,"potions_floor_spawned":[1,8,13,22,24,25,35,38,41],"killed_by":"Spire Growth","ascension_level":0}}