{"host":"qy7jow5usmjkdnnq","time":1609288805,"event":{"mods":["BaseMod","Colored Map","Downfall","Minty Spire (QoL Compilation)","Permanent Neow","Relic Stats","StSLib"],"gold_per_floor":[99,119,131,149,249,283,283,303,332,232,41,91,91,126,138,239,239,239,252,263,25,45,64,64,79,94,108,120,170,189,252,270,372,372,272,291,304,319,207,257,282,308,208,83,93,110,110,170,181,181,181,207,8,8,8],"floor_reached":56,"playtime":4968,"items_purged":["Slimebound:Strike_Slimebound","Slimebound:Strike_Slimebound","Pain"],"score":1538,"play_id":"2a91e8c7-1768-44bf-8ac1-d98aa5e9b970","local_time":"20201230014005","is_ascension_mode":true,"campfire_choices":[{"data":"Slimebound:Split","floor":1.0,"key":"SMITH"},{"data":"Slimebound:CorrosiveSpit","floor":10.0,"key":"SMITH"},{"data":"Slimebound:SlimeSlap","floor":13.0,"key":"SMITH"},{"floor":18.0,"key":"RECALL"},{"data":"Slimebound:DouseInSlime","floor":35.0,"key":"SMITH"},{"data":"Slimebound:Teamwork","floor":43.0,"key":"SMITH"},{"data":"Slimebound:RainOfGoop","floor":47.0,"key":"SMITH"},{"data":"Slimebound:Chomp","floor":54.0,"key":"SMITH"}],"circlet_count":0,"master_deck":["Slimebound:Strike_Slimebound+1","Slimebound:Tackle+1","Slimebound:Defend_Slimebound","Slimebound:Defend_Slimebound","Slimebound:Defend_Slimebound","Slimebound:Split+1","Slimebound:CorrosiveSpit+1","Slimebound:SplitLeeching","Slimebound:Prepare","Slimebound:ViciousTackle","Slimebound:Schlurp","Slimebound:Chomp+1","Slimebound:LeechingTouch","Slimebound:SlimeSlap+1","Slimebound:RainOfGoop","Slimebound:Gluttony","Slimebound:RainOfGoop+1","Slimebound:Teamwork+1","Slimebound:AcidTongue+1","Slimebound:Replication+1","Slimebound:LivingWall","Slimebound:LivingWall","Slimebound:GoopSpray+1","Slimebound:SlimeTap+1","Slimebound:DouseInSlime+1","Slimebound:LeechingTouch+1","Slimebound:Prepare+1"],"relics":["Slimebound:AbsorbEndCombat","downfall:CloakOfManyFaces","CultistMask","FaceOfCleric","NlothsMask","GremlinMask","SsserpentHead","Singing Bowl","Slimebound:SlimedSkullRelic","downfall:HeartBlessingGreen","Shuriken","Coffee Dripper","Pen Nib","Meat on the Bone","sneckomod:SneckoTalon","downfall:HeartBlessingRed","HornCleat","WarpedTongs","Whetstone","downfall:HeartBlessingBlue","Mercury Hourglass","Chemical X"],"acts_visited":["Exordium","TheCity","TheBeyond","TheEnding"],"potions_floor_usage":[55,55,55,55,55,55],"damage_taken":[{"damage":1.0,"enemies":"Jaw Worm","floor":2.0,"turns":5.0},{"damage":3.0,"enemies":"Cultist","floor":3.0,"turns":4.0},{"damage":0.0,"enemies":"Small Slimes","floor":4.0,"turns":2.0},{"damage":1.0,"enemies":"downfall:FaceTrader","floor":5.0,"turns":5.0},{"damage":17.0,"enemies":"Gremlin Nob","floor":6.0,"turns":3.0},{"damage":8.0,"enemies":"Exordium Thugs","floor":8.0,"turns":4.0},{"damage":13.0,"enemies":"3 Sentries","floor":9.0,"turns":9.0},{"damage":0.0,"enemies":"downfall:FleeingMerchant","floor":11.0,"turns":4.0},{"damage":27.0,"enemies":"Gremlin Nob","floor":14.0,"turns":5.0},{"damage":0.0,"enemies":"2 Fungi Beasts","floor":15.0,"turns":3.0},{"damage":30.0,"enemies":"downfall:Defect","floor":16.0,"turns":6.0},{"damage":3.0,"enemies":"Chosen","floor":19.0,"turns":4.0},{"damage":34.0,"enemies":"Chosen and Byrds","floor":20.0,"turns":6.0},{"damage":18.0,"enemies":"downfall:FleeingMerchant","floor":21.0,"turns":4.0},{"damage":30.0,"enemies":"Cultist and Chosen","floor":22.0,"turns":6.0},{"damage":13.0,"enemies":"Centurion and Healer","floor":23.0,"turns":5.0},{"damage":3.0,"enemies":"3 Cultists","floor":25.0,"turns":5.0},{"damage":5.0,"enemies":"Snecko","floor":26.0,"turns":5.0},{"damage":10.0,"enemies":"Cultist and Chosen","floor":27.0,"turns":4.0},{"damage":13.0,"enemies":"Shelled Parasite and Fungi","floor":28.0,"turns":5.0},{"damage":0.0,"enemies":"Snake Plant","floor":30.0,"turns":2.0},{"damage":15.0,"enemies":"3 Cultists","floor":31.0,"turns":5.0},{"damage":15.0,"enemies":"Sentry and Sphere","floor":32.0,"turns":5.0},{"damage":0.0,"enemies":"downfall:Watcher","floor":33.0,"turns":5.0},{"damage":11.0,"enemies":"3 Shapes","floor":36.0,"turns":2.0},{"damage":6.0,"enemies":"Orb Walker","floor":37.0,"turns":3.0},{"damage":20.0,"enemies":"Jaw Worm Horde","floor":38.0,"turns":3.0},{"damage":0.0,"enemies":"downfall:FleeingMerchant","floor":39.0,"turns":2.0},{"damage":22.0,"enemies":"Giant Head","floor":42.0,"turns":5.0},{"damage":12.0,"enemies":"Maw","floor":45.0,"turns":5.0},{"damage":15.0,"enemies":"4 Shapes","floor":46.0,"turns":4.0},{"damage":7.0,"enemies":"Sphere and 2 Shapes","floor":48.0,"turns":5.0},{"damage":0.0,"enemies":"3 Darklings","floor":49.0,"turns":5.0},{"damage":0.0,"enemies":"downfall:Ironclad","floor":50.0,"turns":5.0},{"damage":7.0,"enemies":"downfall:CharBossMerchant","floor":52.0,"turns":7.0},{"damage":38,"enemies":"downfall:NeowBoss","floor":55,"turns":21}],"seed_played":"7175853536547057626","potions_obtained":[{"floor":5.0,"key":"Fire Potion"},{"floor":8.0,"key":"AttackPotion"},{"floor":9.0,"key":"Fruit Juice"},{"floor":14.0,"key":"CultistPotion"},{"floor":23.0,"key":"Swift Potion"},{"floor":26.0,"key":"Swift Potion"},{"floor":27.0,"key":"SkillPotion"},{"floor":28.0,"key":"Dexterity Potion"},{"floor":29.0,"key":"DuplicationPotion"},{"floor":32.0,"key":"SpeedPotion"},{"floor":36.0,"key":"Slimebound:SlimyTonguePotion"},{"floor":45.0,"key":"LiquidMemories"}],"is_trial":false,"path_per_floor":["R","M","M","M","?","E","T","M","E","R","$","?","R","E","M","B",null,"R","M","M","$","M","M","T","M","M","M","M","?","M","M","M","B",null,"R","M","M","M","$","?","T","E","R","$","M","M","R","M","M","B",null,"E","$","R","B",null],"character_chosen":"SLIMEBOUND","items_purchased":["Slimebound:SlimeSlap","Slimebound:RainOfGoop","Pen Nib","HornCleat","EntropicBrew","Chemical X","Dexterity Potion"],"campfire_rested":0,"item_purchase_floors":[11,11,21,39,39,53,53],"current_hp_per_floor":[65,65,65,65,65,50,50,48,41,41,47,71,71,47,50,26,74,74,75,47,32,14,7,7,24,38,45,50,50,54,59,60,67,104,104,99,98,86,89,89,89,70,80,80,75,79,79,81,89,96,138,138,138,138,119],"gold":8,"neow_bonus":"TRANSFORM_CARD","is_daily":false,"chose_seed":false,"campfire_upgraded":7,"win_rate":0.0,"timestamp":1609288805,"path_taken":["R","M","M","M","?","E","T","M","E","R","?","?","R","E","M","BOSS","R","M","M","$","M","M","T","M","M","M","M","?","M","?","M","BOSS","R","M","M","M","$","?","T","E","R","$","M","M","R","?","M","BOSS","E","$","R","BOSS"],"items_purchased_type":["Card","Card","Relic","Relic","Potion","Relic","Potion"],"build_version":"2020-12-22","purchased_purges":3,"victory":true,"max_hp_per_floor":[65,65,65,65,65,66,66,67,68,68,71,71,71,72,73,74,74,74,75,76,77,85,86,86,89,92,93,96,96,99,102,103,104,104,104,107,110,113,114,114,114,115,125,125,128,131,131,134,137,138,138,141,141,141,142],"relic_stats":{"SsserpentHead":300,"FaceOfCleric":32,"Singing Bowl":30,"counters":[36,176],"Shuriken":[14],"Pen Nib":[13],"Whetstone":["Slimebound:Strike_Slimebound","Slimebound:Tackle"],"Chemical X":[5],"obtain_stats":[{"Singing Bowl":6,"downfall:HeartBlessingRed":35,"GremlinMask":5,"downfall:HeartBlessingGreen":10,"Pen Nib":21,"Whetstone":42,"sneckomod:SneckoTalon":34,"WarpedTongs":40,"Mercury Hourglass":52,"SsserpentHead":5,"HornCleat":39,"FaceOfCleric":5,"Shuriken":14,"downfall:HeartBlessingBlue":43,"CultistMask":5,"Slimebound:AbsorbEndCombat":0,"downfall:CloakOfManyFaces":5,"Coffee Dripper":17,"Chemical X":53,"Slimebound:SlimedSkullRelic":9,"NlothsMask":5,"Meat on the Bone":24},{"Singing Bowl":5,"downfall:HeartBlessingRed":24,"GremlinMask":4,"downfall:HeartBlessingGreen":7,"Pen Nib":14,"Whetstone":29,"sneckomod:SneckoTalon":24,"WarpedTongs":28,"Mercury Hourglass":35,"SsserpentHead":4,"HornCleat":28,"FaceOfCleric":4,"Shuriken":9,"downfall:HeartBlessingBlue":29,"CultistMask":4,"Slimebound:AbsorbEndCombat":0,"downfall:CloakOfManyFaces":4,"Coffee Dripper":11,"Chemical X":35,"Slimebound:SlimedSkullRelic":7,"NlothsMask":4,"Meat on the Bone":16},{"Singing Bowl":19,"downfall:HeartBlessingRed":109,"GremlinMask":16,"downfall:HeartBlessingGreen":31,"Pen Nib":63,"Whetstone":124,"sneckomod:SneckoTalon":109,"WarpedTongs":119,"Mercury Hourglass":155,"SsserpentHead":16,"HornCleat":119,"FaceOfCleric":16,"Shuriken":40,"downfall:HeartBlessingBlue":124,"CultistMask":16,"Slimebound:AbsorbEndCombat":0,"downfall:CloakOfManyFaces":16,"Coffee Dripper":49,"Chemical X":155,"Slimebound:SlimedSkullRelic":31,"NlothsMask":16,"Meat on the Bone":73}],"Meat on the Bone":84,"WarpedTongs":[47],"Mercury Hourglass":[46]},"card_choices":[{"not_picked":["Slimebound:SplitMire","Slimebound:Replication"],"picked":"Slimebound:Prepare","floor":2.0},{"not_picked":["Slimebound:SplitMire","Slimebound:RejuvenatingLick"],"picked":"Slimebound:ViciousTackle","floor":3.0},{"not_picked":["Slimebound:RollThrough","Slimebound:SpikyOuterGoop"],"picked":"Slimebound:Schlurp","floor":4.0},{"not_picked":["Slimebound:Gluttony","Slimebound:Replication"],"picked":"Slimebound:Chomp","floor":6.0},{"not_picked":["Slimebound:BestDefense","Slimebound:PressTheAttack"],"picked":"Slimebound:LeechingTouch","floor":8.0},{"not_picked":["Slimebound:GoopTackle","Slimebound:LeechEnergy"],"picked":"Slimebound:LeadByExample","floor":9.0},{"not_picked":["Slimebound:ComboTackle","Slimebound:GrowthPunch","Slimebound:SlimeTap"],"picked":"Singing Bowl","floor":11.0},{"not_picked":["Slimebound:ForwardTackle","Slimebound:SpikyOuterGoop"],"picked":"Slimebound:Gluttony","floor":14.0},{"not_picked":["Slimebound:RollThrough","Slimebound:ViciousTackle"],"picked":"Slimebound:RainOfGoop","floor":15.0},{"not_picked":["Slimebound:MinionMaster","Slimebound:CheckThePlaybook"],"picked":"Slimebound:Teamwork","floor":16.0},{"not_picked":["Slimebound:SplitAcid","Slimebound:Dissolve+1"],"picked":"Slimebound:AcidTongue+1","floor":19.0},{"not_picked":["Slimebound:ForwardTackle","Slimebound:PressTheAttack"],"picked":"Slimebound:Replication+1","floor":20.0},{"not_picked":["Slimebound:ComboTackle","Slimebound:FinishingTackle"],"picked":"Slimebound:LivingWall","floor":21.0},{"not_picked":["Slimebound:Nibble+1","Slimebound:GoopTackle","Slimebound:PressTheAttack+1"],"picked":"Singing Bowl","floor":22.0},{"not_picked":["Slimebound:RejuvenatingLick","Slimebound:SplitBruiser"],"picked":"Slimebound:LivingWall","floor":23.0},{"not_picked":["Slimebound:ComboTackle","Slimebound:Prepare+1","Slimebound:SpikyOuterGoop"],"picked":"Singing Bowl","floor":25.0},{"not_picked":["Slimebound:FlameTackle","Slimebound:SlimeBrawl","Slimebound:Prepare"],"picked":"Singing Bowl","floor":26.0},{"not_picked":["Slimebound:SpikyOuterGoop","Slimebound:LeadByExample"],"picked":"Slimebound:GoopSpray+1","floor":27.0},{"not_picked":["Slimebound:SlimeSpikes","Slimebound:LeechEnergy+1","Slimebound:Schlurp"],"picked":"Singing Bowl","floor":28.0},{"not_picked":["Slimebound:PressTheAttack","Slimebound:FinishingTackle","Slimebound:MassFeed"],"picked":"Singing Bowl","floor":30.0},{"not_picked":["Slimebound:SplitMire","Slimebound:ComboTackle+1","Slimebound:RollThrough"],"picked":"Singing Bowl","floor":31.0},{"not_picked":["Slimebound:ItLooksTasty+1","Slimebound:Schlurp"],"picked":"Slimebound:SlimeTap+1","floor":32.0},{"not_picked":["Slimebound:RallyTheTroops","Slimebound:OozeBath"],"picked":"Slimebound:DouseInSlime","floor":33.0},{"not_picked":["Slimebound:LeechEnergy","Slimebound:ItLooksTasty+1","Slimebound:GoopSpray+1"],"picked":"Singing Bowl","floor":36.0},{"not_picked":["Slimebound:LivingWall+1","Slimebound:LeechEnergy+1","Slimebound:ProtectTheBoss+1"],"picked":"Singing Bowl","floor":37.0},{"not_picked":["Slimebound:LivingWall+1","Slimebound:ComboTackle","Slimebound:SlimeSpikes"],"picked":"Singing Bowl","floor":38.0},{"not_picked":["Slimebound:MegaLick","Slimebound:RallyTheTroops"],"picked":"Slimebound:LeechingTouch+1","floor":39.0},{"not_picked":["Slimebound:GoopTackle","Slimebound:LivingWall+1"],"picked":"Slimebound:Prepare+1","floor":42.0},{"not_picked":["Slimebound:Prepare+1","Slimebound:SplitMire+1","Slimebound:ComboTackle"],"picked":"Singing Bowl","floor":45.0},{"not_picked":["Slimebound:LivingWall","Slimebound:RallyTheTroops","Slimebound:LeechingTouch"],"picked":"Singing Bowl","floor":46.0},{"not_picked":["Slimebound:Schlurp+1","Slimebound:PressTheAttack+1","Slimebound:ProtectTheBoss"],"picked":"Singing Bowl","floor":48.0},{"not_picked":["Slimebound:FinishingTackle+1","Slimebound:SamplingLick","Slimebound:TongueLash+1"],"picked":"Singing Bowl","floor":49.0},{"not_picked":["Slimebound:AcidTongue+1","Slimebound:RollThrough+1","Slimebound:RainOfGoop+1"],"picked":"Singing Bowl","floor":52.0}],"player_experience":561575,"relics_obtained":[{"floor":5.0,"key":"downfall:CloakOfManyFaces"},{"floor":6.0,"key":"Singing Bowl"},{"floor":9.0,"key":"Slimebound:SlimedSkullRelic"},{"floor":14.0,"key":"Shuriken"},{"floor":24.0,"key":"Meat on the Bone"},{"floor":42.0,"key":"Whetstone"},{"floor":52.0,"key":"Mercury Hourglass"}],"event_choices":[{"cards_removed":["Slimebound:LeadByExample"],"damage_healed":24.0,"max_hp_gain":0.0,"max_hp_loss":0.0,"gold_gain":0.0,"event_name":"Bonfire Elementals","player_choice":"Offered Uncommon","floor":12.0,"gold_loss":0.0,"damage_taken":0.0},{"damage_healed":0.0,"max_hp_gain":0.0,"max_hp_loss":0.0,"gold_gain":0.0,"event_name":"Lab","player_choice":"Got Potions","floor":29.0,"gold_loss":0.0,"damage_taken":0.0},{"damage_healed":0.0,"max_hp_gain":0.0,"max_hp_loss":0.0,"gold_gain":0.0,"event_name":"Accursed Blacksmith","player_choice":"Rummage","floor":40.0,"gold_loss":0.0,"damage_taken":0.0,"relics_obtained":["WarpedTongs"],"cards_obtained":["Pain"]}],"is_beta":false,"boss_relics":[{"not_picked":["Snecko Eye","Slimebound:AbsorbEndCombatUpgraded"],"picked":"Coffee Dripper"},{"not_picked":["Velvet Choker","Pandora\u0027s Box"],"picked":"sneckomod:SneckoTalon"}],"items_purged_floors":[21,39,44],"is_endless":false,"potions_floor_spawned":[5,8,9,14,23,26,27,28,32,36,38,45,48],"ascension_level":4}}