{"host":"fbnuysr7liutbh5n","time":1609367007,"event":{"mods":["2.2 Compatiblity","Arknights The Spire","Astrologer","Bard","BaseMod","Beaked The Cultist","Better Match","Block Reminder","Booster Modes","CCEM","CapriCore","ChefMod","Colored Map","Conspire","Custom Start","Dio Mod","Dota2Spire","Downfall","Fireblade Mod","GifTheSpireLib","GungeonMod","Hermit","Hero for Fun","Highlight Path","Hubris","Hyrulean Relics","Infinite Spire","Key Reminder","KomeijiMod","Kratos Character Expansion","Luminous","Magitek Elite","Mathematician","Melee Mod","Mimic Mod","Minty Spire (QoL Compilation)","Potion Indicator Mod","QueenMod","Random Character Button","RatMod","Relic Stats","Replay The Spire","Robot Space Explorer","Small Relic Pack","StSLib","Swap Starting Deck Mod","The Administrix","The Animator","The Blackbeard","The Bladedancer","The Blue Laboratory","The Bug Knight","The Disciple","The Dragon Tamer","The Elementalist","The Exalted","The Florist","The Forsaken","The Hayseed","The Hierophant","The Judge","The Kombatant","The Mystic","The Necromancer","The Poker Player","The Problem Sleuth","The Runesmith","The Saiyan","The Trickster","The Wild Card","TheBandit","TheHero","TheLocksmith","Trackpad","thorton","vexMod","??????REMEMod"],"gold_per_floor":[122,136,136,136,153,198,198,230,265,265,265,294,310,310,310,413,413,427,442,442,0,0,0,17,29,91,91,105,105,105,116,116,212,212,246,272,310,345,379,379,421,421,421,461,21,21,21,42,42,42,42,42,42,7,42,42],"floor_reached":57,"playtime":9415,"items_purged":[],"score":1291,"play_id":"4c7648f1-b74f-4b1c-b4ea-75eebdfcc779","local_time":"20201230162327","is_ascension_mode":false,"campfire_choices":[{"floor":7.0,"key":"REST"},{"floor":10.0,"key":"RECALL"},{"floor":15.0,"key":"REST"},{"data":"animator:GazelDwargon","floor":23.0,"key":"SMITH"},{"data":"hubris:InfiniteBlow","floor":32.0,"key":"SMITH"},{"data":"hubris:InfiniteBlow+1","floor":40.0,"key":"SMITH"},{"floor":42.0,"key":"REST"},{"data":"animator:GazelDwargon","floor":52.0,"key":"SMITH"}],"circlet_count":0,"master_deck":["animator:Strike_Konosuba","animator:Defend_Konosuba","animator:Strike","animator:Strike","animator:Strike","animator:Defend","animator:Defend+1","animator:Kazuma","animator:Aqua","Fusion+1","animator:Fredrika","animator:Megumin+8","animator:Mitsurugi","animator:Millim+4","animator:Verdia","animator:DolaRiku","animator:Souei","theWildCard:PaleRider+1","animator:Eris","animator:GazelDwargon+1","animator:Ainz","animator:Aqua","animator:Rider","animator:DolaStephanie+1","animator:DolaStephanie","animator:Berserker","animator:YunYun+1","animator:Aqua","hubris:InfiniteBlow+8","animator:Tatsumaki","animator:Wiz","animator:PandorasActor+1","animator:NarberalGamma+1","animator:Shuna","animator:Kaijin","Parasite","animator:Albedo","animator:Verdia+1","animator:GazelDwargon","animator:Mitsurugi","animator:Entoma+2","ReplayTheSpireMod:Chaos Vortex","animator:GazelDwargon+1","animator:GazelDwargon"],"relics":["animator:LivingPicture","animator:TheMissingPiece","REME_ComplimentaryCards","ats:Originium","Replay:Multitool","Bromod:ArcaneConsequence","thethorton:BottledFunds","DemoMod:MeltedRock","Medical Kit","Bromod:ArcaneAwakening","Bromod:ArcaneVictory","trackpad:Mousetrap","hubris:ScarierMask","relicPack:OneForAll","infinitespire:EvilPickle","Black Star","Boot","relicPack:DarknessArmor","Mango","Garlic","hubris:SlimyHat","Replay:Mystery Machine"],"acts_visited":["Exordium","TheCity","TheBeyond","TheEnding"],"potions_floor_usage":[56],"damage_taken":[{"damage":9.0,"enemies":"2 Louse","floor":1.0,"turns":4.0},{"damage":10.0,"enemies":"Small Slimes","floor":2.0,"turns":4.0},{"damage":11.0,"enemies":"Cultist","floor":5.0,"turns":5.0},{"damage":25.0,"enemies":"3 Sentries","floor":6.0,"turns":8.0},{"damage":5.0,"enemies":"2 Fungi Beasts","floor":8.0,"turns":4.0},{"damage":0.0,"enemies":"Red Slaver","floor":9.0,"turns":9.0},{"damage":27.0,"enemies":"Gremlin Nob","floor":12.0,"turns":5.0},{"damage":9.0,"enemies":"Red Slaver","floor":13.0,"turns":4.0},{"damage":0.0,"enemies":"Fading Forest","floor":16.0,"turns":11.0},{"damage":6.0,"enemies":"Chosen","floor":18.0,"turns":6.0},{"damage":15.0,"enemies":"2 Thieves","floor":19.0,"turns":4.0},{"damage":0.0,"enemies":"Centurion and Healer","floor":24.0,"turns":5.0},{"damage":2.0,"enemies":"3 Cultists","floor":25.0,"turns":4.0},{"damage":0.0,"enemies":"Sentry and Sphere","floor":26.0,"turns":5.0},{"damage":10.0,"enemies":"Sentry and Sphere","floor":28.0,"turns":4.0},{"damage":7.0,"enemies":"Centurion and Healer","floor":31.0,"turns":2.0},{"damage":20.0,"enemies":"Pondfish","floor":33.0,"turns":6.0},{"damage":0.0,"enemies":"3 Darklings","floor":35.0,"turns":2.0},{"damage":59.0,"enemies":"conspire:MimicChest","floor":36.0,"turns":6.0},{"damage":0.0,"enemies":"3 Shapes","floor":37.0,"turns":2.0},{"damage":0.0,"enemies":"3 Darklings","floor":38.0,"turns":3.0},{"damage":0.0,"enemies":"Jaw Worm Horde","floor":39.0,"turns":2.0},{"damage":41.0,"enemies":"Writhing Mass","floor":41.0,"turns":5.0},{"damage":14.0,"enemies":"Maw","floor":44.0,"turns":8.0},{"damage":8.0,"enemies":"3 Darklings","floor":48.0,"turns":4.0},{"damage":3.0,"enemies":"hubris:GrandSnecko","floor":50.0,"turns":17.0},{"damage":0.0,"enemies":"Shield and Spear","floor":55.0,"turns":5.0},{"damage":14,"enemies":"Kars","floor":56,"turns":17}],"seed_played":"-1211400043416218143","potions_obtained":[{"floor":1.0,"key":"PowerPotion"},{"floor":2.0,"key":"BlessingOfTheForge"},{"floor":5.0,"key":"Elixir"},{"floor":16.0,"key":"BlessingOfTheForge"},{"floor":19.0,"key":"SkillPotion"},{"floor":28.0,"key":"EssenceOfSteel"},{"floor":31.0,"key":"Energy Potion"},{"floor":33.0,"key":"champ:CounterPotion"},{"floor":35.0,"key":"blueLaboratory:FrostheartPotion"},{"floor":37.0,"key":"blueLaboratory:LouseDecoction"},{"floor":39.0,"key":"blueLaboratory:LouseDecoction"}],"is_trial":false,"path_per_floor":["M","M","?","?","M","E","R","M","MIM","R","?","E","M","?","R","B",null,"M","M","T","$","?","R","M","M","MIM","?","M","AVR","?","M","R","B",null,"M","?","M","M","M","R","M","R","T","M","$","?","AVR","M","R_BF","B",null,"R","??","$","E","B",null],"character_chosen":"THE_ANIMATOR","items_purchased":["Medical Kit","animator:DolaStephanie","Bromod:ArcaneAwakening","animator:GazelDwargon","Mango","animator:Mitsurugi","animator:Entoma","Elixir"],"campfire_rested":3,"item_purchase_floors":[21,21,21,45,45,45,45,54],"current_hp_per_floor":[57,50,50,50,41,18,38,35,37,37,37,13,9,3,23,38,68,64,53,53,53,53,53,60,65,68,68,63,63,63,62,62,57,70,70,15,22,32,41,41,10,31,31,27,41,84,84,84,86,88,88,88,88,88,88,88],"gold":42,"neow_bonus":"TRANSFORM_CARD","is_daily":false,"chose_seed":false,"campfire_upgraded":4,"win_rate":0.0,"timestamp":1609367007,"path_taken":["M","M","?","?","M","E","R","M","MIM","R","?","E","M","?","R","BOSS","M","M","?","$","?","R","?","M","MIM","?","?","AVR","?","M","R","BOSS","M","?","M","M","M","R","M","R","T","M","$","?","AVR","M","R_BF","BOSS","R","??","$","E","BOSS"],"items_purchased_type":["Relic","Card","Relic","Card","Relic","Card","Card","Potion"],"build_version":"2020-12-22","purchased_purges":0,"victory":true,"max_hp_per_floor":[66,67,67,67,67,67,67,67,67,67,67,68,68,68,68,68,68,68,68,68,68,68,68,68,68,68,68,68,68,68,68,68,70,70,70,70,70,70,70,70,70,70,70,70,84,84,84,86,86,88,88,88,88,88,88,88],"relic_stats":{"counters":[28,161],"Black Star":1,"Medical Kit":[18],"Boot":[4],"obtain_stats":[{"trackpad:Mousetrap":29,"thethorton:BottledFunds":17,"animator:TheMissingPiece":0,"Bromod:ArcaneVictory":26,"Mango":45,"DemoMod:GlassGuonStoneRelic":1,"Replay:Multitool":6,"hubris:SlimyHat":55,"relicPack:DarknessArmor":43,"Replay:Mystery Machine":55,"Medical Kit":21,"Boot":36,"Bromod:ArcaneConsequence":12,"keyreminder:keyreminder":6,"Bromod:ArcaneAwakening":21,"relicPack:OneForAll":30,"infinitespire:EvilPickle":33,"ats:Originium":6,"hubris:ScarierMask":29,"DemoMod:MeltedRock":20,"animator:LivingPicture":0,"Black Star":34,"Garlic":47,"REME_ComplimentaryCards":0},{"trackpad:Mousetrap":15,"thethorton:BottledFunds":9,"animator:TheMissingPiece":0,"Bromod:ArcaneVictory":14,"Mango":24,"DemoMod:GlassGuonStoneRelic":1,"Replay:Multitool":4,"hubris:SlimyHat":27,"relicPack:DarknessArmor":23,"Replay:Mystery Machine":27,"Medical Kit":11,"Boot":19,"Bromod:ArcaneConsequence":7,"keyreminder:keyreminder":4,"Bromod:ArcaneAwakening":11,"relicPack:OneForAll":15,"infinitespire:EvilPickle":17,"ats:Originium":4,"hubris:ScarierMask":15,"DemoMod:MeltedRock":11,"animator:LivingPicture":0,"Black Star":17,"Garlic":24,"REME_ComplimentaryCards":0},{"trackpad:Mousetrap":82,"thethorton:BottledFunds":54,"animator:TheMissingPiece":0,"Bromod:ArcaneVictory":78,"Mango":118,"DemoMod:GlassGuonStoneRelic":4,"Replay:Multitool":21,"hubris:SlimyHat":144,"relicPack:DarknessArmor":110,"Replay:Mystery Machine":144,"Medical Kit":64,"Boot":98,"Bromod:ArcaneConsequence":39,"keyreminder:keyreminder":21,"Bromod:ArcaneAwakening":64,"relicPack:OneForAll":82,"infinitespire:EvilPickle":90,"ats:Originium":21,"hubris:ScarierMask":82,"DemoMod:MeltedRock":64,"animator:LivingPicture":0,"Black Star":90,"Garlic":118,"REME_ComplimentaryCards":0}]},"card_choices":[{"not_picked":["animator:PandorasActor","animator:GuildGirl"],"picked":"animator:Megumin","floor":1.0},{"not_picked":["animator:Priestess","animator:Evileye"],"picked":"animator:Mitsurugi","floor":2.0},{"not_picked":["animator:AcuraShin","animator:DwarfShaman"],"picked":"animator:Millim","floor":5.0},{"not_picked":["animator:YunYun","animator:Mitsurugi"],"picked":"animator:Verdia","floor":6.0},{"not_picked":["animator:Sebas","animator:LizardPriest"],"picked":"animator:DolaRiku","floor":8.0},{"not_picked":["animator:Shion","animator:Cocytus"],"picked":"animator:Souei","floor":9.0},{"not_picked":["animator:Mitsurugi","animator:Illya"],"picked":"animator:Eris","floor":12.0},{"not_picked":["animator:FielNirvalen","animator:Demiurge"],"picked":"animator:GazelDwargon","floor":13.0},{"not_picked":["animator:Shizu","animator:Boros"],"picked":"animator:Ainz","floor":16.0},{"not_picked":["animator:YunYun","animator:Vanir"],"picked":"animator:Aqua","floor":18.0},{"not_picked":["animator:AcuraTooru","animator:Assassin"],"picked":"animator:Rider","floor":19.0},{"not_picked":["animator:GuildGirl+1","animator:LizardPriest"],"picked":"animator:Millim+1","floor":24.0},{"not_picked":["animator:Mitsurugi","animator:Jibril"],"picked":"animator:Berserker","floor":25.0},{"not_picked":["animator:DolaStephanie","animator:Layla+1"],"picked":"animator:YunYun+1","floor":26.0},{"not_picked":["animator:Kazuma","animator:Mitsurugi"],"picked":"animator:Aqua","floor":28.0},{"not_picked":["animator:Demiurge","animator:Geryuganshoop"],"picked":"animator:Tatsumaki","floor":31.0},{"not_picked":["animator:Rimuru","animator:Sora"],"picked":"animator:Wiz","floor":33.0},{"not_picked":["animator:Kaijin+1","animator:Viivi+1"],"picked":"animator:PandorasActor+1","floor":35.0},{"not_picked":["animator:Kazuma","animator:GuildGirl+1"],"picked":"animator:NarberalGamma+1","floor":36.0},{"not_picked":["animator:DolaCouronne","animator:DwarfShaman"],"picked":"animator:Shuna","floor":37.0},{"not_picked":["animator:Millim","animator:Shizu"],"picked":"animator:Kaijin","floor":38.0},{"not_picked":["animator:DolaCouronne+1","animator:Mitsurugi"],"picked":"animator:Millim+1","floor":39.0},{"not_picked":["animator:SakuraMatou","animator:Tet"],"picked":"animator:Albedo","floor":41.0},{"not_picked":["animator:ChlammyZell+1","animator:Evileye"],"picked":"animator:Verdia+1","floor":44.0},{"not_picked":["animator:Shion","animator:Millim"],"picked":"animator:GazelDwargon","floor":48.0},{"not_picked":["animator:Shuna","animator:Millim+1"],"picked":"animator:GazelDwargon","floor":55.0}],"player_experience":16303,"relics_obtained":[{"floor":6.0,"key":"ats:Originium"},{"floor":6.0,"key":"Replay:Multitool"},{"floor":12.0,"key":"ats:Originium"},{"floor":12.0,"key":"Bromod:ArcaneConsequence"},{"floor":20.0,"key":"DemoMod:MeltedRock"},{"floor":26.0,"key":"Bromod:ArcaneVictory"},{"floor":36.0,"key":"Boot"},{"floor":43.0,"key":"relicPack:DarknessArmor"},{"floor":55.0,"key":"ats:Originium"},{"floor":55.0,"key":"hubris:SlimyHat"},{"floor":55.0,"key":"Replay:Mystery Machine"}],"event_choices":[{"damage_healed":0.0,"max_hp_gain":0.0,"max_hp_loss":0.0,"gold_gain":0.0,"event_name":"conspire:LoneGhost","player_choice":"Disagree","floor":4.0,"gold_loss":0.0,"damage_taken":0.0},{"damage_healed":0.0,"max_hp_gain":0.0,"max_hp_loss":0.0,"gold_gain":0.0,"event_name":"Wheel of Change","player_choice":"Damaged","floor":14.0,"gold_loss":0.0,"damage_taken":6.0},{"damage_healed":0.0,"max_hp_gain":0.0,"max_hp_loss":0.0,"gold_gain":0.0,"event_name":"Accursed Blacksmith","player_choice":"Forge","floor":22.0,"gold_loss":0.0,"damage_taken":0.0,"cards_upgraded":["theWildCard:PaleRider"]},{"damage_healed":0.0,"max_hp_gain":0.0,"max_hp_loss":0.0,"gold_gain":0.0,"event_name":"Upgrade Shrine","player_choice":"Upgraded","floor":27.0,"gold_loss":0.0,"damage_taken":0.0,"cards_upgraded":["Fusion"]},{"damage_healed":43.0,"max_hp_gain":0.0,"max_hp_loss":0.0,"gold_gain":0.0,"event_name":"Wheel of Change","player_choice":"Full Heal","floor":46.0,"gold_loss":0.0,"damage_taken":0.0}],"is_beta":false,"boss_relics":[{"not_picked":["hubris:BlackHole","CCEMRelics:TransientCore"],"picked":"thethorton:BottledFunds"},{"not_picked":["Painkiller Herb","Coffee Dripper"],"picked":"Black Star"}],"items_purged_floors":[],"is_endless":false,"potions_floor_spawned":[1,2,5,16,19,28,31,33,35,37,39],"ascension_level":0}}