{"host":"so6fnfq7th6ki9q5","time":1609367237,"event":{"mods":["AchievementEnabler","BaseMod","Colored Map","Colored Powertips","Minty Spire (QoL Compilation)","Quick Restart","StSLib"],"gold_per_floor":[110,110,60,60,60,95,109,109,109,132,144,144,21,38,38,135,135,155,166,183,194,194,194,226,226,226,226,240,240,259,269,269,368,368,386,71,82,82,82,82,94,94,163,11,21,50,66,93,93,93,93,93,16,44,44],"floor_reached":56,"playtime":4613,"items_purged":["All Out Attack"],"score":1471,"play_id":"57bf3697-f7bf-4be1-8034-5f2b4c5dcd43","local_time":"20201230162717","is_ascension_mode":true,"campfire_choices":[{"data":"Deadly Poison","floor":8.0,"key":"SMITH"},{"floor":15.0,"key":"REST"},{"data":"Crippling Poison","floor":23.0,"key":"SMITH"},{"floor":29.0,"key":"REST"},{"floor":32.0,"key":"REST"},{"data":"Well Laid Plans","floor":40.0,"key":"SMITH"},{"floor":42.0,"key":"REST"},{"floor":49.0,"key":"RECALL"},{"floor":52.0,"key":"REST"}],"circlet_count":0,"master_deck":["Strike_G+1","Defend_G+1","Defend_G+1","Defend_G+1","Defend_G+1","Survivor+1","Dagger Spray+1","Deadly Poison+1","Crippling Poison+1","Dodge and Roll+1","Well Laid Plans+1","Dodge and Roll+1","Venomology+1","Dodge and Roll+1","Escape Plan+1","Backflip+1","Burst+1","Deadly Poison+1","Deflect+1","Blur+1","Adrenaline+1","Catalyst+1","Madness+1","Madness+1","Madness+1","Outmaneuver+1","Burst+1","Acrobatics+1","Deadly Poison+1","Concentrate+1","PiercingWail+1"],"relics":["Ring of the Serpent","Pen Nib","Toxic Egg 2","Vajra","PreservedInsect","HornCleat","Empty Cage","Happy Flower","Bronze Scales","StrikeDummy","Unceasing Top"],"acts_visited":["Exordium","TheCity","TheBeyond","TheEnding"],"potions_floor_usage":[55,55,55,55,55],"damage_taken":[{"damage":0.0,"enemies":"Cultist","floor":1.0,"turns":4.0},{"damage":41.0,"enemies":"Lagavulin","floor":6.0,"turns":10.0},{"damage":0.0,"enemies":"Small Slimes","floor":7.0,"turns":2.0},{"damage":1.0,"enemies":"Jaw Worm","floor":11.0,"turns":3.0},{"damage":0.0,"enemies":"2 Fungi Beasts","floor":14.0,"turns":4.0},{"damage":2.0,"enemies":"Hexaghost","floor":16.0,"turns":9.0},{"damage":3.0,"enemies":"Spheric Guardian","floor":18.0,"turns":5.0},{"damage":0.0,"enemies":"Shell Parasite","floor":19.0,"turns":5.0},{"damage":8.0,"enemies":"Snake Plant","floor":20.0,"turns":4.0},{"damage":7.0,"enemies":"3 Cultists","floor":21.0,"turns":5.0},{"damage":16.0,"enemies":"Book of Stabbing","floor":24.0,"turns":7.0},{"damage":0.0,"enemies":"Shelled Parasite and Fungi","floor":28.0,"turns":5.0},{"damage":1.0,"enemies":"Snake Plant","floor":30.0,"turns":3.0},{"damage":0.0,"enemies":"3 Cultists","floor":31.0,"turns":3.0},{"damage":26.0,"enemies":"Champ","floor":33.0,"turns":14.0},{"damage":9.0,"enemies":"3 Darklings","floor":35.0,"turns":4.0},{"damage":0.0,"enemies":"Orb Walker","floor":37.0,"turns":3.0},{"damage":0.0,"enemies":"Sphere and 2 Shapes","floor":41.0,"turns":5.0},{"damage":0.0,"enemies":"Spire Growth","floor":45.0,"turns":4.0},{"damage":0.0,"enemies":"Nemesis","floor":46.0,"turns":3.0},{"damage":0.0,"enemies":"3 Darklings","floor":47.0,"turns":3.0},{"damage":0.0,"enemies":"Reptomancer","floor":48.0,"turns":2.0},{"damage":40.0,"enemies":"Time Eater","floor":50.0,"turns":4.0},{"damage":46.0,"enemies":"Shield and Spear","floor":54.0,"turns":6.0},{"damage":23,"enemies":"The Heart","floor":55,"turns":7}],"seed_played":"-5342421177715363464","potions_obtained":[{"floor":6.0,"key":"EntropicBrew"},{"floor":7.0,"key":"GhostInAJar"},{"floor":18.0,"key":"Explosive Potion"},{"floor":24.0,"key":"Poison Potion"},{"floor":30.0,"key":"Block Potion"},{"floor":31.0,"key":"Explosive Potion"},{"floor":35.0,"key":"Block Potion"},{"floor":46.0,"key":"DuplicationPotion"}],"is_trial":false,"path_per_floor":["M","?","?","?","?","E","M","R","T","T","M","?","$","M","R","B",null,"M","M","M","M","?","R","E","?","T","?","M","R","M","M","R","B",null,"M","$","M","?","?","R","M","R","T","$","M","E","M","E","R","B",null,"R","$","E","B",null],"character_chosen":"THE_SILENT","items_purchased":["Dodge and Roll+1","Well Laid Plans","Happy Flower","Madness+1","Burst+1","PiercingWail+1","Weak Potion"],"campfire_rested":5,"item_purchase_floors":[13,13,36,36,44,53,53],"current_hp_per_floor":[70,70,70,56,49,8,8,8,8,8,7,7,7,7,28,26,59,56,56,48,41,41,41,25,25,25,25,25,46,45,45,66,40,63,54,54,54,54,45,45,45,66,66,66,66,66,66,66,66,26,59,70,70,24,1],"gold":44,"neow_bonus":"UPGRADE_CARD","is_daily":false,"chose_seed":false,"campfire_upgraded":3,"win_rate":0.0,"timestamp":1609367237,"path_taken":["M","?","?","?","?","E","?","R","T","?","M","?","$","M","R","BOSS","M","?","M","M","?","R","E","?","T","?","M","R","?","M","R","BOSS","M","$","M","?","?","R","M","R","T","$","M","E","M","E","R","BOSS","R","$","E","BOSS"],"items_purchased_type":["Card","Card","Relic","Card","Card","Card","Potion"],"build_version":"2020-12-22","purchased_purges":1,"victory":true,"max_hp_per_floor":[70,70,70,70,70,70,70,70,70,70,70,70,70,70,70,70,70,70,70,70,70,70,70,70,70,70,70,70,70,70,70,70,70,70,70,70,70,70,70,70,70,70,70,70,70,70,70,70,70,70,70,70,70,70,70],"card_choices":[{"not_picked":["Underhanded Strike","Cloak And Dagger"],"picked":"Dagger Spray","floor":1.0},{"not_picked":["Blade Dance","Prepared"],"picked":"Deadly Poison","floor":6.0},{"not_picked":["Dash","Backstab"],"picked":"Crippling Poison","floor":7.0},{"not_picked":["Sucker Punch","Underhanded Strike","Outmaneuver+1"],"picked":"SKIP","floor":11.0},{"not_picked":["Heel Hook","Eviscerate"],"picked":"Dodge and Roll+1","floor":14.0},{"not_picked":["Unload","Envenom"],"picked":"Venomology+1","floor":16.0},{"not_picked":["Dagger Throw","Poisoned Stab+1"],"picked":"Dodge and Roll+1","floor":18.0},{"not_picked":["Slice+1","Finisher"],"picked":"Escape Plan+1","floor":19.0},{"not_picked":["Acrobatics+1","Underhanded Strike"],"picked":"Backflip+1","floor":20.0},{"not_picked":["Underhanded Strike","Distraction+1","Acrobatics+1"],"picked":"SKIP","floor":21.0},{"not_picked":["Flying Knee","Dash","Choke"],"picked":"SKIP","floor":24.0},{"not_picked":["Dagger Spray","Blade Dance+1"],"picked":"Deflect+1","floor":28.0},{"not_picked":["Footwork+1","Malaise+1"],"picked":"Blur+1","floor":30.0},{"not_picked":["Eviscerate","Sucker Punch+1","Acrobatics+1"],"picked":"SKIP","floor":31.0},{"not_picked":["Wraith Form v2","Bullet Time+1"],"picked":"Adrenaline+1","floor":33.0},{"not_picked":["Dagger Spray+1","Flying Knee"],"picked":"Catalyst+1","floor":35.0},{"not_picked":["Riddle With Holes+1","Masterful Stab+1","Blade Dance+1"],"picked":"SKIP","floor":37.0},{"not_picked":["Dagger Throw+1","Poisoned Stab"],"picked":"Outmaneuver+1","floor":41.0},{"not_picked":["Heel Hook+1","Masterful Stab"],"picked":"Acrobatics+1","floor":45.0},{"not_picked":["Infinite Blades","Unload"],"picked":"Deadly Poison+1","floor":46.0},{"not_picked":["Flying Knee","Slice+1"],"picked":"Concentrate+1","floor":47.0},{"not_picked":["Underhanded Strike+1","Dagger Spray+1","Quick Slash+1"],"picked":"SKIP","floor":48.0},{"not_picked":["Quick Slash+1","Heel Hook","Flechettes"],"picked":"SKIP","floor":54.0}],"player_experience":298320,"relics_obtained":[{"floor":6.0,"key":"Pen Nib"},{"floor":9.0,"key":"Toxic Egg 2"},{"floor":10.0,"key":"Vajra"},{"floor":24.0,"key":"PreservedInsect"},{"floor":26.0,"key":"HornCleat"},{"floor":46.0,"key":"Bronze Scales"},{"floor":48.0,"key":"StrikeDummy"},{"floor":54.0,"key":"Unceasing Top"}],"event_choices":[{"damage_healed":0.0,"max_hp_gain":0.0,"max_hp_loss":0.0,"gold_gain":0.0,"event_name":"Living Wall","player_choice":"Grow","floor":2.0,"gold_loss":0.0,"damage_taken":0.0,"cards_upgraded":["Dagger Spray"]},{"cards_removed":["Strike_G"],"damage_healed":0.0,"max_hp_gain":0.0,"max_hp_loss":0.0,"gold_gain":0.0,"event_name":"The Cleric","player_choice":"Card Removal","floor":3.0,"gold_loss":50.0,"damage_taken":0.0},{"damage_healed":0.0,"max_hp_gain":0.0,"max_hp_loss":0.0,"gold_gain":0.0,"event_name":"Shining Light","player_choice":"Entered Light","floor":4.0,"gold_loss":0.0,"damage_taken":14.0,"cards_upgraded":["Strike_G","Defend_G"]},{"cards_removed":["Defend_G"],"damage_healed":0.0,"max_hp_gain":0.0,"max_hp_loss":0.0,"gold_gain":0.0,"event_name":"Golden Wing","player_choice":"Card Removal","floor":5.0,"gold_loss":0.0,"damage_taken":7.0},{"cards_removed":["Strike_G"],"damage_healed":0.0,"max_hp_gain":0.0,"max_hp_loss":0.0,"gold_gain":0.0,"event_name":"Purifier","player_choice":"Purged","floor":12.0,"gold_loss":0.0,"damage_taken":0.0},{"damage_healed":0.0,"max_hp_gain":0.0,"max_hp_loss":0.0,"gold_gain":0.0,"event_name":"Vampires","player_choice":"Ignored","floor":22.0,"gold_loss":0.0,"damage_taken":0.0},{"damage_healed":0.0,"max_hp_gain":0.0,"max_hp_loss":0.0,"gold_gain":0.0,"event_name":"Back to Basics","player_choice":"Simplicity","floor":25.0,"gold_loss":0.0,"damage_taken":0.0,"cards_upgraded":["Strike_G","Strike_G","Defend_G","Defend_G","Defend_G"]},{"damage_healed":0.0,"max_hp_gain":0.0,"max_hp_loss":0.0,"gold_gain":0.0,"event_name":"Match and Keep!","player_choice":"3 cards matched","floor":27.0,"gold_loss":0.0,"damage_taken":0.0,"cards_obtained":["Burst","Deadly Poison","All Out Attack"]},{"cards_removed":["Neutralize"],"damage_healed":0.0,"max_hp_gain":0.0,"max_hp_loss":0.0,"gold_gain":0.0,"event_name":"Falling","player_choice":"Removed Attack","floor":38.0,"gold_loss":0.0,"damage_taken":0.0},{"damage_healed":0.0,"max_hp_gain":0.0,"max_hp_loss":0.0,"gold_gain":0.0,"event_name":"Winding Halls","player_choice":"Embrace Madness","floor":39.0,"gold_loss":0.0,"damage_taken":9.0,"cards_obtained":["Madness","Madness"]}],"is_beta":false,"boss_relics":[{"not_picked":["Busted Crown","Velvet Choker"],"picked":"Ring of the Serpent"},{"not_picked":["Pandora\u0027s Box","Sozu"],"picked":"Empty Cage"}],"items_purged_floors":[36],"is_endless":false,"potions_floor_spawned":[6,7,11,18,24,30,31,35,46,47],"ascension_level":5}}