{"host":"qm4rv4rkpk76sbxu","time":1609333261,"event":{"mods":["BaseMod","Bestiary","Block Reminder","DeckTracker","Filter the Spire","Keyboard Shortcuts","Minty Spire (QoL Compilation)","MonsterHotkey","Potion Indicator Mod","Quick Restart","Random Character Button","Relic Stats","Slay-I","StSLib","ojb\u0027s Better Paths Mod"],"gold_per_floor":[211,221,221,50,68,68,84,84,107,134,134,167,132,196,196,273,273,287,307,83,94,106,433,433,459,486,513,531,540,582,598,607,690,690,710,739,754,772,532,541,584,9,42,86,105,105,105],"floor_reached":46,"playtime":2859,"items_purged":["Pain","Decay"],"score":1325,"play_id":"cd86ec84-e99c-49f2-97ef-1abd01dd70b6","local_time":"20201230140101","is_ascension_mode":true,"campfire_choices":[{"data":"Skewer","floor":6.0,"key":"SMITH"},{"data":"Terror","floor":11.0,"key":"SMITH"},{"data":"Doppelganger","floor":15.0,"key":"SMITH"},{"data":"Wraith Form v2","floor":24.0,"key":"SMITH"},{"floor":32.0,"key":"REST"},{"floor":40.0,"key":"REST"}],"circlet_count":0,"master_deck":["AscendersBane","Strike_G","Strike_G","Strike_G","Defend_G","Defend_G","Defend_G","Defend_G","Defend_G","Survivor","Neutralize","Skewer+1","Poisoned Stab","Masterful Stab","Terror+1","Doppelganger+1","Catalyst","Burst","Cloak And Dagger","Wraith Form v2+1","Dodge and Roll","Backflip","Noxious Fumes","Reflex","Venomology","Acrobatics","Wraith Form v2","Backflip","Calculated Gamble+1","PiercingWail+1","Dodge and Roll+1","Tactician+1","Burst+1","Parasite","Noxious Fumes+1","Backflip+1"],"relics":["Ring of the Snake","Darkstone Periapt","Centennial Puzzle","Dead Branch","Lantern","Anchor","Dream Catcher","Strawberry","Cursed Key","TwistedFunnel","Old Coin","MealTicket","CeramicFish","WarpedTongs","Bag of Marbles","HoveringKite","Strange Spoon","Ancient Tea Set","Toxic Egg 2","Boot"],"acts_visited":["Exordium","TheCity","TheBeyond"],"potions_floor_usage":[45,45,46,46,46],"damage_taken":[{"damage":0.0,"enemies":"Cultist","floor":1.0,"turns":4.0},{"damage":0.0,"enemies":"Jaw Worm","floor":2.0,"turns":6.0},{"damage":0.0,"enemies":"Small Slimes","floor":5.0,"turns":4.0},{"damage":1.0,"enemies":"3 Louse","floor":7.0,"turns":5.0},{"damage":12.0,"enemies":"3 Sentries","floor":10.0,"turns":4.0},{"damage":20.0,"enemies":"Lagavulin","floor":12.0,"turns":5.0},{"damage":5.0,"enemies":"3 Sentries","floor":14.0,"turns":7.0},{"damage":0.0,"enemies":"Slime Boss","floor":16.0,"turns":4.0},{"damage":16.0,"enemies":"3 Byrds","floor":18.0,"turns":5.0},{"damage":6.0,"enemies":"2 Thieves","floor":19.0,"turns":3.0},{"damage":0.0,"enemies":"Centurion and Healer","floor":21.0,"turns":3.0},{"damage":19.0,"enemies":"Shelled Parasite and Fungi","floor":22.0,"turns":5.0},{"damage":5.0,"enemies":"Book of Stabbing","floor":23.0,"turns":3.0},{"damage":13.0,"enemies":"Gremlin Leader","floor":25.0,"turns":5.0},{"damage":2.0,"enemies":"Sentry and Sphere","floor":27.0,"turns":4.0},{"damage":5.0,"enemies":"Slavers","floor":30.0,"turns":5.0},{"damage":2.0,"enemies":"Snake Plant","floor":31.0,"turns":3.0},{"damage":31.0,"enemies":"Collector","floor":33.0,"turns":7.0},{"damage":7.0,"enemies":"3 Shapes","floor":35.0,"turns":5.0},{"damage":16.0,"enemies":"3 Darklings","floor":36.0,"turns":6.0},{"damage":28.0,"enemies":"Transient","floor":37.0,"turns":6.0},{"damage":5.0,"enemies":"4 Shapes","floor":38.0,"turns":7.0},{"damage":1.0,"enemies":"Giant Head","floor":41.0,"turns":7.0},{"damage":51.0,"enemies":"Reptomancer","floor":44.0,"turns":10.0},{"damage":5,"enemies":"Jaw Worm Horde","floor":45,"turns":4},{"damage":45,"enemies":"Giant Head","floor":46,"turns":5}],"seed_played":"1424226371074014939","potions_obtained":[{"floor":1.0,"key":"Explosive Potion"},{"floor":5.0,"key":"SpeedPotion"},{"floor":12.0,"key":"Block Potion"},{"floor":19.0,"key":"LiquidBronze"},{"floor":25.0,"key":"CultistPotion"},{"floor":30.0,"key":"DuplicationPotion"},{"floor":44.0,"key":"LiquidBronze"},{"floor":45,"key":"ColorlessPotion"}],"is_trial":false,"path_per_floor":["M","M","T","$","M","R","M","?","T","E","R","E","?","?","R","B",null,"M","M","$","M","M","E","R","E","T","M","?","?","E","M","R","B",null,"M","M","M","M","$","R","E","$","T","E","M","E"],"character_chosen":"THE_SILENT","items_purchased":["Centennial Puzzle","TwistedFunnel","Cloak And Dagger","Strange Spoon","Toxic Egg 2","Tactician+1","Burst+1"],"campfire_rested":2,"item_purchase_floors":[4,20,20,39,42,42,42],"current_hp_per_floor":[59,59,59,59,59,59,58,53,53,41,41,21,37,39,39,39,65,49,43,43,43,24,19,19,6,12,10,10,16,11,9,34,3,65,58,42,14,9,24,49,48,63,69,33,28,0,0],"gold":105,"neow_bonus":"HUNDRED_GOLD","is_daily":false,"chose_seed":false,"campfire_upgraded":4,"win_rate":0.0,"timestamp":1609333261,"path_taken":["M","M","?","$","M","R","M","?","T","E","R","E","?","?","R","BOSS","M","M","$","M","M","E","R","E","T","M","?","?","E","M","R","BOSS","M","?","M","M","?","R","E","$","T","E","?","E"],"items_purchased_type":["Relic","Relic","Card","Relic","Relic","Card","Card"],"build_version":"2020-12-22","purchased_purges":2,"victory":false,"max_hp_per_floor":[66,66,66,66,66,66,66,66,66,66,66,66,66,73,73,73,73,73,73,73,73,73,73,73,73,79,79,79,85,85,85,85,85,85,85,85,85,85,85,85,85,85,91,91,91,91,91],"relic_stats":{"Darkstone Periapt":18,"counters":[26,132],"Dead Branch":[137],"CeramicFish":144,"HoveringKite":[27],"Cursed Key":2,"Boot":[3],"WarpedTongs":[64],"Strange Spoon":[33],"Centennial Puzzle":[60],"Dream Catcher":2,"MealTicket":30,"obtain_stats":[{"Darkstone Periapt":3,"TwistedFunnel":20,"Lantern":9,"Dead Branch":8,"CeramicFish":26,"HoveringKite":34,"Cursed Key":17,"Ancient Tea Set":41,"Boot":44,"Old Coin":23,"WarpedTongs":29,"Strange Spoon":39,"Centennial Puzzle":4,"Anchor":10,"Dream Catcher":12,"Strawberry":14,"MealTicket":25,"Bag of Marbles":30,"Toxic Egg 2":42,"Ring of the Snake":0},{"Darkstone Periapt":2,"TwistedFunnel":10,"Lantern":4,"Dead Branch":4,"CeramicFish":14,"HoveringKite":18,"Cursed Key":8,"Ancient Tea Set":23,"Boot":24,"Old Coin":13,"WarpedTongs":15,"Strange Spoon":22,"Centennial Puzzle":2,"Anchor":5,"Dream Catcher":6,"Strawberry":7,"MealTicket":14,"Bag of Marbles":16,"Toxic Egg 2":23,"Ring of the Snake":0},{"Darkstone Periapt":10,"TwistedFunnel":47,"Lantern":19,"Dead Branch":19,"CeramicFish":63,"HoveringKite":82,"Cursed Key":39,"Ancient Tea Set":113,"Boot":123,"Old Coin":58,"WarpedTongs":67,"Strange Spoon":106,"Centennial Puzzle":10,"Anchor":23,"Dream Catcher":28,"Strawberry":35,"MealTicket":63,"Bag of Marbles":72,"Toxic Egg 2":113,"Ring of the Snake":0}],"Ring of the Snake":[52]},"card_choices":[{"not_picked":["Reflex","Accuracy"],"picked":"Skewer","floor":1.0},{"not_picked":["Deadly Poison","Riddle With Holes","Escape Plan"],"picked":"SKIP","floor":2.0},{"not_picked":["Backflip","Acrobatics"],"picked":"Poisoned Stab","floor":5.0},{"not_picked":["Cloak And Dagger","Prepared"],"picked":"Masterful Stab","floor":7.0},{"not_picked":["Tactician","Backflip"],"picked":"Terror","floor":10.0},{"not_picked":["Quick Slash","Tactician"],"picked":"Doppelganger","floor":12.0},{"not_picked":["Expertise","Deadly Poison"],"picked":"Catalyst","floor":14.0},{"not_picked":["Glass Knife","Unload"],"picked":"Burst","floor":16.0},{"not_picked":["Dagger Throw","Eviscerate","Flying Knee+1"],"picked":"SKIP","floor":18.0},{"not_picked":["Prepared","PiercingWail","Slice"],"picked":"SKIP","floor":19.0},{"not_picked":["Distraction","Flying Knee","Outmaneuver"],"picked":"SKIP","floor":21.0},{"not_picked":["Prepared","Bane","Predator"],"picked":"SKIP","floor":22.0},{"not_picked":["Slice","Flying Knee"],"picked":"Wraith Form v2","floor":23.0},{"not_picked":["Prepared","Acrobatics"],"picked":"Dodge and Roll","floor":25.0},{"not_picked":["Blade Dance+1","Eviscerate+1"],"picked":"Backflip","floor":27.0},{"not_picked":["Tactician","Terror"],"picked":"Venomology","floor":30.0},{"not_picked":["Blade Dance","PiercingWail","Sucker Punch"],"picked":"SKIP","floor":31.0},{"not_picked":["Finisher","Bane"],"picked":"Acrobatics","floor":32.0},{"not_picked":["Doppelganger","Corpse Explosion"],"picked":"Wraith Form v2","floor":33.0},{"not_picked":["Deflect","Underhanded Strike"],"picked":"Backflip","floor":35.0},{"not_picked":["Dash","Backflip"],"picked":"Calculated Gamble+1","floor":36.0},{"not_picked":["Finisher","Flying Knee","Endless Agony"],"picked":"SKIP","floor":37.0},{"not_picked":["Eviscerate","Expertise","Dagger Spray"],"picked":"SKIP","floor":38.0},{"not_picked":["Sucker Punch","Flechettes"],"picked":"PiercingWail+1","floor":40.0},{"not_picked":["Dagger Spray","Backflip"],"picked":"Dodge and Roll+1","floor":41.0},{"not_picked":["Unload","Deadly Poison+1"],"picked":"Noxious Fumes+1","floor":44.0},{"not_picked":["Bane","Underhanded Strike"],"picked":"Backflip+1","floor":45}],"player_experience":1171544,"relics_obtained":[{"floor":3.0,"key":"Darkstone Periapt"},{"floor":9.0,"key":"Lantern"},{"floor":10.0,"key":"Anchor"},{"floor":12.0,"key":"Dream Catcher"},{"floor":14.0,"key":"Strawberry"},{"floor":23.0,"key":"Old Coin"},{"floor":25.0,"key":"MealTicket"},{"floor":26.0,"key":"CeramicFish"},{"floor":30.0,"key":"Bag of Marbles"},{"floor":41.0,"key":"Ancient Tea Set"},{"floor":44.0,"key":"Boot"}],"event_choices":[{"damage_healed":0.0,"max_hp_gain":0.0,"max_hp_loss":0.0,"gold_gain":0.0,"event_name":"Scrap Ooze","player_choice":"Success","floor":8.0,"gold_loss":0.0,"damage_taken":5.0,"relics_obtained":["Dead Branch"]},{"damage_healed":16.0,"max_hp_gain":0.0,"max_hp_loss":0.0,"gold_gain":0.0,"event_name":"The Cleric","player_choice":"Healed","floor":13.0,"gold_loss":35.0,"damage_taken":0.0},{"damage_healed":0.0,"max_hp_gain":0.0,"max_hp_loss":0.0,"gold_gain":30.0,"event_name":"Dead Adventurer","player_choice":"Searched \u00273\u0027 times","floor":14.0,"gold_loss":0.0,"damage_taken":0.0},{"damage_healed":0.0,"max_hp_gain":0.0,"max_hp_loss":0.0,"gold_gain":0.0,"cards_transformed":["Strike_G","Strike_G"],"event_name":"Drug Dealer","player_choice":"Became Test Subject","floor":28.0,"gold_loss":0.0,"damage_taken":0.0,"cards_obtained":["Noxious Fumes","Reflex"]},{"damage_healed":0.0,"max_hp_gain":0.0,"max_hp_loss":0.0,"gold_gain":0.0,"event_name":"Accursed Blacksmith","player_choice":"Rummage","floor":29.0,"gold_loss":0.0,"damage_taken":0.0,"relics_obtained":["WarpedTongs"],"cards_obtained":["Pain"]}],"is_beta":false,"boss_relics":[{"not_picked":["Coffee Dripper","Empty Cage"],"picked":"Cursed Key"},{"not_picked":["Astrolabe","Pandora\u0027s Box"],"picked":"HoveringKite"}],"items_purged_floors":[39,42],"is_endless":false,"potions_floor_spawned":[1,5,12,19,25,30,38,44,45],"killed_by":"Giant Head","ascension_level":20}}