{"host":"rag04wbrzwiojxfu","time":1609320918,"event":{"mods":["AchievementEnabler","Alarm Clock","BaseMod","Bestiary","Block Reminder","Colored Powertips","Highlight Path","Minty Spire (QoL Compilation)","Quick Restart","Relic Sorter","Relic Stats","Shop Mod","StSLib"],"gold_per_floor":[110,110,127,52,52,52,80,80,80,80,112,4,4,4,4,106,106,122,122,10,10,10,10,10,10,10,52,52,111,11,11,11,90,90,100,172,172,172,188,188,188,221,221,50,50,50,105,130,130],"floor_reached":48,"playtime":3992,"items_purged":["Evaluate","Writhe"],"score":969,"play_id":"b35a17f6-cc8f-4288-b7f2-064d065fcffc","local_time":"20201230033518","daily_mods":["Draft","Colorless Cards","Heirloom","Flight","Elite Swarm"],"is_ascension_mode":true,"campfire_choices":[{"data":"WindmillStrike","floor":6,"key":"SMITH"},{"floor":8,"key":"REST"},{"data":"HandOfGreed","floor":10,"key":"SMITH"},{"floor":15,"key":"REST"},{"data":"Ragnarok","floor":23,"key":"SMITH"},{"floor":24,"key":"REST"},{"floor":25,"key":"REST"},{"data":"Blasphemy","floor":28,"key":"SMITH"},{"floor":32,"key":"REST"},{"floor":40,"key":"REST"},{"data":"Panache","floor":41,"key":"SMITH"},{"floor":46,"key":"REST"}],"circlet_count":0,"master_deck":["AscendersBane","FlurryOfBlows","PathToVictory","Conclude","FlurryOfBlows","Panacea","FlurryOfBlows","Swivel","FlurryOfBlows","Flash of Steel","WindmillStrike+1","Flash of Steel","EmptyFist","HandOfGreed+1","ClearTheMind","Blasphemy+1","Flash of Steel","LikeWater","Ragnarok+1","Jack Of All Trades","FlyingSleeves+1","ClearTheMind","Panache+1","Tantrum","Violence","Crescendo","FlurryOfBlows","Writhe","Violence","Vengeance+1","PathToVictory","Wish","Swivel+1"],"relics":["HolyWater","Torii","Dream Catcher","Art of War","Blue Candle","TungstenRod","Runic Pyramid","Nilry\u0027s Codex","Yang","Pantograph","Vajra","FossilizedHelix","Bottled Flame","White Beast Statue","Membership Card","Unceasing Top"],"acts_visited":["Exordium","TheCity","TheBeyond"],"potions_floor_usage":[11,16,16,20,33,35,36,39,48],"damage_taken":[{"damage":0,"enemies":"2 Louse","floor":1,"turns":2},{"damage":1,"enemies":"Cultist","floor":3,"turns":3},{"damage":22,"enemies":"Gremlin Nob","floor":7,"turns":4},{"damage":37,"enemies":"Lagavulin","floor":11,"turns":4},{"damage":22,"enemies":"Hexaghost","floor":16,"turns":7},{"damage":10,"enemies":"2 Thieves","floor":18,"turns":2},{"damage":0,"enemies":"3 Byrds","floor":27,"turns":3},{"damage":81,"enemies":"Slavers","floor":29,"turns":5},{"damage":49,"enemies":"Champ","floor":33,"turns":5},{"damage":0,"enemies":"Orb Walker","floor":35,"turns":2},{"damage":30,"enemies":"2 Orb Walkers","floor":36,"turns":2},{"damage":23,"enemies":"3 Darklings","floor":39,"turns":3},{"damage":12,"enemies":"Giant Head","floor":42,"turns":4},{"damage":47,"enemies":"Mind Bloom Boss Battle","floor":47,"turns":4},{"damage":47,"enemies":"4 Shapes","floor":48,"turns":3}],"seed_played":"6793790441414601904","potions_obtained":[{"floor":7,"key":"FearPotion"},{"floor":11,"key":"SkillPotion"},{"floor":16,"key":"Fruit Juice"},{"floor":27,"key":"BlessingOfTheForge"},{"floor":33,"key":"SteroidPotion"},{"floor":35,"key":"LiquidBronze"},{"floor":36,"key":"Weak Potion"},{"floor":47,"key":"BottledMiracle"}],"is_trial":true,"path_per_floor":["M","?","M","$","T","R","E","R","T","R","E","$","?","?","R","B",null,"M","?","$","?","?","R","R","R","T","M","R","E","$","?","R","B",null,"M","?","?","?","M","R","R","E","T","$","$","R","?","M"],"character_chosen":"WATCHER","items_purchased":["FairyPotion","Fruit Juice","Membership Card"],"campfire_rested":7,"item_purchase_floors":[12,20,44],"current_hp_per_floor":[61,61,60,60,60,60,38,58,58,58,21,21,21,21,41,24,61,51,34,39,39,39,39,62,78,78,78,78,23,23,23,46,22,64,64,34,50,50,27,50,50,38,38,38,38,61,31,0,0],"gold":130,"neow_bonus":"","is_daily":false,"chose_seed":false,"campfire_upgraded":5,"win_rate":0.0,"timestamp":1609320918,"path_taken":["M","?","M","$","?","R","E","R","T","R","E","$","?","?","R","BOSS","M","?","$","?","?","R","R","R","T","?","R","E","$","?","R","BOSS","M","?","?","?","?","R","R","E","T","$","$","R","?","M"],"items_purchased_type":["Potion","Potion","Relic"],"build_version":"2020-12-22","purchased_purges":2,"victory":false,"max_hp_per_floor":[68,68,68,68,68,68,68,68,68,68,68,68,68,68,68,73,73,73,73,78,78,78,78,78,78,78,78,78,78,78,78,78,78,78,78,78,78,78,78,78,78,78,78,78,78,78,78,78,78],"relic_stats":{"Dream Catcher":7,"Torii":11,"counters":[15,53],"Blue Candle":[6],"Pantograph":42,"Yang":[153],"Art of War":[2],"obtain_stats":[{"Torii":0,"Nilry\u0027s Codex":19,"Blue Candle":9,"Vajra":29,"Yang":22,"White Beast Statue":43,"Dream Catcher":5,"Bottled Flame":42,"Pantograph":26,"HolyWater":34,"Art of War":7,"Membership Card":44,"PureWater":0,"TungstenRod":11,"FossilizedHelix":36,"Unceasing Top":47,"Runic Pyramid":17},{"Torii":0,"Nilry\u0027s Codex":6,"Blue Candle":3,"Vajra":8,"Yang":6,"White Beast Statue":13,"Dream Catcher":2,"Bottled Flame":13,"Pantograph":6,"HolyWater":9,"Art of War":3,"Membership Card":13,"PureWater":0,"TungstenRod":4,"FossilizedHelix":11,"Unceasing Top":14,"Runic Pyramid":5},{"Torii":0,"Nilry\u0027s Codex":22,"Blue Candle":9,"Vajra":30,"Yang":22,"White Beast Statue":46,"Dream Catcher":5,"Bottled Flame":46,"Pantograph":22,"HolyWater":35,"Art of War":9,"Membership Card":46,"PureWater":0,"TungstenRod":13,"FossilizedHelix":39,"Unceasing Top":50,"Runic Pyramid":20}],"TungstenRod":61,"Unceasing Top":[0]},"card_choices":[{"not_picked":["PathToVictory","SandsOfTime"],"picked":"FlurryOfBlows","floor":0},{"not_picked":["EmptyBody","Swift Strike"],"picked":"PathToVictory","floor":0},{"not_picked":["Consecrate","FollowUp"],"picked":"Conclude","floor":0},{"not_picked":["EmptyBody","Finesse"],"picked":"FlurryOfBlows","floor":0},{"not_picked":["Pray","DeceiveReality"],"picked":"Panacea","floor":0},{"not_picked":["FollowUp","ThirdEye"],"picked":"FlurryOfBlows","floor":0},{"not_picked":["FollowUp","SashWhip"],"picked":"Worship","floor":0},{"not_picked":["JustLucky","FlyingSleeves"],"picked":"Evaluate","floor":0},{"not_picked":["JustLucky","ThirdEye"],"picked":"Swivel","floor":0},{"not_picked":["FlyingSleeves","BowlingBash"],"picked":"Halt","floor":0},{"not_picked":["WindmillStrike","CrushJoints"],"picked":"FlurryOfBlows","floor":0},{"not_picked":["Impatience","SashWhip"],"picked":"Flash of Steel","floor":0},{"not_picked":["Jack Of All Trades","JustLucky"],"picked":"WindmillStrike","floor":0},{"not_picked":["Pray","Prostrate"],"picked":"Flash of Steel","floor":0},{"not_picked":["Discovery","JustLucky"],"picked":"EmptyFist","floor":0},{"not_picked":["FollowUp","Collect","Halt"],"picked":"SKIP","floor":1},{"not_picked":["ForeignInfluence","EmptyFist"],"picked":"Consecrate","floor":3},{"not_picked":["Ragnarok","DeusExMachina"],"picked":"HandOfGreed","floor":7},{"not_picked":["Pray","ReachHeaven"],"picked":"ClearTheMind","floor":8},{"not_picked":["Establishment","Secret Weapon"],"picked":"Blasphemy","floor":11},{"not_picked":["Consecrate","Fasting2"],"picked":"LikeWater","floor":15},{"not_picked":["Blasphemy","Sadistic Nature"],"picked":"Ragnarok","floor":16},{"not_picked":["Halt","FlyingSleeves","EmptyBody"],"picked":"SKIP","floor":18},{"not_picked":["EmptyBody","FlyingSleeves"],"picked":"Jack Of All Trades","floor":24},{"not_picked":["Prostrate","Consecrate"],"picked":"FlyingSleeves+1","floor":25},{"not_picked":["CutThroughFate+1","Nirvana"],"picked":"ClearTheMind","floor":27},{"not_picked":["Secret Technique","Alpha"],"picked":"Panache","floor":29},{"not_picked":["Madness","PathToVictory"],"picked":"Tantrum","floor":32},{"not_picked":["Judgement","SpiritShield"],"picked":"Violence","floor":33},{"not_picked":["FlyingSleeves","Purity"],"picked":"Crescendo","floor":35},{"not_picked":["Nirvana","CrushJoints"],"picked":"FlurryOfBlows","floor":36},{"not_picked":["Discovery","Mayhem"],"picked":"Violence","floor":38},{"not_picked":["Prostrate","Protect"],"picked":"Vengeance+1","floor":39},{"not_picked":["Enlightenment","Pray"],"picked":"PathToVictory","floor":40},{"not_picked":["Master of Strategy","Alpha"],"picked":"Wish","floor":42},{"not_picked":["EmptyFist","Meditate"],"picked":"Swivel+1","floor":46}],"player_experience":253826,"relics_obtained":[{"floor":5,"key":"Dream Catcher"},{"floor":7,"key":"Art of War"},{"floor":9,"key":"Blue Candle"},{"floor":11,"key":"TungstenRod"},{"floor":19,"key":"Nilry\u0027s Codex"},{"floor":26,"key":"Pantograph"},{"floor":29,"key":"Vajra"},{"floor":36,"key":"FossilizedHelix"},{"floor":42,"key":"Bottled Flame"},{"floor":43,"key":"White Beast Statue"},{"floor":47,"key":"Unceasing Top"}],"event_choices":[{"cards_removed":["Worship"],"damage_healed":0,"gold_gain":0,"player_choice":"Purged","damage_taken":0,"max_hp_gain":0,"max_hp_loss":0,"event_name":"Purifier","floor":2,"gold_loss":0},{"damage_healed":0,"gold_gain":0,"player_choice":"Ignored","damage_taken":0,"max_hp_gain":0,"max_hp_loss":0,"event_name":"Liars Game","floor":13,"gold_loss":0},{"damage_healed":0,"gold_gain":0,"cards_transformed":["Halt"],"player_choice":"Change","damage_taken":0,"max_hp_gain":0,"max_hp_loss":0,"event_name":"Living Wall","floor":14,"gold_loss":0,"cards_obtained":["Flash of Steel"]},{"damage_healed":0,"gold_gain":0,"player_choice":"Obtained Book","damage_taken":21,"max_hp_gain":0,"max_hp_loss":0,"event_name":"Cursed Tome","floor":19,"gold_loss":0},{"cards_removed":["Consecrate"],"damage_healed":0,"gold_gain":0,"player_choice":"Elegance","damage_taken":0,"max_hp_gain":0,"max_hp_loss":0,"event_name":"Back to Basics","floor":21,"gold_loss":0},{"damage_healed":0,"gold_gain":0,"player_choice":"Opened","damage_taken":0,"relics_obtained":["Yang"],"max_hp_gain":0,"max_hp_loss":0,"event_name":"The Mausoleum","floor":22,"gold_loss":0,"cards_obtained":["Writhe"]},{"damage_healed":0,"gold_gain":0,"player_choice":"Ignored","damage_taken":0,"max_hp_gain":0,"max_hp_loss":0,"event_name":"Ghosts","floor":31,"gold_loss":0},{"damage_healed":0,"gold_gain":0,"player_choice":"Fight","damage_taken":0,"max_hp_gain":0,"max_hp_loss":0,"event_name":"Mysterious Sphere","floor":36,"gold_loss":0},{"damage_healed":16,"gold_gain":0,"player_choice":"Writhe","damage_taken":0,"max_hp_gain":0,"max_hp_loss":0,"event_name":"Winding Halls","floor":37,"gold_loss":0,"cards_obtained":["Writhe"]},{"damage_healed":0,"gold_gain":0,"player_choice":"Memory 1","damage_taken":0,"max_hp_gain":0,"max_hp_loss":0,"event_name":"SensoryStone","floor":38,"gold_loss":0},{"damage_healed":0,"gold_gain":0,"player_choice":"Fight","damage_taken":0,"max_hp_gain":0,"max_hp_loss":0,"event_name":"MindBloom","floor":47,"gold_loss":0}],"is_beta":false,"boss_relics":[{"not_picked":["Snecko Eye","Sozu"],"picked":"Runic Pyramid"},{"not_picked":["Empty Cage","Tiny House"],"picked":"HolyWater"}],"items_purged_floors":[4,30],"is_endless":false,"potions_floor_spawned":[7,11,16,27,33,35,36,47],"killed_by":"4 Shapes","ascension_level":20}}