{"host":"w4qf11634cf28tiw","time":1609352962,"event":{"mods":["BaseMod","Colored Map","Colored Powertips","Minty Spire (QoL Compilation)","Quick Restart","StSLib"],"gold_per_floor":[119,119,130,149,159,159,185,185,212,222,222,222],"floor_reached":11,"playtime":1417,"items_purged":[],"score":75,"play_id":"ef7ec704-4abc-4585-9e04-00539301ec9a","local_time":"20201230132922","is_ascension_mode":false,"campfire_choices":[{"data":"Eruption","floor":6.0,"key":"SMITH"},{"data":"Vigilance","floor":8,"key":"SMITH"}],"circlet_count":0,"master_deck":["Strike_P","Strike_P","Strike_P","Strike_P","Defend_P","Defend_P","Defend_P","Eruption+1","Vigilance+1","PathToVictory","Crescendo","Prostrate","Protect","WaveOfTheHand"],"relics":["PureWater","Damaru","Centennial Puzzle"],"acts_visited":["Exordium"],"potions_floor_usage":[],"damage_taken":[{"damage":0.0,"enemies":"Cultist","floor":1.0,"turns":4.0},{"damage":7.0,"enemies":"2 Louse","floor":3.0,"turns":3.0},{"damage":3.0,"enemies":"Jaw Worm","floor":4.0,"turns":3.0},{"damage":9.0,"enemies":"3 Louse","floor":5.0,"turns":3.0},{"damage":30.0,"enemies":"Lagavulin","floor":7.0,"turns":7.0},{"damage":11,"enemies":"Exordium Wildlife","floor":10,"turns":5},{"damage":36,"enemies":"Gremlin Nob","floor":11,"turns":4}],"seed_played":"8746296592631194803","potions_obtained":[{"floor":5.0,"key":"DistilledChaos"},{"floor":10,"key":"SpeedPotion"}],"is_trial":false,"path_per_floor":["M","?","M","M","M","R","E","R","T","M","E"],"character_chosen":"WATCHER","items_purchased":[],"campfire_rested":0,"item_purchase_floors":[],"current_hp_per_floor":[79,79,72,69,60,60,30,30,30,19,0,0],"gold":222,"neow_bonus":"TEN_PERCENT_HP_BONUS","is_daily":false,"chose_seed":false,"campfire_upgraded":2,"win_rate":0.0,"timestamp":1609352962,"path_taken":["M","?","?","M","M","R","E","R","T","M","E"],"items_purchased_type":[],"build_version":"2020-12-22","purchased_purges":0,"victory":false,"max_hp_per_floor":[79,79,79,79,79,79,79,79,79,79,79,79],"card_choices":[{"not_picked":["SashWhip","JustLucky","FlurryOfBlows"],"picked":"SKIP","floor":1.0},{"not_picked":["Weave","Sanctity"],"picked":"Crescendo","floor":3.0},{"not_picked":["BowlingBash","CrushJoints","Nirvana"],"picked":"SKIP","floor":4.0},{"not_picked":["BowlingBash","EmptyFist"],"picked":"Prostrate","floor":5.0},{"not_picked":["Adaptation","Perseverance"],"picked":"Protect","floor":7},{"not_picked":["SashWhip","CrushJoints"],"picked":"WaveOfTheHand","floor":10}],"player_experience":25172,"relics_obtained":[{"floor":7,"key":"Damaru"},{"floor":9,"key":"Centennial Puzzle"}],"event_choices":[{"damage_healed":0.0,"max_hp_gain":0.0,"max_hp_loss":0.0,"gold_gain":0.0,"cards_transformed":["Defend_P"],"event_name":"Transmorgrifier","player_choice":"Transformed","floor":2.0,"gold_loss":0.0,"damage_taken":0.0,"cards_obtained":["PathToVictory"]}],"is_beta":false,"boss_relics":[],"items_purged_floors":[],"is_endless":false,"potions_floor_spawned":[5,10],"killed_by":"Gremlin Nob","ascension_level":0}}