{"host":"yp47u74hk6n79vj1","time":1609359811,"event":{"mods":["BaseMod","Colored Map","Highlight Path","Minty Spire (QoL Compilation)"],"gold_per_floor":[116,126,126,51,65,65,92,92,147,159,176,126,126,156,156,256,256,266,266,281,130,130,130,141,174,201,220,250,349,349,349],"floor_reached":30,"playtime":1388,"items_purged":["Bash","Strike_R"],"score":292,"play_id":"48657eaf-b62f-46f5-a456-53ab5f538d5e","local_time":"20201230152331","is_ascension_mode":true,"campfire_choices":[{"data":"Iron Wave","floor":8,"key":"SMITH"},{"data":"Metallicize","floor":13,"key":"SMITH"},{"data":"Body Slam","floor":15,"key":"SMITH"},{"data":"Shrug It Off","floor":23,"key":"SMITH"}],"circlet_count":0,"master_deck":["Strike_R","Strike_R","Strike_R","Strike_R","Defend_R","Defend_R","Defend_R","Defend_R","Metallicize+1","Seeing Red","Iron Wave+1","Burning Pact","Disarm","Metallicize","Body Slam+1","Juggernaut","Battle Trance","Metallicize+1","Fire Breathing","Shrug It Off+1","Inflame","Inflame"],"relics":["Black Blood","Happy Flower","MealTicket","Question Card","Sundial","Smiling Mask"],"acts_visited":["Exordium","TheCity"],"potions_floor_usage":[7,16,24,25,25,28,28],"damage_taken":[{"damage":0,"enemies":"Small Slimes","floor":1,"turns":4},{"damage":1,"enemies":"Cultist","floor":2,"turns":4},{"damage":2,"enemies":"2 Louse","floor":5,"turns":4},{"damage":14,"enemies":"3 Sentries","floor":7,"turns":11},{"damage":22,"enemies":"Exordium Thugs","floor":10,"turns":7},{"damage":10,"enemies":"Lots of Slimes","floor":11,"turns":6},{"damage":23,"enemies":"Gremlin Nob","floor":14,"turns":6},{"damage":32,"enemies":"Hexaghost","floor":16,"turns":17},{"damage":11,"enemies":"Chosen","floor":18,"turns":7},{"damage":0,"enemies":"Shell Parasite","floor":20,"turns":8},{"damage":8,"enemies":"Snake Plant","floor":24,"turns":7},{"damage":49,"enemies":"Slavers","floor":25,"turns":7},{"damage":0,"enemies":"Shelled Parasite and Fungi","floor":27,"turns":8},{"damage":52,"enemies":"Gremlin Leader","floor":28,"turns":8},{"damage":24,"enemies":"Slavers","floor":30,"turns":2}],"seed_played":"-7670249347760552362","potions_obtained":[{"floor":2,"key":"BlessingOfTheForge"},{"floor":5,"key":"Strength Potion"},{"floor":7,"key":"HeartOfIron"},{"floor":14,"key":"LiquidBronze"},{"floor":20,"key":"LiquidMemories"},{"floor":24,"key":"BlessingOfTheForge"},{"floor":27,"key":"Explosive Potion"}],"is_trial":false,"path_per_floor":["M","M","?","$","M","$","E","R","T","M","M","?","R","E","R","B",null,"M","?","M","$","?","R","M","E","T","M","E","?","E"],"character_chosen":"IRONCLAD","items_purchased":["Shrug It Off"],"campfire_rested":0,"item_purchase_floors":[21],"current_hp_per_floor":[88,88,88,88,88,88,80,80,80,64,60,60,60,43,43,17,88,88,88,88,88,88,88,88,51,51,63,23,23,0,0],"gold":349,"neow_bonus":"TEN_PERCENT_HP_BONUS","is_daily":false,"chose_seed":false,"campfire_upgraded":4,"win_rate":0.0,"timestamp":1609359811,"path_taken":["M","M","?","$","?","$","E","R","T","M","M","?","R","E","R","BOSS","M","?","?","$","?","R","M","E","T","M","E","?","E"],"items_purchased_type":["Card"],"build_version":"2020-12-22","purchased_purges":2,"victory":false,"max_hp_per_floor":[88,88,88,88,88,88,88,88,88,88,88,88,88,88,88,88,88,88,88,88,88,88,88,88,88,88,88,88,88,88,88],"card_choices":[{"not_picked":["Shrug It Off","Flex"],"picked":"Metallicize","floor":1},{"not_picked":["Rampage","Twin Strike","True Grit"],"picked":"SKIP","floor":2},{"not_picked":["Warcry","Sword Boomerang"],"picked":"Burning Pact","floor":5},{"not_picked":["Cleave","Headbutt"],"picked":"Disarm","floor":7},{"not_picked":["Body Slam","Perfected Strike"],"picked":"Metallicize","floor":10},{"not_picked":["Cleave","Armaments","Anger"],"picked":"SKIP","floor":11},{"not_picked":["Blood for Blood","Flex"],"picked":"Body Slam","floor":14},{"not_picked":["Fiend Fire","Bludgeon","Limit Break"],"picked":"Juggernaut","floor":16},{"not_picked":["Iron Wave","Twin Strike","Cleave"],"picked":"Battle Trance","floor":18},{"not_picked":["Cleave","Uppercut","Whirlwind"],"picked":"Fire Breathing","floor":20},{"not_picked":["Havoc+1","Body Slam","Anger","Twin Strike"],"picked":"SKIP","floor":24},{"not_picked":["Twin Strike+1","Burning Pact","Reaper","Cleave"],"picked":"SKIP","floor":25},{"not_picked":["Dropkick+1","Flex","Blood for Blood","Burning Pact+1"],"picked":"SKIP","floor":27},{"not_picked":["Wild Strike","Seeing Red","Clothesline+1"],"picked":"Inflame","floor":28}],"player_experience":582237,"relics_obtained":[{"floor":7,"key":"Happy Flower"},{"floor":9,"key":"MealTicket"},{"floor":14,"key":"Question Card"},{"floor":25,"key":"Sundial"},{"floor":28,"key":"Smiling Mask"}],"event_choices":[{"damage_healed":0,"gold_gain":0,"player_choice":"3 cards matched","damage_taken":0,"max_hp_gain":0,"max_hp_loss":0,"event_name":"Match and Keep!","floor":3,"gold_loss":0,"cards_obtained":["Seeing Red","Iron Wave","Bash"]},{"cards_removed":["Bash"],"damage_healed":0,"gold_gain":0,"player_choice":"Card Removal","damage_taken":0,"max_hp_gain":0,"max_hp_loss":0,"event_name":"The Cleric","floor":12,"gold_loss":50},{"damage_healed":0,"gold_gain":0,"player_choice":"Copied","damage_taken":0,"max_hp_gain":0,"max_hp_loss":0,"event_name":"Duplicator","floor":19,"gold_loss":0,"cards_obtained":["Metallicize"]},{"damage_healed":0,"gold_gain":0,"player_choice":"Read","damage_taken":0,"max_hp_gain":0,"max_hp_loss":0,"event_name":"The Library","floor":22,"gold_loss":0,"cards_obtained":["Inflame"]},{"damage_healed":0,"gold_gain":99,"player_choice":"Stole From Cult","damage_taken":0,"max_hp_gain":0,"max_hp_loss":0,"event_name":"Nest","floor":29,"gold_loss":0}],"is_beta":false,"boss_relics":[{"not_picked":["Velvet Choker","Mark of Pain"],"picked":"Black Blood"}],"items_purged_floors":[4,21],"is_endless":false,"potions_floor_spawned":[2,5,7,14,20,24,27],"killed_by":"Slavers","ascension_level":1}}