{"host":"ne0yiqbtx1vmhgo0","time":1609340889,"event":{"mods":["BaseMod","Minty Spire (QoL Compilation)","Replay The Spire","Shop Mod","StSLib","The Bug Knight","The Cursed","The Runesmith","The Servant 0.9.4","UnlockEverythingMod"],"gold_per_floor":[111,81,101,112,126,153,153,153,153],"floor_reached":8,"playtime":582,"items_purged":[],"score":58,"play_id":"f541a7e9-4a74-4246-ba60-e96b379b3243","local_time":"20201230230809","is_ascension_mode":false,"campfire_choices":[{"data":"Runesmith:CraftFirestone","floor":7,"key":"SMITH"}],"circlet_count":0,"master_deck":["Runesmith:Strike_RS","Runesmith:Strike_RS","Runesmith:Strike_RS","Runesmith:Strike_RS","Runesmith:Defend_RS","Runesmith:Defend_RS","Runesmith:Defend_RS","Runesmith:Defend_RS","Runesmith:CraftFirestone+1","Runesmith:Fortify","Runesmith:BackupBattery","Runesmith:CreatorForm"],"relics":["Runesmith:BrokenRuby","Kunai"],"acts_visited":["Exordium"],"potions_floor_usage":[8,8],"damage_taken":[{"damage":0,"enemies":"2 Louse","floor":1,"turns":3},{"damage":0,"enemies":"Cultist","floor":3,"turns":4},{"damage":4,"enemies":"Jaw Worm","floor":4,"turns":5},{"damage":18,"enemies":"Exordium Thugs","floor":5,"turns":6},{"damage":29,"enemies":"3 Sentries","floor":6,"turns":10},{"damage":32,"enemies":"Gremlin Nob","floor":8,"turns":4}],"seed_played":"2773793390494256303","potions_obtained":[{"floor":1,"key":"Dexterity Potion"},{"floor":2,"key":"SteroidPotion"},{"floor":2,"key":"Dexterity Potion"},{"floor":6,"key":"Energy Potion"}],"is_trial":false,"path_per_floor":["M","?","M","M","M","E","R","E"],"character_chosen":"RUNESMITH_CLASS","items_purchased":[],"campfire_rested":0,"item_purchase_floors":[],"current_hp_per_floor":[77,77,77,73,55,26,26,0,0],"gold":153,"neow_bonus":"TEN_PERCENT_HP_BONUS","is_daily":false,"chose_seed":false,"campfire_upgraded":1,"win_rate":0.0,"timestamp":1609340889,"path_taken":["M","?","M","M","M","E","R","E"],"items_purchased_type":[],"build_version":"2020-12-22","purchased_purges":0,"victory":false,"max_hp_per_floor":[77,77,77,77,77,77,77,77,77],"card_choices":[{"not_picked":["Runesmith:DoubleUp","Runesmith:EnergizedChisel","Runesmith:NanitesCloud"],"picked":"SKIP","floor":1},{"not_picked":["Runesmith:GoWithTheFlow","Runesmith:NanitesCloud"],"picked":"Runesmith:BackupBattery","floor":3},{"not_picked":["Runesmith:HammerThrow","Runesmith:Grindstone","Runesmith:EarthShield"],"picked":"SKIP","floor":4},{"not_picked":["Runesmith:CraftProtectio","Runesmith:CraftSpiculum"],"picked":"Runesmith:CreatorForm","floor":5},{"not_picked":["Runesmith:Overpower","Runesmith:MakeshiftArmor","Runesmith:HammerThrow"],"picked":"SKIP","floor":6}],"player_experience":5559,"relics_obtained":[{"floor":6,"key":"Kunai"}],"event_choices":[{"damage_healed":0,"gold_gain":0,"player_choice":"Bought 2 Potions","damage_taken":0,"max_hp_gain":0,"max_hp_loss":0,"event_name":"The Woman in Blue","floor":2,"gold_loss":0}],"is_beta":false,"boss_relics":[],"items_purged_floors":[],"is_endless":false,"potions_floor_spawned":[1,4,6],"killed_by":"Gremlin Nob","ascension_level":0}}