{"host":"y7sd46uq4xlni546","time":1609362906,"event":{"mods":["AchievementEnabler","BaseMod","Colored Map","Colored Powertips","Curses Come First","Filter the Spire","Minty Spire (QoL Compilation)","Quick Restart","Random Character Button","Rare Cards Sparkle","StSLib"],"gold_per_floor":[116,127,302,302,317,344,344,379,406,406,437,437,470,488,488,586,586,602,612,711,711,711,711,745,745,818,846,293,306,306,321,321,420,420,438,453,453,453,470,470,505,505,532,532,137,137,155,174,174,174],"floor_reached":51,"playtime":2150,"items_purged":[],"score":989,"play_id":"f351189b-d28e-4c80-9d56-78af88c2f498","local_time":"20201230221506","is_ascension_mode":true,"campfire_choices":[{"data":"Bash","floor":7.0,"key":"SMITH"},{"floor":10.0,"key":"REST"},{"floor":15.0,"key":"REST"},{"data":"Armaments","floor":23.0,"key":"SMITH"},{"floor":25.0,"key":"REST"},{"floor":32.0,"key":"REST"},{"floor":40.0,"key":"REST"},{"data":"Metamorphosis","floor":42.0,"key":"SMITH"},{"data":"Madness","floor":49,"key":"SMITH"}],"circlet_count":0,"master_deck":["Strike_R","Strike_R","Defend_R+1","Defend_R+1","Defend_R","Bash+1","Pommel Strike","Armaments+1","Combust","Uppercut","Dark Embrace","Rage","Metallicize","Cleave","Reaper","Headbutt","Spot Weakness+1","Offering","Warcry+1","Dropkick+1","Havoc","Metamorphosis+1","Thunderclap","Shockwave+1","Double Tap","Power Through+1","Cleave+1","Flex+1","Sword Boomerang+1","Body Slam+1","Madness","Madness+1","Havoc+1","Shrug It Off+1","Panache","Warcry+1"],"relics":["Black Star","Pen Nib","Strawberry","Pantograph","Bird Faced Urn","Oddly Smooth Stone","Potion Belt","Akabeko","White Beast Statue","PreservedInsect","SacredBark","MutagenicStrength","Incense Burner","Ginger","Letter Opener","Art of War","Ancient Tea Set","OrangePellets","Astrolabe","Red Skull","Bronze Scales","War Paint","Singing Bowl","Whetstone"],"acts_visited":["Exordium","TheCity","TheBeyond"],"potions_floor_usage":[48,50,50,50,50],"damage_taken":[{"damage":14.0,"enemies":"2 Louse","floor":1.0,"turns":3.0},{"damage":12.0,"enemies":"Small Slimes","floor":2.0,"turns":3.0},{"damage":1.0,"enemies":"Cultist","floor":5.0,"turns":3.0},{"damage":24.0,"enemies":"Gremlin Nob","floor":6.0,"turns":4.0},{"damage":47.0,"enemies":"Lagavulin","floor":8.0,"turns":10.0},{"damage":2.0,"enemies":"3 Sentries","floor":11.0,"turns":3.0},{"damage":41.0,"enemies":"Gremlin Nob","floor":13.0,"turns":5.0},{"damage":1.0,"enemies":"Blue Slaver","floor":14.0,"turns":5.0},{"damage":32.0,"enemies":"Hexaghost","floor":16.0,"turns":11.0},{"damage":12.0,"enemies":"Spheric Guardian","floor":18.0,"turns":4.0},{"damage":0.0,"enemies":"3 Byrds","floor":19.0,"turns":2.0},{"damage":63.0,"enemies":"Book of Stabbing","floor":24.0,"turns":5.0},{"damage":11.0,"enemies":"Slavers","floor":27.0,"turns":3.0},{"damage":18.0,"enemies":"Snake Plant","floor":29.0,"turns":4.0},{"damage":23.0,"enemies":"Shelled Parasite and Fungi","floor":31.0,"turns":3.0},{"damage":49.0,"enemies":"Champ","floor":33.0,"turns":8.0},{"damage":15.0,"enemies":"Orb Walker","floor":35.0,"turns":3.0},{"damage":4.0,"enemies":"3 Shapes","floor":36.0,"turns":1.0},{"damage":6.0,"enemies":"Spire Growth","floor":39.0,"turns":1.0},{"damage":1.0,"enemies":"Giant Head","floor":41.0,"turns":5.0},{"damage":11.0,"enemies":"3 Darklings","floor":47.0,"turns":2.0},{"damage":0,"enemies":"Jaw Worm Horde","floor":48,"turns":2},{"damage":68,"enemies":"Donu and Deca","floor":50,"turns":6}],"seed_played":"-4797784055205968048","potions_obtained":[{"floor":2.0,"key":"DuplicationPotion"},{"floor":6.0,"key":"Explosive Potion"},{"floor":8.0,"key":"Explosive Potion"},{"floor":14.0,"key":"PowerPotion"},{"floor":16.0,"key":"LiquidBronze"},{"floor":18.0,"key":"Explosive Potion"},{"floor":19.0,"key":"Strength Potion"},{"floor":24.0,"key":"BloodPotion"},{"floor":27.0,"key":"Swift Potion"},{"floor":29.0,"key":"SteroidPotion"},{"floor":31.0,"key":"DistilledChaos"},{"floor":33.0,"key":"Explosive Potion"},{"floor":35.0,"key":"DuplicationPotion"},{"floor":36.0,"key":"BlessingOfTheForge"},{"floor":39.0,"key":"SteroidPotion"},{"floor":47.0,"key":"ElixirPotion"},{"floor":48,"key":"SpeedPotion"}],"is_trial":false,"path_per_floor":["M","M","?","?","M","E","R","E","T","R","E","?","E","M","R","B",null,"M","M","?","?","?","R","E","R","T","E","$","M","?","M","R","B",null,"M","M","?","?","M","R","E","R","T","T","$","?","M","M","R","B",null],"character_chosen":"IRONCLAD","items_purchased":["Dropkick","Havoc","OrangePellets","SteroidPotion","Regen Potion","Metamorphosis","Whetstone","Panache","Dexterity Potion"],"campfire_rested":5,"item_purchase_floors":[28,28,28,28,28,28,45,45,45],"current_hp_per_floor":[66,54,54,80,79,62,62,15,15,41,41,41,2,1,27,28,87,75,76,76,76,76,76,23,49,49,46,46,68,68,47,73,48,87,87,83,83,72,66,87,87,87,87,87,87,87,78,84,84,49],"gold":174,"neow_bonus":"BOSS_RELIC","is_daily":false,"chose_seed":false,"campfire_upgraded":4,"win_rate":0.0,"timestamp":1609362906,"path_taken":["M","M","?","?","M","E","R","E","T","R","E","?","E","M","R","BOSS","M","?","?","?","?","R","E","R","T","E","$","M","?","M","R","BOSS","M","M","?","?","M","R","E","R","T","?","$","?","M","M","R","BOSS"],"items_purchased_type":["Card","Card","Relic","Potion","Potion","Card","Relic","Card","Potion"],"build_version":"2020-12-22","purchased_purges":0,"victory":true,"max_hp_per_floor":[80,80,80,80,80,87,87,87,87,87,87,87,87,87,87,87,87,87,87,87,87,87,87,87,87,87,87,87,87,87,87,87,87,87,87,87,87,87,87,87,87,87,87,87,87,87,87,89,89,89],"card_choices":[{"not_picked":["Iron Wave","Twin Strike"],"picked":"Pommel Strike","floor":1.0},{"not_picked":["Rage","Perfected Strike"],"picked":"Armaments","floor":2.0},{"not_picked":["Bloodletting","Twin Strike"],"picked":"Combust","floor":5.0},{"not_picked":["Perfected Strike","Combust"],"picked":"Uppercut","floor":6.0},{"not_picked":["Clothesline","Bloodletting"],"picked":"Dark Embrace","floor":8.0},{"not_picked":["Uppercut","Sword Boomerang"],"picked":"Rage","floor":11.0},{"not_picked":["Shockwave","Carnage"],"picked":"Metallicize","floor":13.0},{"not_picked":["Evolve","Ghostly Armor"],"picked":"Cleave","floor":14.0},{"not_picked":["Impervious","Limit Break"],"picked":"Reaper","floor":16.0},{"not_picked":["Sword Boomerang+1","Thunderclap"],"picked":"Headbutt","floor":18.0},{"not_picked":["Burning Pact","Body Slam"],"picked":"Spot Weakness+1","floor":19.0},{"not_picked":["Flex","Intimidate"],"picked":"Offering","floor":24.0},{"not_picked":["Pommel Strike","Impervious"],"picked":"Warcry+1","floor":27.0},{"not_picked":["Havoc","Blood for Blood"],"picked":"Thunderclap","floor":29.0},{"not_picked":["Ghostly Armor","Sword Boomerang"],"picked":"Shockwave+1","floor":31.0},{"not_picked":["Impervious","Immolate"],"picked":"Double Tap","floor":33.0},{"not_picked":["Spot Weakness","Power Through"],"picked":"Sword Boomerang+1","floor":35.0},{"not_picked":["Battle Trance+1","Evolve"],"picked":"Body Slam+1","floor":36.0},{"not_picked":["Pommel Strike+1","Shrug It Off"],"picked":"Havoc+1","floor":39.0},{"not_picked":["Power Through","Wild Strike"],"picked":"Shrug It Off+1","floor":41.0},{"not_picked":["Rage+1","Ghostly Armor+1"],"picked":"Warcry+1","floor":47.0},{"not_picked":["Clothesline","Warcry+1","Fire Breathing"],"picked":"Singing Bowl","floor":48}],"player_experience":539468,"relics_obtained":[{"floor":6.0,"key":"Pen Nib"},{"floor":6.0,"key":"Strawberry"},{"floor":8.0,"key":"Pantograph"},{"floor":8.0,"key":"Bird Faced Urn"},{"floor":9.0,"key":"Oddly Smooth Stone"},{"floor":11.0,"key":"Potion Belt"},{"floor":11.0,"key":"Akabeko"},{"floor":13.0,"key":"White Beast Statue"},{"floor":13.0,"key":"PreservedInsect"},{"floor":24.0,"key":"Incense Burner"},{"floor":24.0,"key":"Ginger"},{"floor":26.0,"key":"Letter Opener"},{"floor":27.0,"key":"Art of War"},{"floor":27.0,"key":"Ancient Tea Set"},{"floor":41.0,"key":"Red Skull"},{"floor":41.0,"key":"Bronze Scales"},{"floor":43.0,"key":"War Paint"},{"floor":44.0,"key":"Singing Bowl"}],"event_choices":[{"damage_healed":0.0,"max_hp_gain":0.0,"max_hp_loss":0.0,"gold_gain":175.0,"event_name":"Liars Game","player_choice":"AGREE","floor":3.0,"gold_loss":0.0,"damage_taken":0.0,"cards_obtained":["Doubt"]},{"damage_healed":26.0,"max_hp_gain":0.0,"max_hp_loss":0.0,"gold_gain":0.0,"event_name":"Big Fish","player_choice":"Banana","floor":4.0,"gold_loss":0.0,"damage_taken":0.0},{"cards_removed":["Doubt"],"damage_healed":0.0,"max_hp_gain":0.0,"max_hp_loss":0.0,"gold_gain":0.0,"event_name":"Purifier","player_choice":"Purged","floor":12.0,"gold_loss":0.0,"damage_taken":0.0},{"damage_healed":0.0,"max_hp_gain":0.0,"max_hp_loss":0.0,"gold_gain":99.0,"event_name":"Nest","player_choice":"Stole From Cult","floor":20.0,"gold_loss":0.0,"damage_taken":0.0},{"damage_healed":0.0,"max_hp_gain":0.0,"max_hp_loss":0.0,"gold_gain":0.0,"event_name":"Drug Dealer","player_choice":"Inject Mutagens","floor":21.0,"gold_loss":0.0,"damage_taken":0.0,"relics_obtained":["MutagenicStrength"]},{"damage_healed":0.0,"max_hp_gain":0.0,"max_hp_loss":0.0,"gold_gain":0.0,"event_name":"Vampires","player_choice":"Ignored","floor":22.0,"gold_loss":0.0,"damage_taken":0.0},{"damage_healed":0.0,"max_hp_gain":0.0,"max_hp_loss":0.0,"gold_gain":0.0,"event_name":"Beggar","player_choice":"Ignored","floor":30.0,"gold_loss":0.0,"damage_taken":0.0},{"damage_healed":0.0,"max_hp_gain":0.0,"max_hp_loss":0.0,"gold_gain":0.0,"event_name":"Tomb of Lord Red Mask","player_choice":"Ignored","floor":37.0,"gold_loss":0.0,"damage_taken":0.0},{"damage_healed":0.0,"max_hp_gain":0.0,"max_hp_loss":0.0,"gold_gain":0.0,"event_name":"Winding Halls","player_choice":"Embrace Madness","floor":38.0,"gold_loss":0.0,"damage_taken":11.0,"cards_obtained":["Madness","Madness"]},{"cards_removed":["Strike_R"],"damage_healed":0.0,"max_hp_gain":0.0,"max_hp_loss":0.0,"gold_gain":0.0,"event_name":"Falling","player_choice":"Removed Attack","floor":46.0,"gold_loss":0.0,"damage_taken":0.0}],"is_beta":false,"boss_relics":[{"not_picked":["SlaversCollar","Cursed Key"],"picked":"SacredBark"},{"not_picked":["Coffee Dripper","Runic Dome"],"picked":"Astrolabe"}],"items_purged_floors":[],"is_endless":false,"potions_floor_spawned":[2,6,8,14,16,18,19,24,27,29,31,33,35,36,39,47,48],"ascension_level":4}}