{"host":"3qkmyeoym75lj4wn","time":1609293736,"event":{"mods":["2.2 Compatiblity","Act Like it!","BaseMod","Bestiary","Block Reminder","Colored Powertips","Highlight Path","Minty Spire (QoL Compilation)","Permanent Neow","Rare Cards Sparkle","Relic Stats","StSLib"],"gold_per_floor":[109,127,146,158,50,85,65,65,112,112,123,139,157,72,72,145,145,156,42,42,42,42,42,42],"floor_reached":23,"playtime":552,"items_purged":["Strike_G"],"score":382,"play_id":"7b8b960d-5df2-4968-a879-d8e33e73b2c2","local_time":"20201230020216","is_ascension_mode":true,"campfire_choices":[{"data":"Footwork","floor":8,"key":"SMITH"},{"floor":10,"key":"REST"},{"floor":15,"key":"REST"}],"circlet_count":0,"master_deck":["AscendersBane","Strike_G","Strike_G","Strike_G","Strike_G","Defend_G","Defend_G","Defend_G","Defend_G","Defend_G","Survivor","Neutralize","Infinite Blades","Predator","Footwork+1","Cloak And Dagger","Blade Dance","Dagger Spray","Unload","Blade Dance","Noxious Fumes","Envenom+1","CurseOfTheBell","Backflip","Footwork"],"relics":["Ring of the Snake","Akabeko","Matryoshka","PreservedInsect","Calling Bell","Art of War","Darkstone Periapt","Bird Faced Urn"],"acts_visited":["Exordium","TheCity"],"potions_floor_usage":[6,16],"damage_taken":[{"damage":1,"enemies":"Cultist","floor":1,"turns":3},{"damage":2,"enemies":"2 Louse","floor":2,"turns":3},{"damage":1,"enemies":"Small Slimes","floor":3,"turns":3},{"damage":0,"enemies":"2 Fungi Beasts","floor":4,"turns":4},{"damage":32,"enemies":"Gremlin Nob","floor":6,"turns":4},{"damage":0,"enemies":"Gremlin Gang","floor":11,"turns":1},{"damage":19,"enemies":"Exordium Thugs","floor":12,"turns":4},{"damage":1,"enemies":"Red Slaver","floor":13,"turns":3},{"damage":12,"enemies":"Slime Boss","floor":16,"turns":7},{"damage":36,"enemies":"Shell Parasite","floor":18,"turns":7},{"damage":35,"enemies":"Slavers","floor":23,"turns":2}],"seed_played":"790943186194187755","potions_obtained":[{"floor":1,"key":"DuplicationPotion"},{"floor":2,"key":"Strength Potion"},{"floor":6,"key":"LiquidBronze"},{"floor":7,"key":"CultistPotion"}],"is_trial":false,"path_per_floor":["M","M","M","M","$","E","?","R","T","R","M","M","M","$","R","B",null,"M","$","?","?","?","E"],"character_chosen":"THE_SILENT","items_purchased":["Blade Dance","Dagger Spray","Noxious Fumes","Footwork"],"campfire_rested":2,"item_purchase_floors":[5,5,14,19],"current_hp_per_floor":[58,56,55,55,55,23,23,23,23,42,42,23,22,22,41,29,57,27,27,27,27,27,0,0],"gold":42,"neow_bonus":"RANDOM_COMMON_RELIC","is_daily":false,"chose_seed":false,"campfire_upgraded":1,"win_rate":0.0,"timestamp":1609293736,"path_taken":["M","?","M","M","$","E","?","R","T","R","?","M","M","$","R","BOSS","M","$","?","?","?","E"],"items_purchased_type":["Card","Card","Card","Card"],"build_version":"2020-12-22","purchased_purges":1,"victory":false,"max_hp_per_floor":[66,66,66,66,66,66,66,66,66,66,66,66,66,66,66,66,66,66,66,66,66,66,66,66],"relic_stats":{"Darkstone Periapt":0,"counters":[11,41],"Bird Faced Urn":[10],"PreservedInsect":42,"Art of War":[0],"obtain_stats":[{"Calling Bell":17,"Darkstone Periapt":17,"Matryoshka":6,"Bird Faced Urn":17,"PreservedInsect":9,"Art of War":17,"Akabeko":0,"Ring of the Snake":0},{"Calling Bell":9,"Darkstone Periapt":9,"Matryoshka":5,"Bird Faced Urn":9,"PreservedInsect":5,"Art of War":9,"Akabeko":0,"Ring of the Snake":0},{"Calling Bell":32,"Darkstone Periapt":32,"Matryoshka":17,"Bird Faced Urn":32,"PreservedInsect":17,"Art of War":32,"Akabeko":0,"Ring of the Snake":0}],"Ring of the Snake":[22]},"card_choices":[{"not_picked":["Catalyst","Masterful Stab"],"picked":"Infinite Blades","floor":1},{"not_picked":["Acrobatics","Deadly Poison"],"picked":"Predator","floor":2},{"not_picked":["Blade Dance","Flechettes"],"picked":"Footwork","floor":3},{"not_picked":["Underhanded Strike","Acrobatics"],"picked":"Cloak And Dagger","floor":4},{"not_picked":["Choke","Cloak And Dagger"],"picked":"Unload","floor":6},{"not_picked":["Bane","Prepared"],"picked":"Blade Dance","floor":11},{"not_picked":["Predator","Outmaneuver","Well Laid Plans"],"picked":"SKIP","floor":12},{"not_picked":["Deadly Poison","Quick Slash","Sucker Punch"],"picked":"SKIP","floor":13},{"not_picked":["Doppelganger","After Image"],"picked":"Envenom","floor":16},{"not_picked":["Dagger Throw","Crippling Poison"],"picked":"Backflip","floor":18}],"player_experience":1610679,"relics_obtained":[{"floor":6,"key":"Matryoshka"},{"floor":9,"key":"PreservedInsect"},{"floor":17,"key":"Art of War"},{"floor":17,"key":"Darkstone Periapt"},{"floor":17,"key":"Bird Faced Urn"}],"event_choices":[{"damage_healed":0,"gold_gain":0,"player_choice":"Bought 1 Potion","damage_taken":0,"max_hp_gain":0,"max_hp_loss":0,"event_name":"The Woman in Blue","floor":7,"gold_loss":0},{"damage_healed":0,"gold_gain":0,"player_choice":"Ignored","damage_taken":0,"max_hp_gain":0,"max_hp_loss":0,"event_name":"Ghosts","floor":20,"gold_loss":0},{"damage_healed":0,"gold_gain":0,"player_choice":"Ignored","damage_taken":0,"max_hp_gain":0,"max_hp_loss":0,"event_name":"Vampires","floor":21,"gold_loss":0},{"damage_healed":0,"gold_gain":0,"player_choice":"Upgraded","damage_taken":0,"max_hp_gain":0,"max_hp_loss":0,"event_name":"Upgrade Shrine","floor":22,"gold_loss":0,"cards_upgraded":["Envenom"]}],"is_beta":false,"boss_relics":[{"not_picked":["Runic Dome","Velvet Choker"],"picked":"Calling Bell"}],"items_purged_floors":[19],"is_endless":false,"potions_floor_spawned":[1,2,6,11],"killed_by":"Slavers","ascension_level":20}}