{"host":"337p6miwxbqfki03","time":1609307069,"event":{"mods":["BaseMod","Better Third Choice","Colored Map","Conspire","Downfall","Hubris","Minty Spire (QoL Compilation)","Replay The Spire","Somnambulant","StSLib","The Cursed","The Hierophant","Unceasing Turn Reminder"],"gold_per_floor":[118,118,135,135,155,174,41,41,87,12,12,12,30,43,43,43,43],"floor_reached":16,"playtime":863,"items_purged":["Burn"],"score":142,"play_id":"0c3b7b55-3a05-4021-8fc3-a6eaf50f9ae0","local_time":"20201229234429","is_ascension_mode":false,"campfire_choices":[{"floor":11,"key":"REST"}],"circlet_count":0,"master_deck":["conspire:GhostlyStrike","conspire:GhostlyStrike","conspire:GhostlyStrike","conspire:GhostlyStrike","conspire:GhostlyDefend","conspire:GhostlyDefend","conspire:GhostlyDefend","conspire:GhostlyDefend","TheCursedMod:CursedWand","TheCursedMod:CleanUpWorkshop","TheCursedMod:Dregs","expansioncontent:ChargeUp","TheCursedMod:RapidMovement","TheCursedMod:LuckyCharm","TheCursedMod:Wield","TheCursedMod:RapidMovement","TheCursedMod:HellfireBreathing","TheCursedMod:FleshFromBone","TheCursedMod:CursedMace","TheCursedMod:CircleOfFlame","TheCursedMod:SpitefulPlan"],"relics":["TheCursedMod:BlackMagic101","Nunchaku"],"acts_visited":["Exordium"],"potions_floor_usage":[],"damage_taken":[{"damage":6,"enemies":"2 Louse","floor":1,"turns":3},{"damage":0,"enemies":"Small Slimes","floor":3,"turns":4},{"damage":1,"enemies":"Jaw Worm","floor":5,"turns":5},{"damage":7,"enemies":"3 Louse","floor":6,"turns":4},{"damage":0,"enemies":"2 Fungi Beasts","floor":13,"turns":5},{"damage":23,"enemies":"Lots of Slimes","floor":14,"turns":8},{"damage":59,"enemies":"Hexaghost","floor":16,"turns":12}],"seed_played":"8976549590134451487","potions_obtained":[{"floor":1,"key":"Dexterity Potion"},{"floor":6,"key":"Elixir"}],"is_trial":false,"path_per_floor":["M","?","M","?","M","M","$","?","T","$","R","?","M","M","R_BF","B"],"character_chosen":"THE_CURSED","items_purchased":["TheCursedMod:HellfireBreathing","TheCursedMod:FleshFromBone"],"campfire_rested":1,"item_purchase_floors":[7,7],"current_hp_per_floor":[69,69,69,69,68,61,61,61,61,61,75,75,75,52,52,0,0],"gold":43,"neow_bonus":"RANDOM_COLORLESS","is_daily":false,"chose_seed":false,"campfire_upgraded":0,"win_rate":0.0,"timestamp":1609307069,"path_taken":["M","?","M","?","M","M","?","?","T","$","R","?","?","M","R_BF","BOSS"],"items_purchased_type":["Card","Card"],"build_version":"2020-12-22","purchased_purges":1,"victory":false,"max_hp_per_floor":[75,75,75,75,75,75,75,75,75,75,75,75,75,75,75,75,75],"card_choices":[{"not_picked":["Impatience","Replay:BasicMightCard"],"picked":"expansioncontent:ChargeUp","floor":0},{"not_picked":["TheCursedMod:VitalStrike","TheCursedMod:BlessingInDisguise"],"picked":"TheCursedMod:RapidMovement","floor":1},{"not_picked":["TheCursedMod:CursedAmulet","TheCursedMod:SmokeScreen"],"picked":"TheCursedMod:LuckyCharm","floor":3},{"not_picked":["TheCursedMod:NeowsMight","TheCursedMod:CursedShiv"],"picked":"TheCursedMod:Wield","floor":5},{"not_picked":["TheCursedMod:Wield","TheCursedMod:Stigma"],"picked":"TheCursedMod:RapidMovement","floor":6},{"not_picked":["TheCursedMod:Obscuration","TheCursedMod:VitalStrike"],"picked":"TheCursedMod:CursedMace","floor":13},{"not_picked":["TheCursedMod:CursedBoomerang","TheCursedMod:Obscuration"],"picked":"TheCursedMod:CircleOfFlame","floor":14}],"player_experience":226098,"relics_obtained":[{"floor":9,"key":"Nunchaku"}],"event_choices":[{"damage_healed":0,"gold_gain":0,"player_choice":"Leave","damage_taken":0,"max_hp_gain":0,"max_hp_loss":0,"event_name":"The Cleric","floor":2,"gold_loss":0},{"damage_healed":0,"gold_gain":0,"player_choice":"Agree","damage_taken":0,"max_hp_gain":0,"max_hp_loss":0,"event_name":"conspire:LoneGhost","floor":4,"gold_loss":0},{"damage_healed":61,"gold_gain":0,"player_choice":"Embrace Burn","damage_taken":0,"max_hp_gain":0,"max_hp_loss":75,"event_name":"betterThird:BetterShining","floor":8,"gold_loss":0},{"damage_healed":0,"gold_gain":0,"player_choice":"Ignored","damage_taken":0,"max_hp_gain":0,"max_hp_loss":0,"event_name":"NoteForYourself","floor":12,"gold_loss":0}],"is_beta":false,"boss_relics":[],"items_purged_floors":[10],"is_endless":false,"potions_floor_spawned":[1,6],"killed_by":"Hexaghost","ascension_level":0}}