{"host":"wshh0nphwn6jv7vj","time":1609302273,"event":{"mods":["BaseMod","Bestiary","Minty Spire (QoL Compilation)"],"gold_per_floor":[118,131,4,21,21,53,71,71,71,71,71,71],"floor_reached":11,"playtime":625,"items_purged":["Regret"],"score":135,"play_id":"8fd7672f-c287-47c6-9ab3-296c97324c9b","local_time":"20201229232433","is_ascension_mode":true,"campfire_choices":[{"floor":8,"key":"REST"},{"data":"Havoc","floor":10,"key":"SMITH"}],"circlet_count":0,"master_deck":["AscendersBane","Strike_R","Strike_R","Strike_R","Strike_R","Strike_R","Defend_R","Defend_R","Defend_R","Defend_R","Bash","Headbutt","Havoc+1","Anger","Ghostly Armor","True Grit","Battle Trance"],"relics":["Burning Blood","Turnip","Boot","Dead Branch","Eternal Feather"],"acts_visited":["Exordium"],"potions_floor_usage":[7],"damage_taken":[{"damage":8,"enemies":"Cultist","floor":1,"turns":3},{"damage":13,"enemies":"Jaw Worm","floor":2,"turns":4},{"damage":0,"enemies":"Small Slimes","floor":4,"turns":3},{"damage":30,"enemies":"3 Sentries","floor":6,"turns":10},{"damage":0,"enemies":"Blue Slaver","floor":7,"turns":2},{"damage":56,"enemies":"Lagavulin","floor":11,"turns":8}],"seed_played":"-6162267072496968823","potions_obtained":[{"floor":6,"key":"DistilledChaos"}],"is_trial":false,"path_per_floor":["M","M","$","M","?","E","M","R","T","R","E"],"character_chosen":"IRONCLAD","items_purchased":["Anger"],"campfire_rested":1,"item_purchase_floors":[3],"current_hp_per_floor":[66,59,59,65,39,15,21,43,43,52,0,0],"gold":71,"neow_bonus":"ONE_RARE_RELIC","is_daily":false,"chose_seed":false,"campfire_upgraded":1,"win_rate":0.0,"timestamp":1609302273,"path_taken":["M","M","$","M","?","E","M","R","T","R","E"],"items_purchased_type":["Card"],"build_version":"2020-12-22","purchased_purges":1,"victory":false,"max_hp_per_floor":[75,75,75,75,75,75,75,75,75,75,75,75],"card_choices":[{"not_picked":["Pommel Strike","Bloodletting"],"picked":"Headbutt","floor":1},{"not_picked":["Headbutt","Twin Strike"],"picked":"Havoc","floor":2},{"not_picked":["Combust","Burning Pact"],"picked":"Ghostly Armor","floor":4},{"not_picked":["Feel No Pain","Immolate"],"picked":"True Grit","floor":6},{"not_picked":["Thunderclap","Anger"],"picked":"Battle Trance","floor":7}],"player_experience":1527464,"relics_obtained":[{"floor":6,"key":"Dead Branch"},{"floor":9,"key":"Eternal Feather"}],"event_choices":[{"damage_healed":0,"gold_gain":0,"player_choice":"Success","damage_taken":26,"relics_obtained":["Boot"],"max_hp_gain":0,"max_hp_loss":0,"event_name":"Scrap Ooze","floor":5,"gold_loss":0}],"is_beta":false,"boss_relics":[],"items_purged_floors":[3],"is_endless":false,"potions_floor_spawned":[6],"killed_by":"Lagavulin","ascension_level":17}}