{"host":"y3h3n3f7seyagppx","time":1609348306,"event":{"mods":["BaseMod","Colored Map","Colored Powertips","DeckTracker","Minty Spire (QoL Compilation)","Random Character Button","Rare Cards Sparkle","Relic Sorter","Relic Stats","StSLib"],"gold_per_floor":[115,129,142,142,159,188,188,188,188,220,243,271,271,288,288,362,362,376,376,395,424,424,424,20,55,55,90,90,109,109,139,139,213,213,232,247,263,263,315,315,345,345,345,122,122,152,170,187,187,187,187,187,187,81,112,112],"floor_reached":57,"playtime":9655,"items_purged":["Writhe","Decay","Strike_R"],"score":2997,"play_id":"c536cca4-15bd-4312-b2b1-aeaf4c8e559b","local_time":"20201230121146","is_ascension_mode":true,"campfire_choices":[{"floor":7,"key":"REST"},{"floor":13,"key":"REST"},{"floor":15,"key":"REST"},{"data":"Whirlwind","floor":23,"key":"SMITH"},{"floor":28,"key":"REST"},{"data":"Feel No Pain","floor":30,"key":"SMITH"},{"floor":32,"key":"REST"},{"data":"Juggernaut","floor":40,"key":"SMITH"},{"floor":45,"key":"RECALL"},{"data":"Demon Form","floor":49,"key":"SMITH"},{"floor":53,"key":"REST"}],"circlet_count":0,"master_deck":["AscendersBane","Strike_R","Strike_R","Strike_R","Defend_R","Defend_R","Defend_R","Defend_R","Bash","Twin Strike","Armaments+1","Battle Trance","Clothesline","Infernal Blade+1","Power Through+1","Sentinel+1","Corruption","Shockwave+1","Whirlwind+1","Sentinel+1","Impervious+1","Spot Weakness+1","Burning Pact+1","True Grit+1","Feel No Pain+1","Dual Wield+1","Juggernaut+1","Power Through+1","Second Wind+1","Impervious+1","Demon Form+1","True Grit+1","Evolve","Power Through+1","Entrench+1","Shrug It Off+1","Exhume+1"],"relics":["Burning Blood","Dream Catcher","White Beast Statue","Prayer Wheel","FossilizedHelix","Odd Mushroom","Toxic Egg 2","Cursed Key","Vajra","Red Mask","Chemical X","Bronze Scales","Darkstone Periapt","Ancient Tea Set","InkBottle","Snecko Eye","Ice Cream","Smiling Mask","DollysMirror","Question Card","Paper Frog"],"acts_visited":["Exordium","TheCity","TheBeyond","TheEnding"],"potions_floor_usage":[6,11,12,25,27,27,33,35,47,55,56],"damage_taken":[{"damage":4,"enemies":"Small Slimes","floor":1,"turns":5},{"damage":1,"enemies":"2 Louse","floor":2,"turns":2},{"damage":7,"enemies":"Jaw Worm","floor":3,"turns":2},{"damage":7,"enemies":"Exordium Wildlife","floor":5,"turns":7},{"damage":30,"enemies":"Lagavulin","floor":6,"turns":8},{"damage":31,"enemies":"Gremlin Nob","floor":10,"turns":4},{"damage":11,"enemies":"The Mushroom Lair","floor":11,"turns":4},{"damage":7,"enemies":"Lagavulin","floor":12,"turns":6},{"damage":7,"enemies":"2 Fungi Beasts","floor":14,"turns":3},{"damage":18,"enemies":"Slime Boss","floor":16,"turns":9},{"damage":0,"enemies":"Shell Parasite","floor":18,"turns":6},{"damage":1,"enemies":"3 Byrds","floor":20,"turns":5},{"damage":35,"enemies":"Masked Bandits","floor":21,"turns":4},{"damage":10,"enemies":"Book of Stabbing","floor":25,"turns":4},{"damage":13,"enemies":"Slavers","floor":27,"turns":3},{"damage":0,"enemies":"Centurion and Healer","floor":29,"turns":3},{"damage":0,"enemies":"Book of Stabbing","floor":31,"turns":3},{"damage":22,"enemies":"Automaton","floor":33,"turns":5},{"damage":0,"enemies":"3 Shapes","floor":35,"turns":4},{"damage":0,"enemies":"3 Darklings","floor":36,"turns":2},{"damage":0,"enemies":"4 Shapes","floor":37,"turns":4},{"damage":0,"enemies":"2 Orb Walkers","floor":39,"turns":2},{"damage":0,"enemies":"Nemesis","floor":41,"turns":5},{"damage":0,"enemies":"Reptomancer","floor":46,"turns":4},{"damage":0,"enemies":"Jaw Worm Horde","floor":47,"turns":4},{"damage":0,"enemies":"3 Darklings","floor":48,"turns":2},{"damage":0,"enemies":"Donu and Deca","floor":50,"turns":4},{"damage":1,"enemies":"Time Eater","floor":51,"turns":7},{"damage":0,"enemies":"Shield and Spear","floor":55,"turns":3},{"damage":6,"enemies":"The Heart","floor":56,"turns":8}],"seed_played":"-242220082475802215","potions_obtained":[{"floor":3,"key":"ColorlessPotion"},{"floor":10,"key":"BlessingOfTheForge"},{"floor":11,"key":"LiquidBronze"},{"floor":12,"key":"Energy Potion"},{"floor":14,"key":"Energy Potion"},{"floor":21,"key":"BlessingOfTheForge"},{"floor":25,"key":"SteroidPotion"},{"floor":27,"key":"ElixirPotion"},{"floor":29,"key":"CultistPotion"},{"floor":31,"key":"Explosive Potion"},{"floor":33,"key":"BloodPotion"},{"floor":35,"key":"ElixirPotion"},{"floor":36,"key":"Explosive Potion"},{"floor":37,"key":"DuplicationPotion"},{"floor":47,"key":"FearPotion"},{"floor":48,"key":"SneckoOil"},{"floor":55,"key":"PowerPotion"}],"is_trial":false,"path_per_floor":["M","M","M","?","M","E","R","?","T","E","?","E","R","M","R","B",null,"M","?","M","?","?","R","$","E","T","E","R","M","R","E","R","B",null,"M","M","M","?","?","R","E","?","T","$","R","E","M","M","R","B","B",null,"R","$","E","B",null],"character_chosen":"IRONCLAD","items_purchased":["Chemical X","Bronze Scales","DollysMirror","Shrug It Off+1"],"campfire_rested":6,"item_purchase_floors":[24,24,44,54],"current_hp_per_floor":[70,75,74,74,73,49,71,64,64,39,34,33,55,54,75,63,72,75,75,75,46,46,46,46,42,42,35,57,63,63,69,75,59,71,75,75,75,75,75,75,75,71,77,77,77,77,77,77,77,77,77,77,77,77,77,77],"gold":112,"neow_bonus":"RANDOM_COMMON_RELIC","is_daily":false,"chose_seed":false,"campfire_upgraded":4,"win_rate":0.0,"timestamp":1609348306,"path_taken":["M","M","M","?","M","E","R","?","T","E","?","E","R","?","R","BOSS","M","?","M","?","?","R","$","E","T","E","R","M","R","E","R","BOSS","M","M","M","?","?","R","E","?","T","$","R","E","?","M","R","BOSS","BOSS","R","$","E","BOSS"],"items_purchased_type":["Relic","Relic","Relic","Card"],"build_version":"2020-12-22","purchased_purges":3,"victory":true,"max_hp_per_floor":[75,75,75,75,75,75,75,75,75,75,75,75,75,75,75,75,75,75,75,75,75,75,75,75,75,75,75,75,75,75,75,75,75,75,75,75,75,75,75,75,75,71,77,77,77,77,77,77,77,77,77,77,77,77,77,77],"relic_stats":{"Darkstone Periapt":6,"counters":[30,132],"Cursed Key":1,"Smiling Mask":125,"Question Card":6,"Burning Blood":111,"Dream Catcher":6,"Bronze Scales":[321],"Snecko Eye":[93,93,93,101],"Prayer Wheel":9,"Chemical X":[22],"obtain_stats":[{"Darkstone Periapt":25,"Ice Cream":39,"Vajra":19,"Odd Mushroom":11,"Cursed Key":17,"Ancient Tea Set":27,"Smiling Mask":41,"Question Card":46,"Burning Blood":0,"White Beast Statue":6,"Dream Catcher":0,"DollysMirror":44,"Bronze Scales":24,"Snecko Eye":34,"Prayer Wheel":9,"Red Mask":21,"Chemical X":24,"Toxic Egg 2":12,"FossilizedHelix":10,"InkBottle":31,"Paper Frog":55},{"Darkstone Periapt":14,"Ice Cream":22,"Vajra":11,"Odd Mushroom":7,"Cursed Key":10,"Ancient Tea Set":15,"Smiling Mask":23,"Question Card":24,"Burning Blood":0,"White Beast Statue":5,"Dream Catcher":0,"DollysMirror":23,"Bronze Scales":13,"Snecko Eye":18,"Prayer Wheel":5,"Red Mask":13,"Chemical X":13,"Toxic Egg 2":8,"FossilizedHelix":6,"InkBottle":17,"Paper Frog":29},{"Darkstone Periapt":69,"Ice Cream":95,"Vajra":56,"Odd Mushroom":32,"Cursed Key":50,"Ancient Tea Set":72,"Smiling Mask":100,"Question Card":104,"Burning Blood":0,"White Beast Statue":24,"Dream Catcher":0,"DollysMirror":100,"Bronze Scales":65,"Snecko Eye":83,"Prayer Wheel":24,"Red Mask":65,"Chemical X":65,"Toxic Egg 2":38,"FossilizedHelix":28,"InkBottle":78,"Paper Frog":124}],"InkBottle":[22]},"card_choices":[{"not_picked":["Iron Wave","Perfected Strike"],"picked":"Twin Strike","floor":1},{"not_picked":["Cleave","Headbutt"],"picked":"Anger","floor":2},{"not_picked":["Feel No Pain","Perfected Strike"],"picked":"Armaments","floor":3},{"not_picked":["Pommel Strike","Pummel","Sever Soul"],"picked":"SKIP","floor":5},{"not_picked":["Armaments","Dual Wield"],"picked":"Battle Trance","floor":6},{"not_picked":["Metallicize","Ghostly Armor"],"picked":"Clothesline","floor":10},{"not_picked":["Demon Form","Armaments+1","Headbutt"],"picked":"SKIP","floor":12},{"not_picked":["Demon Form","Armaments+1","Headbutt"],"picked":"SKIP","floor":12},{"not_picked":["Dark Embrace","Clothesline"],"picked":"Infernal Blade+1","floor":13},{"not_picked":["Clothesline","Body Slam"],"picked":"Power Through+1","floor":14},{"not_picked":["Clothesline","Twin Strike","Sword Boomerang"],"picked":"SKIP","floor":14},{"not_picked":["Wild Strike","Berserk"],"picked":"Sentinel+1","floor":15},{"not_picked":["Reaper","Fiend Fire"],"picked":"Corruption","floor":16},{"not_picked":["Body Slam","Twin Strike"],"picked":"Shockwave+1","floor":18},{"not_picked":["Seeing Red+1","Reckless Charge"],"picked":"Whirlwind","floor":18},{"not_picked":["Clash","Carnage","Heavy Blade"],"picked":"SKIP","floor":20},{"not_picked":["Headbutt","Cleave","Iron Wave"],"picked":"SKIP","floor":20},{"not_picked":["Headbutt+1","Wild Strike"],"picked":"Sentinel+1","floor":21},{"not_picked":["Intimidate+1","Double Tap+1"],"picked":"Spot Weakness+1","floor":25},{"not_picked":["Perfected Strike","Bloodletting+1"],"picked":"Burning Pact+1","floor":27},{"not_picked":["Havoc+1","Reckless Charge"],"picked":"True Grit+1","floor":29},{"not_picked":["Cleave","Dropkick"],"picked":"Feel No Pain","floor":29},{"not_picked":["Anger","Inflame","Second Wind+1"],"picked":"SKIP","floor":31},{"not_picked":["Anger","Inflame","Second Wind+1"],"picked":"SKIP","floor":31},{"not_picked":["Wild Strike","Flame Barrier+1"],"picked":"Dual Wield+1","floor":32},{"not_picked":["Fiend Fire","Reaper"],"picked":"Juggernaut","floor":33},{"not_picked":["Wild Strike","Inflame","Clothesline"],"picked":"SKIP","floor":35},{"not_picked":["Twin Strike+1","Sever Soul","Pommel Strike"],"picked":"SKIP","floor":35},{"not_picked":["Clothesline","Flex+1"],"picked":"Power Through+1","floor":36},{"not_picked":["Warcry+1","Heavy Blade"],"picked":"Second Wind+1","floor":36},{"not_picked":["Bloodletting+1","Sword Boomerang","Armaments+1"],"picked":"SKIP","floor":37},{"not_picked":["Ghostly Armor+1","Clash","Second Wind+1"],"picked":"SKIP","floor":37},{"not_picked":["Second Wind+1","Reckless Charge+1","Intimidate+1"],"picked":"SKIP","floor":41},{"not_picked":["Inflame","Iron Wave+1"],"picked":"Demon Form","floor":46},{"not_picked":["Sword Boomerang","Cleave","Flex+1"],"picked":"True Grit+1","floor":47},{"not_picked":["Wild Strike","Perfected Strike","Clash","Seeing Red+1"],"picked":"SKIP","floor":47},{"not_picked":["Reckless Charge","Metallicize","Heavy Blade+1"],"picked":"Evolve","floor":48},{"not_picked":["Second Wind+1","Evolve","Rampage"],"picked":"Power Through+1","floor":48},{"not_picked":["Flex+1","Thunderclap","Ghostly Armor+1"],"picked":"Entrench+1","floor":53},{"not_picked":["Wild Strike","Infernal Blade+1","Second Wind+1"],"picked":"Exhume+1","floor":55}],"player_experience":20194022,"relics_obtained":[{"floor":6,"key":"White Beast Statue"},{"floor":9,"key":"Prayer Wheel"},{"floor":10,"key":"FossilizedHelix"},{"floor":11,"key":"Odd Mushroom"},{"floor":12,"key":"Toxic Egg 2"},{"floor":21,"key":"Red Mask"},{"floor":25,"key":"Darkstone Periapt"},{"floor":27,"key":"Ancient Tea Set"},{"floor":31,"key":"InkBottle"},{"floor":39,"key":"Ice Cream"},{"floor":41,"key":"Smiling Mask"},{"floor":46,"key":"Question Card"},{"floor":55,"key":"Paper Frog"}],"event_choices":[{"damage_healed":0,"gold_gain":0,"player_choice":"Grow","damage_taken":0,"max_hp_gain":0,"max_hp_loss":0,"event_name":"Living Wall","floor":4,"gold_loss":0,"cards_upgraded":["Armaments"]},{"cards_removed":["Strike_R"],"damage_healed":0,"gold_gain":0,"player_choice":"Card Removal","damage_taken":7,"max_hp_gain":0,"max_hp_loss":0,"event_name":"Golden Wing","floor":8,"gold_loss":0},{"damage_healed":0,"gold_gain":0,"player_choice":"Fought Mushrooms","damage_taken":0,"max_hp_gain":0,"max_hp_loss":0,"event_name":"Mushrooms","floor":11,"gold_loss":0},{"damage_healed":0,"gold_gain":0,"player_choice":"Opened","damage_taken":0,"relics_obtained":["Vajra"],"max_hp_gain":0,"max_hp_loss":0,"event_name":"The Mausoleum","floor":19,"gold_loss":0,"cards_obtained":["Writhe"]},{"damage_healed":0,"gold_gain":0,"player_choice":"Fought Bandits","damage_taken":0,"max_hp_gain":0,"max_hp_loss":0,"event_name":"Masked Bandits","floor":21,"gold_loss":0},{"damage_healed":0,"gold_gain":0,"player_choice":"Read","damage_taken":0,"max_hp_gain":0,"max_hp_loss":0,"event_name":"The Library","floor":22,"gold_loss":0,"cards_obtained":["Impervious"]},{"cards_removed":["Anger"],"damage_healed":0,"gold_gain":0,"player_choice":"Removed Attack","damage_taken":0,"max_hp_gain":0,"max_hp_loss":0,"event_name":"Falling","floor":38,"gold_loss":0},{"damage_healed":0,"gold_gain":0,"player_choice":"Fight","damage_taken":0,"max_hp_gain":0,"max_hp_loss":0,"event_name":"Mysterious Sphere","floor":39,"gold_loss":0},{"damage_healed":0,"gold_gain":0,"player_choice":"Max HP","damage_taken":0,"max_hp_gain":0,"max_hp_loss":4,"event_name":"Winding Halls","floor":42,"gold_loss":0}],"is_beta":false,"boss_relics":[{"not_picked":["Ectoplasm","Pandora\u0027s Box"],"picked":"Cursed Key"},{"not_picked":["Tiny House","Philosopher\u0027s Stone"],"picked":"Snecko Eye"}],"items_purged_floors":[24,44,54],"is_endless":false,"potions_floor_spawned":[3,10,11,12,14,16,18,20,21,25,27,29,31,33,35,36,37,39,41,46,47,48,55],"ascension_level":20}}