{"host":"uonldg9uriwfhjjx","time":1609311660,"event":{"mods":["AchievementEnabler","BaseMod","Minty Spire (QoL Compilation)","Relic Stats"],"gold_per_floor":[110,110,110,12,22,50,15,15,40,40,40,115,115,40,40,40,40],"floor_reached":16,"playtime":274,"items_purged":["Defend_B"],"score":155,"play_id":"8e82834f-08e2-4cf3-b62b-0bccbbe93d2d","local_time":"20201230020100","is_ascension_mode":true,"campfire_choices":[{"data":"Zap","floor":8,"key":"SMITH"},{"data":"Genetic Algorithm","floor":10,"key":"SMITH"},{"data":"Loop","floor":13,"key":"SMITH"},{"data":"Redo","floor":15,"key":"SMITH"}],"circlet_count":0,"master_deck":["AscendersBane","Strike_B+1","Strike_B+1","Defend_B","Defend_B","Defend_B","Zap+1","Dualcast","Genetic Algorithm+1","Loop+1","Redo+1","BootSequence"],"relics":["Cracked Core","Dream Catcher","Whetstone","WingedGreaves","White Beast Statue"],"acts_visited":["Exordium"],"potions_floor_usage":[6],"damage_taken":[{"damage":1,"enemies":"Cultist","floor":1,"turns":3},{"damage":10,"enemies":"Jaw Worm","floor":5,"turns":4},{"damage":35,"enemies":"3 Sentries","floor":6,"turns":9},{"damage":35,"enemies":"The Guardian","floor":16,"turns":7}],"seed_played":"-2016264739409918652","potions_obtained":[{"floor":1,"key":"LiquidMemories"}],"is_trial":false,"path_per_floor":["M","?","?","$","M","E","?","R","T","R","?","T","R","$","R","B"],"character_chosen":"DEFECT","items_purchased":["Loop","Redo"],"campfire_rested":0,"item_purchase_floors":[4,4],"current_hp_per_floor":[67,60,60,60,50,15,33,33,33,33,30,30,30,30,30,0,0],"gold":40,"neow_bonus":"REMOVE_CARD","is_daily":false,"chose_seed":false,"campfire_upgraded":4,"win_rate":0.0,"timestamp":1609311660,"path_taken":["M","?","?","$","?","E","?","R","T","R","?","?","R","$","R","BOSS"],"items_purchased_type":["Card","Card"],"build_version":"2020-12-22","purchased_purges":1,"victory":false,"max_hp_per_floor":[75,75,75,75,75,75,75,75,75,75,75,75,75,75,75,75,75],"relic_stats":{"Dream Catcher":0,"counters":[4,23],"Whetstone":["Strike_B","Strike_B"],"obtain_stats":[{"Dream Catcher":6,"WingedGreaves":11,"Whetstone":9,"Cracked Core":0,"White Beast Statue":12},{"Dream Catcher":3,"WingedGreaves":3,"Whetstone":3,"Cracked Core":0,"White Beast Statue":3},{"Dream Catcher":16,"WingedGreaves":16,"Whetstone":16,"Cracked Core":0,"White Beast Statue":16}]},"card_choices":[{"not_picked":["Heatsinks","Darkness"],"picked":"Genetic Algorithm","floor":1},{"not_picked":["Turbo","Gash"],"picked":"BootSequence","floor":5},{"not_picked":["Aggregate","Turbo","Compile Driver"],"picked":"SKIP","floor":6}],"player_experience":685040,"relics_obtained":[{"floor":6,"key":"Dream Catcher"},{"floor":9,"key":"Whetstone"},{"floor":12,"key":"White Beast Statue"}],"event_choices":[{"cards_removed":["Strike_B"],"damage_healed":0,"gold_gain":0,"player_choice":"Card Removal","damage_taken":7,"max_hp_gain":0,"max_hp_loss":0,"event_name":"Golden Wing","floor":2,"gold_loss":0},{"damage_healed":0,"gold_gain":0,"player_choice":"Bought 0 Potions","damage_taken":0,"max_hp_gain":0,"max_hp_loss":0,"event_name":"The Woman in Blue","floor":3,"gold_loss":0},{"damage_healed":18,"gold_gain":0,"player_choice":"Healed","damage_taken":0,"max_hp_gain":0,"max_hp_loss":0,"event_name":"The Cleric","floor":7,"gold_loss":35},{"damage_healed":0,"gold_gain":0,"player_choice":"Success","damage_taken":3,"relics_obtained":["WingedGreaves"],"max_hp_gain":0,"max_hp_loss":0,"event_name":"Scrap Ooze","floor":11,"gold_loss":0}],"is_beta":false,"boss_relics":[],"items_purged_floors":[14],"is_endless":false,"potions_floor_spawned":[1],"killed_by":"The Guardian","ascension_level":13}}