{"host":"kev6uqotw4tlyx8l","time":1609334743,"event":{"mods":["Act Like it!","Aspiration","BaseMod","Colored Powertips","Dota2Spire","Downfall","Hallownest","Infinite Spire","Marisa????????","Minty Spire (QoL Compilation)","Quick Restart","Remilia??????","Replay The Spire","StSLib","The Cursed","The Marked","The Mystic","The Servant 0.9.4"],"gold_per_floor":[113,130,130,148,16,16,50,102,125,77,104,104,137,153,153,258,258,278,278,458,474,474,474,506,506,533,533,191,191,191,206,206,315,315,351,123,150,150,150,188,188,235,315,315,315,360,402,445,445,579,579,625,674,674,725,502,502,543,586,586,647,647,665,665,716,716,833,833,883,657,704,752,752,833,833,833,833,833,833,898,748,748,748,879,879,929,993,837,885,935,997,1068,1137,1213,1293,1293,1293,1293,1406,1406,1580,1580,1686,1802,1925,1925,1897,1897,2031,2031,2031,2031,2031,2169,2311,2468,2468,2705,2705,2894,2894,3091,3289,3304,3304,3534,3534,3580,3580,3809,3809,4065,3965,3965,4172,4172,4163,4163],"floor_reached":137,"playtime":5166,"items_purged":["Clash","Clash","Strike_R","Delirium","Doubt"],"score":3683,"play_id":"f0081b68-47b8-426f-a01e-bec43377ce99","local_time":"20201230202543","is_ascension_mode":true,"campfire_choices":[{"floor":6,"key":"REST"},{"data":"ReplayTheSpireMod:LeadingStrike","floor":12,"key":"SMITH"},{"data":"Spot Weakness","floor":23,"key":"SMITH"},{"data":"Uppercut","floor":25,"key":"SMITH"},{"data":"Hemokinesis","floor":27,"key":"SMITH"},{"data":"ReplayTheSpireMod:Private Reserves","floor":29,"key":"SMITH"},{"data":"Strike_R","floor":32,"key":"PURGE"},{"floor":45,"key":"REST"},{"floor":49,"key":"REST"},{"data":"infinitespire:OneForAll","floor":57,"key":"SMITH"},{"data":"Blood for Blood","floor":62,"key":"SMITH"},{"data":"Seeing Red","floor":66,"key":"SMITH"},{"data":"ReplayTheSpireMod:Muscle Training","floor":75,"key":"SMITH"},{"data":"EndlessPower","floor":79,"key":"SMITH"},{"data":"infinitespire:NeuralNetwork","floor":83,"key":"SMITH"},{"data":"ReplayTheSpireMod:LeadingStrike","floor":98,"key":"SMITH"},{"data":"Armaments","floor":100,"key":"SMITH"},{"data":"Terror","floor":108,"key":"SMITH"},{"data":"infinitespire:Fortify","floor":110,"key":"SMITH"},{"data":"ReplayTheSpireMod:LeadingStrike","floor":117,"key":"SMITH"},{"data":"Bash","floor":125,"key":"SMITH"},{"data":"ReplayTheSpireMod:Chaos Vortex","floor":127,"key":"SMITH"},{"data":"Searing Blow","floor":129,"key":"SMITH"},{"floor":134,"key":"DIG"}],"circlet_count":0,"master_deck":["Strike_R+1","Strike_R+1","Defend_R","Defend_R+1","Defend_R","Defend_R+1","Bash+1","Hemokinesis+1","Iron Wave","Disarm+1","Rage+1","Uppercut+1","Thunderclap","ReplayTheSpireMod:LeadingStrike+1","Pommel Strike","Spot Weakness+1","infinitespire:Collect+1","CurseOfTheBell","Pummel","Sword Boomerang","ReplayTheSpireMod:LeadingStrike+1","ReplayTheSpireMod:Private Reserves+1","Armaments+1","Limit Break+1","Heavy Blade","infinitespire:OneForAll+1","Swift Strike","Blood for Blood+1","infinitespire:Fortify+1","ReplayTheSpireMod:LeadingStrike+1","infinitespire:NeuralNetwork+1","ReplayTheSpireMod:Chaos Vortex+1","Sword Boomerang+1","ReplayTheSpireMod:Limb From Limb+1","Heavy Blade","Limit Break+1","Searing Blow+1","Heavy Blade","ReplayTheSpireMod:Muscle Training+1","Heavy Blade","Rampage","Warcry","Seeing Red+1","Bash","Heavy Blade","Feed","Carnage+1","Pot Of Greed","Pot Of Greed","Pot Of Greed","Pot Of Greed","Pot Of Greed","Bloodletting","Body Slam+1","EndlessPower+1","Disarm","Bludgeon","Replay:Fractal Strike","ReplayTheSpireMod:Corrosion Curse","Armaments","Heavy Blade","Pot Of Greed","ReplayTheSpireMod:Stacked+1","Run Through","Thunderclap+1","Pommel Strike","Headbutt+1","Brutality","Ghostly Armor+1","Iron Wave+1","Feed","Headbutt+1","ReplayTheSpireMod:LeadingStrike+1","Shrug It Off+1","Pot Of Greed","Cleave+1","Bludgeon","Quick Slash","Twin Strike","Shrug It Off","Terror+1","Escape Plan","Prepared","Prepared","Pot Of Greed","Quick Slash","Quick Slash","Quick Slash","Defy Death","Bludgeon","ReplayTheSpireMod:Limb From Limb","Cloak And Dagger+1","Slice","Predator","Hemogenesis","Pot Of Greed"],"relics":["Black Blood","PreservedInsect","aspiration:FrozenJewel","Simple Rune","Snack Pack","War Paint","Calling Bell","Pen Nib","Eternal Feather","aspiration:DSix","Dota2Spire:Dagon","Vajra","Bag of Marbles","Ornamental Fan","infinitespire:EvilPickle","Divine Protection","Omamori","Durian","Dota2Spire:MagicBottle","infinitespire:ShieldingShard","WarpedTongs","Kunai","Painkiller Herb","aspiration:AnachronicSnailShell","Guide Book","Replay:Ringing Soul","Bag of Preparation","Odd Mushroom","SlaversCollar","Grinning Jar","infinitespire:Lucky Rock","Dota2Spire:RefresherOrb","Prayer Wheel","aspiration:RitualStick","Dota2Spire:MantaStyle","ReplayTheSpireMod:Shallot","aspiration:SecretTechniqueScroll","Dota2Spire:PowerTreads","infinitespire:Bottled Soul","Cursed Key","ReplayTheSpireMod:Spearhead","Dota2Spire:PhaseBoots","aspiration:SilentSkillbook","MawBank","Pantograph","aspiration:Nostalgia","infinitespire:DarkRift","aspiration:PoetsPen_weak","Lee\u0027s Waffle","Red Mask","Lantern","MealTicket","CaptainsWheel","aspiration:RunicSpoon"],"acts_visited":["Exordium","TheCity","TheBeyond","Exordium","TheCity","TheBeyond","Exordium","TheCity","Hallownest:KingdomsEdge"],"potions_floor_usage":[7,16,16,33,33,37,40,46,48,80,84,84,92,95,101,135,135],"damage_taken":[{"damage":8,"enemies":"2 Louse","floor":1,"turns":3},{"damage":14,"enemies":"Jaw Worm","floor":2,"turns":2},{"damage":16,"enemies":"Small Slimes","floor":4,"turns":3},{"damage":2,"enemies":"Gremlin Nob","floor":7,"turns":3},{"damage":16,"enemies":"3 Sentries","floor":11,"turns":5},{"damage":7,"enemies":"Replay:BlueRogue","floor":13,"turns":4},{"damage":0,"enemies":"Looter","floor":14,"turns":2},{"damage":29,"enemies":"Fading Forest","floor":16,"turns":11},{"damage":16,"enemies":"3 Byrds","floor":18,"turns":6},{"damage":13,"enemies":"Shell Parasite","floor":21,"turns":4},{"damage":19,"enemies":"Slavers","floor":24,"turns":4},{"damage":10,"enemies":"Cultist and Chosen","floor":31,"turns":4},{"damage":11,"enemies":"Pondfish","floor":33,"turns":6},{"damage":28,"enemies":"3 Shapes","floor":35,"turns":2},{"damage":26,"enemies":"3 Darklings","floor":37,"turns":6},{"damage":20,"enemies":"Nemesis","floor":40,"turns":5},{"damage":44,"enemies":"Nightmare","floor":42,"turns":8},{"damage":0,"enemies":"Nemesis","floor":46,"turns":5},{"damage":64,"enemies":"Sphere and 2 Shapes","floor":47,"turns":5},{"damage":6,"enemies":"Spire Growth","floor":48,"turns":3},{"damage":97,"enemies":"infinitespire:MassOfShapes","floor":50,"turns":18},{"damage":0,"enemies":"Jaw Worm","floor":52,"turns":1},{"damage":0,"enemies":"Cultist","floor":53,"turns":2},{"damage":0,"enemies":"2 Louse","floor":55,"turns":1},{"damage":0,"enemies":"Blue Slaver","floor":58,"turns":1},{"damage":0,"enemies":"Gremlin Gang","floor":59,"turns":2},{"damage":0,"enemies":"Gremlin Nob","floor":61,"turns":1},{"damage":0,"enemies":"The Mushroom Lair","floor":63,"turns":2},{"damage":0,"enemies":"Large Slime","floor":65,"turns":1},{"damage":36,"enemies":"The Guardian","floor":67,"turns":7},{"damage":0,"enemies":"2 Thieves","floor":69,"turns":4},{"damage":0,"enemies":"Spheric Guardian","floor":71,"turns":1},{"damage":7,"enemies":"Snake Plant","floor":72,"turns":3},{"damage":0,"enemies":"Slavers","floor":74,"turns":1},{"damage":18,"enemies":"Nightmare","floor":80,"turns":3},{"damage":6,"enemies":"Champ","floor":84,"turns":4},{"damage":0,"enemies":"3 Darklings","floor":86,"turns":4},{"damage":0,"enemies":"Orb Walker","floor":87,"turns":2},{"damage":0,"enemies":"Spire Growth","floor":89,"turns":3},{"damage":0,"enemies":"3 Darklings","floor":90,"turns":3},{"damage":0,"enemies":"Jaw Worm Horde","floor":91,"turns":3},{"damage":0,"enemies":"4 Shapes","floor":92,"turns":2},{"damage":0,"enemies":"Sphere and 2 Shapes","floor":93,"turns":3},{"damage":0,"enemies":"Writhing Mass","floor":95,"turns":2},{"damage":0,"enemies":"R_Hoarder","floor":99,"turns":1},{"damage":29,"enemies":"infinitespire:MassOfShapes","floor":101,"turns":2},{"damage":0,"enemies":"2 Louse","floor":103,"turns":2},{"damage":0,"enemies":"Jaw Worm","floor":104,"turns":2},{"damage":0,"enemies":"Cultist","floor":105,"turns":1},{"damage":0,"enemies":"3 Louse","floor":109,"turns":1},{"damage":0,"enemies":"Looter","floor":114,"turns":1},{"damage":0,"enemies":"Lots of Slimes","floor":115,"turns":2},{"damage":0,"enemies":"Red Slaver","floor":116,"turns":1},{"damage":0,"enemies":"Slime Boss","floor":118,"turns":2},{"damage":0,"enemies":"Chosen","floor":120,"turns":1},{"damage":0,"enemies":"3 Byrds","floor":122,"turns":1},{"damage":0,"enemies":"Sentry and Sphere","floor":123,"turns":2},{"damage":0,"enemies":"Masked Bandits","floor":124,"turns":1},{"damage":0,"enemies":"Gremlin Leader","floor":126,"turns":1},{"damage":0,"enemies":"Snake Plant","floor":130,"turns":2},{"damage":0,"enemies":"Shelled Parasite and Fungi","floor":132,"turns":1},{"damage":157,"enemies":"infinitespire:LordOfFortification","floor":135,"turns":10},{"damage":0,"enemies":"Hallownest:3_Siblings","floor":137,"turns":2}],"seed_played":"-282951437807458607","potions_obtained":[{"floor":4,"key":"Guardian:BlockOnCardUsePotion"},{"floor":7,"key":"Milkshake"},{"floor":14,"key":"BlessingOfTheForge"},{"floor":24,"key":"Elixir"},{"floor":31,"key":"Strength Potion"},{"floor":35,"key":"HeartOfIron"},{"floor":37,"key":"LiquidBronze"},{"floor":40,"key":"Dota2Spire:Clarity"},{"floor":47,"key":"Toxic Potion"},{"floor":50,"key":"sneckomod:MuddlingPotion"},{"floor":53,"key":"SteroidPotion"},{"floor":58,"key":"EssenceOfSteel"},{"floor":59,"key":"Dota2Spire:HealingSalve"},{"floor":65,"key":"Strength Potion"},{"floor":80,"key":"Regen Potion"},{"floor":84,"key":"Energy Potion"},{"floor":89,"key":"Swift Potion"},{"floor":90,"key":"BloodPotion"},{"floor":93,"key":"Flashbang"},{"floor":95,"key":"Strength Potion"},{"floor":101,"key":"BlessingOfTheForge"},{"floor":114,"key":"champ:CounterPotion"},{"floor":124,"key":"Energy Potion"},{"floor":135,"key":"AttackPotion"}],"is_trial":false,"path_per_floor":["M","M","?","M","$","R","E","?","T","?","E","R","E","M","R","B",null,"M","AVR","?","M","?","R","E","R","T","R","$","R","?","M","R","B",null,"M","$","M","?","T","E","AVR","NM","T","?","R","E","M","M","R","B",null,"?","?","AVR","?","T","T","?","?","T","E","T","?","?","?","T","B",null,"?","T","?","?","AVR","E","T","?","T","?","T","NM","T","?","T","B",null,"?","?","T","?","?","?","?","?","T","?","AVR","?","T","E","T","B",null,"?","?","?","?","T","T","?","T","T","?","AVR","?","?","?","T","B",null,"?","AVR","?","?","?","T","E","T","T","T","?","?","?","T","T","B",null,"?"],"character_chosen":"IRONCLAD","items_purchased":["Rage+1","Uppercut","Ornamental Fan","ReplayTheSpireMod:Private Reserves","infinitespire:OneForAll","Swift Strike","Guide Book","Grinning Jar","Dota2Spire:PowerTreads","Escape Plan"],"campfire_rested":3,"item_purchase_floors":[5,5,28,28,36,36,56,70,88,107],"current_hp_per_floor":[78,70,70,60,60,80,80,80,80,80,70,70,71,79,60,51,80,74,74,55,48,48,60,51,66,66,80,80,80,80,76,80,79,80,66,66,58,39,39,37,42,16,16,16,62,85,37,45,85,19,85,85,85,85,85,85,85,85,85,85,88,88,91,94,97,97,78,100,103,106,109,112,115,118,118,94,94,97,121,120,120,120,124,127,127,130,133,133,136,139,142,145,152,152,155,158,158,158,161,161,149,164,167,170,176,176,179,179,182,182,185,185,188,191,191,194,194,197,197,197,207,210,210,210,210,213,213,216,216,219,219,222,222,222,161,225,225,225],"gold":4163,"neow_bonus":"RANDOM_COMMON_RELIC","is_daily":false,"chose_seed":false,"campfire_upgraded":19,"win_rate":0.0,"timestamp":1609334743,"path_taken":["M","M","?","M","$","R","E","?","T","?","E","R","E","M","R","BOSS","M","AVR","?","?","?","R","E","R","T","R","?","R","?","M","R","BOSS","M","$","?","?","?","E","AVR","NM","T","?","R","E","M","M","R","BOSS","?","?","AVR","?","T","T","?","?","T","E","T","?","?","?","T","BOSS","?","T","?","?","AVR","E","T","?","T","?","T","NM","?","?","T","BOSS","?","?","T","?","?","?","?","?","T","?","AVR","?","T","E","T","BOSS","?","?","?","?","T","T","?","T","T","?","AVR","?","?","?","T","BOSS","?","AVR","?","?","?","T","E","T","T","T","?","?","?","T","T","BOSS","?"],"items_purchased_type":["Card","Card","Relic","Card","Card","Card","Relic","Relic","Relic","Card"],"build_version":"2020-12-22","purchased_purges":5,"victory":false,"max_hp_per_floor":[80,80,80,80,80,80,80,80,80,80,80,80,80,80,80,80,80,80,80,80,80,80,80,80,80,80,80,80,80,80,80,80,80,80,80,80,80,80,80,80,85,85,85,85,85,85,85,85,85,85,85,85,85,85,85,85,85,85,85,85,88,88,91,94,97,97,100,100,103,106,109,112,115,118,118,118,118,121,121,124,124,124,124,127,127,130,133,133,136,139,142,145,152,152,155,158,158,158,161,161,164,164,167,170,176,176,179,179,182,182,185,185,188,191,191,194,194,197,197,197,207,210,210,210,210,213,213,216,216,219,219,222,222,222,225,225,225,225],"card_choices":[{"not_picked":["Searing Blow","Rampage"],"picked":"Hemokinesis","floor":1},{"not_picked":["Combust","Cleave"],"picked":"Iron Wave","floor":2},{"not_picked":["Bloodletting","ReplayTheSpireMod:Limb From Limb"],"picked":"Disarm","floor":4},{"not_picked":["Rage","Feel No Pain"],"picked":"Thunderclap","floor":7},{"not_picked":["Armaments","Evolve"],"picked":"ReplayTheSpireMod:LeadingStrike","floor":11},{"not_picked":["Shockwave","Dual Wield"],"picked":"Pommel Strike","floor":13},{"not_picked":["Heavy Blade","ReplayTheSpireMod:Strike From Hell"],"picked":"Spot Weakness","floor":14},{"not_picked":["infinitespire:Fortify","ReplayTheSpireMod:Book of Names"],"picked":"infinitespire:Collect","floor":15},{"not_picked":["Havoc","Second Wind"],"picked":"Pummel","floor":18},{"not_picked":["Flex","Body Slam"],"picked":"Sword Boomerang","floor":21},{"not_picked":["Havoc","Perfected Strike"],"picked":"Clash","floor":24},{"not_picked":["Thunderclap","Intimidate+1"],"picked":"Armaments","floor":31},{"not_picked":["Juggernaut","Exhume"],"picked":"Limit Break","floor":33},{"not_picked":["Dual Wield+1","Burning Pact+1"],"picked":"Heavy Blade","floor":35},{"not_picked":["Clothesline+1","Anger"],"picked":"Blood for Blood","floor":37},{"not_picked":["ReplayTheSpireMod:Book of Names","infinitespire:Oblivion"],"picked":"infinitespire:Fortify","floor":38},{"not_picked":["Clash+1","Rupture"],"picked":"ReplayTheSpireMod:LeadingStrike","floor":40},{"not_picked":["ReplayTheSpireMod:??????????????????????","infinitespire:Starlight"],"picked":"ReplayTheSpireMod:Chaos Vortex","floor":42},{"not_picked":["True Grit+1","Iron Wave+1"],"picked":"Sword Boomerang+1","floor":42},{"not_picked":["Immolate","Rage+1"],"picked":"ReplayTheSpireMod:Limb From Limb+1","floor":46},{"not_picked":["Evolve+1","ReplayReversal","Bloodletting+1"],"picked":"SKIP","floor":47},{"not_picked":["Second Wind+1","Fiend Fire"],"picked":"Heavy Blade","floor":48},{"not_picked":["Immolate","Exhume"],"picked":"Limit Break","floor":50},{"not_picked":["Dual Wield","Replay:Undeath\u0027s Touch"],"picked":"Searing Blow","floor":52},{"not_picked":["Flex","Body Slam"],"picked":"Heavy Blade","floor":53},{"not_picked":["Run Through","True Grit"],"picked":"ReplayTheSpireMod:Muscle Training","floor":55},{"not_picked":["Flame Barrier","ReplayTheSpireMod:Corrosion Curse"],"picked":"Heavy Blade","floor":58},{"not_picked":["Anger","Perfected Strike"],"picked":"Rampage","floor":59},{"not_picked":["Evolve","Clothesline"],"picked":"Warcry","floor":61},{"not_picked":["Iron Wave","Clothesline"],"picked":"Seeing Red","floor":63},{"not_picked":["Juggernaut","Perfected Strike"],"picked":"Heavy Blade","floor":65},{"not_picked":["Double Tap","Brutality"],"picked":"Feed","floor":67},{"not_picked":["Iron Wave","Uppercut+1"],"picked":"Carnage+1","floor":69},{"not_picked":["Clash+1","ReplayTheSpireMod:Strike From Hell+1"],"picked":"Bloodletting","floor":71},{"not_picked":["Spot Weakness","Body Slam"],"picked":"Clash","floor":72},{"not_picked":["Shrug It Off+1","Armaments"],"picked":"Body Slam+1","floor":74},{"not_picked":["True Grit+1","Clothesline"],"picked":"Disarm","floor":80},{"not_picked":["Eclipse","Hemogenesis"],"picked":"Bludgeon","floor":84},{"not_picked":["infinitespire:Punishment","ReplayTheSpireMod:Black Plague"],"picked":"Replay:Fractal Strike","floor":86},{"not_picked":["Inflame+1","ReplayTheSpireMod:Muscle Training+1"],"picked":"ReplayTheSpireMod:Corrosion Curse","floor":86},{"not_picked":["True Grit","Body Slam"],"picked":"Armaments","floor":86},{"not_picked":["Reckless Charge+1","Flex+1"],"picked":"Heavy Blade","floor":87},{"not_picked":["Fiend Fire","Power Through+1","ReplayTheSpireMod:Strike From Hell"],"picked":"SKIP","floor":87},{"not_picked":["ReplayTheSpireMod:Corrosion Curse","Heavy Blade+1"],"picked":"ReplayTheSpireMod:Stacked+1","floor":89},{"not_picked":["Havoc","True Grit+1"],"picked":"Run Through","floor":89},{"not_picked":["Blood for Blood+1","Havoc+1"],"picked":"Thunderclap+1","floor":90},{"not_picked":["Sever Soul+1","Intimidate+1"],"picked":"Pommel Strike","floor":90},{"not_picked":["Hemokinesis+1","Shockwave+1"],"picked":"Headbutt+1","floor":91},{"not_picked":["Replay:Undeath\u0027s Touch+1","Anger+1"],"picked":"Brutality","floor":91},{"not_picked":["ReplayTheSpireMod:Strike From Hell","Iron Wave+1"],"picked":"Ghostly Armor+1","floor":92},{"not_picked":["Replay:Undeath\u0027s Touch+1","Twin Strike"],"picked":"Iron Wave+1","floor":92},{"not_picked":["Dropkick","Pommel Strike"],"picked":"Feed","floor":93},{"not_picked":["ReplayReversal+1","Perfected Strike"],"picked":"Headbutt+1","floor":93},{"not_picked":["Iron Wave","Power Through"],"picked":"ReplayTheSpireMod:LeadingStrike","floor":95},{"not_picked":["Clothesline","Run Through+1"],"picked":"Shrug It Off+1","floor":95},{"not_picked":["Rampage+1","Run Through"],"picked":"Cleave+1","floor":99},{"not_picked":["Juggernaut","Eclipse"],"picked":"Bludgeon","floor":101},{"not_picked":["Abandon","Rampage","Cloak And Dagger"],"picked":"Quick Slash","floor":103},{"not_picked":["Cleave","Body Slam","Sucker Punch"],"picked":"Twin Strike","floor":103},{"not_picked":["ReplayReversal","Cloak And Dagger","Hemogenesis"],"picked":"Shrug It Off","floor":104},{"not_picked":["Hidden Blade","Carnage","PiercingWail","Flex"],"picked":"SKIP","floor":104},{"not_picked":["Flying Knee","Sword Boomerang","ReplayReversal"],"picked":"Terror","floor":105},{"not_picked":["Accuracy","Heel Hook","Backflip","Headbutt"],"picked":"SKIP","floor":105},{"not_picked":["Perfected Strike","Doppelganger","Combust"],"picked":"Prepared","floor":109},{"not_picked":["Evolve","Perfected Strike","ReplayTheSpireMod:Strike From Hell"],"picked":"Prepared","floor":109},{"not_picked":["Metallicize","Abandon","Clash"],"picked":"Quick Slash","floor":114},{"not_picked":["Warcry","Perfected Strike","Armaments"],"picked":"Quick Slash","floor":114},{"not_picked":["Warcry","Spot Weakness","Run Through","Deflect"],"picked":"SKIP","floor":115},{"not_picked":["ReplayTheSpireMod:Tripwire","Flechettes","Poisoned Stab","Distraction"],"picked":"SKIP","floor":115},{"not_picked":["Cloak And Dagger","Corpse Explosion","Run Through"],"picked":"Quick Slash","floor":116},{"not_picked":["ReplayTheSpireMod:Strike From Hell","Eviscerate","Entrench"],"picked":"Defy Death","floor":116},{"not_picked":["Phantasmal Killer","Burst","After Image"],"picked":"Bludgeon","floor":118},{"not_picked":["Bane","Dodge and Roll","Replay:Poison Smokescreen","Anger+1"],"picked":"SKIP","floor":120},{"not_picked":["Clash+1","Leg Sweep","ReplayTheSpireMod:Strike From Hell","Poisoned Stab"],"picked":"SKIP","floor":120},{"not_picked":["Armaments+1","Atom Bomb","Clash+1"],"picked":"ReplayTheSpireMod:Limb From Limb","floor":122},{"not_picked":["Warcry+1","Cleave","Blade Dance","Clash"],"picked":"SKIP","floor":122},{"not_picked":["Dark Embrace","Sucker Punch","Havoc","Anger"],"picked":"SKIP","floor":123},{"not_picked":["Slice","Dropkick","Wraith Form v2","Underhanded Strike+1"],"picked":"SKIP","floor":123},{"not_picked":["Slice","Ghostly Armor","ReplayTheSpireMod:Speed Training+1"],"picked":"Cloak And Dagger+1","floor":126},{"not_picked":["Hidden Blade","Rupture","Shrug It Off"],"picked":"Slice","floor":130},{"not_picked":["Sucker Punch","PiercingWail+1","Rupture","Prepared"],"picked":"SKIP","floor":130},{"not_picked":["Ghostly Armor","Wild Strike","Body Slam+1"],"picked":"Predator","floor":132},{"not_picked":["Havoc","Disarm","Headbutt","Tactician"],"picked":"SKIP","floor":132},{"not_picked":["Envenom","Corruption","Fiend Fire"],"picked":"Hemogenesis","floor":135}],"player_experience":49612,"relics_obtained":[{"floor":7,"key":"aspiration:FrozenJewel"},{"floor":9,"key":"Simple Rune"},{"floor":11,"key":"Snack Pack"},{"floor":13,"key":"War Paint"},{"floor":17,"key":"Pen Nib"},{"floor":17,"key":"Eternal Feather"},{"floor":17,"key":"aspiration:DSix"},{"floor":24,"key":"Vajra"},{"floor":26,"key":"Bag of Marbles"},{"floor":39,"key":"Divine Protection"},{"floor":40,"key":"Omamori"},{"floor":42,"key":"Dota2Spire:MagicBottle"},{"floor":43,"key":"infinitespire:ShieldingShard"},{"floor":46,"key":"Kunai"},{"floor":60,"key":"Replay:Ringing Soul"},{"floor":61,"key":"Bag of Preparation"},{"floor":63,"key":"Odd Mushroom"},{"floor":74,"key":"Prayer Wheel"},{"floor":77,"key":"Dota2Spire:MantaStyle"},{"floor":80,"key":"ReplayTheSpireMod:Shallot"},{"floor":94,"key":"infinitespire:Bottled Soul"},{"floor":99,"key":"Dota2Spire:PhaseBoots"},{"floor":111,"key":"Pantograph"},{"floor":124,"key":"Red Mask"},{"floor":126,"key":"Lantern"},{"floor":128,"key":"MealTicket"},{"floor":134,"key":"CaptainsWheel"}],"event_choices":[{"damage_healed":0,"gold_gain":52,"player_choice":"Gained Gold","damage_taken":0,"max_hp_gain":0,"max_hp_loss":0,"event_name":"Golden Wing","floor":8,"gold_loss":0},{"damage_healed":0,"gold_gain":0,"player_choice":"Left Gold","damage_taken":0,"max_hp_gain":0,"max_hp_loss":0,"event_name":"World of Goop","floor":10,"gold_loss":48},{"damage_healed":0,"gold_gain":180,"player_choice":"GOLD GOLD ","damage_taken":19,"max_hp_gain":0,"max_hp_loss":0,"event_name":"Knowing Skull","floor":20,"potions_obtained":[],"gold_loss":0,"cards_obtained":[]},{"damage_healed":0,"gold_gain":0,"player_choice":"Copied","damage_taken":0,"max_hp_gain":0,"max_hp_loss":0,"event_name":"Duplicator","floor":22,"gold_loss":0,"cards_obtained":["ReplayTheSpireMod:LeadingStrike"]},{"cards_removed":["Strike_R"],"damage_healed":0,"gold_gain":0,"player_choice":"Offered Basic","damage_taken":0,"max_hp_gain":0,"max_hp_loss":0,"event_name":"Bonfire Elementals","floor":30,"gold_loss":0},{"damage_healed":0,"gold_gain":0,"player_choice":"Rummage","damage_taken":0,"relics_obtained":["WarpedTongs"],"max_hp_gain":0,"max_hp_loss":0,"event_name":"Accursed Blacksmith","floor":44,"gold_loss":0,"cards_obtained":["Pain"]},{"damage_healed":0,"gold_gain":0,"player_choice":"Fought Mushrooms","damage_taken":0,"max_hp_gain":0,"max_hp_loss":0,"event_name":"Mushrooms","floor":63,"gold_loss":0},{"damage_healed":0,"gold_gain":0,"player_choice":"1 cards matched","damage_taken":0,"max_hp_gain":0,"max_hp_loss":0,"event_name":"Match and Keep!","floor":64,"gold_loss":0,"cards_obtained":["Bash"]},{"damage_healed":0,"gold_gain":0,"player_choice":"Upgraded","damage_taken":0,"max_hp_gain":0,"max_hp_loss":0,"event_name":"Upgrade Shrine","floor":82,"gold_loss":0,"cards_upgraded":["infinitespire:Collect"]},{"damage_healed":0,"gold_gain":0,"player_choice":"Ignored","damage_taken":0,"max_hp_gain":0,"max_hp_loss":0,"event_name":"Tomb of Lord Red Mask","floor":97,"gold_loss":0},{"damage_healed":0,"gold_gain":0,"player_choice":"Searched \u00271\u0027 times","damage_taken":0,"relics_obtained":["MawBank"],"max_hp_gain":0,"max_hp_loss":0,"event_name":"Dead Adventurer","floor":106,"gold_loss":0},{"damage_healed":0,"gold_gain":0,"player_choice":"Fought Bandits","damage_taken":0,"max_hp_gain":0,"max_hp_loss":0,"event_name":"Masked Bandits","floor":124,"gold_loss":0},{"damage_healed":0,"gold_gain":0,"player_choice":"Ignored","damage_taken":0,"max_hp_gain":0,"max_hp_loss":0,"event_name":"Ghosts","floor":131,"gold_loss":0}],"is_beta":false,"boss_relics":[{"not_picked":["Tiny House","Snecko Eye"],"picked":"Calling Bell"},{"not_picked":["Dota2Spire:Bloodstone","Coffee Dripper"],"picked":"Black Blood"},{"not_picked":["aspiration:RunicSpoon","Velvet Choker"],"picked":"Painkiller Herb"},{"not_picked":["Empty Cage","Runic Cube"],"picked":"SlaversCollar"},{"not_picked":["Replay:Grab Bag","infinitespire:Cupcake"],"picked":"aspiration:SecretTechniqueScroll"},{"not_picked":["SacredBark","infinitespire:Burning Sword"],"picked":"aspiration:SilentSkillbook"},{"not_picked":["aspiration:FutureDiary","infinitespire:Burning Sword"],"picked":"aspiration:PoetsPen_weak"},{"not_picked":["Replay:Bronze Core","Velvet Choker"],"picked":"aspiration:RunicSpoon"}],"items_purged_floors":[73,81,96,113,133],"is_endless":true,"potions_floor_spawned":[4,7,14,24,31,35,37,40,47,50,53,58,59,65,74,80,84,89,90,93,95,101,104,114,116,124,126,135],"killed_by":"Hallownest:3_Siblings","ascension_level":2}}