{"host":"74rphcgmhz43g39u","time":1609349675,"event":{"mods":["Act Like it!","BaseMod","Colored Powertips","Gensokyo","Marisa£®ÏF”Í°°ƒß¿Ì…≥£©","Minty Spire (QoL Compilation)","Quick Restart","Reimu£®≤©¿ˆ¡È√Œ£©","Remilia£®¿Ÿ√◊¿Ú—«£©","StSLib"],"gold_per_floor":[114,128,58,72,91,117,134,134,134],"floor_reached":8,"playtime":634,"items_purged":[],"score":65,"play_id":"f10a9b81-a6fd-4e70-aac9-ecb6cc7d768a","local_time":"20201231013435","is_ascension_mode":true,"campfire_choices":[],"circlet_count":0,"master_deck":["Strike_Lin:ReiMu","Strike_Lin:ReiMu","Strike_Lin:ReiMu","Strike_Lin:ReiMu","Defend_Lin:ReiMu+1","Defend_Lin:ReiMu","Defend_Lin:ReiMu","Defend_Lin:ReiMu+1","NB:ReiMu","Stagnation:ReiMu","Free:ReiMu","FantasyMoon:ReiMu","RainPray2:ReiMu","PassingAway:ReiMu","SealNeedle:ReiMu","WonderfulDomain:ReiMu"],"relics":["FlyPower:ReiMu","Strawberry"],"acts_visited":["Exordium"],"potions_floor_usage":[5,6],"damage_taken":[{"damage":3.0,"enemies":"Gensokyo:3_Fairies","floor":1.0,"turns":5.0},{"damage":6.0,"enemies":"Gensokyo:Gryphon","floor":2.0,"turns":5.0},{"damage":0.0,"enemies":"Gensokyo:Python","floor":4.0,"turns":6.0},{"damage":0,"enemies":"Gensokyo:2_Rabbits","floor":5,"turns":9},{"damage":38,"enemies":"Gensokyo:Cirno","floor":6,"turns":8},{"damage":8,"enemies":"Gensokyo:CorruptedTreant","floor":7,"turns":6},{"damage":16,"enemies":"Gensokyo:Aya","floor":8,"turns":6}],"seed_played":"-7963228285658976483","potions_obtained":[{"floor":1.0,"key":"SteroidPotion"},{"floor":2.0,"key":"SpeedPotion"},{"floor":4.0,"key":"LiquidMemories"}],"is_trial":false,"path_per_floor":["M","M","?","M","M","E","M","E"],"character_chosen":"REIMU","items_purchased":[],"campfire_rested":0,"item_purchase_floors":[],"current_hp_per_floor":[56,50,50,50,50,19,11,0,0],"gold":134,"neow_bonus":"THREE_RARE_CARDS","is_daily":false,"chose_seed":false,"campfire_upgraded":0,"win_rate":0.0,"timestamp":1609349675,"path_taken":["M","M","?","M","M","E","M","E"],"items_purchased_type":[],"build_version":"2020-12-22","purchased_purges":0,"victory":false,"max_hp_per_floor":[59,59,59,59,59,66,66,66,66],"card_choices":[{"not_picked":["KamiRite:ReiMu","CardOfSanctity:ReiMu"],"picked":"Free:ReiMu","floor":0.0},{"not_picked":["PayForSelf:ReiMu","TightArray:ReiMu"],"picked":"FantasyMoon:ReiMu","floor":1.0},{"not_picked":["Conquer:ReiMu","TightArray:ReiMu","AlertArray:ReiMu"],"picked":"SKIP","floor":2.0},{"not_picked":["OrbThrow:ReiMu","SubAcupoint:ReiMu"],"picked":"RainPray2:ReiMu","floor":4.0},{"not_picked":["OrbThrow:ReiMu","Intuition:ReiMu"],"picked":"PassingAway:ReiMu","floor":5},{"not_picked":["BarrageOfMoneybags:ReiMu","PassingAway:ReiMu"],"picked":"SealNeedle:ReiMu","floor":6},{"not_picked":["BlastKick2:ReiMu","OrbThrow:ReiMu"],"picked":"WonderfulDomain:ReiMu","floor":7}],"player_experience":1083889,"relics_obtained":[{"floor":6,"key":"Strawberry"}],"event_choices":[],"is_beta":false,"boss_relics":[],"items_purged_floors":[],"is_endless":false,"potions_floor_spawned":[1,2,4],"killed_by":"Gensokyo:Aya","ascension_level":2}}