{"host":"1c52r9kaxdyo25eq","time":1609368773,"event":{"mods":["AchievementEnabler","BaseMod","Minty Spire (QoL Compilation)","Rare Cards Sparkle","SuperFastMode","everything is the same but u backflip on backflip"],"gold_per_floor":[111,56,72,72,147,172,172,172,197,211,211,230,243,243,243,314,314,332,332,532,547,562,562,562,562],"floor_reached":24,"playtime":697,"items_purged":[],"score":492,"play_id":"471b4376-a7d3-43f8-baa6-7c94ea2abab1","local_time":"20201231075253","is_ascension_mode":true,"campfire_choices":[{"floor":8,"key":"REST"},{"data":"Phantasmal Killer","floor":15,"key":"SMITH"},{"floor":23,"key":"REST"}],"circlet_count":0,"master_deck":["AscendersBane","Strike_G+1","Strike_G","Strike_G+1","Defend_G","Defend_G","Survivor","Neutralize","Riddle With Holes","Phantasmal Killer+1","Terror","Blade Dance","Blade Dance","Footwork","After Image","Well Laid Plans+1","Tactician+1","Skewer+1","Calculated Gamble"],"relics":["Ring of the Snake","Art of War","Whetstone","CaptainsWheel","Astrolabe"],"acts_visited":["Exordium","TheCity"],"potions_floor_usage":[12,13,16,21],"damage_taken":[{"damage":7.0,"enemies":"Small Slimes","floor":1.0,"turns":3.0},{"damage":0.0,"enemies":"2 Louse","floor":3.0,"turns":3.0},{"damage":34,"enemies":"3 Sentries","floor":6,"turns":10},{"damage":1,"enemies":"Cultist","floor":10,"turns":3},{"damage":5,"enemies":"Gremlin Gang","floor":12,"turns":5},{"damage":0,"enemies":"3 Louse","floor":13,"turns":3},{"damage":0,"enemies":"Slime Boss","floor":16,"turns":5},{"damage":20,"enemies":"3 Byrds","floor":18,"turns":7},{"damage":0,"enemies":"Chosen","floor":21,"turns":2},{"damage":8,"enemies":"Snecko","floor":22,"turns":4},{"damage":20,"enemies":"Gremlin Leader","floor":24,"turns":7}],"seed_played":"5838793288104938691","potions_obtained":[{"floor":3.0,"key":"Energy Potion"},{"floor":6,"key":"Dexterity Potion"},{"floor":12,"key":"Energy Potion"},{"floor":18,"key":"LiquidMemories"}],"is_trial":false,"path_per_floor":["M","$","M","$","?","E","?","R","T","M","?","M","M","?","R","B",null,"M","?","?","M","M","R","E"],"character_chosen":"THE_SILENT","items_purchased":["Blade Dance"],"campfire_rested":2,"item_purchase_floors":[2],"current_hp_per_floor":[52,52,52,52,41,7,7,26,26,25,14,9,9,31,31,31,57,37,19,19,19,11,32,12,12],"gold":562,"neow_bonus":"TRANSFORM_TWO_CARDS","is_daily":false,"chose_seed":false,"campfire_upgraded":1,"win_rate":0.0,"timestamp":1609368773,"path_taken":["M","$","M","$","?","E","?","R","T","M","?","M","M","?","R","BOSS","M","?","?","?","M","R","E"],"items_purchased_type":["Card"],"build_version":"2020-12-22","purchased_purges":0,"victory":false,"max_hp_per_floor":[66,66,66,66,66,66,66,66,66,66,66,66,66,66,66,66,66,66,71,71,71,71,71,71,71],"card_choices":[{"not_picked":["Acrobatics","Bane"],"picked":"Terror","floor":1.0},{"not_picked":["Dodge and Roll","Deadly Poison"],"picked":"Blade Dance","floor":3.0},{"not_picked":["Dagger Spray","Poisoned Stab","Dagger Throw"],"picked":"SKIP","floor":6},{"not_picked":["Terror","Dagger Throw","Quick Slash"],"picked":"SKIP","floor":10},{"not_picked":["Footwork","Bane","Deadly Poison"],"picked":"SKIP","floor":12},{"not_picked":["Bane","Deadly Poison"],"picked":"Footwork","floor":12},{"not_picked":["Dagger Throw","Caltrops","Poisoned Stab"],"picked":"SKIP","floor":13},{"not_picked":["Night Terror","Storm of Steel"],"picked":"After Image","floor":16},{"not_picked":["Prepared","Expertise"],"picked":"Calculated Gamble","floor":18},{"not_picked":["Noxious Fumes","Infinite Blades","Flying Knee"],"picked":"SKIP","floor":21},{"not_picked":["Well Laid Plans","Dagger Throw","Bane"],"picked":"SKIP","floor":22}],"player_experience":531195,"relics_obtained":[{"floor":6,"key":"Art of War"},{"floor":9,"key":"Whetstone"}],"event_choices":[{"damage_healed":0.0,"max_hp_gain":0.0,"max_hp_loss":0.0,"gold_gain":75.0,"event_name":"World of Goop","player_choice":"Gather Gold","floor":5.0,"gold_loss":0.0,"damage_taken":11.0},{"cards_removed":["Clumsy"],"damage_healed":0,"gold_gain":0,"player_choice":"Forget","damage_taken":0,"max_hp_gain":0,"max_hp_loss":0,"event_name":"Living Wall","floor":7,"gold_loss":0},{"damage_healed":0,"gold_gain":0,"player_choice":"Success","damage_taken":11,"relics_obtained":["CaptainsWheel"],"max_hp_gain":0,"max_hp_loss":0,"event_name":"Scrap Ooze","floor":11,"gold_loss":0},{"damage_healed":22,"gold_gain":0,"player_choice":"Banana","damage_taken":0,"max_hp_gain":0,"max_hp_loss":0,"event_name":"Big Fish","floor":14,"gold_loss":0},{"damage_healed":0,"gold_gain":0,"player_choice":"Shed Blood","damage_taken":23,"max_hp_gain":5,"max_hp_loss":0,"event_name":"Forgotten Altar","floor":19,"gold_loss":0},{"damage_healed":0,"gold_gain":200,"player_choice":"Gold","damage_taken":0,"max_hp_gain":0,"max_hp_loss":0,"event_name":"Wheel of Change","floor":20,"gold_loss":0}],"is_beta":false,"boss_relics":[{"not_picked":["Fusion Hammer","SacredBark"],"picked":"Astrolabe"}],"items_purged_floors":[],"is_endless":false,"potions_floor_spawned":[3,6,12,18],"killed_by":"Gremlin Leader","ascension_level":20}}