{"host":"bxdue9bkfm2khp2x","time":1609343113,"event":{"mods":["ATMod(阿瑾Mod)","Aspiration","BaseMod","Better Vampires","Challenge The Spire","Colored Powertips","Conspire","Decade(王小明)","Dota2Spire","Highlight Path","Minty Spire (QoL Compilation)","MostiFishMod","Replay The Spire","RumiaBox-露米娅的神秘盒子","Spicy Shops","StSLib","Td1madao Mod","The Alterego","The Cursed","WarShipGirlsR/战舰少女R mod","noobMod","vexMod","【功能Mod】混沌之环修复补丁","【遗物卡牌】REMEMod","篝火指南"],"gold_per_floor":[112,112,132,145,145,145,165,214,269,269,269,45,72,104,104,202,202,221,236,65,65,80,80,107,467,492,492,512,543,543,560,32,136,136,147,158,158,177,2,2,19,19,87,87,102,102,102,120,120,120],"floor_reached":51,"playtime":4526,"items_purged":["rmod:defend","rmod:strick","rmod:strick","rmod:strick","rmod:concentratefire"],"score":976,"play_id":"25befcf2-be38-4c9d-adef-b0137bf39327","local_time":"20201230234513","is_ascension_mode":true,"campfire_choices":[{"data":"rmod:basicallowance","floor":6.0,"key":"SMITH"},{"data":"rmod:expedition","floor":11.0,"key":"SMITH"},{"data":"rmod:expedition+1","floor":15.0,"key":"SMITH"},{"data":"rmod:expedition+2","floor":23.0,"key":"SMITH"},{"data":"rmod:smokecover","floor":27.0,"key":"SMITH"},{"data":"rmod:diaomin","floor":30.0,"key":"SMITH"},{"data":"rmod:royalracing","floor":40.0,"key":"SMITH"},{"data":"rmod:mineteam","floor":42.0,"key":"SMITH"},{"data":"rmod:overbreakdown","floor":44.0,"key":"SMITH"},{"data":"rmod:firesupport","floor":47,"key":"SMITH"},{"floor":49,"key":"REST"}],"circlet_count":0,"master_deck":["rmod:defend","rmod:defend","rmod:defend","rmod:basicallowance+1","rmod:maingunfire","Master of Strategy+1","rmod:overbreakdown+1","rmod:firesupport+1","rmod:expedition+3","rmod:royalracing+1","rmod:smokecover+1","rmod:acesubmarine+1","rmod:mineteam+1","rmod:diaomin+1","rmod:windflower+1","rmod:seals+1","rmod:chargemoney+1","conspire:Banana+1"],"relics":["rmod:firstchargereward","DaveBox","REME_ComplimentaryCards","ice","AT_ATBox","BrkXgEgg","NeowsBlessing","SynthV:TestCard","CaptainsWheel","Dota2Spire:MagicBottle","Odd Mushroom","vexMod:Dragonfruit","alterego_mod:SomeoneToFightFor","aspiration:Stabinomicon","vexMod:BarristanHead","AT_RedTearstoneRing","Snack Pack","aspiration:FutureDiary","Toxic Egg 2"],"acts_visited":["Exordium","TheCity","TheBeyond"],"potions_floor_usage":[50],"damage_taken":[{"damage":0.0,"enemies":"Jaw Worm","floor":1.0,"turns":1.0},{"damage":0.0,"enemies":"Cultist","floor":3.0,"turns":1.0},{"damage":0.0,"enemies":"Small Slimes","floor":4.0,"turns":1.0},{"damage":0.0,"enemies":"Gremlin Gang","floor":7.0,"turns":2.0},{"damage":0.0,"enemies":"3 Louse","floor":8.0,"turns":3.0},{"damage":3.0,"enemies":"The Mushroom Lair","floor":13.0,"turns":3.0},{"damage":9.0,"enemies":"3 Sentries","floor":14.0,"turns":9.0},{"damage":0.0,"enemies":"Slime Boss","floor":16.0,"turns":10.0},{"damage":0.0,"enemies":"conspire:FuzzyDice","floor":18.0,"turns":6.0},{"damage":8.0,"enemies":"2 Thieves","floor":19.0,"turns":4.0},{"damage":8.0,"enemies":"conspire:HollyBat","floor":22.0,"turns":5.0},{"damage":27.0,"enemies":"Book of Stabbing","floor":24.0,"turns":7.0},{"damage":5.0,"enemies":"3 Cultists","floor":28.0,"turns":4.0},{"damage":10.0,"enemies":"conspire:Head Lice","floor":29.0,"turns":7.0},{"damage":20.0,"enemies":"Snake Plant","floor":31.0,"turns":3.0},{"damage":0.0,"enemies":"Champ","floor":33.0,"turns":5.0},{"damage":0.0,"enemies":"Orb Walker","floor":35.0,"turns":4.0},{"damage":29.0,"enemies":"3 Darklings","floor":36.0,"turns":5.0},{"damage":0.0,"enemies":"4 Shapes","floor":38.0,"turns":5.0},{"damage":0.0,"enemies":"Sphere and 2 Shapes","floor":41.0,"turns":5.0},{"damage":15.0,"enemies":"3 Darklings","floor":45.0,"turns":6.0},{"damage":26,"enemies":"4 Shapes","floor":48,"turns":6},{"damage":10,"enemies":"Replay:Hell Engine","floor":50,"turns":13}],"seed_played":"3411875700601470458","potions_obtained":[{"floor":3.0,"key":"Explosive Potion"},{"floor":4.0,"key":"EssenceOfSteel"},{"floor":7.0,"key":"REME_GoldPotion"},{"floor":18.0,"key":"Reflective Coating"},{"floor":19.0,"key":"SteroidPotion"},{"floor":22.0,"key":"GamblersBrew"},{"floor":29.0,"key":"Block Potion"},{"floor":38.0,"key":"Weak Potion"},{"floor":41.0,"key":"FearPotion"},{"floor":45.0,"key":"Dota2Spire:HealingSalve"}],"is_trial":false,"path_per_floor":["M","?","M","M","?","R","M","M","T","?","R","$","?","E","R","B",null,"M","M","$","?","M","R","E","?","T","R","M","E","R","M","R","B",null,"M","M","?","M","$","R","M","R","T","R","M","?","R","M","R","B",null],"character_chosen":"PRAEFECT","items_purchased":["Dota2Spire:MagicBottle","rmod:mineteam","Snack Pack"],"campfire_rested":1,"item_purchase_floors":[12,20,32],"current_hp_per_floor":[68,68,68,68,68,68,68,68,68,68,68,68,65,70,70,70,78,78,76,76,76,77,77,66,30,30,30,31,30,30,13,13,30,68,70,49,49,53,53,53,76,76,76,76,65,65,65,69,82,84],"gold":120,"neow_bonus":"THREE_ENEMY_KILL","is_daily":false,"chose_seed":false,"campfire_upgraded":10,"win_rate":0.0,"timestamp":1609343113,"path_taken":["M","?","?","M","?","R","M","?","T","?","R","$","?","E","R","BOSS","M","M","$","?","M","R","E","?","T","R","M","E","R","M","R","BOSS","M","?","?","M","$","R","M","R","T","R","M","?","R","?","R","BOSS"],"items_purchased_type":["Relic","Card","Relic"],"build_version":"2020-12-22","purchased_purges":5,"victory":true,"max_hp_per_floor":[75,75,75,75,75,75,75,75,75,75,75,75,75,80,80,80,80,80,80,80,80,80,80,80,80,80,80,80,80,80,80,80,80,80,80,80,80,80,80,80,80,80,80,80,80,80,80,82,82,84],"card_choices":[{"not_picked":["rmod:aviationdawn","rmod:generalist"],"picked":"rmod:overbreakdown","floor":1.0},{"not_picked":["rmod:overbreakdown","rmod:steelsupply","rmod:combined","rmod:victimresponsibility"],"picked":"rmod:firesupport","floor":3.0},{"not_picked":["rmod:aviationdawn","rmod:shuttlebombing","rmod:openingtorpedo","rmod:aluminumsupply","rmod:steelsupply"],"picked":"SKIP","floor":4.0},{"not_picked":["rmod:fletcher+1","rmod:aluminumsupply","rmod:luckystar","rmod:wasp"],"picked":"rmod:expedition","floor":7.0},{"not_picked":["rmod:highspeedshooting","rmod:generalist","rmod:tearstotiara","rmod:ammunitionsupply"],"picked":"rmod:royalracing","floor":8.0},{"not_picked":["rmod:overbreakdown","rmod:spoils","rmod:supportescort","rmod:intelligenceanalysis"],"picked":"rmod:smokecover","floor":13.0},{"not_picked":["rmod:steelsupply","rmod:advancebysurprise","rmod:expedition","rmod:fuelsupply","rmod:aluminumsupply"],"picked":"SKIP","floor":14.0},{"not_picked":["rmod:supriseattacks+1","rmod:u235+1","rmod:stealaluminum+1","rmod:timeschanged+1"],"picked":"rmod:acesubmarine+1","floor":16.0},{"not_picked":["rmod:steelsupply+1","rmod:heivgo","rmod:fletcherpendant","rmod:aviationdawn+1","rmod:aluminumsupply"],"picked":"SKIP","floor":18.0},{"not_picked":["rmod:maintain","rmod:generalist","rmod:highspeedshooting","rmod:saltedfish+1","rmod:luckystar"],"picked":"SKIP","floor":19.0},{"not_picked":["rmod:intelligenceanalysis","rmod:lonelyqueen","rmod:salvage+1","rmod:overbreakdown+1","rmod:ammunitionsupply+1"],"picked":"SKIP","floor":22.0},{"not_picked":["rmod:unsinkable","rmod:gendarmerie+1","rmod:wife","rmod:supportaircraftcarrier"],"picked":"rmod:diaomin","floor":24.0},{"not_picked":["rmod:luckystar","rmod:firesupport","rmod:circuitoustactics","rmod:aluminumsupply","rmod:aviationdawn"],"picked":"SKIP","floor":28.0},{"not_picked":["rmod:victimresponsibility","rmod:diamondstrike","rmod:luckystar","rmod:goodfighter+1"],"picked":"rmod:windflower+1","floor":29.0},{"not_picked":["rmod:garrisonisland","rmod:aviationdawn","rmod:circuitoustactics","rmod:diaomin","rmod:highspeedshooting"],"picked":"SKIP","floor":31.0},{"not_picked":["rmod:acesubmarine+1","rmod:auspiciousomen+1","rmod:u235+1","rmod:saltedfish+1"],"picked":"rmod:seals+1","floor":33.0},{"not_picked":["rmod:fletcherpendant+1","rmod:supportescort","rmod:slowdown+1","rmod:goodfighter+1","rmod:combined"],"picked":"SKIP","floor":35.0},{"not_picked":["rmod:robin","rmod:unsinkable","rmod:circuitoustactics","rmod:overbreakdown","rmod:fletcherpendant"],"picked":"SKIP","floor":36.0},{"not_picked":["rmod:circuitoustactics","rmod:robin","rmod:tearstotiara","rmod:lonelyqueen","rmod:unsinkable"],"picked":"SKIP","floor":38.0},{"not_picked":["rmod:slowdown+1","rmod:capitalist","rmod:smokecover","rmod:aggressivemary"],"picked":"rmod:chargemoney+1","floor":41.0},{"not_picked":["rmod:gendarmerie+1","rmod:firesupport","rmod:circuitoustactics+1","rmod:aggressivemary","rmod:abidefaith+1"],"picked":"SKIP","floor":45.0},{"not_picked":["rmod:shuttlebombing+1","rmod:tearstotiara","rmod:firesupport","rmod:highspeedshooting","rmod:fuelsupply+1"],"picked":"SKIP","floor":48}],"player_experience":765871,"relics_obtained":[{"floor":1.0,"key":"SynthV:TestCard"},{"floor":13.0,"key":"Odd Mushroom"},{"floor":14.0,"key":"vexMod:Dragonfruit"},{"floor":24.0,"key":"aspiration:Stabinomicon"},{"floor":26.0,"key":"vexMod:BarristanHead"},{"floor":29.0,"key":"AT_RedTearstoneRing"},{"floor":43.0,"key":"Toxic Egg 2"}],"event_choices":[{"damage_healed":0.0,"max_hp_gain":0.0,"max_hp_loss":0.0,"gold_gain":0.0,"cards_transformed":["rmod:strick"],"event_name":"Transmorgrifier","player_choice":"Transformed","floor":2.0,"gold_loss":0.0,"damage_taken":0.0,"cards_obtained":["rmod:concentratefire"]},{"cards_removed":["AT_LightSaberMaster"],"damage_healed":0.0,"max_hp_gain":0.0,"max_hp_loss":0.0,"gold_gain":0.0,"event_name":"WeMeetAgain","player_choice":"Gave Card","floor":5.0,"gold_loss":0.0,"damage_taken":0.0,"relics_obtained":["CaptainsWheel"]},{"damage_healed":0.0,"max_hp_gain":0.0,"max_hp_loss":0.0,"gold_gain":0.0,"event_name":"Mushrooms","player_choice":"Fought Mushrooms","floor":13.0,"gold_loss":0.0,"damage_taken":0.0},{"damage_healed":0.0,"max_hp_gain":0.0,"max_hp_loss":0.0,"gold_gain":0.0,"event_name":"爱的神圣花园","player_choice":"Choice 2","floor":21.0,"gold_loss":0.0,"damage_taken":0.0,"relics_obtained":["alterego_mod:SomeoneToFightFor"]},{"damage_healed":0.0,"max_hp_gain":0.0,"max_hp_loss":0.0,"gold_gain":360.0,"event_name":"Knowing Skull","player_choice":"GOLD GOLD GOLD GOLD ","floor":25.0,"potions_obtained":[],"gold_loss":0.0,"damage_taken":36.0,"cards_obtained":[]},{"damage_healed":0.0,"max_hp_gain":0.0,"max_hp_loss":0.0,"gold_gain":0.0,"event_name":"Tomb of Lord Red Mask","player_choice":"Ignored","floor":37.0,"gold_loss":0.0,"damage_taken":0.0},{"damage_healed":0,"gold_gain":0,"player_choice":"1 cards matched","damage_taken":0,"max_hp_gain":0,"max_hp_loss":0,"event_name":"Match and Keep!","floor":46,"gold_loss":0,"cards_obtained":["conspire:Banana"]}],"is_beta":false,"boss_relics":[{"not_picked":["PatriotShield","Replay:Grab Bag","EE1DDrone"]},{"not_picked":["Busted Crown","TakeMeEscape"],"picked":"aspiration:FutureDiary"}],"items_purged_floors":[12,20,32,32,39],"is_endless":false,"potions_floor_spawned":[3,4,7,18,19,22,29,31,38,41,45],"ascension_level":9}}