{"host":"u0f5uy314yz7olfc","time":1609332972,"event":{"mods":["AchievementEnabler","Aspiration","BaseMod","Better Altar","Better Match","Better Note","Better Sensory Stone","Better Skull","Better Third Choice","BetterRewards","Block Reminder","Colored Map","Colored Powertips","DeckTracker","Dota2Spire","Emptier Cage","Gold Saver","Highlight Path","Hubris","Infinite Spire","Marked Mod","Mimic Mod","Minty Spire (QoL Compilation)","Permanent Neow","Quick Restart","Rare Cards Sparkle","Relic Sorter","Replay The Spire","Shop Mod","StSLib","The Bladedancer","The Blue Laboratory","Watcher Patcher"],"gold_per_floor":[1033,1033,1050,1050,1066,1095,1095,1095,1121,1133,1133,1148,1197,1215,1215,1320,1320,1333,1258,1278,1278,1278,1278,1289,1289,1312,1312,1342,1362,1380,199,199,294,294,311,311,70,70,86,86,96,116,116,133,133,153,202,218,218,218],"floor_reached":51,"playtime":4071,"items_purged":["ReplayUltimateDefense"],"score":721,"play_id":"e59ea0bb-b58b-48e4-be84-b4f86d1cdd3d","local_time":"20201230195612","daily_mods":["Allstar","Heirloom"],"is_ascension_mode":false,"campfire_choices":[{"floor":7.0,"key":"REST"},{"data":"blademaster:AspectOfWind","floor":15.0,"key":"SMITH"},{"floor":23.0,"key":"REST"},{"data":"blademaster:Empower","floor":25.0,"key":"SMITH"},{"floor":32.0,"key":"REST"},{"data":"The Bomb","floor":40,"key":"SMITH"},{"floor":45,"key":"REST"},{"floor":49,"key":"REST"}],"circlet_count":0,"master_deck":["blademaster:Strike","blademaster:Strike","blademaster:Strike","blademaster:Strike","blademaster:Defend","blademaster:Defend","blademaster:Defend","blademaster:Defend","blademaster:RagingBlow","blademaster:HighVoltage","Thinking Ahead","Thinking Ahead","The Bomb+1","blademaster:AspectOfWind+1","blademaster:BloodyBlow","blademaster:LightningCrash","blademaster:BrainBloom","Mayhem+1","blademaster:SharpBlades","blademaster:Slice","blademaster:Flurry","blademaster:Empower+1","blademaster:Breeze","blademaster:Flurry+1","blademaster:Havoc","blademaster:DeadlyDance","hubris:SlightOfHand","blademaster:Stability","blademaster:Flurry+1","blademaster:BrainBloom","blademaster:Reversal","blademaster:IcyWind","blademaster:CloudOfSteel","blademaster:Quickstep","Crow Ritual","Trip","Mayhem+1","blademaster:Blindside","blademaster:Cut","blademaster:Discharge","blademaster:Frontflip","blademaster:LeechingStrike","blademaster:ParryingStrike","blademaster:Quickstep","ReplayTheSpireMod:Black Plague","blademaster:Cut","blademaster:Stability","blademaster:AspectOfLightning+1","blademaster:CombatPrep+1","blademaster:AspectOfLightning","blademaster:Stability","blademaster:SlyStabs"],"relics":["blademaster:DancersAmulet","Pondfish Scales","Replay:WaspNest","Orichalcum","Bag of Preparation","Dota2Spire:ShadowBlade","Runic Pyramid","hubris:Towel","Dota2Spire:EtherealBlade","Dota2Spire:MagicBottle","ReplayTheSpireMod:TigerMarble","MerchantsRug","Quantum Egg","DollysMirror","aspiration:PoetsPen_weak","The Courier","Dota2Spire:Butterfly"],"acts_visited":["Exordium","TheCity","TheBeyond"],"potions_floor_usage":[41,42,50],"damage_taken":[{"damage":7.0,"enemies":"Cultist","floor":1.0,"turns":4.0},{"damage":0.0,"enemies":"2 Louse","floor":3.0,"turns":3.0},{"damage":8.0,"enemies":"Jaw Worm","floor":5.0,"turns":4.0},{"damage":20.0,"enemies":"3 Sentries","floor":6.0,"turns":6.0},{"damage":15.0,"enemies":"Exordium Wildlife","floor":10.0,"turns":5.0},{"damage":7.0,"enemies":"3 Louse","floor":12.0,"turns":3.0},{"damage":13.0,"enemies":"Blue Slaver","floor":14.0,"turns":4.0},{"damage":4.0,"enemies":"Slime Boss","floor":16.0,"turns":9.0},{"damage":18.0,"enemies":"Shell Parasite","floor":18.0,"turns":5.0},{"damage":0.0,"enemies":"Chosen","floor":20.0,"turns":5.0},{"damage":16.0,"enemies":"Centurion and Healer","floor":24.0,"turns":6.0},{"damage":20.0,"enemies":"Book of Stabbing","floor":28.0,"turns":4.0},{"damage":16.0,"enemies":"Sentry and Sphere","floor":29.0,"turns":4.0},{"damage":15.0,"enemies":"3 Cultists","floor":30.0,"turns":5.0},{"damage":40,"enemies":"Collector","floor":33,"turns":6},{"damage":0,"enemies":"3 Shapes","floor":35,"turns":3},{"damage":15,"enemies":"Orb Walker","floor":39,"turns":3},{"damage":19,"enemies":"Transient","floor":41,"turns":5},{"damage":8,"enemies":"Writhing Mass","floor":42,"turns":5},{"damage":21,"enemies":"Sphere and 2 Shapes","floor":44,"turns":5},{"damage":0,"enemies":"Maw","floor":46,"turns":6},{"damage":12,"enemies":"2 Orb Walkers","floor":47,"turns":6},{"damage":15,"enemies":"Transient","floor":48,"turns":5},{"damage":29,"enemies":"Donu and Deca","floor":50,"turns":8}],"seed_played":"3594987683161384680","potions_obtained":[{"floor":3.0,"key":"LiquidBronze"},{"floor":5.0,"key":"blueLaboratory:BottleOfVodka"},{"floor":14.0,"key":"Swift Potion"},{"floor":20.0,"key":"blueLaboratory:NullPotion"},{"floor":28.0,"key":"FearPotion"},{"floor":29.0,"key":"blueLaboratory:LouseDecoction"},{"floor":35,"key":"AttackPotion"},{"floor":41,"key":"infinitespire:BlackPotion"},{"floor":46,"key":"blueLaboratory:BottledHope"}],"is_trial":true,"path_per_floor":["M","?","M","?","M","E","R","?","T","M","?","M","T","M","R_BF","B",null,"M","?","M","?","AVR","R","M","R","T","?","E","M","M","$","R","B",null,"M","?","$","?","M","R","M","M","T","M","R","M","?","M","R","B",null],"character_chosen":"THE_BLADEMASTER","items_purchased":["MerchantsRug","blademaster:BrainBloom","blademaster:Reversal","blademaster:IcyWind","blademaster:CloudOfSteel","blademaster:Quickstep","Crow Ritual","Trip","Quantum Egg","DollysMirror","blademaster:Discharge","blademaster:Frontflip","blademaster:LeechingStrike","blademaster:ParryingStrike","blademaster:Quickstep"],"campfire_rested":5,"item_purchase_floors":[31,31,31,31,31,31,31,31,31,31,37,37,37,37,37],"current_hp_per_floor":[68,68,68,68,60,40,62,62,62,47,47,40,40,27,27,23,75,57,57,57,57,57,75,59,59,59,51,40,30,15,15,37,3,75,75,75,75,75,63,63,53,45,45,27,49,64,55,40,62,42],"gold":218,"neow_bonus":"","is_daily":false,"chose_seed":false,"campfire_upgraded":3,"win_rate":0.0,"timestamp":1609332972,"path_taken":["M","?","M","?","?","E","R","?","T","?","?","M","?","M","R_BF","BOSS","M","?","M","?","AVR","R","M","R","T","?","E","?","M","$","R","BOSS","M","?","$","?","M","R","M","?","T","M","R","M","?","M","R","BOSS"],"items_purchased_type":["Relic","Card","Card","Card","Card","Card","Card","Card","Relic","Relic","Card","Card","Card","Card","Card"],"build_version":"2020-12-22","purchased_purges":1,"victory":true,"max_hp_per_floor":[75,75,75,75,75,75,75,75,75,75,75,75,75,75,75,75,75,75,75,75,75,75,75,75,75,75,75,75,75,75,75,75,75,75,75,75,75,75,75,75,75,75,75,75,75,75,75,75,75,75],"card_choices":[{"not_picked":["blademaster:Stability","blademaster:EyeOfTheTornado"],"picked":"blademaster:AspectOfWind","floor":1.0},{"not_picked":["blademaster:Thrust","blademaster:ThunderSlash"],"picked":"blademaster:BloodyBlow","floor":3.0},{"not_picked":["blademaster:FuriousStrike","blademaster:Overcharge"],"picked":"blademaster:LightningCrash","floor":5.0},{"not_picked":["blademaster:TraverseCut","blademaster:CombatPrep"],"picked":"blademaster:BrainBloom","floor":6.0},{"not_picked":["blademaster:CullingStrike","blademaster:Slice"],"picked":"blademaster:SharpBlades","floor":10.0},{"not_picked":["hubris:Ssssneak","Replay:BasicMightCard"],"picked":"Vault","floor":11.0},{"not_picked":["blademaster:CullingStrike","blademaster:IcyWind"],"picked":"blademaster:Slice","floor":12.0},{"not_picked":["blademaster:AwakeningDefend","blademaster:Discharge"],"picked":"blademaster:Flurry","floor":14.0},{"not_picked":["blademaster:EnchantedCuirass","blademaster:BladeDance"],"picked":"blademaster:Empower","floor":16.0},{"not_picked":["blademaster:LightningCrash+1","blademaster:FuriousStrike"],"picked":"blademaster:Breeze","floor":18.0},{"not_picked":["blademaster:BloodyBlow","blademaster:ThunderSlash"],"picked":"blademaster:Flurry+1","floor":20.0},{"not_picked":["blademaster:Sunder+1","blademaster:OneTrickPony"],"picked":"blademaster:Havoc","floor":24.0},{"not_picked":["blademaster:AncestralHealing","blademaster:Flurry"],"picked":"blademaster:DeadlyDance","floor":27.0},{"not_picked":["Replay:AtTheReady+1","ReplayTheSpireMod:Muscle Training"],"picked":"hubris:SlightOfHand","floor":28.0},{"not_picked":["Reboot","Spot Weakness"],"picked":"blademaster:Stability","floor":29.0},{"not_picked":["SandsOfTime+1","Replay:Parry+1"],"picked":"blademaster:Flurry+1","floor":30.0},{"not_picked":["blademaster:UnrelentingWind","blademaster:RollingTyphoon"],"picked":"blademaster:Blindside","floor":33},{"not_picked":["blademaster:CombatPrep","blademaster:Breeze+1"],"picked":"blademaster:Cut","floor":35},{"not_picked":["blademaster:Flash","blademaster:Havoc"],"picked":"blademaster:Cut","floor":39},{"not_picked":["blademaster:ThunderingOpener","blademaster:Blockade+1"],"picked":"blademaster:Stability","floor":41},{"not_picked":["blademaster:BrainBloom","blademaster:Thrust"],"picked":"blademaster:AspectOfLightning+1","floor":42},{"not_picked":["blademaster:Quickstep","blademaster:Hailwind"],"picked":"blademaster:CombatPrep+1","floor":44},{"not_picked":["blademaster:DragonStrike","blademaster:Overcharge"],"picked":"blademaster:AspectOfLightning","floor":46},{"not_picked":["blademaster:OneTrickPony","blademaster:LeechingStrike+1"],"picked":"blademaster:Stability","floor":47},{"not_picked":["blademaster:Gust+1","blademaster:LeechingStrike+1"],"picked":"blademaster:SlyStabs","floor":48}],"player_experience":389700,"relics_obtained":[{"floor":6.0,"key":"Orichalcum"},{"floor":6.0,"key":"blademaster:BleedingMoreDamagePerk"},{"floor":9.0,"key":"Bag of Preparation"},{"floor":13.0,"key":"Dota2Spire:ShadowBlade"},{"floor":26.0,"key":"Dota2Spire:MagicBottle"},{"floor":27.0,"key":"PrismaticShard"},{"floor":28.0,"key":"ReplayTheSpireMod:TigerMarble"},{"floor":28.0,"key":"blademaster:FuryEveryTurnPerk"},{"floor":43,"key":"The Courier"},{"floor":47,"key":"Dota2Spire:Butterfly"},{"floor":47,"key":"blademaster:OnAttackedChargePerk"}],"event_choices":[{"damage_healed":0.0,"max_hp_gain":0.0,"max_hp_loss":0.0,"gold_gain":0.0,"cards_transformed":["Panacea"],"event_name":"Living Wall","player_choice":"Change","floor":2.0,"gold_loss":0.0,"damage_taken":0.0,"cards_obtained":["ReplayUltimateDefense"]},{"damage_healed":0.0,"max_hp_gain":0.0,"max_hp_loss":0.0,"gold_gain":0.0,"event_name":"WeMeetAgain","player_choice":"Gave Potion","floor":4.0,"gold_loss":0.0,"damage_taken":0.0,"relics_obtained":["Replay:WaspNest"]},{"cards_removed":["The Bomb"],"damage_healed":0.0,"max_hp_gain":0.0,"max_hp_loss":0.0,"gold_gain":0.0,"event_name":"betterNote:BetterNote","player_choice":"Take \u0026 Give","floor":8.0,"gold_loss":0.0,"damage_taken":0.0,"cards_obtained":["Mayhem"]},{"damage_healed":0.0,"max_hp_gain":0.0,"max_hp_loss":0.0,"gold_gain":1.0,"event_name":"betterStone:BetterStone","player_choice":"1","floor":11.0,"gold_loss":0.0,"damage_taken":0.0},{"cards_removed":["ReplayUltimateDefense"],"damage_healed":0.0,"max_hp_gain":0.0,"max_hp_loss":0.0,"gold_gain":0.0,"event_name":"Beggar","player_choice":"Gave Gold","floor":19.0,"gold_loss":75.0,"damage_taken":0.0},{"cards_removed":["Vault"],"damage_healed":0,"gold_gain":0,"player_choice":"Removed Skill","damage_taken":0,"max_hp_gain":0,"max_hp_loss":0,"event_name":"Falling","floor":36,"gold_loss":0},{"damage_healed":0,"gold_gain":0,"cards_transformed":["infinitespire:Collect"],"player_choice":"Transformed","damage_taken":0,"max_hp_gain":0,"max_hp_loss":0,"event_name":"Transmorgrifier","floor":38,"gold_loss":0,"cards_obtained":["ReplayTheSpireMod:Black Plague"]},{"damage_healed":0,"gold_gain":0,"player_choice":"Fight","damage_taken":0,"max_hp_gain":0,"max_hp_loss":0,"event_name":"Mysterious Sphere","floor":47,"gold_loss":0}],"is_beta":false,"boss_relics":[{"not_picked":["aspiration:SilentSkillbook","Kintsugi"],"picked":"Runic Pyramid"},{"not_picked":["Calling Bell","Snecko Eye"],"picked":"aspiration:PoetsPen_weak"}],"items_purged_floors":[22],"is_endless":false,"potions_floor_spawned":[3,5,14,20,28,29,35,41,46],"ascension_level":0}}