{"host":"6eqettg8x500vlqx","time":1609306391,"event":{"mods":["Act Like it!","Ascension Reborn","BaseMod","Beaked The Cultist","Colored Powertips","Defuse TimeMaze Blight","Downfall","Energized Spire","Gremlin Mod","GungeonMod","Hubris","Minty Spire (QoL Compilation)","Pale of the Ancients","Quick Restart","READ ME - Guardian Mod","Relic Stats","Replay The Spire","Shop Mod","Spicy Shops","StSLib","The Jungle","The Runesmith","Waifu the Spire","vexMod","¡¾ÒÅÎï¿¨ÅÆ¡¿REMEMod","óô»ðÖ¸ÄÏ"],"gold_per_floor":[99,99,109,129,143,68,91,91,91],"floor_reached":8,"playtime":248,"items_purged":[],"score":46,"play_id":"857aaf1d-a312-4930-a9cd-d2ab6c021b74","local_time":"20201230133311","is_ascension_mode":false,"campfire_choices":[{"floor":1.0,"key":"RECALL"},{"data":"Gremlin:Changeo","floor":6.0,"key":"SMITH"}],"circlet_count":0,"master_deck":["Gremlin:Strike","Gremlin:Strike","Gremlin:Strike","Gremlin:Strike","Gremlin:Defend","Gremlin:Defend","Gremlin:Defend","Gremlin:Defend","Gremlin:TagTeam","Gremlin:GremlinDance","Mayhem","Gremlin:Changeo+1","Gremlin:Changeo","Gremlin:Patsy"],"relics":["Gremlin:GremlinKnob","REME_ComplimentaryCards","downfall:HeartBlessingRed"],"acts_visited":["Exordium"],"potions_floor_usage":[],"damage_taken":[{"damage":3.0,"enemies":"Jaw Worm","floor":3.0,"turns":6.0},{"damage":0.0,"enemies":"2 Louse","floor":4.0,"turns":4.0},{"damage":0.0,"enemies":"Small Slimes","floor":5.0,"turns":5.0},{"damage":0,"enemies":"3 Sentries","floor":8,"turns":1}],"seed_played":"8178462177184602927","potions_obtained":[],"is_trial":false,"path_per_floor":["R","?","M","M","M","R","T","E"],"character_chosen":"GREMLIN","items_purchased":[],"campfire_rested":0,"item_purchase_floors":[],"current_hp_per_floor":[21,21,18,21,21,21,21,21,21],"gold":91,"neow_bonus":"TEN_PERCENT_HP_BONUS","is_daily":false,"chose_seed":false,"campfire_upgraded":1,"win_rate":0.0,"timestamp":1609306391,"path_taken":["R","?","M","M","M","R","T","E"],"items_purchased_type":[],"build_version":"2020-12-22","purchased_purges":0,"victory":false,"max_hp_per_floor":[21,21,21,21,21,21,21,21,21],"relic_stats":{"counters":[4,16],"obtain_stats":[{"downfall:HeartBlessingRed":6,"Gremlin:GremlinKnob":0,"REME_ComplimentaryCards":0},{"downfall:HeartBlessingRed":3,"Gremlin:GremlinKnob":0,"REME_ComplimentaryCards":0},{"downfall:HeartBlessingRed":15,"Gremlin:GremlinKnob":0,"REME_ComplimentaryCards":0}]},"card_choices":[{"not_picked":["Gremlin:BubbleBarrier","Gremlin:Presto"],"picked":"Gremlin:Changeo","floor":3.0},{"not_picked":["Gremlin:SharpenBlades","Gremlin:RageBreak"],"picked":"Gremlin:Changeo","floor":4.0},{"not_picked":["Gremlin:Changeo","Gremlin:Tadah"],"picked":"Gremlin:Patsy","floor":5.0}],"player_experience":118864,"relics_obtained":[],"event_choices":[],"is_beta":false,"boss_relics":[],"items_purged_floors":[],"is_endless":false,"potions_floor_spawned":[],"killed_by":"3 Sentries","ascension_level":0}}