{"host":"r6wilvrr1tovskr2","time":1609310057,"event":{"mods":["2.2 Compatiblity","AchievementEnabler","Aspiration","BaseMod","Bestiary","Better Altar","Better Match","Better Note","Better Sensory Stone","Better Skull","Better Third Choice","Colored Powertips","Conspire","Energized Spire","GifTheSpireLib","Halation","Highlight Path","Hubris","Infinite Spire","Marked Mod","Minty Spire (QoL Compilation)","Quick Restart","Replay The Spire","Shop Mod","Spicy Shops","Spikes Relics","StSLib","Stuff the Spire","vexMod"],"gold_per_floor":[119,144,154,154,154,180,191,211,211,211,226,8,36,47,47,146,146,118,118,118,118,214,214,214],"floor_reached":23,"playtime":1551,"items_purged":["Regret","MarkedMod:SlowDance"],"score":279,"play_id":"6271c778-b67d-480b-b241-75916b9d873d","local_time":"20201230003417","is_ascension_mode":true,"campfire_choices":[{"floor":10,"key":"REST"},{"floor":15,"key":"REST"},{"floor":20,"key":"REST"}],"circlet_count":0,"master_deck":["Strike_G","Strike_G","Strike_G","Strike_G","Strike_G","Defend_G","Defend_G","Defend_G","Defend_G","Defend_G","Survivor","Neutralize","Dodge and Roll","Blade Dance","Outmaneuver","Calculated Gamble","Wraith Form v2","Writhe","m_Survivalism","Replay:Bag of Tricks","Degenerate","infinitespire:UltimateForm","infinitespire:UltimateForm","ReplayTheSpireMod:Splinters"],"relics":["Ring of the Snake","NeowsBlessing","aspiration:TomeofQuesting","Tingsha","StuffTheSpire:RedRose","StuffTheSpire:CocoNut","Strawberry","infinitespire:Eraser","ReplayTheSpireMod:SealedPack","halation:Komachan","aspiration:RitualStick","Bag of Marbles"],"acts_visited":["Exordium","TheCity"],"potions_floor_usage":[6,13,14,16,18,23],"damage_taken":[{"damage":0,"enemies":"conspire:RoseBush","floor":1,"turns":1},{"damage":0,"enemies":"conspire:MimicChest","floor":2,"turns":1},{"damage":0,"enemies":"Cultist","floor":3,"turns":1},{"damage":31,"enemies":"Lagavulin","floor":6,"turns":7},{"damage":4,"enemies":"Jaw Worm","floor":7,"turns":3},{"damage":1,"enemies":"2 Fungi Beasts","floor":8,"turns":4},{"damage":11,"enemies":"Blue Slaver","floor":11,"turns":3},{"damage":24,"enemies":"3 Sentries","floor":13,"turns":7},{"damage":8,"enemies":"Exordium Wildlife","floor":14,"turns":3},{"damage":26,"enemies":"Hexaghost","floor":16,"turns":9},{"damage":30,"enemies":"2 Thieves","floor":18,"turns":5},{"damage":23,"enemies":"Book of Stabbing","floor":23,"turns":6}],"seed_played":"8711350232571941374","potions_obtained":[{"floor":2,"key":"ColorlessPotion"},{"floor":8,"key":"Strength Potion"},{"floor":13,"key":"SkillPotion"},{"floor":14,"key":"SpeedPotion"},{"floor":16,"key":"SpeedPotion"},{"floor":18,"key":"Poison Potion"}],"is_trial":false,"path_per_floor":["M","?","M","?","?","E","M","M","T","R","M","$","E","M","R","B",null,"M","AVR","R","?","?","E"],"character_chosen":"THE_SILENT","items_purchased":["Strawberry"],"campfire_rested":3,"item_purchase_floors":[12],"current_hp_per_floor":[63,63,63,58,58,34,30,29,29,52,41,48,24,16,41,15,67,37,37,62,45,45,0,0],"gold":214,"neow_bonus":"THREE_ENEMY_KILL","is_daily":false,"chose_seed":false,"campfire_upgraded":0,"win_rate":0.0,"timestamp":1609310057,"path_taken":["M","?","?","?","?","E","M","M","T","R","M","$","E","M","R","BOSS","M","AVR","R","?","?","E"],"items_purchased_type":["Relic"],"build_version":"2020-12-22","purchased_purges":2,"victory":false,"max_hp_per_floor":[70,70,70,70,70,77,77,77,77,77,77,84,84,84,84,84,84,84,84,84,84,84,84,84],"card_choices":[{"not_picked":["Blade Dance","Dagger Spray"],"picked":"Dodge and Roll","floor":1},{"not_picked":["All Out Attack","Deadly Poison"],"picked":"Blade Dance","floor":2},{"not_picked":["ShadowRift","StuffTheSpire:BumpUp"],"picked":"Outmaneuver","floor":3},{"not_picked":["Outmaneuver","Backflip","Accuracy"],"picked":"SKIP","floor":6},{"not_picked":["infinitespire:Neurotoxin","Skewer","Escape Plan"],"picked":"SKIP","floor":7},{"not_picked":["hubris:SlightOfHand","Skewer","StuffTheSpire:MirrorStance"],"picked":"SKIP","floor":8},{"not_picked":["PiercingWail","Dagger Spray","Outmaneuver"],"picked":"SKIP","floor":11},{"not_picked":["Finisher","hubris:SlightOfHand"],"picked":"Calculated Gamble","floor":13},{"not_picked":["Escape Plan","Deflect","ReplayTheSpireMod:From All Sides"],"picked":"SKIP","floor":14},{"not_picked":["Adrenaline","Venomology"],"picked":"Wraith Form v2","floor":16},{"not_picked":["Vigilance","Dualcast"],"picked":"m_Survivalism","floor":17},{"not_picked":["Grand Finale","infinitespire:Neurotoxin"],"picked":"Replay:Bag of Tricks","floor":17},{"not_picked":["Impatience","PanicButton"],"picked":"Degenerate","floor":17},{"not_picked":["hubris:InfiniteBlow","infinitespire:FutureSight"],"picked":"infinitespire:UltimateForm","floor":17},{"not_picked":["Backflip","Dagger Throw","Bane"],"picked":"SKIP","floor":18}],"player_experience":1150213,"relics_obtained":[{"floor":2,"key":"aspiration:TomeofQuesting"},{"floor":6,"key":"StuffTheSpire:CocoNut"},{"floor":13,"key":"infinitespire:Eraser"},{"floor":22,"key":"Bag of Marbles"}],"event_choices":[],"is_beta":false,"boss_relics":[{"not_picked":["Runic Pyramid","StuffTheSpire:Kangaroo"],"picked":"ReplayTheSpireMod:SealedPack"}],"items_purged_floors":[12,19],"is_endless":false,"potions_floor_spawned":[2,8,13,14,16,18],"killed_by":"Book of Stabbing","ascension_level":8}}