{"host":"51qmnr9isyv85d0p","time":1609314525,"event":{"mods":["AchievementEnabler","BaseMod","Colored Map","Colored Powertips","Curses Come First","Downfall","Minty Spire (QoL Compilation)","Relic Stats","StSLib","TestMod","vexMod"],"gold_per_floor":[99,115,115,115,115,115,184,197,222,12525,12558,12573,12601,11776,11794,11895,11895,11895,11910,11920,11932,12032,12043,12089,12118,11278,11308,10335,10354,9353,9353,9373,9478,9478,9478,9497,8617,8284,8304,8316,8316,8334,8334,8387,7662,7675,7675,6983,6999,6999],"floor_reached":51,"playtime":2582,"items_purged":["Slimebound:Defend_Slimebound+1","Slimebound:Defend_Slimebound","Slimebound:Strike_Slimebound","Slimebound:Defend_Slimebound","Slimebound:Strike_Slimebound","Slimebound:Tackle"],"score":944,"play_id":"aeb819d6-b06d-476c-8828-bcc83c20d0b2","local_time":"20201230154845","is_ascension_mode":true,"campfire_choices":[{"data":"Slimebound:CorrosiveSpit","floor":1,"key":"SMITH"},{"data":"Slimebound:Split","floor":6,"key":"SMITH"},{"data":"Slimebound:PrepareCrush","floor":18,"key":"SMITH"},{"data":"Slimebound:Replication","floor":35,"key":"SMITH"},{"data":"Slimebound:SlimeBrawl","floor":43,"key":"SMITH"},{"data":"Slimebound:Nibble","floor":47,"key":"SMITH"}],"circlet_count":0,"master_deck":["Slimebound:Split+1","Slimebound:CorrosiveSpit+1","Slimebound:DisruptingSlam+1","Slimebound:RainOfGoop+1","Slimebound:SlimeBrawl+1","Slimebound:LeechLife","Slimebound:Nibble+1","Slimebound:Replication+1","Slimebound:TongueLash+1","Slimebound:Nibble+1","Slimebound:TagTeam+1","Slimebound:SpikyOuterGoop+1","Slimebound:MegaLick","Slimebound:PrepareCrush+1","Slimebound:DuplicatedForm+1","Slimebound:LeechEnergy+1"],"relics":["Slimebound:AbsorbEndCombat","testmod-SaigiyounoYou","Juzu Bracelet","testmod-Hope","Vajra","Pear","War Paint","vexMod:Spyglass","Regal Pillow","Frozen Egg 2","Bag of Marbles","Incense Burner","ClockworkSouvenir","testmod-DreamHouse","Happy Flower","Lantern","testmod-Maize","Mummified Hand","testmod-AssaultLearning","Molten Egg 2","testmod-InfectionSource","vexMod:FocusSash","TheAbacus","Pantograph","Slimebound:AggressiveSlimeRelic","vexMod:CardConverter","Strange Spoon","Bottled Lightning","vexMod:MemoryStick","OrangePellets","vexMod:DeviousBotling","Whetstone","vexMod:BarristanHead","Lee\u0027s Waffle","Darkstone Periapt","testmod-CyclicPeriapt","Gremlin Horn","Slimebound:MaxSlimesRelic","Frozen Eye","vexMod:InvisibilityCloak","Letter Opener","vexMod:PaidLearning"],"acts_visited":["Exordium","TheCity","TheBeyond"],"potions_floor_usage":[2,8,8,9,11,11,13,14,16,16,21,21,27,27,27,28,29,33,33,33,44,49,49,50],"damage_taken":[{"damage":10,"enemies":"Cultist","floor":2,"turns":4},{"damage":14,"enemies":"Jaw Worm","floor":8,"turns":2},{"damage":26,"enemies":"3 Sentries","floor":9,"turns":5},{"damage":21,"enemies":"downfall:FleeingMerchant","floor":10,"turns":4},{"damage":21,"enemies":"Gremlin Nob","floor":11,"turns":3},{"damage":11,"enemies":"Small Slimes","floor":12,"turns":2},{"damage":36,"enemies":"3 Sentries","floor":13,"turns":4},{"damage":15,"enemies":"downfall:FleeingMerchant","floor":14,"turns":2},{"damage":21,"enemies":"Red Slaver","floor":15,"turns":2},{"damage":24,"enemies":"downfall:Ironclad","floor":16,"turns":4},{"damage":40,"enemies":"3 Byrds","floor":19,"turns":3},{"damage":17,"enemies":"Shell Parasite","floor":20,"turns":3},{"damage":24,"enemies":"3 Cultists","floor":21,"turns":4},{"damage":25,"enemies":"Colosseum Nobs","floor":22,"turns":1},{"damage":13,"enemies":"Shelled Parasite and Fungi","floor":23,"turns":3},{"damage":48,"enemies":"Book of Stabbing","floor":25,"turns":4},{"damage":19,"enemies":"Gremlin Leader","floor":27,"turns":4},{"damage":21,"enemies":"Centurion and Healer","floor":29,"turns":1},{"damage":5,"enemies":"3 Cultists","floor":32,"turns":3},{"damage":29,"enemies":"downfall:Watcher","floor":33,"turns":4},{"damage":58,"enemies":"3 Shapes","floor":36,"turns":2},{"damage":9,"enemies":"Orb Walker","floor":39,"turns":2},{"damage":24,"enemies":"Writhing Mass","floor":40,"turns":2},{"damage":46,"enemies":"Maw","floor":42,"turns":4},{"damage":36,"enemies":"2 Orb Walkers","floor":44,"turns":3},{"damage":54,"enemies":"Transient","floor":46,"turns":5},{"damage":55,"enemies":"Jaw Worm Horde","floor":49,"turns":2},{"damage":41,"enemies":"downfall:Defect","floor":50,"turns":3}],"seed_played":"-2845036197222093510","potions_obtained":[{"floor":2,"key":"EntropicBrew"},{"floor":9,"key":"SmokeBomb"},{"floor":12,"key":"PowerPotion"},{"floor":13,"key":"Weak Potion"},{"floor":16,"key":"Regen Potion"},{"floor":20,"key":"Fire Potion"},{"floor":21,"key":"SneckoOil"},{"floor":27,"key":"FearPotion"},{"floor":29,"key":"LiquidBronze"},{"floor":33,"key":"FearPotion"},{"floor":44,"key":"Fire Potion"}],"is_trial":false,"path_per_floor":["R","M","?","?","?","R","T","M","E","$","E","M","E","$","M","B",null,"R","M","M","M","?","M","T","E","$","E","$","M","$","?","M","B",null,"R","M","$","?","M","M","T","M","R","?","$","M","R","$","M","B",null],"character_chosen":"SLIMEBOUND","items_purchased":["Slimebound:Nibble","Slimebound:Replication","Slimebound:TongueLash","Pear","War Paint","vexMod:Spyglass","Dexterity Potion","testmod-EscapePotion","Fire Potion","Slimebound:SpikyOuterGoop+1","Slimebound:MegaLick","Bag of Marbles","Incense Burner","ClockworkSouvenir","Swift Potion","SneckoOil","hexamod:EctoCoolerPotion","Slimebound:PrepareCrush","testmod-InfectionSource","vexMod:FocusSash","TheAbacus","Fire Potion","Fire Potion","Strength Potion","Slimebound:AggressiveSlimeRelic","vexMod:CardConverter","Strange Spoon","testmod-SpacePotion","Regen Potion","SpeedPotion","Bottled Lightning","vexMod:MemoryStick","OrangePellets","Slimebound:LevelUp+1","Slimebound:ForwardTackle+1","Slimebound:HauntingLick","SkillPotion","Whetstone","vexMod:BarristanHead","Lee\u0027s Waffle","Slimebound:ProtectTheBoss+1","Strength Potion","Weak Potion","Fire Potion","Gremlin Horn","Slimebound:MaxSlimesRelic","Frozen Eye","Slimebound:LeadByExample+1","vexMod:InvisibilityCloak","Letter Opener","vexMod:PaidLearning","Slimebound:LevelUp+1"],"campfire_rested":0,"item_purchase_floors":[10,10,10,10,10,10,10,10,10,14,14,14,14,14,14,14,14,14,26,26,26,26,26,26,28,28,28,28,28,28,30,30,30,30,30,30,30,37,37,37,37,37,37,37,45,45,45,45,48,48,48,48],"current_hp_per_floor":[66,65,65,65,65,65,65,61,66,74,71,73,76,76,73,76,76,76,64,76,76,76,76,76,75,75,76,76,76,82,74,84,86,86,86,80,95,107,109,111,111,111,111,111,113,113,113,115,115,115],"gold":6999,"neow_bonus":"TEN_PERCENT_HP_BONUS","is_daily":false,"chose_seed":false,"campfire_upgraded":6,"win_rate":0.0,"timestamp":1609314525,"path_taken":["R","M","?","?","?","R","T","M","E","$","E","M","E","$","M","BOSS","R","M","M","M","?","M","T","E","$","E","$","?","?","?","M","BOSS","R","M","?","?","M","M","T","M","R","?","$","M","R","$","M","BOSS"],"items_purchased_type":["Card","Card","Card","Relic","Relic","Relic","Potion","Potion","Potion","Card","Card","Relic","Relic","Relic","Potion","Potion","Potion","Card","Relic","Relic","Relic","Potion","Potion","Potion","Relic","Relic","Relic","Potion","Potion","Potion","Relic","Relic","Relic","Card","Card","Card","Potion","Relic","Relic","Relic","Card","Potion","Potion","Potion","Relic","Relic","Relic","Card","Relic","Relic","Relic","Card"],"build_version":"2020-12-22","purchased_purges":6,"victory":true,"max_hp_per_floor":[66,66,66,66,66,66,66,66,66,76,76,76,76,76,76,76,76,76,76,76,76,76,76,76,76,76,76,76,76,82,82,84,86,86,86,86,95,107,109,111,111,111,111,111,113,113,113,115,115,115],"relic_stats":{"Darkstone Periapt":0,"Regal Pillow":0,"Lee\u0027s Waffle":13,"Happy Flower":[17],"Gremlin Horn":[2,2],"counters":[28,84],"Juzu Bracelet":0,"Whetstone":["Slimebound:DisruptingSlam","Slimebound:Nibble"],"Letter Opener":[40],"War Paint":["Slimebound:Defend_Slimebound","Slimebound:RainOfGoop"],"Strange Spoon":[74],"OrangePellets":[23],"TheAbacus":[114],"Mummified Hand":[50],"Pantograph":0,"obtain_stats":[{"Darkstone Periapt":41,"Regal Pillow":11,"Lantern":17,"vexMod:MemoryStick":30,"Gremlin Horn":45,"Vajra":9,"Juzu Bracelet":3,"Incense Burner":14,"Whetstone":37,"vexMod:Spyglass":10,"ClockworkSouvenir":14,"Frozen Eye":45,"vexMod:InvisibilityCloak":48,"TheAbacus":26,"Slimebound:MaxSlimesRelic":45,"vexMod:CardConverter":28,"Mummified Hand":22,"Pantograph":27,"testmod-DreamHouse":17,"vexMod:DeviousBotling":34,"testmod-InfectionSource":26,"testmod-Maize":22,"Slimebound:AggressiveSlimeRelic":28,"Lee\u0027s Waffle":37,"testmod-TestBox":0,"Pear":10,"Happy Flower":17,"testmod-CyclicPeriapt":44,"vexMod:PaidLearning":48,"vexMod:FocusSash":26,"Letter Opener":48,"War Paint":10,"Frozen Egg 2":13,"testmod-SaigiyounoYou":0,"Strange Spoon":28,"OrangePellets":30,"vexMod:BarristanHead":37,"testmod-AssaultLearning":24,"testmod-Hope":7,"Molten Egg 2":25,"Slimebound:AbsorbEndCombat":0,"Bag of Marbles":14,"Bottled Lightning":30},{"Darkstone Periapt":23,"Regal Pillow":5,"Lantern":10,"vexMod:MemoryStick":18,"Gremlin Horn":25,"Vajra":3,"Juzu Bracelet":1,"Incense Burner":8,"Whetstone":21,"vexMod:Spyglass":4,"ClockworkSouvenir":8,"Frozen Eye":25,"vexMod:InvisibilityCloak":26,"TheAbacus":16,"Slimebound:MaxSlimesRelic":25,"vexMod:CardConverter":17,"Mummified Hand":14,"Pantograph":17,"testmod-DreamHouse":10,"vexMod:DeviousBotling":20,"testmod-InfectionSource":16,"testmod-Maize":14,"Slimebound:AggressiveSlimeRelic":17,"Lee\u0027s Waffle":21,"testmod-TestBox":0,"Pear":4,"Happy Flower":10,"testmod-CyclicPeriapt":25,"vexMod:PaidLearning":26,"vexMod:FocusSash":16,"Letter Opener":26,"War Paint":4,"Frozen Egg 2":7,"testmod-SaigiyounoYou":0,"Strange Spoon":17,"OrangePellets":18,"vexMod:BarristanHead":21,"testmod-AssaultLearning":15,"testmod-Hope":1,"Molten Egg 2":16,"Slimebound:AbsorbEndCombat":0,"Bag of Marbles":8,"Bottled Lightning":18},{"Darkstone Periapt":67,"Regal Pillow":17,"Lantern":31,"vexMod:MemoryStick":54,"Gremlin Horn":74,"Vajra":10,"Juzu Bracelet":4,"Incense Burner":25,"Whetstone":63,"vexMod:Spyglass":14,"ClockworkSouvenir":25,"Frozen Eye":74,"vexMod:InvisibilityCloak":79,"TheAbacus":49,"Slimebound:MaxSlimesRelic":74,"vexMod:CardConverter":53,"Mummified Hand":42,"Pantograph":53,"testmod-DreamHouse":31,"vexMod:DeviousBotling":61,"testmod-InfectionSource":49,"testmod-Maize":42,"Slimebound:AggressiveSlimeRelic":53,"Lee\u0027s Waffle":63,"testmod-TestBox":0,"Pear":14,"Happy Flower":31,"testmod-CyclicPeriapt":74,"vexMod:PaidLearning":79,"vexMod:FocusSash":49,"Letter Opener":79,"War Paint":14,"Frozen Egg 2":23,"testmod-SaigiyounoYou":0,"Strange Spoon":53,"OrangePellets":54,"vexMod:BarristanHead":63,"testmod-AssaultLearning":45,"testmod-Hope":4,"Molten Egg 2":49,"Slimebound:AbsorbEndCombat":0,"Bag of Marbles":25,"Bottled Lightning":54}]},"card_choices":[{"not_picked":["Slimebound:FirmFortitude","Slimebound:Gluttony"],"picked":"Slimebound:DisruptingSlam","floor":2},{"not_picked":["Slimebound:FirmFortitude","Slimebound:RollThrough"],"picked":"Slimebound:RainOfGoop","floor":8},{"not_picked":["Slimebound:GoopSpray","Slimebound:PressTheAttack"],"picked":"Slimebound:SlimeBrawl","floor":9},{"not_picked":["Slimebound:Schlurp","Slimebound:PressTheAttack"],"picked":"Slimebound:LeechLife","floor":10},{"not_picked":["Slimebound:Dissolve","Slimebound:SamplingLick"],"picked":"Slimebound:Nibble","floor":11},{"not_picked":["Slimebound:PressTheAttack","Slimebound:LeechingTouch","Slimebound:Schlurp"],"picked":"SKIP","floor":12},{"not_picked":["Slimebound:Equalize","Slimebound:Chomp","Slimebound:LivingWall"],"picked":"SKIP","floor":13},{"not_picked":["Slimebound:ViciousTackle","Slimebound:GoopSpray"],"picked":"Slimebound:TagTeam","floor":14},{"not_picked":["Slimebound:GoopSpray","Slimebound:PressTheAttack","Slimebound:RollThrough"],"picked":"SKIP","floor":15},{"not_picked":["Slimebound:Teamwork","Slimebound:TagTeam"],"picked":"Slimebound:DuplicatedForm+1","floor":16},{"not_picked":["Slimebound:SplitBruiser","Slimebound:DivideAndConquer","Slimebound:Schlurp+1"],"picked":"SKIP","floor":19},{"not_picked":["Slimebound:Dissolve+1","Slimebound:LeechEnergy","Slimebound:SplitLeeching+1"],"picked":"SKIP","floor":20},{"not_picked":["Slimebound:GrowthPunch","Slimebound:Dissolve+1","Slimebound:PressTheAttack"],"picked":"SKIP","floor":21},{"not_picked":["Slimebound:SplitBruiser+1","Slimebound:Prepare"],"picked":"Slimebound:HauntingLick","floor":22},{"not_picked":["Slimebound:Prepare","Slimebound:LeechingTouch+1"],"picked":"Slimebound:OneTwoCombo","floor":23},{"not_picked":["Slimebound:GrowthPunch+1","Slimebound:SlimeBrawl"],"picked":"Slimebound:LeechEnergy+1","floor":25},{"not_picked":["Slimebound:DivideAndConquer+1","Slimebound:PressTheAttack+1","Slimebound:FinishingTackle+1"],"picked":"SKIP","floor":27},{"not_picked":["Slimebound:LeechingTouch+1","Slimebound:SplitMire","Slimebound:LeechEnergy+1"],"picked":"SKIP","floor":29},{"not_picked":["Slimebound:RollThrough+1","Slimebound:SlimeTap"],"picked":"Slimebound:HauntingLick","floor":32},{"not_picked":["Slimebound:LeechLife+1","Slimebound:OozeBath"],"picked":"Slimebound:RallyTheTroops+1","floor":33},{"not_picked":["Slimebound:LeechEnergy+1","Slimebound:FinishingTackle+1","Slimebound:SplitAcid+1"],"picked":"SKIP","floor":36},{"not_picked":["Slimebound:GoopSpray+1","Slimebound:GrowthPunch+1"],"picked":"Slimebound:Gluttony+1","floor":39},{"not_picked":["Slimebound:SlimeBrawl+1","Slimebound:Prepare+1"],"picked":"Slimebound:Replication","floor":40},{"not_picked":["Slimebound:Schlurp","Slimebound:SlimeSpikes","Slimebound:LivingWall+1"],"picked":"SKIP","floor":42},{"not_picked":["Slimebound:Grow+1","Slimebound:SplitMire+1","Slimebound:ComboTackle+1"],"picked":"SKIP","floor":46},{"not_picked":["Slimebound:FinishingTackle+1","Slimebound:SplitBruiser","Slimebound:PressTheAttack+1"],"picked":"SKIP","floor":49}],"player_experience":2659,"relics_obtained":[{"floor":7,"key":"testmod-Hope"},{"floor":9,"key":"Vajra"},{"floor":11,"key":"Regal Pillow"},{"floor":13,"key":"Frozen Egg 2"},{"floor":22,"key":"testmod-Maize"},{"floor":22,"key":"Mummified Hand"},{"floor":24,"key":"testmod-AssaultLearning"},{"floor":25,"key":"Molten Egg 2"},{"floor":27,"key":"Pantograph"},{"floor":41,"key":"Darkstone Periapt"},{"floor":44,"key":"testmod-CyclicPeriapt"}],"event_choices":[{"damage_healed":0,"gold_gain":0,"player_choice":"Swap Relic","damage_taken":0,"relics_obtained":["Juzu Bracelet"],"max_hp_gain":0,"max_hp_loss":0,"event_name":"给自己的盒子","floor":3,"relics_lost":["testmod-TestBox"],"gold_loss":0},{"cards_removed":["Slimebound:Defend_Slimebound"],"damage_healed":0,"gold_gain":0,"player_choice":"Card Removal","damage_taken":0,"max_hp_gain":0,"max_hp_loss":0,"event_name":"The Cleric","floor":4,"gold_loss":0},{"cards_removed":["Slimebound:Strike_Slimebound"],"damage_healed":0,"gold_gain":0,"player_choice":"Purged","damage_taken":0,"max_hp_gain":0,"max_hp_loss":0,"event_name":"Purifier","floor":5,"gold_loss":0},{"damage_healed":0,"gold_gain":0,"player_choice":"Ignored","damage_taken":8,"max_hp_gain":0,"max_hp_loss":0,"event_name":"恩洛斯的盘子","floor":31,"gold_loss":0},{"damage_healed":0,"gold_gain":0,"player_choice":"Fight","damage_taken":0,"max_hp_gain":0,"max_hp_loss":0,"event_name":"Mysterious Sphere","floor":44,"gold_loss":0}],"is_beta":false,"boss_relics":[{"not_picked":["Black Star","testmod-BloodSacrificeSpiritualization"],"picked":"testmod-DreamHouse"},{"not_picked":["Calling Bell","vexMod:TanglingVine"],"picked":"vexMod:DeviousBotling"}],"items_purged_floors":[10,14,26,28,30,37],"is_endless":false,"potions_floor_spawned":[2,9,12,13,16,20,21,27,29,33,42,44],"ascension_level":1}}