{"host":"wonp23fsqqcu31ie","time":1609304830,"event":{"mods":["2.2 Compatiblity","AchievementEnabler","Aspiration","BaseMod","Bestiary","Better Altar","Better Match","Better Sensory Stone","Better Skull","Better Third Choice","BetterRewards","Block Reminder","Colored Map","Colored Powertips","Conspire","DeckTracker","Displayed Cursed Tome","Downfall","Hermit","Highlight Path","Hubris","Minty Spire (QoL Compilation)","Permanent Neow","Quick Restart","Rare Cards Sparkle","Relic Stats","Replay The Spire","Shade Mod","Shop Mod","StSLib","SuperFastMode","The Animator","The Cursed","The Dragon Tamer","The Gatherer","The Necromancer","The Runesmith","The Servant 0.9.4"],"gold_per_floor":[112,112,24,24,39,56,84,101,101,26,55,70,104,120,120,223,223,233,233,233,260,245,245,245,259,259,259,290,300,20,20,20,123,123,138,218,231,263,335,50,50,64,81,81,81,101,101,101,101,101,130,130],"floor_reached":56,"playtime":1736,"items_purged":["hubris:Despair"],"score":1629,"play_id":"b54a9cb2-7025-4ca0-8de1-eed9bd88d76d","local_time":"20201230160710","is_ascension_mode":true,"campfire_choices":[{"floor":15,"key":"RECALL"},{"data":"Shade:UnbarTheGrave","floor":23,"key":"SMITH"},{"data":"Shade:Putrefaction","floor":27,"key":"SMITH"},{"floor":32,"key":"REST"},{"data":"Shade:LichForm","floor":47,"key":"SMITH"},{"floor":49,"key":"REST"},{"data":"Shade:PoundOfFlesh","floor":52,"key":"SMITH"}],"circlet_count":0,"master_deck":["Shade:Strike_Shade","Shade:Defend_Shade","Shade:Defend_Shade","Shade:Defend_Shade","Shade:Defend_Shade","Shade:AnimateDead","Shade:CarefulCut","Shade:SpontaneousRitual","Riddle With Holes","Riddle With Holes","Unload","Decay","Shade:FleshToFlesh","Shade:DangerousRitual","Shade:Premonition","Shade:FuneraryJewels","Shade:Putrefaction+1","Shade:PoundOfFlesh+1","Shade:FeralStrike","Shade:ClawBack","Shade:UnbarTheGrave+1","CurseOfTheBell","Shade:ExtraLimbs+1","Shade:Bonestorm","Necronomicurse","Shade:GraveStillness","Shade:LyeBath","Shade:LichForm+1","Shade:GraveStillness+1","Shade:FleshLikeOak","Shade:Frenzy+1","Shade:FuneraryJewels+1","Shade:Premonition"],"relics":["Shade:YorickSkull","hubris:DeadTorch","MerchantsRug","Simple Rune","ReplayTheSpireMod:CursedCoin","Replay:Ringing Soul","Lantern","Runesmith:Nanobots","MealTicket","Tiny Chest","aspiration:Lifesprig","hubris:DeckOfHolding","hubris:Spice","Necronomicon","hubris:Teleporter","MutagenicStrength","aspiration:FrozenJewel","Blood Vial"],"acts_visited":["Exordium","TheCity","TheBeyond","TheEnding"],"potions_floor_usage":[7,16,29,33,50,50,55],"damage_taken":[{"damage":0,"enemies":"Jaw Worm","floor":1,"turns":4},{"damage":0,"enemies":"2 Louse","floor":5,"turns":2},{"damage":0,"enemies":"Cultist","floor":6,"turns":4},{"damage":4,"enemies":"Gremlin Nob","floor":7,"turns":4},{"damage":9,"enemies":"2 Fungi Beasts","floor":8,"turns":5},{"damage":10,"enemies":"3 Sentries","floor":11,"turns":6},{"damage":1,"enemies":"Blue Slaver","floor":12,"turns":4},{"damage":7,"enemies":"Replay:BlueRogue","floor":13,"turns":5},{"damage":1,"enemies":"conspire:2 RoseBushes","floor":14,"turns":2},{"damage":11,"enemies":"Slime Boss","floor":16,"turns":6},{"damage":11,"enemies":"Shell Parasite","floor":18,"turns":7},{"damage":9,"enemies":"2 Thieves","floor":22,"turns":4},{"damage":48,"enemies":"Shelled Parasite and Fungi","floor":25,"turns":5},{"damage":36,"enemies":"Slavers","floor":28,"turns":5},{"damage":14,"enemies":"Centurion and Healer","floor":29,"turns":5},{"damage":16,"enemies":"hubris:MusketHawk","floor":33,"turns":7},{"damage":0,"enemies":"3 Shapes","floor":35,"turns":5},{"damage":6,"enemies":"3 Darklings","floor":38,"turns":3},{"damage":2,"enemies":"R_Hoarder","floor":40,"turns":2},{"damage":1,"enemies":"4 Shapes","floor":44,"turns":4},{"damage":3,"enemies":"Sphere and 2 Shapes","floor":45,"turns":1},{"damage":9,"enemies":"Jaw Worm Horde","floor":48,"turns":3},{"damage":28,"enemies":"Time Eater","floor":50,"turns":7},{"damage":38,"enemies":"Shield and Spear","floor":54,"turns":4},{"damage":67,"enemies":"The Heart","floor":55,"turns":6}],"seed_played":"6345894431475157662","potions_obtained":[{"floor":5,"key":"Elixir"},{"floor":7,"key":"Cursed Concoction"},{"floor":8,"key":"Guardian:BlockOnCardUsePotion"},{"floor":14,"key":"Strength Potion"},{"floor":16,"key":"Doom Potion"},{"floor":29,"key":"BlessingOfTheForge"},{"floor":35,"key":"Reflective Coating"},{"floor":41,"key":"DuplicationPotion"}],"is_trial":false,"path_per_floor":["M","?","$","?","M","M","E","M","T","$","E","M","E","M","R","B",null,"M","?","?","T","M","R","?","M","T","R","E","M","$","?","R","B",null,"M","T","M","E","?","$","T","M","M","T","R","M","R","B",null,"R","E","B",null],"character_chosen":"SHADE","items_purchased":["Lee\u0027s Waffle","MerchantsRug","Simple Rune","ReplayTheSpireMod:CursedCoin","Replay:Ringing Soul","hubris:Spice","hubris:Spice"],"campfire_rested":2,"item_purchase_floors":[0,0,0,3,3,30,42],"current_hp_per_floor":[72,72,72,75,78,81,80,74,74,74,67,69,65,67,67,68,122,120,120,120,120,121,121,108,66,74,74,42,38,53,53,102,96,166,165,157,156,158,98,113,113,118,120,120,120,116,145,125,153,153,122,65],"gold":130,"neow_bonus":"","is_daily":false,"chose_seed":false,"campfire_upgraded":4,"win_rate":0.0,"timestamp":1609304830,"path_taken":["M","?","$","?","M","M","E","M","T","$","E","M","E","?","R","BOSS","M","?","?","?","?","R","?","M","T","R","E","M","$","?","R","BOSS","M","?","?","E","?","$","T","M","?","?","R","M","R","BOSS","R","E","BOSS"],"items_purchased_type":["Relic","Relic","Relic","Relic","Relic","Relic","Relic"],"build_version":"2020-12-22","purchased_purges":1,"victory":true,"max_hp_per_floor":[72,72,72,75,78,81,84,87,87,87,90,93,96,99,99,111,122,131,131,131,131,141,141,144,150,158,158,162,172,164,164,164,174,166,165,157,162,158,161,153,153,159,156,148,148,145,145,153,153,153,160,168],"relic_stats":{"Blood Vial":2,"counters":[81,408],"MealTicket":30,"Tiny Chest":3,"Necronomicon":[19],"obtain_stats":[{"construct:FoamFinger":9,"Nilry\u0027s Codex":21,"CeramicFish":23,"aspiration:PoetsPen_weak":34,"Uniform":0,"Whetstone":48,"Boot":10,"Sling":12,"Blood Vial":3,"Replay:Ringing Soul":3,"aspiration:MobileForge":17,"Strawberry":40,"MealTicket":11,"hubris:DeckOfHolding":17,"Fusion Hammer":34,"hubris:DeadTorch":14,"Necronomicon":24,"Toxic Egg 2":46,"MerchantsRug":0,"hubris:Teleporter":28,"aspiration:Nostalgia":0,"ReplayTheSpireMod:CursedCoin":3,"Replay:Grab Bag":34,"Dead Branch":0,"Eternal Feather":6,"Ring of Chaos":34,"aspiration:SeaSaltIceCream":0,"aspiration:IroncladSkillbook":0,"aspiration:FrozenJewel":43,"Bronze Scales":48,"MutagenicStrength":21,"Simple Rune":26,"Black Star":17,"aspiration:Lifesprig":53,"Lantern":7,"Torii":42,"Shade:YorickSkull":0,"Bag of Preparation":26,"Juzu Bracelet":43,"Replay:Mystery Machine":54,"PrismaticShard":27,"Tiny Chest":13,"Chemical X":37,"Potion Belt":46,"Gremlin Food":38,"Lee\u0027s Waffle":20,"Runesmith:Nanobots":9,"construct:WeddingRing":34,"Omamori":40,"Frozen Egg 2":23,"Orichalcum":14,"Calling Bell":17,"Busted Crown":34,"Ornamental Fan":46,"hubris:Spice":17,"Bag of Marbles":37,"Garlic":8,"TungstenRod":0,"hubris:BottledRain":43},{"construct:FoamFinger":6,"Nilry\u0027s Codex":10,"CeramicFish":12,"aspiration:PoetsPen_weak":44,"Uniform":28,"Whetstone":27,"Boot":32,"Sling":32,"Blood Vial":1,"Replay:Ringing Soul":57,"aspiration:MobileForge":34,"Strawberry":22,"MealTicket":62,"hubris:DeckOfHolding":66,"Fusion Hammer":44,"hubris:DeadTorch":65,"Necronomicon":68,"Toxic Egg 2":51,"MerchantsRug":28,"hubris:Teleporter":70,"aspiration:Nostalgia":28,"ReplayTheSpireMod:CursedCoin":57,"Replay:Grab Bag":44,"Dead Branch":56,"Eternal Feather":4,"Ring of Chaos":44,"aspiration:SeaSaltIceCream":28,"aspiration:IroncladSkillbook":28,"aspiration:FrozenJewel":75,"Bronze Scales":27,"MutagenicStrength":37,"Simple Rune":39,"Black Star":9,"aspiration:Lifesprig":54,"Lantern":60,"Torii":24,"Shade:YorickSkull":0,"Bag of Preparation":13,"Juzu Bracelet":24,"Replay:Mystery Machine":55,"PrismaticShard":39,"Tiny Chest":64,"Chemical X":20,"Potion Belt":25,"Gremlin Food":47,"Lee\u0027s Waffle":10,"Runesmith:Nanobots":61,"construct:WeddingRing":18,"Omamori":22,"Frozen Egg 2":12,"Orichalcum":33,"Calling Bell":66,"Busted Crown":44,"Ornamental Fan":25,"hubris:Spice":66,"Bag of Marbles":20,"Garlic":31,"TungstenRod":28,"hubris:BottledRain":49},{"construct:FoamFinger":22,"Nilry\u0027s Codex":38,"CeramicFish":50,"aspiration:PoetsPen_weak":234,"Uniform":140,"Whetstone":127,"Boot":156,"Sling":156,"Blood Vial":3,"Replay:Ringing Soul":302,"aspiration:MobileForge":173,"Strawberry":99,"MealTicket":323,"hubris:DeckOfHolding":340,"Fusion Hammer":234,"hubris:DeadTorch":333,"Necronomicon":351,"Toxic Egg 2":263,"MerchantsRug":140,"hubris:Teleporter":361,"aspiration:Nostalgia":140,"ReplayTheSpireMod:CursedCoin":302,"Replay:Grab Bag":234,"Dead Branch":298,"Eternal Feather":16,"Ring of Chaos":234,"aspiration:SeaSaltIceCream":140,"aspiration:IroncladSkillbook":140,"aspiration:FrozenJewel":383,"Bronze Scales":127,"MutagenicStrength":192,"Simple Rune":203,"Black Star":35,"aspiration:Lifesprig":287,"Lantern":312,"Torii":107,"Shade:YorickSkull":0,"Bag of Preparation":53,"Juzu Bracelet":107,"Replay:Mystery Machine":295,"PrismaticShard":203,"Tiny Chest":332,"Chemical X":91,"Potion Belt":115,"Gremlin Food":246,"Lee\u0027s Waffle":38,"Runesmith:Nanobots":317,"construct:WeddingRing":85,"Omamori":99,"Frozen Egg 2":50,"Orichalcum":161,"Calling Bell":340,"Busted Crown":234,"Ornamental Fan":115,"hubris:Spice":340,"Bag of Marbles":91,"Garlic":151,"TungstenRod":140,"hubris:BottledRain":256}]},"card_choices":[{"not_picked":["Shade:FuneraryArmor","Shade:BoneShards"],"picked":"Shade:SpontaneousRitual","floor":1},{"not_picked":["Shade:FuneraryArmor","Shade:GoDigging"],"picked":"Shade:FleshToFlesh","floor":5},{"not_picked":["Shade:AncientSpear","Shade:Trample"],"picked":"Shade:DangerousRitual","floor":6},{"not_picked":["Shade:DarkOfNight","Shade:ExtraLimbs"],"picked":"Shade:Premonition","floor":7},{"not_picked":["Shade:FuneraryArmor","Shade:Frenzy"],"picked":"Shade:FuneraryJewels","floor":8},{"not_picked":["Shade:SpectralStrikes","Shade:CoffinDance"],"picked":"Shade:Putrefaction","floor":11},{"not_picked":["Shade:BoneShards","Shade:SpontaneousRitual"],"picked":"Shade:PoundOfFlesh","floor":12},{"not_picked":["Shade:ScuttlingHand","Shade:FuneraryJewels"],"picked":"Shade:FeralStrike","floor":13},{"not_picked":["Shade:SkeletonHug","Shade:CoffinDance"],"picked":"Shade:ClawBack","floor":14},{"not_picked":["Shade:SelfBurial","Shade:MadHubris"],"picked":"Shade:UnbarTheGrave","floor":16},{"not_picked":["Shade:SensePrey","Shade:Bonestorm"],"picked":"Shade:ExtraLimbs+1","floor":18},{"not_picked":["Shade:Trample","Shade:ExtraLimbs"],"picked":"Shade:Bonestorm","floor":22},{"not_picked":["Shade:Haruspicy","Shade:Trample"],"picked":"Shade:GraveStillness","floor":25},{"not_picked":["Shade:ExtraLimbs","Shade:SkeletonHug","Shade:BoneShards"],"picked":"SKIP","floor":28},{"not_picked":["Shade:SkeletonHug","Shade:Awaken"],"picked":"Shade:LyeBath","floor":29},{"not_picked":["Shade:GreaterAnimation","Shade:LastGasp"],"picked":"Shade:LichForm","floor":33},{"not_picked":["Shade:Bonestorm+1","Shade:WallOfFlesh+1"],"picked":"hubris:SpiceAddiction","floor":35},{"not_picked":["Shade:GreyBargain+1","Shade:CoffinDance"],"picked":"Shade:GraveStillness+1","floor":38},{"not_picked":["hubris:SpiceAddiction","hubris:SpiceAddiction"],"picked":"Shade:FleshLikeOak","floor":40},{"not_picked":["Shade:DangerousRitual","Shade:Premonition"],"picked":"Shade:Frenzy+1","floor":41},{"not_picked":["Shade:FeralStrike+1","Shade:Brains"],"picked":"Shade:FuneraryJewels+1","floor":44},{"not_picked":["Shade:FuneraryArmor","hubris:SpiceAddiction"],"picked":"hubris:SpiceAddiction","floor":45},{"not_picked":["Shade:CoffinDance","Shade:GraveStillness+1"],"picked":"hubris:SpiceAddiction","floor":48},{"not_picked":["Shade:ExtraLimbs+1","Shade:FuneraryJewels+1"],"picked":"Shade:Premonition","floor":54}],"player_experience":414179,"relics_obtained":[{"floor":7,"key":"Lantern"},{"floor":9,"key":"Runesmith:Nanobots"},{"floor":11,"key":"MealTicket"},{"floor":13,"key":"Tiny Chest"},{"floor":17,"key":"aspiration:Lifesprig"},{"floor":17,"key":"hubris:DeckOfHolding"},{"floor":17,"key":"hubris:Spice"},{"floor":26,"key":"hubris:Spice"},{"floor":28,"key":"hubris:Teleporter"},{"floor":37,"key":"hubris:Spice"},{"floor":40,"key":"hubris:Spice"},{"floor":43,"key":"aspiration:FrozenJewel"},{"floor":46,"key":"hubris:Spice"},{"floor":54,"key":"Blood Vial"}],"event_choices":[{"damage_healed":0,"gold_gain":0,"player_choice":"Cursed","damage_taken":0,"max_hp_gain":0,"max_hp_loss":0,"event_name":"Wheel of Change","floor":4,"gold_loss":0,"cards_obtained":["Decay"]},{"damage_healed":0,"gold_gain":0,"player_choice":"Ignored","damage_taken":0,"max_hp_gain":0,"max_hp_loss":0,"event_name":"Ghosts","floor":19,"gold_loss":0},{"damage_healed":0,"gold_gain":0,"player_choice":"Leave","damage_taken":0,"max_hp_gain":0,"max_hp_loss":0,"event_name":"conspire:Investor","floor":20,"gold_loss":0},{"damage_healed":0,"gold_gain":0,"player_choice":"Obtained Book","damage_taken":16,"max_hp_gain":0,"max_hp_loss":0,"event_name":"Cursed Tome","floor":24,"gold_loss":0},{"damage_healed":0,"gold_gain":0,"player_choice":"Inject Mutagens","damage_taken":0,"relics_obtained":["MutagenicStrength"],"max_hp_gain":0,"max_hp_loss":0,"event_name":"Drug Dealer","floor":31,"gold_loss":0}],"is_beta":false,"boss_relics":[{"not_picked":["Abe\u0027s Treasure","hubris:GrandSneckoEye"],"picked":"Calling Bell"},{"not_picked":["Pandora\u0027s Box","hubris:Spice"],"picked":"hubris:Spice"}],"items_purged_floors":[10],"is_endless":false,"potions_floor_spawned":[5,7,8,14,16,25,28,29,35,44],"ascension_level":2}}