{"host":"yn1175etg9ni8l0q","time":1609344004,"event":{"mods":["AchievementEnabler","BaseMod","Colored Map","Colored Powertips","DeckTracker","Minty Spire (QoL Compilation)","Rare Cards Sparkle","Relic Stats","SuperFastMode","everything is the same but u backflip on backflip"],"gold_per_floor":[15,33,33,50,66,94,94,19,19,34,50,65,65,100,100,202,202,215,228,153,186,186,218,235,235,309,309,59,59,59,69,69,173,173,193,68,83,95,105,134,134,134,134,151,373,94,94,105,105,105,105,105,105,139,139],"floor_reached":56,"playtime":2295,"items_purged":["Strike_G","Strike_G","Defend_G","Strike_G"],"score":1284,"play_id":"295df8e0-b427-4fb7-b8ce-88981409245c","local_time":"20201231010004","is_ascension_mode":false,"campfire_choices":[{"data":"Neutralize","floor":7.0,"key":"SMITH"},{"data":"Venomology","floor":13.0,"key":"SMITH"},{"floor":15.0,"key":"REST"},{"data":"The Bomb","floor":25.0,"key":"SMITH"},{"data":"Accuracy","floor":27.0,"key":"SMITH"},{"data":"Acrobatics","floor":30.0,"key":"SMITH"},{"data":"Prepared","floor":32.0,"key":"SMITH"},{"data":"Deflect","floor":41.0,"key":"SMITH"},{"data":"Acrobatics","floor":47.0,"key":"SMITH"},{"floor":49.0,"key":"RECALL"},{"data":"Tactician","floor":52.0,"key":"SMITH"}],"circlet_count":0,"master_deck":["Strike_G","Defend_G","Defend_G","Survivor","Neutralize+1","The Bomb+1","Escape Plan","Dagger Throw","Masterful Stab","Acrobatics+1","Backflip","Infinite Blades","Prepared+1","Venomology+1","Deflect+1","Cloak And Dagger+1","Escape Plan","Bane","Blur","Accuracy+1","Tactician+1","Venomology","Dagger Throw+1","Eviscerate","Noxious Fumes+1","Grand Finale","Blade Dance+1","Calculated Gamble","Crippling Poison","Finisher+1","Purity","PiercingWail+1","Acrobatics+1","Tactician+1"],"relics":["Ring of the Snake","Happy Flower","MealTicket","InkBottle","SlaversCollar","Red Mask","Vajra","Kunai","Orrery","HoveringKite","Turnip","Mummified Hand","Pen Nib"],"acts_visited":["Exordium","TheCity","TheBeyond","TheEnding"],"potions_floor_usage":[55,55,55,55,55],"damage_taken":[{"damage":2.0,"enemies":"Jaw Worm","floor":1.0,"turns":4.0},{"damage":0.0,"enemies":"Cultist","floor":2.0,"turns":3.0},{"damage":0.0,"enemies":"2 Louse","floor":4.0,"turns":3.0},{"damage":5.0,"enemies":"Looter","floor":5.0,"turns":3.0},{"damage":16.0,"enemies":"Lagavulin","floor":6.0,"turns":6.0},{"damage":5.0,"enemies":"2 Fungi Beasts","floor":10.0,"turns":3.0},{"damage":7.0,"enemies":"Blue Slaver","floor":11.0,"turns":3.0},{"damage":0.0,"enemies":"Gremlin Gang","floor":12.0,"turns":4.0},{"damage":16.0,"enemies":"Gremlin Nob","floor":14.0,"turns":3.0},{"damage":13.0,"enemies":"Hexaghost","floor":16.0,"turns":10.0},{"damage":2.0,"enemies":"Spheric Guardian","floor":18.0,"turns":3.0},{"damage":0.0,"enemies":"2 Thieves","floor":19.0,"turns":3.0},{"damage":14.0,"enemies":"Masked Bandits","floor":21.0,"turns":5.0},{"damage":1.0,"enemies":"Slavers","floor":23.0,"turns":5.0},{"damage":15.0,"enemies":"Snake Plant","floor":24.0,"turns":5.0},{"damage":7.0,"enemies":"Centurion and Healer","floor":31.0,"turns":5.0},{"damage":0.0,"enemies":"Automaton","floor":33.0,"turns":6.0},{"damage":0.0,"enemies":"Orb Walker","floor":35.0,"turns":3.0},{"damage":0.0,"enemies":"3 Shapes","floor":37.0,"turns":4.0},{"damage":0.0,"enemies":"Maw","floor":38.0,"turns":6.0},{"damage":26.0,"enemies":"Transient","floor":39.0,"turns":5.0},{"damage":0.0,"enemies":"Giant Head","floor":40.0,"turns":5.0},{"damage":7.0,"enemies":"Sphere and 2 Shapes","floor":44.0,"turns":3.0},{"damage":9.0,"enemies":"Jaw Worm Horde","floor":48.0,"turns":4.0},{"damage":2.0,"enemies":"Donu and Deca","floor":50.0,"turns":6.0},{"damage":9.0,"enemies":"Shield and Spear","floor":54.0,"turns":4.0},{"damage":55,"enemies":"The Heart","floor":55,"turns":8}],"seed_played":"-5969384197103796796","potions_obtained":[{"floor":2.0,"key":"Explosive Potion"},{"floor":4.0,"key":"SkillPotion"},{"floor":5.0,"key":"LiquidBronze"},{"floor":11.0,"key":"Fire Potion"},{"floor":16.0,"key":"Fire Potion"},{"floor":19.0,"key":"Regen Potion"},{"floor":24.0,"key":"GamblersBrew"},{"floor":33.0,"key":"Explosive Potion"},{"floor":40.0,"key":"SmokeBomb"}],"is_trial":false,"path_per_floor":["M","M","?","M","M","E","R","$","T","M","M","M","R","E","R","B",null,"M","M","?","?","?","E","M","R","T","R","$","T","R","M","R","B",null,"M","$","M","M","M","E","R","?","T","M","?","$","R","M","R","B",null,"R","$","E","B",null],"character_chosen":"THE_SILENT","items_purchased":["Orrery","CultistPotion","Acrobatics"],"campfire_rested":1,"item_purchase_floors":[28,46,46],"current_hp_per_floor":[68,68,61,61,56,40,40,40,40,35,28,28,28,12,33,20,70,68,68,68,54,54,67,52,52,52,52,67,67,67,60,60,60,70,70,70,70,70,44,58,58,48,48,41,41,56,56,47,47,45,70,70,70,61,6],"gold":139,"neow_bonus":"RANDOM_COLORLESS_2","is_daily":false,"chose_seed":false,"campfire_upgraded":9,"win_rate":0.0,"timestamp":1609344004,"path_taken":["M","M","?","M","M","E","R","$","T","M","M","?","R","E","R","BOSS","M","M","?","?","?","E","M","R","T","R","$","?","R","M","R","BOSS","M","$","?","M","M","E","R","?","T","M","?","$","R","M","R","BOSS","R","$","E","BOSS"],"items_purchased_type":["Relic","Potion","Card"],"build_version":"2020-12-22","purchased_purges":4,"victory":true,"max_hp_per_floor":[70,70,70,70,70,70,70,70,70,70,70,70,70,70,70,70,70,70,70,70,70,70,70,70,70,70,70,70,70,70,70,70,70,70,70,70,70,70,70,70,70,70,70,70,70,70,70,70,70,70,70,70,70,70,70],"relic_stats":{"Happy Flower":[34],"counters":[27,122],"Mummified Hand":[17],"HoveringKite":[34],"MealTicket":30,"Turnip":[7],"Pen Nib":[3],"Kunai":[54],"obtain_stats":[{"Happy Flower":6,"Vajra":23,"HoveringKite":34,"Pen Nib":54,"SlaversCollar":17,"Mummified Hand":43,"Orrery":28,"MealTicket":9,"Turnip":40,"Red Mask":21,"Kunai":26,"InkBottle":14,"Ring of the Snake":0},{"Happy Flower":5,"Vajra":14,"HoveringKite":17,"Pen Nib":26,"SlaversCollar":10,"Mummified Hand":22,"Orrery":15,"MealTicket":5,"Turnip":22,"Red Mask":13,"Kunai":15,"InkBottle":9,"Ring of the Snake":0},{"Happy Flower":19,"Vajra":58,"HoveringKite":74,"Pen Nib":114,"SlaversCollar":42,"Mummified Hand":97,"Orrery":63,"MealTicket":19,"Turnip":97,"Red Mask":53,"Kunai":63,"InkBottle":32,"Ring of the Snake":0}],"InkBottle":[66],"Ring of the Snake":[54]},"card_choices":[{"not_picked":["Sadistic Nature","Chrysalis"],"picked":"The Bomb","floor":0.0},{"not_picked":["Prepared","Accuracy"],"picked":"Escape Plan","floor":1.0},{"not_picked":["Blade Dance","Quick Slash"],"picked":"Dagger Throw","floor":2.0},{"not_picked":["Flying Knee","Dagger Spray"],"picked":"Masterful Stab","floor":4.0},{"not_picked":["Dagger Throw","Poisoned Stab"],"picked":"Acrobatics","floor":5.0},{"not_picked":["Glass Knife","Dodge and Roll"],"picked":"Backflip","floor":6.0},{"not_picked":["Dash","Poisoned Stab"],"picked":"Infinite Blades","floor":10.0},{"not_picked":["Quick Slash","Expertise"],"picked":"Prepared","floor":11.0},{"not_picked":["Quick Slash","Slice"],"picked":"Venomology","floor":12.0},{"not_picked":["Leg Sweep","Choke"],"picked":"Deflect","floor":14.0},{"not_picked":["Dagger Throw","Poisoned Stab+1"],"picked":"Cloak And Dagger+1","floor":18.0},{"not_picked":["Slice+1","Outmaneuver","Skewer"],"picked":"SKIP","floor":19.0},{"not_picked":["Heel Hook","Caltrops+1"],"picked":"Escape Plan","floor":21.0},{"not_picked":["A Thousand Cuts","Leg Sweep+1"],"picked":"Accuracy","floor":23.0},{"not_picked":["Outmaneuver","Blur"],"picked":"Tactician+1","floor":24.0},{"not_picked":["Well Laid Plans+1","Cloak And Dagger"],"picked":"Venomology","floor":28.0},{"not_picked":["Dash","Eviscerate"],"picked":"Dagger Throw+1","floor":28.0},{"not_picked":["Accuracy","Backstab"],"picked":"Eviscerate","floor":28.0},{"not_picked":["Sucker Punch","Underhanded Strike"],"picked":"Noxious Fumes+1","floor":31.0},{"not_picked":["Bullet Time","Unload"],"picked":"Grand Finale","floor":33.0},{"not_picked":["Outmaneuver+1","Slice+1"],"picked":"Blade Dance+1","floor":35.0},{"not_picked":["Sucker Punch","Flechettes"],"picked":"Calculated Gamble","floor":37.0},{"not_picked":["Leg Sweep","Backstab+1"],"picked":"Crippling Poison","floor":38.0},{"not_picked":["Blade Dance","Sucker Punch+1","Bane+1"],"picked":"SKIP","floor":39.0},{"not_picked":["Poisoned Stab","Acrobatics"],"picked":"Finisher+1","floor":40.0},{"not_picked":["Deep Breath","Madness"],"picked":"Purity","floor":42.0},{"not_picked":["All Out Attack+1","Outmaneuver"],"picked":"PiercingWail+1","floor":44.0},{"not_picked":["Riddle With Holes","Infinite Blades+1"],"picked":"Tactician","floor":48.0},{"not_picked":["Quick Slash+1","PiercingWail+1","Bane+1"],"picked":"SKIP","floor":54.0}],"player_experience":290056,"relics_obtained":[{"floor":6.0,"key":"Happy Flower"},{"floor":9.0,"key":"MealTicket"},{"floor":14.0,"key":"InkBottle"},{"floor":21.0,"key":"Red Mask"},{"floor":23.0,"key":"Vajra"},{"floor":26.0,"key":"Kunai"},{"floor":40.0,"key":"Turnip"},{"floor":43.0,"key":"Mummified Hand"},{"floor":54.0,"key":"Pen Nib"}],"event_choices":[{"damage_healed":0.0,"max_hp_gain":0.0,"max_hp_loss":0.0,"gold_gain":0.0,"event_name":"Wheel of Change","player_choice":"Damaged","floor":3.0,"gold_loss":0.0,"damage_taken":7.0},{"cards_removed":["Defend_G"],"damage_healed":0.0,"max_hp_gain":0.0,"max_hp_loss":0.0,"gold_gain":0.0,"event_name":"Beggar","player_choice":"Gave Gold","floor":20.0,"gold_loss":75.0,"damage_taken":0.0},{"damage_healed":0.0,"max_hp_gain":0.0,"max_hp_loss":0.0,"gold_gain":0.0,"event_name":"Masked Bandits","player_choice":"Fought Bandits","floor":21.0,"gold_loss":0.0,"damage_taken":0.0},{"damage_healed":0.0,"max_hp_gain":0.0,"max_hp_loss":0.0,"gold_gain":0.0,"cards_transformed":["Strike_G","Defend_G"],"event_name":"Drug Dealer","player_choice":"Became Test Subject","floor":22.0,"gold_loss":0.0,"damage_taken":0.0,"cards_obtained":["Bane","Blur"]},{"damage_healed":0.0,"max_hp_gain":0.0,"max_hp_loss":0.0,"gold_gain":0.0,"event_name":"SensoryStone","player_choice":"Memory 3","floor":42.0,"gold_loss":0.0,"damage_taken":10.0},{"damage_healed":0.0,"max_hp_gain":0.0,"max_hp_loss":0.0,"gold_gain":222.0,"event_name":"Tomb of Lord Red Mask","player_choice":"Wore Mask","floor":45.0,"gold_loss":0.0,"damage_taken":0.0}],"is_beta":false,"boss_relics":[{"not_picked":["Sozu","Calling Bell"],"picked":"SlaversCollar"},{"not_picked":["Astrolabe","Velvet Choker"],"picked":"HoveringKite"}],"items_purged_floors":[8,28,36,46],"is_endless":false,"potions_floor_spawned":[2,4,5,11,16,19,24,31,33,35,39,40],"ascension_level":0}}