{"host":"5ru6a7u2mbc0jrwn","time":1609336515,"event":{"mods":["AchievementEnabler","BaseMod","Colored Map","Minty Spire (QoL Compilation)","Rare Cards Sparkle","StSLib","everything is the same but u backflip on backflip"],"gold_per_floor":[111,122,138,138,213,239,239,255,255,287,252,265,292,305,305,404,404,422,41,41,41,41,41,41],"floor_reached":23,"playtime":2027,"items_purged":["Well Laid Plans"],"score":234,"play_id":"d669fa8a-4368-4b73-b950-33eea18fe897","local_time":"20201230225515","is_ascension_mode":false,"campfire_choices":[{"data":"Adrenaline","floor":7,"key":"SMITH"},{"floor":15,"key":"REST"}],"circlet_count":0,"master_deck":["Defend_G","Defend_G","Defend_G","Survivor","Neutralize","Adrenaline+1","Noxious Fumes","Bane","Flying Knee","Caltrops","Noxious Fumes","Calculated Gamble","Tools of the Trade+1","Unload","Underhanded Strike","Bite","Bite","Bite","Bite","Bite"],"relics":["Ring of the Snake","Kunai","Ninja Scroll","Strawberry","Darkstone Periapt","WristBlade","Juzu Bracelet","PrismaticShard"],"acts_visited":["Exordium","TheCity"],"potions_floor_usage":[6,6,13,13,16],"damage_taken":[{"damage":0,"enemies":"2 Louse","floor":1,"turns":2},{"damage":4,"enemies":"Small Slimes","floor":2,"turns":3},{"damage":4,"enemies":"Jaw Worm","floor":3,"turns":4},{"damage":18,"enemies":"3 Sentries","floor":6,"turns":5},{"damage":6,"enemies":"Blue Slaver","floor":8,"turns":3},{"damage":32,"enemies":"Gremlin Nob","floor":10,"turns":5},{"damage":15,"enemies":"Lots of Slimes","floor":12,"turns":3},{"damage":22,"enemies":"3 Sentries","floor":13,"turns":4},{"damage":2,"enemies":"Large Slime","floor":14,"turns":5},{"damage":29,"enemies":"The Guardian","floor":16,"turns":10},{"damage":7,"enemies":"Chosen","floor":18,"turns":5},{"damage":66,"enemies":"Gremlin Leader","floor":23,"turns":4}],"seed_played":"-5702594839923728033","potions_obtained":[{"floor":1,"key":"Explosive Potion"},{"floor":3,"key":"DistilledChaos"},{"floor":6,"key":"SpeedPotion"},{"floor":8,"key":"FairyPotion"},{"floor":12,"key":"Strength Potion"},{"floor":13,"key":"LiquidMemories"}],"is_trial":false,"path_per_floor":["M","M","M","?","?","E","R","M","T","E","?","M","E","M","R","B",null,"M","$","?","?","?","E"],"character_chosen":"THE_SILENT","items_purchased":["Juzu Bracelet","PrismaticShard"],"campfire_rested":1,"item_purchase_floors":[19,19],"current_hp_per_floor":[70,66,62,55,44,26,26,20,20,28,47,32,10,8,31,2,77,70,70,53,53,53,0,0],"gold":41,"neow_bonus":"ONE_RANDOM_RARE_CARD","is_daily":false,"chose_seed":false,"campfire_upgraded":1,"win_rate":0.0,"timestamp":1609336515,"path_taken":["M","M","M","?","?","E","R","M","T","E","?","?","E","M","R","BOSS","M","$","?","?","?","E"],"items_purchased_type":["Relic","Relic"],"build_version":"2020-12-22","purchased_purges":1,"victory":false,"max_hp_per_floor":[70,70,70,70,70,70,70,70,70,77,77,77,77,77,77,77,77,77,77,53,53,53,53,53],"card_choices":[{"not_picked":["Deadly Poison","Dash"],"picked":"Noxious Fumes","floor":1},{"not_picked":["Backstab","Underhanded Strike"],"picked":"Bane","floor":2},{"not_picked":["Slice","Flechettes"],"picked":"Flying Knee","floor":3},{"not_picked":["PiercingWail","Bane"],"picked":"Caltrops","floor":6},{"not_picked":["Blur","Caltrops"],"picked":"Noxious Fumes","floor":8},{"not_picked":["Flying Knee","Eviscerate"],"picked":"Well Laid Plans","floor":10},{"not_picked":["Backflip","Quick Slash","Slice"],"picked":"SKIP","floor":12},{"not_picked":["Poisoned Stab","Quick Slash"],"picked":"Calculated Gamble","floor":13},{"not_picked":["Dash","Dagger Throw"],"picked":"Tools of the Trade","floor":14},{"not_picked":["Night Terror","Glass Knife"],"picked":"Unload","floor":16},{"not_picked":["Quick Slash","Outmaneuver"],"picked":"Underhanded Strike","floor":18}],"player_experience":19034,"relics_obtained":[{"floor":6,"key":"Kunai"},{"floor":9,"key":"Ninja Scroll"},{"floor":10,"key":"Strawberry"},{"floor":13,"key":"Darkstone Periapt"}],"event_choices":[{"cards_removed":["Defend_G"],"damage_healed":0,"gold_gain":0,"player_choice":"Card Removal","damage_taken":7,"max_hp_gain":0,"max_hp_loss":0,"event_name":"Golden Wing","floor":4,"gold_loss":0},{"damage_healed":0,"gold_gain":75,"player_choice":"Gather Gold","damage_taken":11,"max_hp_gain":0,"max_hp_loss":0,"event_name":"World of Goop","floor":5,"gold_loss":0},{"damage_healed":19,"gold_gain":0,"player_choice":"Healed","damage_taken":0,"max_hp_gain":0,"max_hp_loss":0,"event_name":"The Cleric","floor":11,"gold_loss":35},{"damage_healed":0,"gold_gain":0,"player_choice":"Became a vampire","damage_taken":0,"max_hp_gain":0,"max_hp_loss":24,"event_name":"Vampires","floor":20,"gold_loss":0,"cards_obtained":["Bite","Bite","Bite","Bite","Bite"]},{"damage_healed":0,"gold_gain":0,"player_choice":"Forge","damage_taken":0,"max_hp_gain":0,"max_hp_loss":0,"event_name":"Accursed Blacksmith","floor":21,"gold_loss":0,"cards_upgraded":["Tools of the Trade"]},{"cards_removed":["Defend_G"],"damage_healed":0,"gold_gain":0,"player_choice":"Elegance","damage_taken":0,"max_hp_gain":0,"max_hp_loss":0,"event_name":"Back to Basics","floor":22,"gold_loss":0}],"is_beta":false,"boss_relics":[{"not_picked":["Runic Pyramid","HoveringKite"],"picked":"WristBlade"}],"items_purged_floors":[19],"is_endless":false,"potions_floor_spawned":[1,3,6,8,12,13],"killed_by":"Gremlin Leader","ascension_level":0}}