{"host":"6pgtslebjnyv5xmi","time":1609328468,"event":{"mods":["AchievementEnabler","BaseMod","Colored Map","Minty Spire (QoL Compilation)","Rare Cards Sparkle","StSLib","SuperFastMode","everything is the same but u backflip on backflip"],"gold_per_floor":[113,123,141,91,91,91,106,28,28,40,63,79,4,4,4,103,103],"floor_reached":16,"playtime":449,"items_purged":["Strike_B"],"score":185,"play_id":"bcaf572c-43bc-497e-b187-18848dd8a0ca","local_time":"20201230204108","is_ascension_mode":true,"campfire_choices":[{"data":"Zap","floor":6,"key":"SMITH"},{"data":"Reinforced Body","floor":15,"key":"SMITH"}],"circlet_count":0,"master_deck":["Strike_B","Strike_B","Defend_B","Defend_B","Defend_B","Defend_B","Zap+1","Dualcast","Ball Lightning","Turbo","Capacitor","Reinforced Body+1"],"relics":["Cracked Core","Mango","Matryoshka","Odd Mushroom"],"acts_visited":["Exordium"],"potions_floor_usage":[11],"damage_taken":[{"damage":1,"enemies":"Cultist","floor":1,"turns":3},{"damage":12,"enemies":"Jaw Worm","floor":2,"turns":2},{"damage":14,"enemies":"Small Slimes","floor":3,"turns":3},{"damage":12,"enemies":"3 Louse","floor":7,"turns":2},{"damage":0,"enemies":"Large Slime","floor":10,"turns":5},{"damage":26,"enemies":"The Mushroom Lair","floor":11,"turns":4},{"damage":2,"enemies":"2 Fungi Beasts","floor":12,"turns":4},{"damage":34,"enemies":"The Guardian","floor":16,"turns":12}],"seed_played":"-7323702688835328322","potions_obtained":[{"floor":1,"key":"Regen Potion"},{"floor":10,"key":"PotionOfCapacity"},{"floor":16,"key":"Block Potion"}],"is_trial":false,"path_per_floor":["M","M","M","?","?","R","M","$","T","M","?","M","$","?","R","B"],"character_chosen":"DEFECT","items_purchased":["Capacitor"],"campfire_rested":0,"item_purchase_floors":[8],"current_hp_per_floor":[81,69,55,55,55,55,43,43,43,43,29,27,27,56,56,22,22],"gold":103,"neow_bonus":"ONE_RARE_RELIC","is_daily":false,"chose_seed":false,"campfire_upgraded":2,"win_rate":0.0,"timestamp":1609328468,"path_taken":["M","?","M","?","?","R","M","$","T","?","?","M","$","?","R","BOSS"],"items_purchased_type":["Card"],"build_version":"2020-12-22","purchased_purges":1,"victory":false,"max_hp_per_floor":[89,89,89,89,89,89,89,89,89,89,89,89,89,89,89,89,89],"card_choices":[{"not_picked":["Streamline","Rebound"],"picked":"Ball Lightning","floor":1},{"not_picked":["Auto Shields","Gash"],"picked":"Turbo","floor":2},{"not_picked":["Chill","Compile Driver","Stack"],"picked":"SKIP","floor":3},{"not_picked":["Auto Shields","Glacier","Hello World"],"picked":"SKIP","floor":7},{"not_picked":["Leap","Conserve Battery","Gash"],"picked":"SKIP","floor":10},{"not_picked":["FTL","Chaos"],"picked":"Reinforced Body","floor":11},{"not_picked":["Hologram","Cold Snap","Stack"],"picked":"SKIP","floor":12}],"player_experience":622058,"relics_obtained":[{"floor":9,"key":"Matryoshka"},{"floor":11,"key":"Odd Mushroom"}],"event_choices":[{"cards_removed":["Normality"],"damage_healed":0,"gold_gain":0,"player_choice":"Card Removal","damage_taken":0,"max_hp_gain":0,"max_hp_loss":0,"event_name":"The Cleric","floor":4,"gold_loss":50},{"cards_removed":["Strike_B"],"damage_healed":0,"gold_gain":0,"player_choice":"Offered Basic","damage_taken":0,"max_hp_gain":0,"max_hp_loss":0,"event_name":"Bonfire Elementals","floor":5,"gold_loss":0},{"damage_healed":0,"gold_gain":0,"player_choice":"Fought Mushrooms","damage_taken":0,"max_hp_gain":0,"max_hp_loss":0,"event_name":"Mushrooms","floor":11,"gold_loss":0},{"damage_healed":29,"gold_gain":0,"player_choice":"Banana","damage_taken":0,"max_hp_gain":0,"max_hp_loss":0,"event_name":"Big Fish","floor":14,"gold_loss":0}],"is_beta":false,"boss_relics":[],"items_purged_floors":[13],"is_endless":false,"potions_floor_spawned":[1,10,16],"killed_by":"The Guardian","ascension_level":6}}