{"host":"Sumable","time":1609354201,"event":{"mods":["AchievementEnabler","BaseMod","Better Note","BetterRewards","Googly Eyes","Hermit","Minty Spire (QoL Compilation)","Quick Restart","Shop Mod","StSLib","The Cursed","everything is the same but u backflip on backflip","slay the spire mod where everything is the same but ironclad has a cowboy hat"],"gold_per_floor":[211,211,221,0,11,11,37,97,97,97,97],"floor_reached":10,"playtime":266,"items_purged":[],"score":106,"play_id":"1bae68ff-0a51-4756-a91a-f27eb97b5857","local_time":"20201230115001","is_ascension_mode":true,"campfire_choices":[{"floor":6,"key":"REST"}],"circlet_count":0,"master_deck":["AscendersBane","Strike_R","Strike_R","Strike_R","Strike_R","Strike_R+1","Defend_R","Defend_R","Defend_R+1","Defend_R","Bash","Shrug It Off","Sword Boomerang","Limit Break","Heavy Blade","Rampage"],"relics":["Burning Blood","Juzu Bracelet","StoneCalendar","Ice Cream"],"acts_visited":["Exordium"],"potions_floor_usage":[5,10],"damage_taken":[{"damage":16,"enemies":"2 Louse","floor":1,"turns":3},{"damage":0,"enemies":"Small Slimes","floor":3,"turns":3},{"damage":6,"enemies":"Cultist","floor":5,"turns":3},{"damage":70,"enemies":"Gremlin Nob","floor":7,"turns":6},{"damage":12,"enemies":"Lagavulin","floor":10,"turns":4}],"seed_played":"1675943226636894580","potions_obtained":[{"floor":3,"key":"ColorlessPotion"},{"floor":7,"key":"BlessingOfTheForge"}],"is_trial":false,"path_per_floor":["M","?","M","$","M","R","E","?","T","E"],"character_chosen":"IRONCLAD","items_purchased":["Limit Break","Juzu Bracelet"],"campfire_rested":1,"item_purchase_floors":[4,4],"current_hp_per_floor":[62,46,52,52,52,76,12,12,12,0,0],"gold":97,"neow_bonus":"HUNDRED_GOLD","is_daily":false,"chose_seed":false,"campfire_upgraded":0,"win_rate":0.0,"timestamp":1609354201,"path_taken":["M","?","M","$","M","R","E","?","T","E"],"items_purchased_type":["Card","Relic"],"build_version":"2020-12-18","purchased_purges":0,"victory":false,"max_hp_per_floor":[80,80,80,80,80,80,80,80,80,80,80],"card_choices":[{"not_picked":["Iron Wave","Body Slam"],"picked":"Shrug It Off","floor":1},{"not_picked":["Reckless Charge","Heavy Blade"],"picked":"Sword Boomerang","floor":3},{"not_picked":["Entrench","Rage"],"picked":"Heavy Blade","floor":5},{"not_picked":["Wild Strike","Thunderclap"],"picked":"Rampage","floor":7}],"player_experience":1009370,"relics_obtained":[{"floor":7,"key":"StoneCalendar"},{"floor":9,"key":"Ice Cream"}],"event_choices":[{"damage_healed":0,"gold_gain":0,"player_choice":"Entered Light","damage_taken":16,"max_hp_gain":0,"max_hp_loss":0,"event_name":"Shining Light","floor":2,"gold_loss":0,"cards_upgraded":["Strike_R","Defend_R"]},{"damage_healed":0,"gold_gain":60,"player_choice":"Gained Gold","damage_taken":0,"max_hp_gain":0,"max_hp_loss":0,"event_name":"Golden Wing","floor":8,"gold_loss":0}],"is_beta":true,"boss_relics":[],"items_purged_floors":[],"is_endless":false,"potions_floor_spawned":[3,7],"killed_by":"Lagavulin","ascension_level":12}}