{"host":"7uuqqk35leady37t","time":1609332496,"event":{"mods":["BaseMod","Colored Map","Colored Powertips","Downfall","Marisa£®ÏF”Í°°ƒß¿Ì…≥£©","Minty Spire (QoL Compilation)","Robot Space Explorer","StSLib","The Bug Knight","The Servant 0.9.4","Waifu the Spire","Yuri Mod","[IsaacMod]“‘»ˆº‚À˛"],"gold_per_floor":[117,134,152,170,180,215,227,227,227,256,285,285,296,330,330,426,426,426],"floor_reached":17,"playtime":922,"items_purged":[],"score":229,"play_id":"cbf20894-4ea8-4224-bb3e-90e746d344e7","local_time":"20201230204816","is_ascension_mode":false,"campfire_choices":[{"data":"Bloodletting","floor":8,"key":"SMITH"},{"data":"EpicFetus","floor":12,"key":"SMITH"},{"data":"Heavy Blade","floor":15,"key":"SMITH"}],"circlet_count":0,"master_deck":["Strike_R","Strike_R","Strike_R","Strike_R","Strike_R","Defend_R","Defend_R","Defend_R","Defend_R","Bash","SuicideKing","yuri:RhapsodyCurse","EpicFetus+1","True Grit","Whirlwind","Burning Pact","Iron Wave","Bloodletting+1","Pommel Strike","Body Slam","Warcry","Barricade","Flex","Dark Embrace","Rupture","Inflame","Perfected Strike","Disarm","Iron Wave","Rupture","Flex","Heavy Blade+1","Cleave","Juggernaut","Berserk"],"relics":["Burning Blood","HushsDoor","GuppysPaw","Void","Calipers","Odd Mushroom","Paper Frog","SacredBark"],"acts_visited":["Exordium","TheCity"],"potions_floor_usage":[10,10,14,16,16],"damage_taken":[{"damage":5,"enemies":"Cultist","floor":1,"turns":4},{"damage":28,"enemies":"Jaw Worm","floor":2,"turns":7},{"damage":4,"enemies":"Small Slimes","floor":3,"turns":4},{"damage":3,"enemies":"Looter","floor":4,"turns":4},{"damage":13,"enemies":"Exordium Thugs","floor":5,"turns":3},{"damage":0,"enemies":"3 Sentries","floor":6,"turns":6},{"damage":3,"enemies":"2 Fungi Beasts","floor":7,"turns":3},{"damage":14,"enemies":"Gremlin Nob","floor":10,"turns":4},{"damage":12,"enemies":"The Mushroom Lair","floor":11,"turns":4},{"damage":7,"enemies":"3 Louse","floor":13,"turns":5},{"damage":9,"enemies":"3 Sentries","floor":14,"turns":4},{"damage":24,"enemies":"Hexaghost","floor":16,"turns":7}],"seed_played":"2411225750658980316","potions_obtained":[{"floor":2,"key":"PowerPotion"},{"floor":4,"key":"hexamod:EctoCoolerPotion"},{"floor":11,"key":"BlessingOfTheForge"},{"floor":13,"key":"champ:CounterPotion"},{"floor":14,"key":"AttackPotion"},{"floor":16,"key":"champ:CounterPotion"}],"is_trial":false,"path_per_floor":["M","M","M","M","M","E","M","R","T","E","?","R","M","E","R","B",null],"character_chosen":"IRONCLAD","items_purchased":[],"campfire_rested":0,"item_purchase_floors":[],"current_hp_per_floor":[80,58,60,63,56,59,56,56,56,48,42,42,41,38,38,20,35,35],"gold":426,"neow_bonus":"RANDOM_COLORLESS_2","is_daily":false,"chose_seed":false,"campfire_upgraded":3,"win_rate":0.0,"timestamp":1609332496,"path_taken":["M","M","M","M","M","E","?","R","T","E","?","R","M","E","R","BOSS"],"items_purchased_type":[],"build_version":"2020-12-22","purchased_purges":0,"victory":false,"max_hp_per_floor":[80,80,77,77,74,59,56,56,56,53,47,47,41,38,38,35,35,35],"card_choices":[{"not_picked":[],"picked":"SuicideKing","floor":0},{"not_picked":["Secret Weapon","Battery"],"picked":"EpicFetus","floor":0},{"not_picked":["Thunderclap","Warcry"],"picked":"Whirlwind","floor":1},{"not_picked":["Clothesline","Warcry"],"picked":"Burning Pact","floor":2},{"not_picked":["Armaments","Searing Blow"],"picked":"Bloodletting","floor":3},{"not_picked":["Second Wind","Armaments"],"picked":"Body Slam","floor":4},{"not_picked":["Headbutt","Seeing Red"],"picked":"Barricade","floor":5},{"not_picked":["Pommel Strike","Sword Boomerang"],"picked":"Dark Embrace","floor":6},{"not_picked":["Shrug It Off","Perfected Strike"],"picked":"Inflame","floor":7},{"not_picked":["Flame Barrier","Anger"],"picked":"Disarm","floor":10},{"not_picked":["Sword Boomerang","Inflame"],"picked":"Rupture","floor":11},{"not_picked":["Perfected Strike","Inflame"],"picked":"Heavy Blade","floor":13},{"not_picked":["Sword Boomerang","Iron Wave"],"picked":"Cleave","floor":14},{"not_picked":["Fiend Fire","Bludgeon"],"picked":"Berserk","floor":16}],"player_experience":28027,"relics_obtained":[{"floor":6,"key":"MealTicket"},{"floor":9,"key":"Void"},{"floor":10,"key":"Calipers"},{"floor":11,"key":"Odd Mushroom"},{"floor":14,"key":"Paper Frog"}],"event_choices":[{"damage_healed":0,"gold_gain":0,"player_choice":"Fought Mushrooms","damage_taken":0,"max_hp_gain":0,"max_hp_loss":0,"event_name":"Mushrooms","floor":11,"gold_loss":0}],"is_beta":false,"boss_relics":[{"not_picked":["Cursed Key","Empty Cage"],"picked":"SacredBark"},{"not_picked":[]}],"items_purged_floors":[],"is_endless":false,"potions_floor_spawned":[2,4,11,13,14,16],"ascension_level":0}}