{"host":"wm8w708j6aaen7h7","time":1609298953,"event":{"mods":["AchievementEnabler","BaseMod","Bestiary","BetterRewards","Block Reminder","Colored Map","Colored Powertips","Downfall","GifTheSpireLib","Highlight Path","Hubris","Minty Spire (QoL Compilation)","Permanent Neow","Rare Cards Sparkle","Replay The Spire","StSLib","The Senshi","Transform Curses","Waifu the Spire"],"gold_per_floor":[113,113,113,113,129,164,164,179,179,179,192,2,19,32,32,130,130,150,150,33,44,44,44],"floor_reached":22,"playtime":1807,"items_purged":[],"score":186,"play_id":"3ed76948-b8eb-496a-a007-34651490d0bf","local_time":"20201229232913","is_ascension_mode":false,"campfire_choices":[{"floor":7,"key":"REST"},{"floor":15,"key":"REST"}],"circlet_count":0,"master_deck":["Strike_G","Strike_G+1","Strike_G","Strike_G","Strike_G+1","Defend_G","Defend_G","Defend_G","Defend_G","Survivor","Neutralize+1","Outmaneuver","ReplayTheSpireMod:Scrap Shanks+1","Backflip","Bouncing Flask+1","Sneak Up","Outmaneuver","Poisoned Stab","Poisoned Stab","Prepared","Finisher","Envenom","Deadly Poison","Slimebound:CheckThePlaybook","Slimebound:Icky","Infinite Blades","Hidden Blade+1","Deadly Poison"],"relics":["Ring of the Snake","Whetstone","theSenshi:FeatherClipsRelic","Pantograph","Guide Book","WristBlade"],"acts_visited":["Exordium","TheCity"],"potions_floor_usage":[16,16],"damage_taken":[{"damage":0,"enemies":"Small Slimes","floor":1,"turns":4},{"damage":1,"enemies":"2 Louse","floor":5,"turns":4},{"damage":48,"enemies":"3 Sentries","floor":6,"turns":11},{"damage":1,"enemies":"Jaw Worm","floor":8,"turns":4},{"damage":13,"enemies":"2 Fungi Beasts","floor":11,"turns":4},{"damage":2,"enemies":"Large Slime","floor":13,"turns":6},{"damage":6,"enemies":"Blue Slaver","floor":14,"turns":4},{"damage":45,"enemies":"Slime Boss","floor":16,"turns":10},{"damage":11,"enemies":"Shell Parasite","floor":18,"turns":5},{"damage":66,"enemies":"3 Byrds","floor":21,"turns":6},{"damage":39,"enemies":"Snake Plant","floor":22,"turns":2}],"seed_played":"6415414719495769400","potions_obtained":[{"floor":5,"key":"Ancient Potion"},{"floor":6,"key":"Ancient Potion"},{"floor":13,"key":"Regen Potion"},{"floor":14,"key":"FairyPotion"},{"floor":21,"key":"Reflective Coating"}],"is_trial":false,"path_per_floor":["M","?","?","T","M","E","R","M","T","?","M","$","M","M","R","B",null,"M","?","$","M","M"],"character_chosen":"THE_SILENT","items_purchased":["Guide Book","Poisoned Stab","Infinite Blades","Hidden Blade+1"],"campfire_rested":2,"item_purchase_floors":[12,12,20,20],"current_hp_per_floor":[70,75,75,75,74,26,48,53,53,53,46,46,50,50,72,42,75,70,70,70,10,0,0],"gold":44,"neow_bonus":"RANDOM_EVENT","is_daily":false,"chose_seed":false,"campfire_upgraded":0,"win_rate":0.0,"timestamp":1609298953,"path_taken":["M","?","?","?","M","E","R","M","T","?","M","$","M","M","R","BOSS","M","?","$","M","M"],"items_purchased_type":["Relic","Card","Card","Card"],"build_version":"2020-12-22","purchased_purges":0,"victory":false,"max_hp_per_floor":[70,75,75,75,75,75,75,75,75,75,75,75,75,75,75,75,75,75,75,75,75,75,75],"card_choices":[{"not_picked":["Dagger Spray","Well Laid Plans"],"picked":"Outmaneuver","floor":1},{"not_picked":["hubris:SlightOfHand","Quick Slash"],"picked":"ReplayTheSpireMod:Scrap Shanks","floor":5},{"not_picked":["Glass Knife","hubris:SlightOfHand"],"picked":"Backflip","floor":6},{"not_picked":["ReplayTheSpireMod:Speed Training","ReplayTheSpireMod:Shiv Toss"],"picked":"Bouncing Flask","floor":8},{"not_picked":["Choke","Dodge and Roll"],"picked":"Outmaneuver","floor":11},{"not_picked":["Deadly Poison","Blur"],"picked":"Prepared","floor":13},{"not_picked":["Fluid Movement","Sneak Up"],"picked":"Finisher","floor":14},{"not_picked":["Wraith Form v2","Unload"],"picked":"Envenom","floor":16},{"not_picked":["hubris:Sniper","Deflect"],"picked":"Deadly Poison","floor":18},{"not_picked":["Backflip","Dagger Throw"],"picked":"Deadly Poison","floor":21}],"player_experience":90291,"relics_obtained":[{"floor":4,"key":"Whetstone"},{"floor":6,"key":"theSenshi:FeatherClipsRelic"},{"floor":9,"key":"Pantograph"}],"event_choices":[{"damage_healed":0,"gold_gain":0,"player_choice":"Donut","damage_taken":0,"max_hp_gain":5,"max_hp_loss":0,"event_name":"Big Fish","floor":2,"gold_loss":0},{"damage_healed":0,"gold_gain":0,"player_choice":"Ignored","damage_taken":0,"max_hp_gain":0,"max_hp_loss":0,"event_name":"Golden Idol","floor":3,"gold_loss":0},{"damage_healed":0,"gold_gain":0,"cards_transformed":["Defend_G"],"player_choice":"Change","damage_taken":0,"max_hp_gain":0,"max_hp_loss":0,"event_name":"Living Wall","floor":10,"gold_loss":0,"cards_obtained":["Sneak Up"]}],"is_beta":false,"boss_relics":[{"not_picked":["Ectoplasm","hubris:RunicObelisk"],"picked":"WristBlade"}],"items_purged_floors":[],"is_endless":false,"potions_floor_spawned":[5,6,13,14,21],"killed_by":"Snake Plant","ascension_level":0}}