{"host":"88gj1a6q1iuldet9","time":1609296720,"event":{"mods":["Act Like it!","BaseMod","Better Note","Better Third Choice","BetterRewards","Conspire","Downfall","Energized Spire","Gensokyo","GungeonMod","Hubris","Jorbs\u0027s Wanderer Trilogy","Luminous","Magitek Elite","Melee Mod","Minty Spire (QoL Compilation)","Quick Restart","Reimu??????","Replay The Spire","Robot Space Explorer","Shop Mod","StSLib","The Dragon Tamer","The Hayseed","The Marked","The Mystic","The Necromancer","The Problem Sleuth","The Runesmith","The Sage","TheArtist","TheFirefly","Wandering Minibosses","Yuri Mod"],"gold_per_floor":[117,130,173,198,130,159,172,172,172,172,192,3,36,53,53,153,153,163,163,163,174,193,219,219,72,72,97,114,131,141,172,172,272,272,291,306,325,325,345,376,376,407,486,496,496,506,506,533,533,533,533],"floor_reached":50,"playtime":29406,"items_purged":["Slimebound:Icky"],"score":829,"play_id":"02d1a147-afe1-4272-96a3-324f0ab86896","local_time":"20201229215200","is_ascension_mode":false,"campfire_choices":[{"data":"RobotSpaceExplorer:Pulsar","floor":10.0,"key":"SMITH"},{"data":"RobotSpaceExplorer:Discharger","floor":15.0,"key":"SMITH"},{"data":"RobotSpaceExplorer:Pulsar","floor":24.0,"key":"SMITH"},{"data":"RobotSpaceExplorer:Asteroid","floor":32.0,"key":"SMITH"},{"data":"Decay","floor":41,"key":"PURGE"},{"data":"Injury","floor":47,"key":"PURGE"},{"floor":49,"key":"RECALL"}],"circlet_count":0,"master_deck":["RobotSpaceExplorer:Strike+1","RobotSpaceExplorer:Strike+1","RobotSpaceExplorer:Strike+1","RobotSpaceExplorer:Strike+1","RobotSpaceExplorer:Defend+1","RobotSpaceExplorer:Defend+1","RobotSpaceExplorer:Defend+1","RobotSpaceExplorer:Defend+1","RobotSpaceExplorer:Scan","RobotSpaceExplorer:MiniLasers","RobotSpaceExplorer:Electropulse","RobotSpaceExplorer:Smokescreen","RobotSpaceExplorer:Comet+1","RobotSpaceExplorer:GlueShot","RobotSpaceExplorer:Pulsar+1","RobotSpaceExplorer:Pulsar+1","Sadistic Nature","RobotSpaceExplorer:Discharger+1","RobotSpaceExplorer:GlueShot","RobotSpaceExplorer:Asteroid+1","RobotSpaceExplorer:Electroshield","RobotSpaceExplorer:Comet","RobotSpaceExplorer:GlueShot","RobotSpaceExplorer:IronShell+1","RobotSpaceExplorer:Autoloader","RobotSpaceExplorer:GearShield+1","Deep Breath+1","Replay:SS_fish_1+1","ReplayTheSpireMod:Brewmster","RobotSpaceExplorer:PlasmaMissile+1","RobotSpaceExplorer:PlasmaMissile+1","RobotSpaceExplorer:StarDust"],"relics":["RobotSpaceExplorer:RoboCore","NeowsBlessing","PreservedInsect","ReplayTheSpireMod:CursedCoin","Letter Opener","Ornamental Fan","Angel_Ring","energizedSpire:CursedPentagram","Mythril_Glove","Runesmith:AutoHammer","Toxic Egg 2","Eternal Feather","Juzu Bracelet","Painkiller Herb","Blue Candle","Peace Pipe","Blue Doll","DemoMod:GlassGuonStoneRelic","RobotSpaceExplorer:FoglandsKnife"],"acts_visited":["Exordium","TheCity","TheBeyond"],"potions_floor_usage":[40,42,44,50,50,50,50,50,50],"damage_taken":[{"damage":0.0,"enemies":"2 Louse","floor":1.0,"turns":1.0},{"damage":0.0,"enemies":"Jaw Worm","floor":2.0,"turns":1.0},{"damage":0.0,"enemies":"Gremlin Nob","floor":6.0,"turns":1.0},{"damage":0.0,"enemies":"Cultist","floor":7.0,"turns":3.0},{"damage":0.0,"enemies":"Looter","floor":11.0,"turns":3.0},{"damage":12.0,"enemies":"Lagavulin","floor":13.0,"turns":3.0},{"damage":1.0,"enemies":"Blue Slaver","floor":14.0,"turns":3.0},{"damage":0.0,"enemies":"Fading Forest","floor":16.0,"turns":11.0},{"damage":2.0,"enemies":"Spheric Guardian","floor":18.0,"turns":3.0},{"damage":0.0,"enemies":"3 Byrds","floor":21.0,"turns":4.0},{"damage":0.0,"enemies":"Snake Plant","floor":22.0,"turns":4.0},{"damage":0.0,"enemies":"Book of Stabbing","floor":23.0,"turns":4.0},{"damage":0.0,"enemies":"Gremlin Leader","floor":27.0,"turns":5.0},{"damage":0.0,"enemies":"Snecko","floor":28.0,"turns":5.0},{"damage":7.0,"enemies":"Sentry and Sphere","floor":29.0,"turns":4.0},{"damage":7.0,"enemies":"Snake Plant","floor":30.0,"turns":3.0},{"damage":12.0,"enemies":"Book of Stabbing","floor":31.0,"turns":5.0},{"damage":29.0,"enemies":"Automaton","floor":33.0,"turns":9.0},{"damage":0,"enemies":"3 Darklings","floor":35,"turns":3},{"damage":0,"enemies":"3 Shapes","floor":36,"turns":4},{"damage":22,"enemies":"Transient","floor":37,"turns":5},{"damage":9,"enemies":"Writhing Mass","floor":39,"turns":6},{"damage":10,"enemies":"Reptomancer","floor":40,"turns":6},{"damage":0,"enemies":"R_Hoarder","floor":42,"turns":6},{"damage":0,"enemies":"Spire Growth","floor":44,"turns":4},{"damage":0,"enemies":"4 Shapes","floor":46,"turns":3},{"damage":0,"enemies":"Nemesis","floor":48,"turns":5},{"damage":91,"enemies":"hubris:GrandSnecko","floor":50,"turns":15}],"seed_played":"2102139930923980329","potions_obtained":[{"floor":2.0,"key":"Elixir"},{"floor":3.0,"key":"Milkshake"},{"floor":3.0,"key":"EntropicBrew"},{"floor":3.0,"key":"Death Potion"},{"floor":11.0,"key":"RobotSpaceExplorer:PlasmaFlask"},{"floor":14.0,"key":"Explosive Potion"},{"floor":18.0,"key":"FearPotion"},{"floor":21.0,"key":"Energy Potion"},{"floor":22.0,"key":"Adrenaline Potion"},{"floor":27.0,"key":"Block Potion"},{"floor":29.0,"key":"Energy Potion"},{"floor":33.0,"key":"Reflective Coating"}],"is_trial":false,"path_per_floor":["M","M","?","T","$","E","M","?","T","R","M","$","E","M","R","B",null,"M","?","?","M","M","E","R","$","T","E","M","M","M","E","R","B",null,"?","?","?","?","?","E","T","E","T","?","?","?","T","E","T","B"],"character_chosen":"RobotSpaceExplorer","items_purchased":["ReplayTheSpireMod:CursedCoin","RobotSpaceExplorer:Comet","Sadistic Nature","Runesmith:AutoHammer"],"campfire_rested":0,"item_purchase_floors":[5,5,12,25],"current_hp_per_floor":[75,75,57,57,57,57,57,57,57,57,57,57,45,44,44,44,75,73,73,73,73,73,73,73,73,73,73,73,66,59,47,62,33,75,75,75,53,43,34,24,42,42,42,42,42,42,60,60,75,0,0],"gold":533,"neow_bonus":"THREE_ENEMY_KILL","is_daily":false,"chose_seed":false,"campfire_upgraded":4,"win_rate":0.0,"timestamp":1609296720,"path_taken":["M","M","?","?","$","E","M","?","T","R","M","$","E","M","R","BOSS","M","?","?","M","M","E","R","$","T","E","M","M","M","E","R","BOSS","?","?","?","?","?","E","T","E","T","?","?","?","T","E","T","BOSS"],"items_purchased_type":["Relic","Card","Card","Relic"],"build_version":"2020-12-22","purchased_purges":1,"victory":false,"max_hp_per_floor":[75,75,75,75,75,75,75,75,75,75,75,75,75,75,75,75,75,75,75,75,75,75,75,75,75,75,75,75,75,75,75,75,75,75,75,75,75,75,75,75,75,75,75,75,75,75,75,75,75,75,75],"card_choices":[{"not_picked":["RobotSpaceExplorer:SurgingStrike","RobotSpaceExplorer:SelfCleaning"],"picked":"RobotSpaceExplorer:Electropulse","floor":1.0},{"not_picked":["RobotSpaceExplorer:SurgingStrike","RobotSpaceExplorer:SlimeMissile"],"picked":"RobotSpaceExplorer:Smokescreen","floor":2.0},{"not_picked":["RobotSpaceExplorer:FranticSearch","RobotSpaceExplorer:SurgingShield"],"picked":"RobotSpaceExplorer:GlueShot","floor":6.0},{"not_picked":["RobotSpaceExplorer:ImprovisedAttack","RobotSpaceExplorer:ToxicBomb"],"picked":"RobotSpaceExplorer:Pulsar","floor":7.0},{"not_picked":["RobotSpaceExplorer:DroneSwarm","RobotSpaceExplorer:ScrapShield"],"picked":"RobotSpaceExplorer:Pulsar","floor":11.0},{"not_picked":["RobotSpaceExplorer:JunkDive","RobotSpaceExplorer:FrostMissile"],"picked":"RobotSpaceExplorer:Discharger","floor":13.0},{"not_picked":["RobotSpaceExplorer:Discharger","RobotSpaceExplorer:GearShield"],"picked":"RobotSpaceExplorer:GlueShot","floor":14.0},{"not_picked":["RobotSpaceExplorer:DroneSwarm","RobotSpaceExplorer:Explosion"],"picked":"RobotSpaceExplorer:Asteroid","floor":16.0},{"not_picked":["RobotSpaceExplorer:Counterblock","RobotSpaceExplorer:MakeshiftVolley","RobotSpaceExplorer:SurgingStrike"],"picked":"SKIP","floor":18.0},{"not_picked":["RobotSpaceExplorer:SlimeMissile","RobotSpaceExplorer:SwiftStep"],"picked":"RobotSpaceExplorer:Electroshield","floor":21.0},{"not_picked":["RobotSpaceExplorer:DualCore+1","RobotSpaceExplorer:ShovelStrike"],"picked":"RobotSpaceExplorer:Comet","floor":22.0},{"not_picked":["RobotSpaceExplorer:Ammunition","RobotSpaceExplorer:ToxicBomb"],"picked":"RobotSpaceExplorer:GlueShot","floor":23.0},{"not_picked":["RobotSpaceExplorer:Arsenal+1","RobotSpaceExplorer:SurgingShield+1","RobotSpaceExplorer:Ammunition+1"],"picked":"SKIP","floor":27.0},{"not_picked":["RobotSpaceExplorer:ToxicBomb+1","RobotSpaceExplorer:ExhaustFan"],"picked":"RobotSpaceExplorer:IronShell+1","floor":28.0},{"not_picked":["RobotSpaceExplorer:ShovelStrike","RobotSpaceExplorer:SurgingStrike+1","RobotSpaceExplorer:MetalStrike"],"picked":"SKIP","floor":29.0},{"not_picked":["RobotSpaceExplorer:SwiftStep+1","RobotSpaceExplorer:SurgingStrike+1","RobotSpaceExplorer:ScrapToss"],"picked":"SKIP","floor":30.0},{"not_picked":["RobotSpaceExplorer:GlueShot+1","RobotSpaceExplorer:SwiftStep+1"],"picked":"RobotSpaceExplorer:Autoloader","floor":31.0},{"not_picked":["RobotSpaceExplorer:DroneSwarm","RobotSpaceExplorer:Explosion"],"picked":"RobotSpaceExplorer:Exploration+1","floor":33.0},{"not_picked":["RobotSpaceExplorer:Counterblock+1","RobotSpaceExplorer:SwiftStep+1","RobotSpaceExplorer:MetalStrike+1"],"picked":"SKIP","floor":35},{"not_picked":["RobotSpaceExplorer:ShockKick","RobotSpaceExplorer:ShovelStrike+1"],"picked":"RobotSpaceExplorer:GearShield+1","floor":36},{"not_picked":["RobotSpaceExplorer:Ammunition+1","RobotSpaceExplorer:DoubleBlock+1","RobotSpaceExplorer:ScrapMissile"],"picked":"SKIP","floor":37},{"not_picked":["expansioncontent:HyperBeam","ReplayTheSpireMod:Brewmster"],"picked":"Deep Breath+1","floor":38},{"not_picked":["expansioncontent:HyperBeam","Panacea+1"],"picked":"Replay:SS_fish_1+1","floor":38},{"not_picked":["DemoMod:Spice+1","Master of Strategy+1"],"picked":"ReplayTheSpireMod:Brewmster","floor":38},{"not_picked":["RobotSpaceExplorer:ToxicBomb+1","RobotSpaceExplorer:LuckyStrike+1","RobotSpaceExplorer:Jetpack+1"],"picked":"SKIP","floor":39},{"not_picked":["RobotSpaceExplorer:Asteroid","RobotSpaceExplorer:ToxicBomb+1"],"picked":"RobotSpaceExplorer:PlasmaMissile+1","floor":40},{"not_picked":["RobotSpaceExplorer:GearShield+1","RobotSpaceExplorer:ScrapToss+1","RobotSpaceExplorer:FranticSearch+1"],"picked":"SKIP","floor":42},{"not_picked":["RobotSpaceExplorer:Probe+1","RobotSpaceExplorer:Electropulse"],"picked":"RobotSpaceExplorer:PlasmaMissile+1","floor":44},{"not_picked":["RobotSpaceExplorer:SurgingStrike+1","RobotSpaceExplorer:MiniDrones","RobotSpaceExplorer:FrostMissile"],"picked":"SKIP","floor":46},{"not_picked":["RobotSpaceExplorer:Discharger+1","RobotSpaceExplorer:Fix+1","RobotSpaceExplorer:FrostMissile"],"picked":"SKIP","floor":48}],"player_experience":969143,"relics_obtained":[{"floor":4.0,"key":"PreservedInsect"},{"floor":6.0,"key":"Letter Opener"},{"floor":9.0,"key":"Ornamental Fan"},{"floor":13.0,"key":"Angel_Ring"},{"floor":23.0,"key":"Mythril_Glove"},{"floor":26.0,"key":"Toxic Egg 2"},{"floor":27.0,"key":"Eternal Feather"},{"floor":31.0,"key":"Juzu Bracelet"},{"floor":36,"key":"Blue Candle"},{"floor":40,"key":"Peace Pipe"},{"floor":42,"key":"Blue Doll"},{"floor":48,"key":"RobotSpaceExplorer:FoglandsKnife"}],"event_choices":[{"damage_healed":0.0,"max_hp_gain":0.0,"max_hp_loss":0.0,"gold_gain":0.0,"event_name":"Living Wall","player_choice":"Grow","floor":8.0,"gold_loss":0.0,"damage_taken":0.0,"cards_upgraded":["RobotSpaceExplorer:Comet"]},{"cards_removed":["Sadistic Nature"],"damage_healed":0.0,"max_hp_gain":0.0,"max_hp_loss":0.0,"gold_gain":0.0,"event_name":"betterNote:BetterNote","player_choice":"Give","floor":19.0,"gold_loss":0.0,"damage_taken":0.0,"cards_obtained":["Strike_W"]},{"damage_healed":0.0,"max_hp_gain":0.0,"max_hp_loss":8.0,"gold_gain":0.0,"event_name":"betterThird:BetterWriting","player_choice":"Simplicity","floor":20.0,"gold_loss":0.0,"damage_taken":0.0},{"damage_healed":0,"gold_gain":0,"player_choice":"Memory 3","damage_taken":10,"max_hp_gain":0,"max_hp_loss":0,"event_name":"SensoryStone","floor":38,"gold_loss":0},{"damage_healed":0,"gold_gain":0,"player_choice":"1 cards matched","damage_taken":0,"max_hp_gain":0,"max_hp_loss":0,"event_name":"Match and Keep!","floor":45,"gold_loss":0,"cards_obtained":["RobotSpaceExplorer:StarDust"]}],"is_beta":false,"boss_relics":[{"not_picked":["ReplayTheSpireMod:DimensionalGlitch","energizedSpire:SpiderWeb"],"picked":"energizedSpire:CursedPentagram"},{"not_picked":["RobotSpaceExplorer:TurboCore","Velvet Choker"],"picked":"Painkiller Herb"}],"items_purged_floors":[5],"is_endless":false,"potions_floor_spawned":[2,11,14,18,21,22,27,29,33,35,37,46],"killed_by":"hubris:GrandSnecko","ascension_level":0}}