{"host":"1zfbckszmdcrhnfi","time":1609347469,"event":{"mods":["AchievementEnabler","BaseMod","Colored Map","Downfall","Marisa£®ÏF”Í°°ƒß¿Ì…≥£©","Minty Spire (QoL Compilation)","Replay The Spire","Shop Mod","StSLib","The Cursed","The Servant 0.9.4"],"gold_per_floor":[114,129,144,159,174,204,219,219,219,234,264,279,279,294,294,394,394,409,109,109,59,74,74,89,104,104,116,158,170,197,224,236,348,360,387,402,64,64,64,64,79,94,94,109,116,131,146,161,161,161],"floor_reached":51,"playtime":3317,"items_purged":["Writhe","Guardian:Defend_Guardian","Guardian:Strike_Guardian"],"score":1189,"play_id":"ba809d4a-c364-4e2b-8a39-fa4c5a5780d1","local_time":"20201231005749","daily_mods":["Allstar","Vintage","Terminal"],"is_ascension_mode":false,"campfire_choices":[{"data":"1","floor":15.0,"key":"LIFT"},{"data":"2","floor":23.0,"key":"LIFT"},{"data":"3","floor":27.0,"key":"LIFT"},{"data":"expansioncontent:StudyTheSpire","floor":32.0,"key":"SMITH"},{"data":"Ghostly","floor":49.0,"key":"SMITH"}],"circlet_count":0,"master_deck":["Guardian:Strike_Guardian","Guardian:Strike_Guardian","Guardian:Strike_Guardian+1","Guardian:Defend_Guardian","Guardian:Defend_Guardian","Guardian:Defend_Guardian","Guardian:CurlUp","Guardian:TwinSlam","Dramatic Entrance","Metamorphosis","Sadistic Nature","Chrysalis","expansioncontent:StudyTheSpire+1","Guardian:ArmoredProtocol+1","Guardian:Gem_Cyan","Guardian:FierceBash+1","Ghostly+1","Ghostly","Ghostly","Ghostly","Ghostly","Guardian:Preprogram","Guardian:StasisField","Guardian:Gem_White","Guardian:Preprogram+1"],"relics":["Guardian:ModeShifterPlus","Question Card","Garlic","Frozen Egg 2","ReplayTheSpireMod:Shallot","Bottled Lightning","Pet Ghost","Guardian:PickAxe","Girya","Omamori","Smiling Mask","Chameleon Ring","Guardian:PocketSentry","Replay:Ancient Bell","Replay:Rubber Ducky","Replay:Bottled Steam","Ice Cream","Snack Pack","Pantograph","Thread and Needle","Matryoshka","Whetstone","Replay:Bottled Snecko","MawBank","Bottled Tornado","Replay:Towering Pillar of Hats","Lizard Tail","Incense Burner","Bag of Marbles","champ:DeflectingBracers","Guardian:StasisUpgradeRelic","Guardian:DefensiveModeMoreBlock","MealTicket","Onion Ring","Replay:Ringing Soul","Ornamental Fan","Golden Egg","CatCart","Centennial Puzzle","Pear","ReplayTheSpireMod:TigerMarble"],"acts_visited":["Exordium","TheCity","TheBeyond"],"potions_floor_usage":[],"damage_taken":[{"damage":0.0,"enemies":"Cultist","floor":1.0,"turns":4.0},{"damage":10.0,"enemies":"Small Slimes","floor":2.0,"turns":3.0},{"damage":2.0,"enemies":"Jaw Worm","floor":3.0,"turns":4.0},{"damage":0.0,"enemies":"Exordium Thugs","floor":4.0,"turns":5.0},{"damage":0.0,"enemies":"2 Fungi Beasts","floor":5.0,"turns":2.0},{"damage":0.0,"enemies":"3 Sentries","floor":6.0,"turns":6.0},{"damage":0.0,"enemies":"Looter","floor":7.0,"turns":3.0},{"damage":0.0,"enemies":"Blue Slaver","floor":10.0,"turns":4.0},{"damage":7.0,"enemies":"Gremlin Nob","floor":11.0,"turns":3.0},{"damage":0.0,"enemies":"3 Louse","floor":12.0,"turns":2.0},{"damage":0.0,"enemies":"Large Slime","floor":14.0,"turns":4.0},{"damage":11.0,"enemies":"Hexaghost","floor":16.0,"turns":10.0},{"damage":0.0,"enemies":"3 Byrds","floor":18.0,"turns":4.0},{"damage":12.0,"enemies":"Shell Parasite","floor":22.0,"turns":4.0},{"damage":0.0,"enemies":"Sentry and Sphere","floor":24.0,"turns":6.0},{"damage":0.0,"enemies":"Snake Plant","floor":25.0,"turns":5.0},{"damage":0.0,"enemies":"Gremlin Leader","floor":28.0,"turns":6.0},{"damage":0.0,"enemies":"Snecko","floor":30.0,"turns":3.0},{"damage":0.0,"enemies":"Sentry and Sphere","floor":31.0,"turns":8.0},{"damage":0.0,"enemies":"Pondfish","floor":33.0,"turns":9.0},{"damage":0.0,"enemies":"3 Shapes","floor":35.0,"turns":3.0},{"damage":0.0,"enemies":"2 Orb Walkers","floor":36.0,"turns":7.0},{"damage":0.0,"enemies":"3 Darklings","floor":41.0,"turns":4.0},{"damage":0.0,"enemies":"Maw","floor":42.0,"turns":7.0},{"damage":0.0,"enemies":"Transient","floor":44.0,"turns":5.0},{"damage":0.0,"enemies":"Orin","floor":45.0,"turns":9.0},{"damage":0.0,"enemies":"4 Shapes","floor":46.0,"turns":3.0},{"damage":0.0,"enemies":"Spire Growth","floor":47.0,"turns":6.0},{"damage":0.0,"enemies":"Writhing Mass","floor":48.0,"turns":5.0},{"damage":0,"enemies":"Time Eater","floor":50,"turns":9}],"seed_played":"9091901603564859836","potions_obtained":[{"floor":4.0,"key":"LifebloodPotion"},{"floor":6.0,"key":"Elixir"},{"floor":7.0,"key":"SpeedPotion"},{"floor":31.0,"key":"BlessingOfTheForge"},{"floor":41.0,"key":"Elixir"},{"floor":42.0,"key":"Reflective Coating"},{"floor":46.0,"key":"FairyPotion"}],"is_trial":false,"path_per_floor":["M","M","M","M","M","E","M","R","T","M","E","M","?","M","R","B",null,"M","$","?","$","M","R","M","M","T","R","E","?","M","M","R","B",null,"M","?","$","?","?","R","M","M","T","M","?","M","M","M","R","B",null],"character_chosen":"GUARDIAN","items_purchased":["Pantograph","Guardian:StasisUpgradeRelic","Guardian:DefensiveModeMoreBlock"],"campfire_rested":0,"item_purchase_floors":[19,37,37],"current_hp_per_floor":[78,68,66,66,66,66,66,66,66,66,59,59,59,59,59,48,62,61,60,29,28,18,18,22,22,22,22,21,20,19,18,17,16,15,14,13,12,11,10,9,8,7,6,5,7,6,15,14,13,12],"gold":161,"neow_bonus":"","is_daily":true,"chose_seed":false,"campfire_upgraded":2,"win_rate":0.0,"timestamp":1609347469,"path_taken":["M","M","?","?","M","E","M","R","T","?","E","M","?","?","R","BOSS","M","$","?","$","M","R","M","M","T","R","E","?","M","M","R","BOSS","M","?","$","?","?","R","M","M","T","M","?","M","M","M","R","BOSS"],"items_purchased_type":["Relic","Relic","Relic"],"build_version":"2020-12-22","purchased_purges":3,"victory":true,"max_hp_per_floor":[78,77,76,75,74,73,72,71,70,69,68,67,66,65,64,63,62,61,60,29,28,27,26,25,24,23,22,21,20,19,18,17,16,15,14,13,12,11,10,9,8,7,6,5,7,6,15,14,13,12],"card_choices":[{"not_picked":["Guardian:Reroute","Guardian:CrystalBeam","Guardian:Harden"],"picked":"Guardian:Gem_Purple","floor":6.0},{"not_picked":["Guardian:TemporalStrike","Guardian:Planning","Guardian:Incinerate"],"picked":"Guardian:ArmoredProtocol+1","floor":11.0},{"not_picked":["Guardian:GemFire","Guardian:FastForward","Guardian:HyperBeam_Guardian"],"picked":"Guardian:FierceBash","floor":16.0},{"not_picked":["Normality","Wraith","Doubt"],"picked":"Decay","floor":17.0},{"not_picked":["Looming Evil","Clumsy","CurseOfTheBell"],"picked":"CommonCold","floor":17.0},{"not_picked":["Languid","sneckomod:Bewildered","Voices"],"picked":"Writhe","floor":17.0},{"not_picked":["Guardian:Clone","Guardian:PolyBeam","Guardian:Gem_Red"],"picked":"Guardian:Preprogram","floor":28.0},{"not_picked":["Guardian:Gem_Orange","Guardian:ConstructionForm+1","Guardian:GemFire"],"picked":"Guardian:StasisField","floor":33.0},{"not_picked":["Guardian:Repulse+1","Guardian:WalkerClaw+1","Guardian:Orbwalk+1"],"picked":"Guardian:Preprogram+1","floor":45.0}],"player_experience":139754,"relics_obtained":[{"floor":1.0,"key":"Question Card"},{"floor":2.0,"key":"Garlic"},{"floor":3.0,"key":"Frozen Egg 2"},{"floor":4.0,"key":"ReplayTheSpireMod:Shallot"},{"floor":5.0,"key":"Bottled Lightning"},{"floor":6.0,"key":"Pet Ghost"},{"floor":7.0,"key":"Guardian:PickAxe"},{"floor":9.0,"key":"Girya"},{"floor":10.0,"key":"Omamori"},{"floor":11.0,"key":"Smiling Mask"},{"floor":12.0,"key":"Chameleon Ring"},{"floor":14.0,"key":"Guardian:PocketSentry"},{"floor":18.0,"key":"Snack Pack"},{"floor":22.0,"key":"Thread and Needle"},{"floor":24.0,"key":"Matryoshka"},{"floor":25.0,"key":"Whetstone"},{"floor":26.0,"key":"Replay:Bottled Snecko"},{"floor":26.0,"key":"MawBank"},{"floor":28.0,"key":"Bottled Tornado"},{"floor":30.0,"key":"Lizard Tail"},{"floor":31.0,"key":"Incense Burner"},{"floor":35.0,"key":"Bag of Marbles"},{"floor":36.0,"key":"champ:DeflectingBracers"},{"floor":41.0,"key":"MealTicket"},{"floor":42.0,"key":"Onion Ring"},{"floor":43.0,"key":"Replay:Ringing Soul"},{"floor":43.0,"key":"Ornamental Fan"},{"floor":44.0,"key":"Golden Egg"},{"floor":45.0,"key":"CatCart"},{"floor":46.0,"key":"Centennial Puzzle"},{"floor":47.0,"key":"Pear"},{"floor":48.0,"key":"ReplayTheSpireMod:TigerMarble"}],"event_choices":[{"damage_healed":0.0,"max_hp_gain":0.0,"max_hp_loss":30.0,"gold_gain":0.0,"event_name":"Ghosts","player_choice":"Became a Ghost","floor":20.0,"gold_loss":0.0,"damage_taken":0.0,"cards_obtained":["Ghostly","Ghostly","Ghostly","Ghostly","Ghostly"]},{"damage_healed":0.0,"max_hp_gain":0.0,"max_hp_loss":0.0,"gold_gain":0.0,"event_name":"WeMeetAgain","player_choice":"Gave Potion","floor":29.0,"gold_loss":0.0,"damage_taken":0.0,"relics_obtained":["Replay:Towering Pillar of Hats"]},{"damage_healed":0.0,"max_hp_gain":0.0,"max_hp_loss":0.0,"gold_gain":0.0,"event_name":"Mysterious Sphere","player_choice":"Fight","floor":36.0,"gold_loss":0.0,"damage_taken":0.0},{"damage_healed":0.0,"max_hp_gain":0.0,"max_hp_loss":0.0,"gold_gain":0.0,"event_name":"OrinTheCat","player_choice":"Fight","floor":45.0,"gold_loss":0.0,"damage_taken":0.0}],"is_beta":false,"boss_relics":[{"not_picked":["Snecko Heart","Philosopher\u0027s Stone"],"picked":"Replay:Ancient Bell"},{"not_picked":["Bronze Scales","Strawberry"],"picked":"Replay:Rubber Ducky"},{"not_picked":["Shuriken","InkBottle"],"picked":"Replay:Bottled Steam"},{"not_picked":["Unceasing Top","FossilizedHelix"],"picked":"Ice Cream"},{"not_picked":["Painkiller Herb","SlaversCollar"],"picked":"Guardian:ModeShifterPlus"}],"items_purged_floors":[19,21,37],"is_endless":false,"potions_floor_spawned":[4,6,7,10,16,25,31,41,42,46,47],"ascension_level":0}}