{"host":"7rmsgc3rayi00cdt","time":1609320900,"event":{"mods":["BaseMod","Minty Spire (QoL Compilation)"],"gold_per_floor":[110,110,137,137,155,155,180,180,249,249,280,280,300,316,316,316,316],"floor_reached":16,"playtime":530,"items_purged":[],"score":200,"play_id":"9e89993c-abde-4c4e-9571-058ded411000","local_time":"20201230093500","is_ascension_mode":true,"campfire_choices":[{"floor":6,"key":"REST"},{"floor":8,"key":"REST"},{"data":"Neutralize","floor":12,"key":"SMITH"},{"data":"Survivor","floor":15,"key":"SMITH"}],"circlet_count":0,"master_deck":["AscendersBane","Strike_G","Strike_G","Strike_G+1","Strike_G","Defend_G","Defend_G+1","Defend_G","Defend_G","Defend_G","Survivor+1","Neutralize+1","Crippling Poison","Masterful Stab","Injury","Finisher"],"relics":["Ring of the Snake","PreservedInsect","Oddly Smooth Stone","Pear","Golden Idol","Bird Faced Urn"],"acts_visited":["Exordium"],"potions_floor_usage":[11,16,16],"damage_taken":[{"damage":0,"enemies":"2 Louse","floor":1,"turns":2},{"damage":0,"enemies":"Jaw Worm","floor":5,"turns":5},{"damage":18,"enemies":"3 Sentries","floor":7,"turns":12},{"damage":11,"enemies":"Gremlin Nob","floor":11,"turns":4},{"damage":1,"enemies":"Small Slimes","floor":13,"turns":3},{"damage":1,"enemies":"3 Louse","floor":14,"turns":4},{"damage":63,"enemies":"Hexaghost","floor":16,"turns":16}],"seed_played":"-1282338901409932838","potions_obtained":[{"floor":5,"key":"Poison Potion"},{"floor":7,"key":"Strength Potion"},{"floor":11,"key":"PowerPotion"}],"is_trial":false,"path_per_floor":["M","?","T","?","M","R","E","R","T","?","E","R","M","M","R","B"],"character_chosen":"THE_SILENT","items_purchased":[],"campfire_rested":2,"item_purchase_floors":[],"current_hp_per_floor":[65,43,43,36,36,57,39,60,70,70,59,59,58,57,57,0,0],"gold":316,"neow_bonus":"TEN_PERCENT_HP_BONUS","is_daily":false,"chose_seed":false,"campfire_upgraded":2,"win_rate":0.0,"timestamp":1609320900,"path_taken":["M","?","?","?","M","R","E","R","T","?","E","R","M","M","R","BOSS"],"items_purchased_type":[],"build_version":"2020-12-22","purchased_purges":0,"victory":false,"max_hp_per_floor":[72,72,72,72,72,72,72,72,82,82,82,82,82,82,82,82,82],"card_choices":[{"not_picked":["Dodge and Roll","Bane"],"picked":"Crippling Poison","floor":1},{"not_picked":["Bane","Eviscerate"],"picked":"Masterful Stab","floor":5},{"not_picked":["Deadly Poison","Distraction","Flying Knee"],"picked":"SKIP","floor":7},{"not_picked":["Tactician","Outmaneuver","PiercingWail"],"picked":"SKIP","floor":11},{"not_picked":["Bane","Outmaneuver"],"picked":"Finisher","floor":13},{"not_picked":["Dash","Distraction","Dodge and Roll"],"picked":"SKIP","floor":14}],"player_experience":732483,"relics_obtained":[{"floor":3,"key":"PreservedInsect"},{"floor":7,"key":"Oddly Smooth Stone"},{"floor":9,"key":"Pear"},{"floor":11,"key":"Bird Faced Urn"}],"event_choices":[{"damage_healed":0,"gold_gain":0,"player_choice":"Entered Light","damage_taken":22,"max_hp_gain":0,"max_hp_loss":0,"event_name":"Shining Light","floor":2,"gold_loss":0,"cards_upgraded":["Strike_G","Defend_G"]},{"cards_removed":["Strike_G"],"damage_healed":0,"gold_gain":0,"player_choice":"Card Removal","damage_taken":7,"max_hp_gain":0,"max_hp_loss":0,"event_name":"Golden Wing","floor":4,"gold_loss":0},{"damage_healed":0,"gold_gain":0,"player_choice":"Take Wound","damage_taken":0,"relics_obtained":["Golden Idol"],"max_hp_gain":0,"max_hp_loss":0,"event_name":"Golden Idol","floor":10,"gold_loss":0,"cards_obtained":["Injury"]}],"is_beta":false,"boss_relics":[],"items_purged_floors":[],"is_endless":false,"potions_floor_spawned":[5,7,11,14],"killed_by":"Hexaghost","ascension_level":17}}