{"host":"28wx1s78lfgm5n5a","time":1609325820,"event":{"mods":["BaseMod","Energized Spire","Gold Saver","Highlight Path","Minty Spire (QoL Compilation)","Replay The Spire","StSLib","TestMod","Waifu the Spire","¡¾ÒÅÎï¿¨ÅÆ¡¿REMEMod"],"gold_per_floor":[4999,5014,5028,4574,4589,4621,4621,4647,4692,4692,4703,4431,4431,4444,4444,4550,4550,4566,4566,4560,4174,4194,4194,4207,4304,4330,4358,4298,4321,4321,4341,4341,4450,4450,4470,4488,4160,4160,4048,4085,4099,4119,4119,3916,3957,3975,3758,3777,3777,3793,3793,3793,3637,3670,3684],"floor_reached":56,"playtime":2543,"items_purged":["Strike_P","Strike_P","CommonCold","Defend_P"],"score":1511,"play_id":"9ef3da00-e733-4399-bc77-78c18c7ce240","local_time":"20201230185700","is_ascension_mode":false,"campfire_choices":[{"data":"Eruption","floor":7,"key":"SMITH"},{"floor":15,"key":"RECALL"},{"data":"DevaForm","floor":23,"key":"SMITH"},{"data":"Tantrum","floor":30,"key":"SMITH"},{"data":"EmptyMind","floor":32,"key":"SMITH"},{"floor":52,"key":"REST"}],"circlet_count":0,"master_deck":["Defend_P","Defend_P","Eruption+1","Vigilance+1","Reboot+1","Tantrum+1","REME_EmptyShield+1","DeusExMachina+1","DevaForm+1","Pray","WheelKick","FearNoEvil+1","FlurryOfBlows","BowlingBash+1","EmptyMind+1","Brilliance","testmod-PainDetonator+1","FlurryOfBlows+1","TalkToTheHand+1"],"relics":["testmod-TestBox","REME_ComplimentaryCards","testmod-ChristmasGift","testmod-Prudence","Membership Card","testmod-Alchemist","Replay:Accelerometer","Vajra","Letter Opener","Gremlin Food","testmod-Acrobat","Toolbox","Ornamental Fan","testmod-Temperance","Damaru","ReplayTheSpireMod:TigerMarble","testmod-ArcanaOfDestiny","Smiling Mask","Replay:Mystery Machine","Replay:Baseball","Fusion Hammer","Molten Egg 2","Bronze Scales","Frozen Eye","Replay:Rubber Ducky","testmod-Maize","Bottled Lightning","War Paint","REME_PuzzleBoxRelic","Blue Candle","Prayer Wheel","Incense Burner","Guide Book","Nunchaku","HandDrill","Onion Ring"],"acts_visited":["Exordium","TheCity","TheBeyond","TheEnding"],"potions_floor_usage":[14,14,16,16,16,20,20,20,20,25,25,25,25,48,55,55],"damage_taken":[{"damage":0,"enemies":"Cultist","floor":1,"turns":3},{"damage":0,"enemies":"2 Louse","floor":2,"turns":4},{"damage":3,"enemies":"Small Slimes","floor":3,"turns":6},{"damage":4,"enemies":"Exordium Wildlife","floor":5,"turns":3},{"damage":31,"enemies":"3 Sentries","floor":6,"turns":6},{"damage":0,"enemies":"Gremlin Nob","floor":8,"turns":2},{"damage":0,"enemies":"Blue Slaver","floor":11,"turns":1},{"damage":28,"enemies":"Gremlin Gang","floor":14,"turns":3},{"damage":0,"enemies":"Hexaghost","floor":16,"turns":5},{"damage":2,"enemies":"Shell Parasite","floor":18,"turns":2},{"damage":5,"enemies":"2 Thieves","floor":20,"turns":3},{"damage":11,"enemies":"Snecko","floor":22,"turns":5},{"damage":0,"enemies":"Snake Plant","floor":24,"turns":1},{"damage":25,"enemies":"Slavers","floor":25,"turns":4},{"damage":4,"enemies":"Replay:Snechameleon","floor":27,"turns":2},{"damage":0,"enemies":"3 Cultists","floor":29,"turns":2},{"damage":0,"enemies":"Cultist and Chosen","floor":31,"turns":2},{"damage":6,"enemies":"Automaton","floor":33,"turns":3},{"damage":0,"enemies":"Orb Walker","floor":35,"turns":1},{"damage":4,"enemies":"3 Shapes","floor":36,"turns":2},{"damage":0,"enemies":"R_Hoarder","floor":40,"turns":2},{"damage":0,"enemies":"Spire Growth","floor":41,"turns":2},{"damage":12,"enemies":"Transient","floor":42,"turns":5},{"damage":0,"enemies":"Giant Head","floor":45,"turns":3},{"damage":0,"enemies":"Maw","floor":46,"turns":2},{"damage":1,"enemies":"Spire Growth","floor":48,"turns":2},{"damage":0,"enemies":"Donu and Deca","floor":50,"turns":3},{"damage":0,"enemies":"Shield and Spear","floor":54,"turns":2},{"damage":44,"enemies":"The Heart","floor":55,"turns":4}],"seed_played":"4935072094406570379","potions_obtained":[{"floor":2,"key":"Ambrosia"},{"floor":10,"key":"REME_GoldPotion"},{"floor":10,"key":"Venom Potion"},{"floor":16,"key":"Weak Potion"},{"floor":18,"key":"Elixir"},{"floor":48,"key":"Fruit Juice"},{"floor":54,"key":"ColorlessPotion"}],"is_trial":false,"path_per_floor":["M","M","M","$","M","E","R","E","T","?","M","$","T","M","R","B",null,"M","?","M","$","M","R","M","E","T","E","?","M","R","M","R","B",null,"M","M","$","?","?","E","M","M","T","$","E","M","$","M","R","B",null,"R","$","E","B",null],"character_chosen":"WATCHER","items_purchased":["Membership Card","testmod-Alchemist","Replay:Accelerometer","Gremlin Food","testmod-Acrobat","Toolbox","DevaForm","SashWhip","ReplayTheSpireMod:TigerMarble","testmod-ArcanaOfDestiny","Pray","Molten Egg 2","Bronze Scales","Frozen Eye","testmod-PainDetonator+1","War Paint","REME_PuzzleBoxRelic","Incense Burner","Guide Book","Nunchaku","HandDrill"],"campfire_rested":1,"item_purchase_floors":[4,4,4,12,12,12,21,21,21,21,21,37,37,37,37,44,44,47,47,53,53],"current_hp_per_floor":[72,72,72,72,68,47,47,47,47,47,48,48,48,21,21,27,72,71,71,67,67,63,63,64,44,44,48,48,53,53,62,62,67,72,72,69,69,68,68,68,68,57,57,57,60,62,62,72,72,73,73,73,73,73,39],"gold":3684,"neow_bonus":"BOSS_RELIC","is_daily":false,"chose_seed":false,"campfire_upgraded":4,"win_rate":0.0,"timestamp":1609325820,"path_taken":["M","M","M","$","M","E","R","E","T","?","M","$","?","M","R","BOSS","M","?","M","$","M","R","M","E","T","E","?","M","R","M","R","BOSS","M","M","$","?","?","E","?","M","T","$","E","M","$","M","R","BOSS","R","$","E","BOSS"],"items_purchased_type":["Relic","Relic","Relic","Relic","Relic","Relic","Card","Card","Relic","Relic","Card","Relic","Relic","Relic","Card","Relic","Relic","Relic","Relic","Relic","Relic"],"build_version":"2020-12-22","purchased_purges":4,"victory":true,"max_hp_per_floor":[72,72,72,72,72,72,72,72,72,72,72,72,72,72,72,72,72,72,72,72,72,72,72,72,72,72,72,72,72,72,72,72,72,72,72,72,72,68,68,68,68,68,68,68,68,68,68,73,73,73,73,73,73,73,73],"card_choices":[{"not_picked":["Perseverance","CutThroughFate","EmptyBody"],"picked":"SKIP","floor":1},{"not_picked":["Replay:AtTheReady","Indignation","SashWhip"],"picked":"SKIP","floor":2},{"not_picked":["WaveOfTheHand","CrushJoints","EmptyBody"],"picked":"SKIP","floor":3},{"not_picked":["EmptyFist","FlurryOfBlows","Crescendo"],"picked":"SKIP","floor":5},{"not_picked":["ThirdEye","Study"],"picked":"Tantrum","floor":6},{"not_picked":["Fasting2","Study","BattleHymn"],"picked":"SKIP","floor":8},{"not_picked":["Replay:AtTheReady","ClearTheMind","Protect"],"picked":"SKIP","floor":11},{"not_picked":["Establishment","WindmillStrike","Replay:BluntJabs"],"picked":"SKIP","floor":14},{"not_picked":["Replay:AllIn","REME_CRH"],"picked":"REME_EmptyShield","floor":16},{"not_picked":["EmptyFist","FlurryOfBlows","Indignation"],"picked":"SKIP","floor":18},{"not_picked":["DeceiveReality","FlurryOfBlows+1"],"picked":"DeusExMachina","floor":20},{"not_picked":["Swivel","EmptyBody"],"picked":"WheelKick","floor":22},{"not_picked":["Replay:AtTheReady","JustLucky","EmptyBody"],"picked":"SKIP","floor":24},{"not_picked":["WreathOfFlame","REME_Repentance"],"picked":"FearNoEvil+1","floor":25},{"not_picked":["Crescendo","REME_MusicOfDeath"],"picked":"FlurryOfBlows","floor":27},{"not_picked":["Meditate","Protect"],"picked":"BowlingBash","floor":29},{"not_picked":["JustLucky","ThirdEye"],"picked":"EmptyMind","floor":31},{"not_picked":["Replay:LoomingThreat","Judgement"],"picked":"Brilliance","floor":33},{"not_picked":["Consecrate+1","Replay:BluntJabs+1","BowlingBash+1"],"picked":"SKIP","floor":35},{"not_picked":["Conclude","SashWhip+1","ThirdEye+1"],"picked":"SKIP","floor":36},{"not_picked":["Replay:Vibes","Conclude+1","BattleHymn+1"],"picked":"SKIP","floor":40},{"not_picked":["WreathOfFlame+1","FollowUp+1","Replay:BluntJabs+1"],"picked":"SKIP","floor":41},{"not_picked":["DeusExMachina","Collect+1","LikeWater+1"],"picked":"SKIP","floor":42},{"not_picked":["Fasting2+1","REME_EmptyShield","PathToVictory"],"picked":"SKIP","floor":45},{"not_picked":["CrushJoints+1","Tantrum+1"],"picked":"FlurryOfBlows+1","floor":46},{"not_picked":["LikeWater","Consecrate+1","Replay:Hum+1"],"picked":"SKIP","floor":46},{"not_picked":["JustLucky+1","CrushJoints+1"],"picked":"TalkToTheHand+1","floor":48},{"not_picked":["FearNoEvil+1","Protect+1","Evaluate"],"picked":"SKIP","floor":48},{"not_picked":["Study","Replay:Cycle+1","Halt"],"picked":"SKIP","floor":54}],"player_experience":99869,"relics_obtained":[{"floor":6,"key":"Vajra"},{"floor":8,"key":"Letter Opener"},{"floor":13,"key":"Ornamental Fan"},{"floor":25,"key":"Smiling Mask"},{"floor":26,"key":"Replay:Mystery Machine"},{"floor":27,"key":"Replay:Baseball"},{"floor":40,"key":"testmod-Maize"},{"floor":43,"key":"Bottled Lightning"},{"floor":45,"key":"Blue Candle"},{"floor":54,"key":"Onion Ring"}],"event_choices":[{"damage_healed":0,"gold_gain":0,"player_choice":"Got Potions","damage_taken":0,"max_hp_gain":0,"max_hp_loss":0,"event_name":"Lab","floor":10,"gold_loss":0},{"damage_healed":0,"gold_gain":0,"player_choice":"Max HP","damage_taken":0,"max_hp_gain":0,"max_hp_loss":4,"event_name":"Winding Halls","floor":38,"gold_loss":0},{"damage_healed":0,"gold_gain":0,"player_choice":"Paid Gold","damage_taken":0,"relics_obtained":["Replay:Rubber Ducky"],"max_hp_gain":0,"max_hp_loss":0,"event_name":"WeMeetAgain","floor":39,"gold_loss":112},{"damage_healed":0,"gold_gain":0,"player_choice":"Ignored","damage_taken":0,"max_hp_gain":0,"max_hp_loss":0,"event_name":"Tomb of Lord Red Mask","floor":49,"gold_loss":0}],"is_beta":false,"boss_relics":[{"not_picked":["Calling Bell","Kintsugi"],"picked":"testmod-Temperance"},{"not_picked":["Runic Dome","energizedSpire:CrystalSphere"],"picked":"Fusion Hammer"}],"items_purged_floors":[4,12,21,44],"is_endless":false,"potions_floor_spawned":[2,8,11,16,18,25,27,33,35,36,41,46,48,54],"ascension_level":0}}