{"host":"os7ajuuouznx3pj7","time":1609291038,"event":{"mods":["AchievementEnabler","BaseMod","Bestiary","Block Reminder","Colored Map","Colored Powertips","Keyboard Shortcuts","Minty Spire (QoL Compilation)","Quick Restart","Relic Stats","SuperFastMode"],"gold_per_floor":[110,110,125,125,143,143,177,177,247,118,83,83,97,128,128,205,205,224,224,122,122,122,122,136,163,163,173,35,49,49,61,61,133,133,152,168,168,181,201,201,201,201,201,235,11,37,37,52,52,52],"floor_reached":51,"playtime":8602,"items_purged":["Strike_R"],"score":1335,"play_id":"341cb722-18ba-479a-9142-7c3277d6b010","local_time":"20201229231718","is_ascension_mode":true,"campfire_choices":[{"data":"Twin Strike","floor":6.0,"key":"SMITH"},{"data":"Sever Soul","floor":8.0,"key":"SMITH"},{"data":"Bash","floor":12.0,"key":"SMITH"},{"data":"Battle Trance","floor":15.0,"key":"SMITH"},{"floor":23.0,"key":"REST"},{"floor":30.0,"key":"REST"},{"data":"Heavy Blade","floor":32.0,"key":"SMITH"},{"data":"Inflame","floor":40.0,"key":"SMITH"},{"data":"Double Tap","floor":42.0,"key":"SMITH"},{"data":"Cleave","floor":47,"key":"SMITH"},{"floor":49,"key":"REST"}],"circlet_count":0,"master_deck":["AscendersBane","Strike_R","Strike_R","Strike_R","Defend_R","Defend_R","Defend_R","Bash+1","Twin Strike+1","Battle Trance+1","Shrug It Off+1","Sever Soul+1","Intimidate","Demon Form+1","Reaper","Feed","CurseOfTheBell","Dropkick","Decay","Inflame+1","Thunderclap","Heavy Blade+1","Cleave+1","Ghostly Armor","Double Tap+1","Intimidate","Power Through+1","Limit Break+1","PanicButton"],"relics":["Empty Cage","Akabeko","Paper Frog","Gremlin Horn","Red Skull","Calling Bell","Happy Flower","The Courier","Mango","Enchiridion","Regal Pillow","Ornamental Fan","Brimstone","Philosopher\u0027s Stone","Question Card","Oddly Smooth Stone","War Paint","Bottled Lightning"],"acts_visited":["Exordium","TheCity","TheBeyond"],"potions_floor_usage":[46,50],"damage_taken":[{"damage":7.0,"enemies":"Small Slimes","floor":1.0,"turns":4.0},{"damage":0.0,"enemies":"Jaw Worm","floor":3.0,"turns":2.0},{"damage":0.0,"enemies":"Cultist","floor":5.0,"turns":2.0},{"damage":8.0,"enemies":"Gremlin Nob","floor":7.0,"turns":3.0},{"damage":2.0,"enemies":"Red Slaver","floor":13.0,"turns":2.0},{"damage":3.0,"enemies":"Lagavulin","floor":14.0,"turns":3.0},{"damage":47.0,"enemies":"The Guardian","floor":16.0,"turns":7.0},{"damage":32.0,"enemies":"3 Byrds","floor":18.0,"turns":8.0},{"damage":3.0,"enemies":"Spheric Guardian","floor":24.0,"turns":3.0},{"damage":44.0,"enemies":"Gremlin Leader","floor":25.0,"turns":5.0},{"damage":16.0,"enemies":"Snecko","floor":27.0,"turns":4.0},{"damage":10.0,"enemies":"Sentry and Sphere","floor":29.0,"turns":3.0},{"damage":0.0,"enemies":"3 Cultists","floor":31.0,"turns":2.0},{"damage":47.0,"enemies":"Collector","floor":33.0,"turns":5.0},{"damage":20.0,"enemies":"3 Darklings","floor":35.0,"turns":2.0},{"damage":18.0,"enemies":"Orb Walker","floor":36.0,"turns":3.0},{"damage":33.0,"enemies":"Spire Growth","floor":38.0,"turns":3.0},{"damage":13.0,"enemies":"4 Shapes","floor":39.0,"turns":3.0},{"damage":4.0,"enemies":"Reptomancer","floor":44.0,"turns":4.0},{"damage":27,"enemies":"Nemesis","floor":46,"turns":5},{"damage":0,"enemies":"Jaw Worm Horde","floor":48,"turns":3},{"damage":70,"enemies":"Awakened One","floor":50,"turns":6}],"seed_played":"-9101804088892183242","potions_obtained":[{"floor":1.0,"key":"Block Potion"},{"floor":3.0,"key":"Explosive Potion"},{"floor":16.0,"key":"DuplicationPotion"},{"floor":25.0,"key":"ColorlessPotion"},{"floor":29.0,"key":"BlessingOfTheForge"},{"floor":33.0,"key":"Fire Potion"},{"floor":38.0,"key":"Swift Potion"},{"floor":39.0,"key":"Strength Potion"},{"floor":46,"key":"SteroidPotion"}],"is_trial":false,"path_per_floor":["M","$","M","?","M","R","E","R","T","$","?","R","M","E","R","B",null,"M","?","$","?","$","R","M","E","T","M","$","M","R","M","R","B",null,"M","M","?","M","M","R","?","R","T","E","$","E","R","M","R","B",null],"character_chosen":"IRONCLAD","items_purchased":["Intimidate","Block Potion","Explosive Potion","Brimstone","War Paint","PanicButton"],"campfire_rested":3,"item_purchase_floors":[10,10,20,28,45,45],"current_hp_per_floor":[61,61,61,50,50,50,42,42,42,42,60,60,58,55,55,23,76,51,30,30,30,30,57,54,21,21,17,17,10,53,56,56,63,92,72,62,62,40,60,60,60,60,60,87,87,60,60,63,107,107],"gold":52,"neow_bonus":"BOSS_RELIC","is_daily":false,"chose_seed":false,"campfire_upgraded":8,"win_rate":0.0,"timestamp":1609291038,"path_taken":["M","$","M","?","M","R","E","R","T","$","?","R","M","E","R","BOSS","M","?","$","?","?","R","M","E","T","M","$","M","R","M","R","BOSS","M","M","?","?","M","R","?","R","T","E","$","E","R","M","R","BOSS"],"items_purchased_type":["Card","Potion","Potion","Relic","Relic","Card"],"build_version":"2020-12-22","purchased_purges":1,"victory":true,"max_hp_per_floor":[75,75,75,75,75,75,75,75,75,75,75,75,75,75,75,75,89,92,92,92,92,92,92,92,92,92,92,92,95,95,98,98,101,101,101,101,101,104,104,104,104,104,104,104,104,104,104,107,107,107],"relic_stats":{"Regal Pillow":27,"Gremlin Horn":[17,24],"Happy Flower":[19],"counters":[22,82],"Ornamental Fan":[52],"War Paint":["Limit Break","Shrug It Off"],"Question Card":3,"obtain_stats":[{"Regal Pillow":25,"Gremlin Horn":9,"Happy Flower":17,"Enchiridion":19,"Oddly Smooth Stone":44,"Mango":17,"The Courier":17,"War Paint":45,"Empty Cage":0,"Question Card":43,"Burning Blood":0,"Akabeko":4,"Calling Bell":17,"Ornamental Fan":26,"Brimstone":28,"Philosopher\u0027s Stone":34,"Bottled Lightning":46,"Red Skull":14,"Paper Frog":7},{"Regal Pillow":10,"Gremlin Horn":4,"Happy Flower":7,"Enchiridion":8,"Oddly Smooth Stone":19,"Mango":7,"The Courier":7,"War Paint":19,"Empty Cage":0,"Question Card":18,"Burning Blood":0,"Akabeko":2,"Calling Bell":7,"Ornamental Fan":10,"Brimstone":11,"Philosopher\u0027s Stone":14,"Bottled Lightning":20,"Red Skull":6,"Paper Frog":4},{"Regal Pillow":39,"Gremlin Horn":11,"Happy Flower":23,"Enchiridion":31,"Oddly Smooth Stone":68,"Mango":23,"The Courier":23,"War Paint":68,"Empty Cage":0,"Question Card":64,"Burning Blood":0,"Akabeko":6,"Calling Bell":23,"Ornamental Fan":39,"Brimstone":43,"Philosopher\u0027s Stone":53,"Bottled Lightning":73,"Red Skull":16,"Paper Frog":11}]},"card_choices":[{"not_picked":["Dropkick","Body Slam"],"picked":"Twin Strike","floor":1.0},{"not_picked":["Flex","Body Slam"],"picked":"Battle Trance","floor":3.0},{"not_picked":["Wild Strike","Clothesline"],"picked":"Shrug It Off","floor":5.0},{"not_picked":["Clash","Reckless Charge"],"picked":"Sever Soul","floor":7.0},{"not_picked":["Sever Soul","Perfected Strike"],"picked":"Demon Form","floor":13.0},{"not_picked":["Reckless Charge","Sword Boomerang"],"picked":"Reaper","floor":14.0},{"not_picked":["Corruption","Barricade"],"picked":"Feed","floor":16.0},{"not_picked":["Sword Boomerang","Shrug It Off"],"picked":"Dropkick","floor":18.0},{"not_picked":["Flex","Carnage"],"picked":"Inflame","floor":24.0},{"not_picked":["Barricade","Cleave"],"picked":"Thunderclap","floor":25.0},{"not_picked":["Dark Embrace","Twin Strike"],"picked":"Heavy Blade","floor":27.0},{"not_picked":["Perfected Strike","Flex"],"picked":"Cleave","floor":29.0},{"not_picked":["Cleave","Bludgeon"],"picked":"Ghostly Armor","floor":31.0},{"not_picked":["Berserk","Exhume"],"picked":"Double Tap","floor":33.0},{"not_picked":["Anger+1","Spot Weakness"],"picked":"Intimidate","floor":35.0},{"not_picked":["Anger","Warcry","Inflame"],"picked":"SKIP","floor":36.0},{"not_picked":["Clash","Thunderclap+1"],"picked":"Power Through+1","floor":38.0},{"not_picked":["Bloodletting","Thunderclap","Perfected Strike+1"],"picked":"SKIP","floor":39.0},{"not_picked":["Wild Strike","Intimidate","Shrug It Off"],"picked":"Limit Break","floor":44.0},{"not_picked":["Havoc","Wild Strike+1","Clash+1","Rupture"],"picked":"SKIP","floor":46},{"not_picked":["Evolve+1","Carnage+1","Perfected Strike","Bloodletting"],"picked":"SKIP","floor":48}],"player_experience":684540,"relics_obtained":[{"floor":7.0,"key":"Paper Frog"},{"floor":9.0,"key":"Gremlin Horn"},{"floor":14.0,"key":"Red Skull"},{"floor":17.0,"key":"Happy Flower"},{"floor":17.0,"key":"The Courier"},{"floor":17.0,"key":"Mango"},{"floor":19.0,"key":"Enchiridion"},{"floor":25.0,"key":"Regal Pillow"},{"floor":26.0,"key":"Ornamental Fan"},{"floor":43.0,"key":"Question Card"},{"floor":44.0,"key":"Oddly Smooth Stone"},{"floor":46,"key":"Bottled Lightning"}],"event_choices":[{"damage_healed":0.0,"max_hp_gain":0.0,"max_hp_loss":0.0,"gold_gain":0.0,"event_name":"Scrap Ooze","player_choice":"Success","floor":4.0,"gold_loss":0.0,"damage_taken":11.0,"relics_obtained":["Akabeko"]},{"damage_healed":18.0,"max_hp_gain":0.0,"max_hp_loss":0.0,"gold_gain":0.0,"event_name":"The Cleric","player_choice":"Healed","floor":11.0,"gold_loss":35.0,"damage_taken":0.0},{"damage_healed":0.0,"max_hp_gain":0.0,"max_hp_loss":0.0,"gold_gain":0.0,"event_name":"Cursed Tome","player_choice":"Obtained Book","floor":19.0,"gold_loss":0.0,"damage_taken":21.0},{"damage_healed":0.0,"max_hp_gain":0.0,"max_hp_loss":0.0,"gold_gain":0.0,"event_name":"Forgotten Altar","player_choice":"Smashed Altar","floor":21.0,"gold_loss":0.0,"damage_taken":0.0,"cards_obtained":["Decay"]},{"damage_healed":0.0,"max_hp_gain":0.0,"max_hp_loss":0.0,"gold_gain":0.0,"event_name":"Upgrade Shrine","player_choice":"Upgraded","floor":37.0,"gold_loss":0.0,"damage_taken":0.0,"cards_upgraded":["Demon Form"]},{"damage_healed":0.0,"max_hp_gain":0.0,"max_hp_loss":0.0,"gold_gain":0.0,"event_name":"SensoryStone","player_choice":"Memory 1","floor":41.0,"gold_loss":0.0,"damage_taken":0.0}],"is_beta":false,"boss_relics":[{"not_picked":["Runic Dome","Tiny House"],"picked":"Calling Bell"},{"not_picked":["Runic Cube","Snecko Eye"],"picked":"Philosopher\u0027s Stone"}],"items_purged_floors":[20],"is_endless":false,"potions_floor_spawned":[1,3,16,25,29,33,38,39,46],"ascension_level":17}}