{"host":"w5c60nchricmn3zb","time":1609302762,"event":{"mods":["BaseMod","Conspire","Downfall","Duelist Mod","Hermit","Infinite Spire","Minty Spire (QoL Compilation)","Permanent Neow","Random Character Button","Relic Sorter","Replay The Spire","StSLib","The Cursed","The Jungle","The Marked","The Runesmith","The Servant 0.9.4","The Wild Card"],"gold_per_floor":[118,118,135,154,168,168,196,196,274,286,286,303,318,318,318,423,473,488,24,24,36,36,36,53,73,100,40,52,72,72,72,72,72,72],"floor_reached":33,"playtime":1660,"items_purged":["theMarked:Defend"],"score":251,"play_id":"85c9901e-dc7b-454b-a5ef-b9f707f4c078","local_time":"20201229233242","is_ascension_mode":false,"campfire_choices":[{"data":"theMarked:SoldierOfQuellstein","floor":6,"key":"SMITH"},{"floor":8,"key":"REST"},{"floor":11,"key":"REST"},{"floor":23,"key":"REST"},{"floor":30,"key":"REST"},{"floor":32,"key":"REST"}],"circlet_count":0,"master_deck":["theMarked:Strike","theMarked:Strike","theMarked:Strike","theMarked:Strike+1","theMarked:Strike","theMarked:SoldierOfQuellstein+1","theMarked:SuspiciousRaven","theMarked:Parkour+1","theMarked:MaelstromOfLightning","theMarked:MuscleMemory","theMarked:MuscleMemory","theMarked:Polarize","theMarked:TakeOffHeels","theMarked:WastefulDefense","theMarked:Generate","theMarked:ComboAttacks"],"relics":["theMarked:ArtifactOfAir","theMarked:KettuFlask","Gremlin Horn","Tiny House","OrangePellets","Regal Pillow","Ring of Misfortune"],"acts_visited":["Exordium","TheCity"],"potions_floor_usage":[5,16,16,16,18,28,29],"damage_taken":[{"damage":0,"enemies":"Small Slimes","floor":1,"turns":3},{"damage":1,"enemies":"Cultist","floor":3,"turns":3},{"damage":1,"enemies":"Jaw Worm","floor":4,"turns":3},{"damage":2,"enemies":"Blue Slaver","floor":5,"turns":3},{"damage":26,"enemies":"3 Sentries","floor":7,"turns":5},{"damage":5,"enemies":"conspire:2 RoseBushes","floor":10,"turns":3},{"damage":0,"enemies":"Lots of Slimes","floor":12,"turns":2},{"damage":6,"enemies":"Large Slime","floor":13,"turns":3},{"damage":15,"enemies":"Slime Boss","floor":16,"turns":7},{"damage":18,"enemies":"3 Byrds","floor":18,"turns":4},{"damage":34,"enemies":"Shell Parasite","floor":21,"turns":4},{"damage":23,"enemies":"Snecko","floor":24,"turns":4},{"damage":18,"enemies":"Snake Plant","floor":25,"turns":3},{"damage":38,"enemies":"conspire:HollyBat","floor":28,"turns":6},{"damage":1,"enemies":"Chosen and Byrds","floor":29,"turns":5},{"damage":99,"enemies":"Automaton","floor":33,"turns":12}],"seed_played":"-6341204421195876871","potions_obtained":[{"floor":3,"key":"SpeedPotion"},{"floor":5,"key":"Weak Potion"},{"floor":10,"key":"Block Potion"},{"floor":13,"key":"Energy Potion"},{"floor":17,"key":"Fire Potion"},{"floor":28,"key":"FearPotion"}],"is_trial":false,"path_per_floor":["M","?","M","M","M","R","E","R","T","M","R","M","M","?","R","B",null,"M","$","?","M","?","R","M","M","T","?","M","M","R","?","R","B"],"character_chosen":"THE_DEFAULT","items_purchased":["OrangePellets","theMarked:MuscleMemory","PowerPotion","theMarked:Polarize"],"campfire_rested":5,"item_purchase_floors":[19,19,19,19],"current_hp_per_floor":[77,77,76,75,73,73,47,70,70,65,77,77,71,71,77,62,82,64,64,64,30,57,81,58,40,40,40,2,1,40,40,79,0,0],"gold":72,"neow_bonus":"TEN_PERCENT_HP_BONUS","is_daily":false,"chose_seed":false,"campfire_upgraded":1,"win_rate":0.0,"timestamp":1609302762,"path_taken":["M","?","M","M","M","R","E","R","T","M","R","M","?","?","R","BOSS","M","$","?","M","?","R","M","M","T","?","?","M","R","?","R","BOSS"],"items_purchased_type":["Relic","Card","Potion","Card"],"build_version":"2020-12-22","purchased_purges":1,"victory":false,"max_hp_per_floor":[77,77,77,77,77,77,77,77,77,77,77,77,77,77,77,77,82,82,82,82,82,82,82,82,82,82,82,82,82,82,82,82,82,82],"card_choices":[{"not_picked":["theMarked:EmpowerWeapon","theMarked:LightningStrikesTwice","theMarked:Electrocute"],"picked":"SKIP","floor":1},{"not_picked":["theMarked:EmpowerWeapon","theMarked:Static"],"picked":"theMarked:Parkour","floor":3},{"not_picked":["theMarked:ElectricStrings","theMarked:TwofoldDefense","theMarked:ResourceFulStrike"],"picked":"SKIP","floor":4},{"not_picked":["theMarked:Static","theMarked:TakeCover","theMarked:EmpowerWeapon"],"picked":"SKIP","floor":5},{"not_picked":["theMarked:Levitate","theMarked:Improvise","theMarked:Electrocute"],"picked":"SKIP","floor":7},{"not_picked":["theMarked:WastefulAttack","theMarked:GodGivenPower","theMarked:BanishingStrike"],"picked":"SKIP","floor":10},{"not_picked":["theMarked:TakeCover","theMarked:ChainLightning","theMarked:Electrocute"],"picked":"SKIP","floor":12},{"not_picked":["theMarked:GodGivenPower","theMarked:ReduceFriction","theMarked:WastefulAttack"],"picked":"SKIP","floor":13},{"not_picked":["theMarked:LightningStrikesTwice","theMarked:Aftermath"],"picked":"theMarked:MaelstromOfLightning","floor":17},{"not_picked":["theMarked:WastefulAttack+1","theMarked:Parkour","theMarked:Static"],"picked":"SKIP","floor":18},{"not_picked":["theMarked:WardOff","theMarked:SwordAndMagic"],"picked":"theMarked:TakeOffHeels","floor":21},{"not_picked":["theMarked:HeightenedSenses","theMarked:Frustration","theMarked:EnhanceMovement"],"picked":"SKIP","floor":24},{"not_picked":["theMarked:WardOff","theMarked:BanishingStrike","theMarked:Indomitable+1"],"picked":"SKIP","floor":25},{"not_picked":["theMarked:Parkour","theMarked:Panic"],"picked":"theMarked:ComboAttacks","floor":28},{"not_picked":["theMarked:EnhanceMovement+1","theMarked:MysticalArsenal","theMarked:ChainLightning"],"picked":"SKIP","floor":29}],"player_experience":121415,"relics_obtained":[{"floor":7,"key":"theMarked:KettuFlask"},{"floor":9,"key":"Gremlin Horn"},{"floor":26,"key":"Regal Pillow"},{"floor":31,"key":"Ring of Misfortune"}],"event_choices":[{"damage_healed":0,"gold_gain":0,"cards_transformed":["theMarked:Defend"],"player_choice":"Transformed","damage_taken":0,"max_hp_gain":0,"max_hp_loss":0,"event_name":"Transmorgrifier","floor":2,"gold_loss":0,"cards_obtained":["theMarked:SuspiciousRaven"]},{"damage_healed":0,"gold_gain":0,"player_choice":"Ignored","damage_taken":0,"max_hp_gain":0,"max_hp_loss":0,"event_name":"Ghosts","floor":20,"gold_loss":0},{"damage_healed":27,"gold_gain":0,"player_choice":"Heal","damage_taken":0,"max_hp_gain":0,"max_hp_loss":0,"event_name":"The Library","floor":22,"gold_loss":0},{"damage_healed":0,"gold_gain":0,"cards_transformed":["theMarked:Defend","theMarked:Defend"],"player_choice":"Transformed Cards","damage_taken":0,"max_hp_gain":0,"max_hp_loss":0,"event_name":"Designer","floor":27,"gold_loss":60,"cards_obtained":["theMarked:WastefulDefense","theMarked:Generate"]}],"is_beta":false,"boss_relics":[{"not_picked":["Runic Pyramid","Replay:Bronze Core"],"picked":"Tiny House"}],"items_purged_floors":[19],"is_endless":false,"potions_floor_spawned":[3,5,10,13,28],"killed_by":"Automaton","ascension_level":0}}