{"host":"8qb550oiisecbnz6","time":1609347405,"event":{"mods":["AchievementEnabler","BaseMod","Colored Map","Colored Powertips","Minty Spire (QoL Compilation)","Quick Restart","StSLib"],"gold_per_floor":[114,39,39,39,58,88,88,38,38,70,70,89,102,102,102,205,205,215,140,158,158,173,204,230,259,259,259,273,22,52,69,69,69,69],"floor_reached":33,"playtime":1736,"items_purged":["Strike_G","Strike_G"],"score":454,"play_id":"0eb7dbde-8ea7-4552-bb32-3aa8b98c99f5","local_time":"20201230175645","is_ascension_mode":true,"campfire_choices":[{"data":"Neutralize","floor":7,"key":"SMITH"},{"data":"Bane","floor":11,"key":"SMITH"},{"data":"Survivor","floor":15,"key":"SMITH"},{"data":"Dagger Spray","floor":27,"key":"SMITH"},{"floor":32,"key":"REST"}],"circlet_count":0,"master_deck":["Strike_G","Strike_G","Defend_G","Defend_G","Defend_G","Defend_G","Survivor+1","Neutralize+1","Bane+1","Crippling Poison","Dagger Spray+1","Poisoned Stab+1","Bullet Time","Skewer","Backflip+1","Poisoned Stab"],"relics":["Ring of the Snake","NeowsBlessing","Pen Nib","Mercury Hourglass","Philosopher\u0027s Stone","MutagenicStrength","Nunchaku","Red Mask","PreservedInsect","Ancient Tea Set","Sling","Smiling Mask"],"acts_visited":["Exordium","TheCity"],"potions_floor_usage":[10,16,23,24,25,31],"damage_taken":[{"damage":0,"enemies":"Small Slimes","floor":1,"turns":1},{"damage":0,"enemies":"Cultist","floor":5,"turns":1},{"damage":0,"enemies":"Lagavulin","floor":6,"turns":1},{"damage":19,"enemies":"3 Sentries","floor":10,"turns":6},{"damage":0,"enemies":"2 Louse","floor":12,"turns":2},{"damage":0,"enemies":"Large Slime","floor":13,"turns":3},{"damage":12,"enemies":"Slime Boss","floor":16,"turns":9},{"damage":7,"enemies":"Shell Parasite","floor":18,"turns":4},{"damage":0,"enemies":"Chosen","floor":20,"turns":3},{"damage":0,"enemies":"Centurion and Healer","floor":22,"turns":4},{"damage":31,"enemies":"Slavers","floor":23,"turns":4},{"damage":0,"enemies":"Masked Bandits","floor":24,"turns":3},{"damage":0,"enemies":"Gremlin Leader","floor":25,"turns":3},{"damage":0,"enemies":"Snecko","floor":28,"turns":2},{"damage":7,"enemies":"Book of Stabbing","floor":30,"turns":3},{"damage":0,"enemies":"Snake Plant","floor":31,"turns":1},{"damage":60,"enemies":"Automaton","floor":33,"turns":8}],"seed_played":"6140921850984150600","potions_obtained":[{"floor":6,"key":"PowerPotion"},{"floor":10,"key":"Explosive Potion"},{"floor":12,"key":"Swift Potion"},{"floor":16,"key":"Poison Potion"},{"floor":22,"key":"Regen Potion"},{"floor":23,"key":"LiquidMemories"},{"floor":25,"key":"Energy Potion"}],"is_trial":false,"path_per_floor":["M","$","?","$","M","E","R","?","T","E","R","M","M","?","R","B",null,"M","?","M","?","M","E","?","E","T","R","M","$","E","M","R","B"],"character_chosen":"THE_SILENT","items_purchased":["Sling"],"campfire_rested":1,"item_purchase_floors":[29],"current_hp_per_floor":[70,70,63,63,63,63,63,63,63,44,44,44,44,44,44,32,61,54,54,54,54,54,35,35,35,35,35,35,35,28,28,49,0,0],"gold":69,"neow_bonus":"THREE_ENEMY_KILL","is_daily":false,"chose_seed":false,"campfire_upgraded":4,"win_rate":0.0,"timestamp":1609347405,"path_taken":["M","$","?","$","?","E","R","?","T","E","R","M","M","?","R","BOSS","M","?","M","?","M","E","?","E","T","R","M","$","E","M","R","BOSS"],"items_purchased_type":["Relic"],"build_version":"2020-12-22","purchased_purges":2,"victory":false,"max_hp_per_floor":[70,70,70,70,70,70,70,70,70,70,70,70,70,70,70,70,70,70,70,70,70,70,70,70,70,70,70,70,70,70,70,70,70,70],"card_choices":[{"not_picked":["Flying Knee","Expertise"],"picked":"Bane","floor":1},{"not_picked":["Slice","Blade Dance"],"picked":"Crippling Poison","floor":5},{"not_picked":["Deflect","Masterful Stab"],"picked":"Dagger Spray","floor":6},{"not_picked":["Sucker Punch","Outmaneuver","Doppelganger"],"picked":"SKIP","floor":10},{"not_picked":["Blur","Cloak And Dagger"],"picked":"Poisoned Stab","floor":12},{"not_picked":["Quick Slash","Dagger Spray","Deflect"],"picked":"SKIP","floor":13},{"not_picked":["Die Die Die","Night Terror"],"picked":"Bullet Time","floor":16},{"not_picked":["Calculated Gamble","Prepared+1","Blade Dance"],"picked":"SKIP","floor":18},{"not_picked":["Deflect","After Image"],"picked":"Skewer","floor":20},{"not_picked":["Sucker Punch","Bane+1","PiercingWail"],"picked":"SKIP","floor":22},{"not_picked":["Heel Hook","Venomology"],"picked":"Backflip+1","floor":23},{"not_picked":["Blade Dance","Bane"],"picked":"Poisoned Stab","floor":25},{"not_picked":["Backstab","Well Laid Plans","Riddle With Holes"],"picked":"SKIP","floor":28},{"not_picked":["Finisher","Doppelganger","Cloak And Dagger"],"picked":"SKIP","floor":30},{"not_picked":["All Out Attack","Flying Knee","Deadly Poison"],"picked":"SKIP","floor":31}],"player_experience":422831,"relics_obtained":[{"floor":6,"key":"Pen Nib"},{"floor":10,"key":"Mercury Hourglass"},{"floor":23,"key":"Nunchaku"},{"floor":24,"key":"Red Mask"},{"floor":25,"key":"PreservedInsect"},{"floor":26,"key":"Ancient Tea Set"},{"floor":30,"key":"Smiling Mask"}],"event_choices":[{"damage_healed":0,"gold_gain":0,"player_choice":"Damaged","damage_taken":7,"max_hp_gain":0,"max_hp_loss":0,"event_name":"Wheel of Change","floor":3,"gold_loss":0},{"cards_removed":["Strike_G"],"damage_healed":0,"gold_gain":0,"player_choice":"Card Removal","damage_taken":0,"max_hp_gain":0,"max_hp_loss":0,"event_name":"The Cleric","floor":8,"gold_loss":50},{"damage_healed":0,"gold_gain":0,"player_choice":"Grow","damage_taken":0,"max_hp_gain":0,"max_hp_loss":0,"event_name":"Living Wall","floor":14,"gold_loss":0,"cards_upgraded":["Poisoned Stab"]},{"cards_removed":["Defend_G"],"damage_healed":0,"gold_gain":0,"player_choice":"Gave Gold","damage_taken":0,"max_hp_gain":0,"max_hp_loss":0,"event_name":"Beggar","floor":19,"gold_loss":75},{"damage_healed":0,"gold_gain":0,"player_choice":"Inject Mutagens","damage_taken":0,"relics_obtained":["MutagenicStrength"],"max_hp_gain":0,"max_hp_loss":0,"event_name":"Drug Dealer","floor":21,"gold_loss":0},{"damage_healed":0,"gold_gain":0,"player_choice":"Fought Bandits","damage_taken":0,"max_hp_gain":0,"max_hp_loss":0,"event_name":"Masked Bandits","floor":24,"gold_loss":0}],"is_beta":false,"boss_relics":[{"not_picked":["Runic Dome","Tiny House"],"picked":"Philosopher\u0027s Stone"}],"items_purged_floors":[2,29],"is_endless":false,"potions_floor_spawned":[6,10,12,16,22,23,25],"killed_by":"Automaton","ascension_level":5}}