{"host":"93n4kdg5le7r8dks","time":1609352337,"event":{"mods":["AlwaysNeverKeys","BaseMod","Better Note","Better Sensory Stone","Better Skull","Better Third Choice","Block Reminder","Colored Map","Colored Powertips","DeckTracker","Infinite Spire","Minty Spire (QoL Compilation)","Quick Restart","StSLib"],"gold_per_floor":[115,2,2,16,93,122,122,135,185,202,213,213,233,85,85,185,185,200,200,200,213,225,225,225],"floor_reached":23,"playtime":722,"items_purged":["Strike_R"],"score":218,"play_id":"31319d4d-3327-4e3b-8209-9b4ac4b0f880","local_time":"20201230121857","is_ascension_mode":false,"campfire_choices":[{"data":"Whirlwind","floor":7,"key":"SMITH"},{"data":"Searing Blow","floor":12,"key":"SMITH"},{"data":"Limit Break","floor":15,"key":"SMITH"}],"circlet_count":0,"master_deck":["Strike_R","Strike_R","Strike_R","Defend_R","Defend_R","Defend_R","Defend_R","Bash","Searing Blow+1","Whirlwind+1","infinitespire:OneForAll","Inflame+1","Thunderclap","Shrug It Off","Seeing Red","Limit Break+1","Feed","Dual Wield+1","Infernal Blade+1"],"relics":["Burning Blood","NeowsBlessing","Shuriken","Frozen Egg 2","Orichalcum","Black Star","infinitespire:Joker Card"],"acts_visited":["Exordium","TheCity"],"potions_floor_usage":[16,18,19,22,23],"damage_taken":[{"damage":0,"enemies":"Jaw Worm","floor":1,"turns":1},{"damage":0,"enemies":"Cultist","floor":4,"turns":1},{"damage":0,"enemies":"3 Sentries","floor":6,"turns":2},{"damage":0,"enemies":"2 Louse","floor":8,"turns":2},{"damage":0,"enemies":"Exordium Thugs","floor":10,"turns":3},{"damage":7,"enemies":"Red Slaver","floor":11,"turns":3},{"damage":1,"enemies":"Blue Slaver","floor":13,"turns":3},{"damage":22,"enemies":"The Guardian","floor":16,"turns":6},{"damage":35,"enemies":"2 Thieves","floor":18,"turns":4},{"damage":14,"enemies":"Spheric Guardian","floor":21,"turns":4},{"damage":9,"enemies":"Chosen and Byrds","floor":22,"turns":3},{"damage":61,"enemies":"Book of Stabbing","floor":23,"turns":5}],"seed_played":"-820818231002438211","potions_obtained":[{"floor":1,"key":"GamblersBrew"},{"floor":8,"key":"Ancient Potion"},{"floor":11,"key":"Strength Potion"},{"floor":16,"key":"ColorlessPotion"},{"floor":19,"key":"BloodPotion"},{"floor":19,"key":"LiquidMemories"},{"floor":19,"key":"SneckoOil"}],"is_trial":false,"path_per_floor":["M","$","?","M","T","E","R","M","T","M","M","R","M","$","R","B",null,"M","?","AVR","M","M","E"],"character_chosen":"IRONCLAD","items_purchased":["Whirlwind","Limit Break"],"campfire_rested":0,"item_purchase_floors":[2,14],"current_hp_per_floor":[80,80,80,80,80,80,80,80,80,80,79,79,80,80,80,64,80,51,67,67,59,59,0,0],"gold":225,"neow_bonus":"THREE_ENEMY_KILL","is_daily":false,"chose_seed":false,"campfire_upgraded":3,"win_rate":0.0,"timestamp":1609352337,"path_taken":["M","$","?","?","?","E","R","M","T","M","M","R","M","$","R","BOSS","M","?","AVR","M","M","E"],"items_purchased_type":["Card","Card"],"build_version":"2020-12-13","purchased_purges":1,"victory":false,"max_hp_per_floor":[80,80,80,80,80,80,80,80,80,80,80,80,80,80,80,80,80,80,80,80,80,83,83,83],"card_choices":[{"not_picked":["True Grit","Heavy Blade"],"picked":"Searing Blow","floor":1},{"not_picked":["Carnage","Power Through"],"picked":"infinitespire:OneForAll","floor":4},{"not_picked":["Iron Wave","Wild Strike"],"picked":"Inflame+1","floor":6},{"not_picked":["Heavy Blade","Flex"],"picked":"Thunderclap","floor":8},{"not_picked":["Uppercut","Anger"],"picked":"Shrug It Off","floor":10},{"not_picked":["Havoc","Anger","Sword Boomerang"],"picked":"SKIP","floor":11},{"not_picked":["Clash","Havoc"],"picked":"Seeing Red","floor":13},{"not_picked":["Reaper","Bludgeon"],"picked":"Feed","floor":16},{"not_picked":["Shrug It Off+1","True Grit","Sword Boomerang"],"picked":"SKIP","floor":18},{"not_picked":["Clash","Clothesline"],"picked":"Dual Wield+1","floor":21},{"not_picked":["Sentinel","Power Through"],"picked":"Infernal Blade+1","floor":22}],"player_experience":78437,"relics_obtained":[{"floor":5,"key":"Shuriken"},{"floor":6,"key":"Frozen Egg 2"},{"floor":9,"key":"Orichalcum"}],"event_choices":[{"cards_removed":["Strike_R"],"damage_healed":0,"gold_gain":0,"player_choice":"Offered Basic","damage_taken":0,"max_hp_gain":0,"max_hp_loss":0,"event_name":"Bonfire Elementals","floor":3,"gold_loss":0},{"damage_healed":0,"gold_gain":0,"player_choice":"Got Potions","damage_taken":0,"max_hp_gain":0,"max_hp_loss":0,"event_name":"Lab","floor":19,"gold_loss":0}],"is_beta":false,"boss_relics":[{"not_picked":["Cursed Key","Busted Crown"],"picked":"Black Star"}],"items_purged_floors":[2],"is_endless":false,"potions_floor_spawned":[1,8,11,16],"killed_by":"Book of Stabbing","ascension_level":0}}