{"host":"gfybn4j1d26rvz5e","time":1609286988,"event":{"mods":["BaseMod","Better Altar","Better Match","Better Note","Better Sensory Stone","Better Skull","Better Third Choice","BetterRewards","Highlight Path","Minty Spire (QoL Compilation)","Random Character Button","Relic Stats","StSLib"],"gold_per_floor":[116,131,7,18,18,18,51,51,77,91,101,101,134,148,148,245,245,255,32,51,67,67,67,67,67,67,96,96,131,131,159,159,254,254,266,316,112,129,143,143,168,183,209,226,261,261,290,290,290,290],"floor_reached":51,"playtime":3280,"items_purged":["Strike_R","Strike_R","Strike_R","Defend_R"],"score":1103,"play_id":"8dcaa630-d628-43ad-ae0c-1e898c1d449a","local_time":"20201229180948","is_ascension_mode":true,"campfire_choices":[{"data":"Shockwave","floor":6.0,"key":"SMITH"},{"floor":12.0,"key":"REST"},{"data":"Combust","floor":15.0,"key":"SMITH"},{"data":"Demon Form","floor":23.0,"key":"SMITH"},{"data":"Feed","floor":28.0,"key":"SMITH"},{"floor":32.0,"key":"REST"},{"data":"Heavy Blade","floor":40,"key":"SMITH"},{"floor":46,"key":"REST"},{"floor":49,"key":"REST"}],"circlet_count":0,"master_deck":["Defend_R","Defend_R+1","Bash","Rampage+1","Armaments+1","Shockwave+1","Combust+1","Cleave","Spot Weakness+1","Twin Strike","Demon Form+1","Feed+1","Clothesline","Shrug It Off+1","Rupture+1","Feed","Rage","Heavy Blade+1","Heavy Blade+1","Armaments","Intimidate+1","Disarm+1"],"relics":["Burning Blood","PreservedInsect","Toy Ornithopter","Dream Catcher","Pen Nib","Snecko Eye","Omamori","Lantern","Vajra","Self Forming Clay","Empty Cage","Torii","Oddly Smooth Stone","Bronze Scales","Ornamental Fan","Red Skull"],"acts_visited":["Exordium","TheCity","TheBeyond"],"potions_floor_usage":[],"damage_taken":[{"damage":1.0,"enemies":"Cultist","floor":1.0,"turns":4.0},{"damage":6.0,"enemies":"Small Slimes","floor":2.0,"turns":3.0},{"damage":3.0,"enemies":"Jaw Worm","floor":4.0,"turns":4.0},{"damage":27.0,"enemies":"Gremlin Nob","floor":7.0,"turns":4.0},{"damage":9.0,"enemies":"Exordium Thugs","floor":10.0,"turns":4.0},{"damage":10.0,"enemies":"Looter","floor":11.0,"turns":3.0},{"damage":17.0,"enemies":"3 Sentries","floor":13.0,"turns":5.0},{"damage":0.0,"enemies":"3 Louse","floor":14.0,"turns":2.0},{"damage":17.0,"enemies":"Slime Boss","floor":16.0,"turns":5.0},{"damage":6.0,"enemies":"Shell Parasite","floor":18.0,"turns":3.0},{"damage":0.0,"enemies":"Spheric Guardian","floor":20.0,"turns":3.0},{"damage":0.0,"enemies":"Snecko","floor":21.0,"turns":3.0},{"damage":20.0,"enemies":"Gremlin Leader","floor":27.0,"turns":3.0},{"damage":8.0,"enemies":"Slavers","floor":29.0,"turns":3.0},{"damage":14.0,"enemies":"Gremlin Leader","floor":31.0,"turns":4.0},{"damage":71.0,"enemies":"Automaton","floor":33.0,"turns":7.0},{"damage":7,"enemies":"3 Shapes","floor":35,"turns":3},{"damage":19,"enemies":"Mind Bloom Boss Battle","floor":36,"turns":6},{"damage":19,"enemies":"3 Darklings","floor":38,"turns":4},{"damage":0,"enemies":"Transient","floor":39,"turns":5},{"damage":0,"enemies":"Reptomancer","floor":41,"turns":3},{"damage":5,"enemies":"4 Shapes","floor":42,"turns":3},{"damage":39,"enemies":"Spire Growth","floor":44,"turns":5},{"damage":4,"enemies":"Giant Head","floor":45,"turns":5},{"damage":9,"enemies":"Nemesis","floor":47,"turns":5},{"damage":32,"enemies":"Time Eater","floor":50,"turns":7}],"seed_played":"-4684594089068165358","potions_obtained":[{"floor":1.0,"key":"SteroidPotion"},{"floor":4.0,"key":"Weak Potion"},{"floor":16.0,"key":"Explosive Potion"},{"floor":20.0,"key":"Energy Potion"},{"floor":27.0,"key":"Fire Potion"},{"floor":31.0,"key":"Explosive Potion"},{"floor":38,"key":"Dexterity Potion"},{"floor":39,"key":"Swift Potion"}],"is_trial":false,"path_per_floor":["M","M","$","M","?","R","E","?","T","M","M","R","E","M","R","B",null,"M","$","M","M","?","R","?","?","T","E","R","E","$","E","R","B",null,"M","?","$","M","M","R","E","M","T","M","E","R","E","?","R","B",null],"character_chosen":"IRONCLAD","items_purchased":["PreservedInsect","Rampage","Armaments","Cleave","Clothesline","Shrug It Off","Armaments"],"campfire_rested":4,"item_purchase_floors":[0,0,0,3,19,19,37],"current_hp_per_floor":[80,80,80,80,64,64,43,43,43,40,36,60,49,55,55,49,80,80,80,80,80,80,80,51,51,51,42,42,47,47,43,70,15,91,94,81,81,68,74,74,84,92,92,59,61,92,89,89,101,75],"gold":290,"neow_bonus":"","is_daily":false,"chose_seed":false,"campfire_upgraded":5,"win_rate":0.0,"timestamp":1609286988,"path_taken":["M","?","$","M","?","R","E","?","T","M","?","R","E","M","R","BOSS","M","$","M","M","?","R","?","?","T","E","R","E","$","E","R","BOSS","M","?","$","M","M","R","E","M","T","M","E","R","E","?","R","BOSS"],"items_purchased_type":["Relic","Card","Card","Card","Card","Card","Card"],"build_version":"2020-12-22","purchased_purges":4,"victory":true,"max_hp_per_floor":[80,80,80,80,80,80,80,80,80,80,80,80,80,80,80,80,80,80,80,80,80,80,80,80,80,80,80,80,87,87,91,91,91,91,95,95,95,95,95,95,99,106,106,106,106,106,106,101,101,101],"relic_stats":{"Dream Catcher":4,"Torii":16,"counters":[41,177],"Self Forming Clay":[150],"Ornamental Fan":[0],"Bronze Scales":[57],"Snecko Eye":[148,149,127,149],"PreservedInsect":478,"Pen Nib":[18],"obtain_stats":[{"Lantern":27,"Torii":36,"Vajra":29,"Empty Cage":34,"Burning Blood":0,"Dream Catcher":9,"Pantograph":24,"Red Skull":47,"Paper Frog":19,"Self Forming Clay":31,"Oddly Smooth Stone":41,"The Courier":31,"PreservedInsect":0,"Pen Nib":13,"Omamori":26,"MawBank":26,"Du-Vu Doll":8,"SlaversCollar":17,"Ornamental Fan":45,"Bird Faced Urn":9,"Bronze Scales":43,"Snecko Eye":34,"Art of War":14,"Unceasing Top":6,"Toy Ornithopter":7},{"Lantern":28,"Torii":33,"Vajra":29,"Empty Cage":31,"Burning Blood":0,"Dream Catcher":19,"Pantograph":9,"Red Skull":40,"Paper Frog":7,"Self Forming Clay":30,"Oddly Smooth Stone":36,"The Courier":12,"PreservedInsect":15,"Pen Nib":22,"Omamori":27,"MawBank":9,"Du-Vu Doll":4,"SlaversCollar":6,"Ornamental Fan":39,"Bird Faced Urn":4,"Bronze Scales":37,"Snecko Eye":13,"Art of War":5,"Unceasing Top":3,"Toy Ornithopter":19},{"Lantern":117,"Torii":140,"Vajra":120,"Empty Cage":131,"Burning Blood":0,"Dream Catcher":86,"Pantograph":37,"Red Skull":170,"Paper Frog":26,"Self Forming Clay":124,"Oddly Smooth Stone":152,"The Courier":53,"PreservedInsect":71,"Pen Nib":98,"Omamori":114,"MawBank":37,"Du-Vu Doll":14,"SlaversCollar":22,"Ornamental Fan":165,"Bird Faced Urn":14,"Bronze Scales":155,"Snecko Eye":62,"Art of War":16,"Unceasing Top":11,"Toy Ornithopter":86}],"Burning Blood":203,"Toy Ornithopter":20},"card_choices":[{"not_picked":["Clash","Dark Embrace"],"picked":"Shockwave","floor":1.0},{"not_picked":["Flex","Searing Blow"],"picked":"Combust","floor":2.0},{"not_picked":["Armaments","Iron Wave","Flex"],"picked":"SKIP","floor":4.0},{"not_picked":["Wild Strike","Berserk"],"picked":"Spot Weakness","floor":7.0},{"not_picked":["Perfected Strike","Body Slam"],"picked":"Twin Strike","floor":10.0},{"not_picked":["True Grit","Anger"],"picked":"Demon Form","floor":11.0},{"not_picked":["Shockwave","Pommel Strike","Barricade"],"picked":"SKIP","floor":13.0},{"not_picked":["Perfected Strike","Searing Blow","Clash"],"picked":"SKIP","floor":14.0},{"not_picked":["Corruption","Demon Form"],"picked":"Feed","floor":16.0},{"not_picked":["True Grit+1","Iron Wave","Warcry"],"picked":"SKIP","floor":18.0},{"not_picked":["Fire Breathing","Cleave","Headbutt"],"picked":"SKIP","floor":20.0},{"not_picked":["Blood for Blood+1","Body Slam"],"picked":"Rupture+1","floor":21.0},{"not_picked":["Fiend Fire","Pommel Strike","Cleave"],"picked":"SKIP","floor":27.0},{"not_picked":["Barricade","Shrug It Off"],"picked":"Rage","floor":29.0},{"not_picked":["Demon Form","Thunderclap"],"picked":"Heavy Blade","floor":31.0},{"not_picked":["Wild Strike+1","Shrug It Off+1","Iron Wave+1"],"picked":"SKIP","floor":35},{"not_picked":["Anger+1","Bloodletting"],"picked":"Heavy Blade+1","floor":36},{"not_picked":["Thunderclap","Headbutt+1","Dark Embrace+1"],"picked":"SKIP","floor":38},{"not_picked":["Rupture","Bloodletting","Armaments"],"picked":"SKIP","floor":39},{"not_picked":["Seeing Red+1","Headbutt+1","Perfected Strike"],"picked":"SKIP","floor":41},{"not_picked":["Headbutt","Cleave+1"],"picked":"Intimidate+1","floor":42},{"not_picked":["Cleave","Armaments","Pommel Strike"],"picked":"SKIP","floor":44},{"not_picked":["Double Tap","Wild Strike+1","Dark Embrace+1"],"picked":"SKIP","floor":45},{"not_picked":["Clash+1","Heavy Blade+1"],"picked":"Disarm+1","floor":47}],"player_experience":650003,"relics_obtained":[{"floor":7.0,"key":"Toy Ornithopter"},{"floor":9.0,"key":"Dream Catcher"},{"floor":13.0,"key":"Pen Nib"},{"floor":26.0,"key":"Omamori"},{"floor":27.0,"key":"Lantern"},{"floor":29.0,"key":"Vajra"},{"floor":31.0,"key":"Self Forming Clay"},{"floor":36,"key":"Torii"},{"floor":41,"key":"Oddly Smooth Stone"},{"floor":43,"key":"Bronze Scales"},{"floor":45,"key":"Ornamental Fan"},{"floor":47,"key":"Red Skull"}],"event_choices":[{"damage_healed":80.0,"max_hp_gain":0.0,"max_hp_loss":80.0,"gold_gain":0.0,"event_name":"betterThird:BetterShining","player_choice":"Upgrade","floor":5.0,"gold_loss":0.0,"damage_taken":16.0,"cards_upgraded":["Defend_R","Armaments"]},{"damage_healed":0.0,"max_hp_gain":0.0,"max_hp_loss":0.0,"gold_gain":0.0,"event_name":"Accursed Blacksmith","player_choice":"Forge","floor":8.0,"gold_loss":0.0,"damage_taken":0.0,"cards_upgraded":["Spot Weakness"]},{"cards_removed":["Strike_R"],"damage_healed":0.0,"max_hp_gain":0.0,"max_hp_loss":0.0,"gold_gain":0.0,"event_name":"Purifier","player_choice":"Purged","floor":22.0,"gold_loss":0.0,"damage_taken":0.0},{"damage_healed":0.0,"max_hp_gain":0.0,"max_hp_loss":0.0,"gold_gain":0.0,"event_name":"betterSkull:BetterSkull","player_choice":"UP UP ","floor":24.0,"gold_loss":0.0,"damage_taken":33.0,"cards_upgraded":["Shrug It Off","Rampage"],"relics_obtained":[]},{"damage_healed":0.0,"max_hp_gain":0.0,"max_hp_loss":0.0,"gold_gain":0.0,"event_name":"Duplicator","player_choice":"Copied","floor":25.0,"gold_loss":0.0,"damage_taken":0.0,"cards_obtained":["Feed"]},{"damage_healed":0,"gold_gain":0,"player_choice":"Fight","damage_taken":0,"max_hp_gain":0,"max_hp_loss":0,"event_name":"MindBloom","floor":36,"gold_loss":0},{"damage_healed":0,"gold_gain":0,"player_choice":"Max HP","damage_taken":0,"max_hp_gain":0,"max_hp_loss":5,"event_name":"Winding Halls","floor":48,"gold_loss":0}],"is_beta":false,"boss_relics":[{"not_picked":["Sozu","Calling Bell"],"picked":"Snecko Eye"},{"not_picked":["Black Blood","SlaversCollar"],"picked":"Empty Cage"}],"items_purged_floors":[0,3,19,37],"is_endless":false,"potions_floor_spawned":[1,4,7,16,20,27,31,36,38,39,44],"ascension_level":1}}