{"host":"b4asi0laiv85suj9","time":1609321190,"event":{"mods":["ATMod(阿瑾Mod)","BaseMod","Minty Spire (QoL Compilation)","MostiFishMod","Relic Stats","StSLib","TestMod","noobMod"],"gold_per_floor":[116,132,147,170,170,199,274,297,297,297,347,347,366,397,397,480,480,496,210,228,240,259,292,21,59,59,59,78,78,114,134,134,218,218,236,294,309,309,320,320,356,376,376,44,92,112,146,166,166,189,189,189,43,76,87],"floor_reached":56,"playtime":3098,"items_purged":[],"score":2691,"play_id":"5242d2d5-f780-445c-85a7-cbb0d409dd33","local_time":"20201230173950","is_ascension_mode":true,"campfire_choices":[{"data":"Sunder","floor":10,"key":"SMITH"},{"data":"AT_FamilyPortrait","floor":12,"key":"SMITH"},{"data":"Buffer","floor":15,"key":"SMITH"},{"data":"MostiFishMod:GoodWordForIt","floor":27,"key":"SMITH"},{"data":"AT_EmpoweredMortalDraw","floor":29,"key":"SMITH"},{"data":"Streamline","floor":32,"key":"SMITH"},{"data":"MostiFishMod:Culaccino","floor":40,"key":"SMITH"},{"floor":49,"key":"RECALL"},{"data":"AT_StudyProgram","floor":52,"key":"SMITH"}],"circlet_count":0,"master_deck":["AscendersBane","Strike_B","Strike_B","Strike_B","Strike_B","Defend_B","Defend_B","Defend_B","Defend_B","Zap","Dualcast","AT_FamilyPortrait+1","Streamline+1","Cold Snap","Hello World","Buffer+1","Sunder+1","Sweeping Beam","MostiFishMod:GoodWordForIt+1","AT_EmpoweredMortalDraw+1","Reprogram","Coolheaded+1","Ball Lightning","AT_StudyProgram+1","MostiFishMod:ActiveDefenseSystem","Storm","Force Field","MostiFishMod:Culaccino+1","Heatsinks","Skim","AT_ThunderBolt","MostiFishMod:Distribution","Undo","Apotheosis","Echo Form"],"relics":["testmod-TestBox","DaveBox","ice","AT_ATBox","GreenFoldingFan","testmod-TheFather","MetatronsCube","SynthV:TestCard","Meat on the Bone","testmod-EqualTreatment","Art of War","testmod-FatalChain","AT_MortalBlade","AT_TimeSand","Bottled Lightning","AT_BellowingDragoncrestRing","Ornamental Fan","Singing Bowl","MealTicket","testmod-NegativeEmotionEnhancer","Turnip","Molten Egg 2","SynthV:C4","Ancient Tea Set","The Courier","Vajra"],"acts_visited":["Exordium","TheCity","TheBeyond","TheEnding"],"potions_floor_usage":[46],"damage_taken":[{"damage":9,"enemies":"Cultist","floor":1,"turns":2},{"damage":13,"enemies":"Jaw Worm","floor":2,"turns":3},{"damage":6,"enemies":"Small Slimes","floor":3,"turns":2},{"damage":9,"enemies":"Blue Slaver","floor":4,"turns":3},{"damage":9,"enemies":"Gremlin Nob","floor":6,"turns":3},{"damage":13,"enemies":"Lots of Slimes","floor":8,"turns":3},{"damage":2,"enemies":"2 Fungi Beasts","floor":13,"turns":1},{"damage":37,"enemies":"Lagavulin","floor":14,"turns":4},{"damage":44,"enemies":"Hexaghost","floor":16,"turns":8},{"damage":2,"enemies":"2 Thieves","floor":18,"turns":1},{"damage":20,"enemies":"Shell Parasite","floor":20,"turns":2},{"damage":4,"enemies":"Snecko","floor":21,"turns":2},{"damage":17,"enemies":"Centurion and Healer","floor":22,"turns":2},{"damage":35,"enemies":"Gremlin Leader","floor":23,"turns":3},{"damage":2,"enemies":"Slavers","floor":25,"turns":1},{"damage":4,"enemies":"Snake Plant","floor":28,"turns":2},{"damage":6,"enemies":"Gremlin Leader","floor":30,"turns":3},{"damage":4,"enemies":"Snecko","floor":31,"turns":2},{"damage":4,"enemies":"Collector","floor":33,"turns":2},{"damage":2,"enemies":"Orb Walker","floor":35,"turns":1},{"damage":29,"enemies":"2 Orb Walkers","floor":36,"turns":2},{"damage":2,"enemies":"3 Darklings","floor":37,"turns":1},{"damage":34,"enemies":"Writhing Mass","floor":39,"turns":4},{"damage":26,"enemies":"Nemesis","floor":41,"turns":5},{"damage":15,"enemies":"4 Shapes","floor":42,"turns":2},{"damage":2,"enemies":"Reptomancer","floor":45,"turns":3},{"damage":56,"enemies":"Transient","floor":46,"turns":6},{"damage":12,"enemies":"Nemesis","floor":47,"turns":4},{"damage":4,"enemies":"Jaw Worm Horde","floor":48,"turns":2},{"damage":42,"enemies":"Awakened One","floor":50,"turns":6},{"damage":64,"enemies":"Shield and Spear","floor":54,"turns":5},{"damage":62,"enemies":"The Heart","floor":55,"turns":6}],"seed_played":"-5796614865151075588","potions_obtained":[{"floor":1,"key":"SpeedPotion"},{"floor":13,"key":"testmod-TestPotion"},{"floor":46,"key":"testmod-TestPotion"}],"is_trial":false,"path_per_floor":["M","M","M","M","?","E","?","M","T","R","T","R","M","E","R","B",null,"M","$","M","M","M","E","$","E","T","R","M","R","E","M","R","B",null,"M","?","M","?","M","R","E","M","T","$","E","M","E","M","R","B",null,"R","$","E","B",null],"character_chosen":"DEFECT","items_purchased":["AT_TimeSand","AT_BellowingDragoncrestRing","SynthV:C4","Skim","AT_ThunderBolt","Apotheosis"],"campfire_rested":0,"item_purchase_floors":[19,24,44,44,44,53],"current_hp_per_floor":[65,62,66,67,67,68,57,57,57,57,57,57,65,50,50,28,63,71,71,61,67,60,47,47,55,55,55,63,63,69,75,75,78,78,79,65,83,83,61,61,61,61,61,76,91,59,59,71,71,59,88,88,97,90,52],"gold":87,"neow_bonus":"BOSS_RELIC","is_daily":false,"chose_seed":false,"campfire_upgraded":8,"win_rate":0.0,"timestamp":1609321190,"path_taken":["M","M","?","M","?","E","?","M","T","R","?","R","M","E","R","BOSS","M","?","M","M","M","E","$","E","T","R","M","R","E","M","R","BOSS","M","?","M","?","M","R","E","?","T","$","E","M","E","M","R","BOSS","R","$","E","BOSS"],"items_purchased_type":["Relic","Relic","Relic","Card","Card","Card"],"build_version":"2020-12-22","purchased_purges":0,"victory":true,"max_hp_per_floor":[71,71,71,71,71,71,71,74,74,74,74,74,74,74,74,74,74,74,74,74,74,74,74,74,74,74,74,76,76,78,78,78,78,78,79,82,83,83,84,84,87,88,88,88,91,92,93,96,96,97,97,97,97,101,152],"relic_stats":{"Singing Bowl":12,"counters":[32,96],"Ornamental Fan":[40],"MealTicket":24,"Turnip":[20],"Art of War":[8],"obtain_stats":[{"AT_ATBox":0,"DaveBox":0,"Singing Bowl":26,"testmod-EqualTreatment":9,"Vajra":54,"ice":0,"AT_TimeSand":19,"testmod-NegativeEmotionEnhancer":34,"Ancient Tea Set":45,"SynthV:C4":44,"GreenFoldingFan":0,"testmod-TheFather":0,"MealTicket":30,"Cracked Core":0,"testmod-TestBox":0,"testmod-FatalChain":14,"AT_MortalBlade":17,"The Courier":47,"SynthV:TestCard":1,"AT_BellowingDragoncrestRing":24,"Ornamental Fan":25,"Molten Egg 2":41,"Turnip":36,"Art of War":11,"Bottled Lightning":23,"MetatronsCube":0,"Meat on the Bone":6},{"AT_ATBox":0,"DaveBox":0,"Singing Bowl":15,"testmod-EqualTreatment":6,"Vajra":31,"ice":0,"AT_TimeSand":10,"testmod-NegativeEmotionEnhancer":19,"Ancient Tea Set":26,"SynthV:C4":25,"GreenFoldingFan":0,"testmod-TheFather":0,"MealTicket":17,"Cracked Core":0,"testmod-TestBox":0,"testmod-FatalChain":8,"AT_MortalBlade":9,"The Courier":28,"SynthV:TestCard":1,"AT_BellowingDragoncrestRing":14,"Ornamental Fan":15,"Molten Egg 2":24,"Turnip":21,"Art of War":6,"Bottled Lightning":14,"MetatronsCube":0,"Meat on the Bone":5},{"AT_ATBox":0,"DaveBox":0,"Singing Bowl":40,"testmod-EqualTreatment":16,"Vajra":90,"ice":0,"AT_TimeSand":30,"testmod-NegativeEmotionEnhancer":49,"Ancient Tea Set":67,"SynthV:C4":64,"GreenFoldingFan":0,"testmod-TheFather":0,"MealTicket":45,"Cracked Core":0,"testmod-TestBox":0,"testmod-FatalChain":21,"AT_MortalBlade":29,"The Courier":77,"SynthV:TestCard":2,"AT_BellowingDragoncrestRing":39,"Ornamental Fan":40,"Molten Egg 2":62,"Turnip":52,"Art of War":16,"Bottled Lightning":39,"MetatronsCube":0,"Meat on the Bone":13}],"Meat on the Bone":84},"card_choices":[{"not_picked":["Aggregate","Redo","Auto Shields"],"picked":"SKIP","floor":1},{"not_picked":["Hologram","Hello World","Barrage","Fusion"],"picked":"Streamline","floor":2},{"not_picked":["Skim","Sweeping Beam","Steam Power","Coolheaded"],"picked":"Cold Snap","floor":3},{"not_picked":["Steam Power","Beam Cell","Reinforced Body","Rip and Tear"],"picked":"Hello World","floor":4},{"not_picked":["Barrage","Hologram","Loop","Redo"],"picked":"Buffer","floor":6},{"not_picked":["AT_HeatAcrobatics","Blizzard","Reinforced Body","Compile Driver"],"picked":"Sunder","floor":8},{"not_picked":["Leap","Beam Cell","Streamline","BootSequence"],"picked":"Sweeping Beam","floor":13},{"not_picked":["Rebound","MostiFishMod:PushDownKick","Chill","Cold Snap","MostiFishMod:ATRI"],"picked":"SKIP","floor":14},{"not_picked":["Amplify","Fission","Multi-Cast","MostiFishMod:IceShield"],"picked":"MostiFishMod:GoodWordForIt","floor":16},{"not_picked":["Rebound","Ball Lightning","Beam Cell","Redo"],"picked":"Reprogram","floor":18},{"not_picked":["Go for the Eyes","MostiFishMod:DawningShadow","Auto Shields","Cold Snap"],"picked":"Coolheaded+1","floor":20},{"not_picked":["Go for the Eyes+1","Cold Snap","Hello World","Hologram","Stack+1"],"picked":"SKIP","floor":21},{"not_picked":["Genetic Algorithm","Beam Cell","MostiFishMod:PushDownKick","Turbo","MostiFishMod:ATRI"],"picked":"SKIP","floor":22},{"not_picked":["AT_EMC2","Go for the Eyes","MostiFishMod:GatherIntelligence","Glacier+1"],"picked":"Ball Lightning","floor":23},{"not_picked":["MostiFishMod:PushDownKick","Conserve Battery","AT_HeatAcrobatics","Sweeping Beam","Rebound"],"picked":"SKIP","floor":25},{"not_picked":["Streamline","Go for the Eyes+1","Melter","Sunder","Stack"],"picked":"Singing Bowl","floor":28},{"not_picked":["MostiFishMod:Exploitation","Reprogram","Conserve Battery","Hello World","Cold Snap"],"picked":"Singing Bowl","floor":30},{"not_picked":["Barrage","Glacier","Go for the Eyes","Compile Driver"],"picked":"AT_StudyProgram","floor":31},{"not_picked":["Multi-Cast","MostiFishMod:GoodWordForIt","MostiFishMod:Culaccino","MostiFishMod:TalkingToTheRain"],"picked":"MostiFishMod:ActiveDefenseSystem","floor":33},{"not_picked":["Turbo+1","Hologram","Leap+1","Rebound"],"picked":"Storm","floor":35},{"not_picked":["Ball Lightning","Stack","Coolheaded+1","Redo+1","Conserve Battery"],"picked":"Singing Bowl","floor":36},{"not_picked":["Storm","Coolheaded","Compile Driver","Scrape"],"picked":"Force Field","floor":37},{"not_picked":["MostiFishMod:PushDownKick+1","Go for the Eyes","Sweeping Beam+1","Gash+1"],"picked":"MostiFishMod:Culaccino","floor":39},{"not_picked":["Hello World","Steam Power","Leap","Turbo+1","Sweeping Beam+1"],"picked":"Singing Bowl","floor":41},{"not_picked":["Coolheaded","Beam Cell+1","Redo","Stack"],"picked":"Heatsinks","floor":42},{"not_picked":["Turbo+1","Barrage+1","Rebound+1","Coolheaded","Compile Driver+1"],"picked":"Singing Bowl","floor":45},{"not_picked":["Aggregate+1","Go for the Eyes+1","Turbo","Reprogram"],"picked":"MostiFishMod:Distribution","floor":46},{"not_picked":["Capacitor+1","Sunder+1","MostiFishMod:PushDownKick+1","Scrape+1"],"picked":"Undo","floor":47},{"not_picked":["Conserve Battery+1","MostiFishMod:PushDownKick+1","Tempest+1","Rip and Tear+1","Ball Lightning+1"],"picked":"Singing Bowl","floor":48},{"not_picked":["Streamline+1","Steam","Stack","Beam Cell+1"],"picked":"Echo Form","floor":54}],"player_experience":267129,"relics_obtained":[{"floor":1,"key":"SynthV:TestCard"},{"floor":6,"key":"Meat on the Bone"},{"floor":9,"key":"testmod-EqualTreatment"},{"floor":11,"key":"Art of War"},{"floor":14,"key":"testmod-FatalChain"},{"floor":23,"key":"Bottled Lightning"},{"floor":25,"key":"Ornamental Fan"},{"floor":26,"key":"Singing Bowl"},{"floor":30,"key":"MealTicket"},{"floor":36,"key":"Turnip"},{"floor":41,"key":"Molten Egg 2"},{"floor":45,"key":"Ancient Tea Set"},{"floor":47,"key":"The Courier"},{"floor":54,"key":"Vajra"}],"event_choices":[{"damage_healed":0,"gold_gain":0,"player_choice":"Ignored","damage_taken":0,"max_hp_gain":0,"max_hp_loss":0,"event_name":"给自己的盒子","floor":5,"gold_loss":0},{"damage_healed":0,"gold_gain":75,"player_choice":"Gather Gold","damage_taken":11,"max_hp_gain":0,"max_hp_loss":0,"event_name":"World of Goop","floor":7,"gold_loss":0},{"damage_healed":0,"gold_gain":0,"player_choice":"Fight","damage_taken":0,"max_hp_gain":0,"max_hp_loss":0,"event_name":"Mysterious Sphere","floor":36,"gold_loss":0},{"damage_healed":0,"gold_gain":0,"player_choice":"Ignored","damage_taken":0,"max_hp_gain":0,"max_hp_loss":0,"event_name":"SecretPortal","floor":38,"gold_loss":0}],"is_beta":false,"boss_relics":[{"not_picked":["MostiFishMod:Hod","testmod-EnergyCheck"],"picked":"AT_MortalBlade"},{"not_picked":["testmod-Nine","Inserter"],"picked":"testmod-NegativeEmotionEnhancer"}],"items_purged_floors":[],"is_endless":false,"potions_floor_spawned":[1,13,16,21,28,30,33,35,37,42,46,54],"ascension_level":19}}