{"host":"dhyczjm99amxd3qx","time":1609311736,"event":{"mods":["BaseMod","Colored Map","Googly Eyes","Highlight Path","Minty Spire (QoL Compilation)","Quick Restart","StSLib"],"gold_per_floor":[112,112,112,37,52,87,106,139,139,139,139,139,139,139],"floor_reached":13,"playtime":562,"items_purged":["Strike_R"],"score":109,"play_id":"50841e1a-f941-4914-8eac-d8f0892d4f53","local_time":"20201230020216","is_ascension_mode":true,"campfire_choices":[{"data":"Disarm","floor":10,"key":"SMITH"}],"circlet_count":0,"master_deck":["Strike_R","Strike_R","Strike_R","Strike_R","Defend_R","Defend_R","Defend_R","Bash+1","Thunderclap","Disarm+1","Flex","Iron Wave"],"relics":["Burning Blood","Pen Nib","Prayer Wheel","Sundial","White Beast Statue"],"acts_visited":["Exordium"],"potions_floor_usage":[6,8,8],"damage_taken":[{"damage":5.0,"enemies":"2 Louse","floor":1.0,"turns":3.0},{"damage":15.0,"enemies":"Cultist","floor":5.0,"turns":5.0},{"damage":31,"enemies":"3 Sentries","floor":6,"turns":8},{"damage":8,"enemies":"Small Slimes","floor":7,"turns":3},{"damage":32,"enemies":"Gremlin Nob","floor":8,"turns":4},{"damage":22,"enemies":"3 Sentries","floor":13,"turns":2}],"seed_played":"-3915605103276146683","potions_obtained":[{"floor":0.0,"key":"DistilledChaos"},{"floor":0.0,"key":"CultistPotion"},{"floor":0.0,"key":"LiquidBronze"},{"floor":1.0,"key":"Explosive Potion"},{"floor":6,"key":"Swift Potion"}],"is_trial":false,"path_per_floor":["M","?","$","$","M","E","M","E","T","R","T","?","E"],"character_chosen":"IRONCLAD","items_purchased":[],"campfire_rested":0,"item_purchase_floors":[],"current_hp_per_floor":[80,80,80,80,71,46,44,18,18,18,18,18,0,0],"gold":139,"neow_bonus":"THREE_SMALL_POTIONS","is_daily":false,"chose_seed":false,"campfire_upgraded":1,"win_rate":0.0,"timestamp":1609311736,"path_taken":["M","?","?","$","M","E","?","E","T","R","?","?","E"],"items_purchased_type":[],"build_version":"2020-12-22","purchased_purges":1,"victory":false,"max_hp_per_floor":[80,80,80,80,80,80,80,80,80,80,80,80,80,80],"card_choices":[{"not_picked":["True Grit","Perfected Strike"],"picked":"Thunderclap","floor":1.0},{"not_picked":["Sword Boomerang","Armaments"],"picked":"Disarm","floor":5.0},{"not_picked":["Exhume","Dual Wield"],"picked":"Flex","floor":6},{"not_picked":["Havoc","Wild Strike"],"picked":"Iron Wave","floor":7},{"not_picked":["Warcry","Rupture","Juggernaut"],"picked":"SKIP","floor":8}],"player_experience":206276,"relics_obtained":[{"floor":6,"key":"Pen Nib"},{"floor":8,"key":"Prayer Wheel"},{"floor":9,"key":"Sundial"},{"floor":11,"key":"White Beast Statue"}],"event_choices":[{"damage_healed":0.0,"max_hp_gain":0.0,"max_hp_loss":0.0,"gold_gain":0.0,"event_name":"Accursed Blacksmith","player_choice":"Forge","floor":2.0,"gold_loss":0.0,"damage_taken":0.0,"cards_upgraded":["Bash"]},{"cards_removed":["Defend_R"],"damage_healed":0,"gold_gain":0,"player_choice":"Offered Basic","damage_taken":0,"max_hp_gain":0,"max_hp_loss":0,"event_name":"Bonfire Elementals","floor":12,"gold_loss":0}],"is_beta":false,"boss_relics":[],"items_purged_floors":[4],"is_endless":false,"potions_floor_spawned":[1,6],"killed_by":"3 Sentries","ascension_level":4}}