{"host":"o5or1zybx7au40zl","time":1609341247,"event":{"mods":["Act Like it!","BaseMod","Better Third Choice","Conspire","Dota2Spire","Hubris","Minty Spire (QoL Compilation)","Replay The Spire","StSLib"],"gold_per_floor":[115,133,133,144,164,191,208,220,244,244,65,100,163,174,174,270,270,283,283,53,70,88,88,88],"floor_reached":23,"playtime":669,"items_purged":["Voices"],"score":205,"play_id":"912a404c-037f-4e77-88b3-ac58c44f456f","local_time":"20201230161407","is_ascension_mode":false,"campfire_choices":[{"floor":10,"key":"REST"},{"floor":15,"key":"REST"}],"circlet_count":0,"master_deck":["Strike_G","Strike_G","Strike_G","Strike_G","Strike_G","Defend_G","Defend_G+1","Defend_G","Defend_G+1","Defend_G","Survivor","Neutralize","Blade Dance","ReplayTheSpireMod:Scrap Shanks","Sucker Punch","Cloak And Dagger","Envenom","Bane","Sucker Punch+1","Cloak And Dagger","After Image","Flying Knee+1","Draining Mist","ReplayTheSpireMod:Splinters","Poisoned Stab+1","Poisoned Stab","Poison Darts","Poisoned Stab+1","Wraith Form v2","Heel Hook+1","hubris:Sniper+1"],"relics":["Ring of the Snake","CultistMask","Dota2Spire:DrumOfEndurance","Strawberry","StrikeDummy","Oddly Smooth Stone","WristBlade","ReplayTheSpireMod:CursedCoin","Whetstone","War Paint"],"acts_visited":["Exordium","TheCity"],"potions_floor_usage":[6,12,16,23],"damage_taken":[{"damage":0,"enemies":"Small Slimes","floor":1,"turns":3},{"damage":1,"enemies":"Cultist","floor":2,"turns":4},{"damage":4,"enemies":"Jaw Worm","floor":4,"turns":4},{"damage":2,"enemies":"Red Slaver","floor":5,"turns":4},{"damage":18,"enemies":"3 Sentries","floor":6,"turns":8},{"damage":7,"enemies":"Looter","floor":7,"turns":3},{"damage":31,"enemies":"Exordium Thugs","floor":8,"turns":5},{"damage":25,"enemies":"Gremlin Nob","floor":12,"turns":5},{"damage":0,"enemies":"Large Slime","floor":14,"turns":7},{"damage":12,"enemies":"Slime Boss","floor":16,"turns":10},{"damage":23,"enemies":"2 Thieves","floor":18,"turns":4},{"damage":12,"enemies":"Shell Parasite","floor":21,"turns":4},{"damage":25,"enemies":"Shelled Parasite and Fungi","floor":22,"turns":5},{"damage":23,"enemies":"Gremlin Leader","floor":23,"turns":4}],"seed_played":"-2486630589504175732","potions_obtained":[{"floor":5,"key":"ColorlessPotion"},{"floor":7,"key":"Elixir"},{"floor":8,"key":"Block Potion"},{"floor":13,"key":"SpeedPotion"},{"floor":13,"key":"SteroidPotion"},{"floor":14,"key":"Strength Potion"},{"floor":16,"key":"Milkshake"}],"is_trial":false,"path_per_floor":["M","M","?","M","M","E","M","M","T","R","$","E","?","M","R","B",null,"M","?","$","M","M","E"],"character_chosen":"THE_SILENT","items_purchased":["After Image","Flying Knee+1","ReplayTheSpireMod:CursedCoin","Whetstone","War Paint"],"campfire_rested":2,"item_purchase_floors":[11,11,20,20,20],"current_hp_per_floor":[70,69,69,65,63,45,38,7,14,37,37,12,12,12,35,23,77,54,54,54,42,17,0,0],"gold":88,"neow_bonus":"THREE_CARDS","is_daily":false,"chose_seed":false,"campfire_upgraded":0,"win_rate":0.0,"timestamp":1609341247,"path_taken":["M","M","?","M","?","E","M","M","T","R","$","E","?","?","R","BOSS","M","?","$","M","?","E"],"items_purchased_type":["Card","Card","Relic","Relic","Relic"],"build_version":"2020-12-22","purchased_purges":1,"victory":false,"max_hp_per_floor":[70,70,70,70,70,70,70,70,77,77,77,77,77,77,77,77,77,77,77,77,77,77,77,77],"card_choices":[{"not_picked":["Sucker Punch","Deflect"],"picked":"Blade Dance","floor":0},{"not_picked":["Quick Slash","Bane"],"picked":"ReplayTheSpireMod:Scrap Shanks","floor":1},{"not_picked":["Deflect","Underhanded Strike"],"picked":"Sucker Punch","floor":2},{"not_picked":["Outmaneuver","hubris:SlightOfHand"],"picked":"Cloak And Dagger","floor":4},{"not_picked":["Blade Dance","Riddle With Holes"],"picked":"Envenom","floor":5},{"not_picked":["Prepared","Slice"],"picked":"Bane","floor":6},{"not_picked":["Heel Hook","Acrobatics"],"picked":"Sucker Punch","floor":7},{"not_picked":["Backflip","Deflect"],"picked":"Cloak And Dagger","floor":8},{"not_picked":["Bane","Flying Knee"],"picked":"Draining Mist","floor":12},{"not_picked":["Cloak And Dagger","Deadly Poison"],"picked":"Poisoned Stab","floor":13},{"not_picked":["Backflip","ReplayTheSpireMod:Scrap Shanks"],"picked":"Poisoned Stab","floor":14},{"not_picked":["Venomology","Night Terror"],"picked":"Poison Darts","floor":16},{"not_picked":["PiercingWail","Sucker Punch"],"picked":"Poisoned Stab+1","floor":18},{"not_picked":["Distraction+1","Outmaneuver"],"picked":"Heel Hook+1","floor":21},{"not_picked":["Escape Plan","Choke"],"picked":"hubris:Sniper+1","floor":22}],"player_experience":910414,"relics_obtained":[{"floor":6,"key":"Dota2Spire:DrumOfEndurance"},{"floor":9,"key":"Strawberry"},{"floor":12,"key":"StrikeDummy"},{"floor":13,"key":"Oddly Smooth Stone"}],"event_choices":[{"damage_healed":0,"gold_gain":0,"player_choice":"Trade","damage_taken":0,"relics_obtained":["CultistMask"],"max_hp_gain":0,"max_hp_loss":0,"event_name":"FaceTrader","floor":3,"gold_loss":0},{"damage_healed":0,"gold_gain":0,"player_choice":"1 cards matched","damage_taken":0,"max_hp_gain":0,"max_hp_loss":0,"event_name":"Match and Keep!","floor":19,"gold_loss":0,"cards_obtained":["Wraith Form v2"]}],"is_beta":false,"boss_relics":[{"not_picked":["Painkiller Herb","Calling Bell"],"picked":"WristBlade"}],"items_purged_floors":[20],"is_endless":false,"potions_floor_spawned":[5,7,8,14,16,22],"killed_by":"Gremlin Leader","ascension_level":0}}