{"host":"xazfs2cmso1lkipw","time":1609358806,"event":{"mods":["Arknights The Spire","BaseMod","Bestiary","Better Third Choice","Colored Powertips","Custom Start","Highlight Path","Mad Scientist","Marisa????????","Minty Spire (QoL Compilation)","Quick Restart","Railgun Mod","Relic Stats","Remilia??????","Shop Mod","StSLib","The Alterego","The Elementalist","The Servant 0.9.4","TheSwordswoman"],"gold_per_floor":[490,526,563,600,624,636,648,660,742,754,814,826,838,800,812,952,1036,1071,1038,1088,1097,835,835,874,914,914,963,1004,929,968,1015,1015,1147,1147,1179,1212,1235,1235,1276,1319,1363,1404,1404,1456,1499,1543,1584,1608,1608,1728,1728,1752,1779,1813,1710,1744,1784,1818,1818,1818],"floor_reached":59,"playtime":3098,"items_purged":[],"score":1681,"play_id":"376dac01-c977-4667-b3e3-c1aae7474aea","local_time":"20201231040646","daily_mods":["Hoarder","Time Dilation","Flight","DeadlyEvents","Elite Swarm","Lethality"],"is_ascension_mode":false,"campfire_choices":[{"data":"Echo Form","floor":6.0,"key":"SMITH"},{"data":"DevaForm","floor":7.0,"key":"SMITH"},{"data":"TheRailgun:Level_6","floor":8.0,"key":"SMITH"},{"data":"Echo Form","floor":12.0,"key":"SMITH"},{"data":"Echo Form","floor":13.0,"key":"SMITH"},{"data":"Echo Form","floor":15.0,"key":"SMITH"},{"data":"Demon Form","floor":23,"key":"SMITH"},{"data":"alterego_mod:BigMeatyClaws","floor":32,"key":"SMITH"},{"data":"alterego_mod:IndependentAction","floor":49,"key":"SMITH"}],"circlet_count":0,"master_deck":["Demon Form+1","Wraith Form v2","Echo Form+1","DevaForm+1","TheRailgun:Level_6+1","FlawlessForm","alterego_mod:Strike","alterego_mod:Strike","alterego_mod:Strike","alterego_mod:Strike","alterego_mod:Defend","alterego_mod:Defend+1","alterego_mod:Defend","alterego_mod:Defend","alterego_mod:Impale","alterego_mod:BigMeatyClaws+1","Echo Form+1","Echo Form+1","Echo Form+1","alterego_mod:Support+1","alterego_mod:Support+1","alterego_mod:Support+1","alterego_mod:Rip","alterego_mod:Rip","alterego_mod:Rip","alterego_mod:GoddessCore+1","alterego_mod:GoddessCore+1","alterego_mod:GoddessCore+1","alterego_mod:BiFurious+1","alterego_mod:BiFurious+1","alterego_mod:BiFurious+1","alterego_mod:Venus+1","alterego_mod:Venus+1","alterego_mod:Venus+1","alterego_mod:Belts+1","alterego_mod:Belts+1","alterego_mod:Belts+1","alterego_mod:Bunnysuit","alterego_mod:Bunnysuit","alterego_mod:Bunnysuit","alterego_mod:HighServant","alterego_mod:HighServant","alterego_mod:HighServant","alterego_mod:GoddessCore+1","alterego_mod:GoddessCore+1","alterego_mod:GoddessCore+1","alterego_mod:PainIsPleasure+1","alterego_mod:PainIsPleasure+1","alterego_mod:PainIsPleasure+1","alterego_mod:ClassAdvantage+1","alterego_mod:ClassAdvantage+1","alterego_mod:ClassAdvantage+1","alterego_mod:Skirt+1","alterego_mod:Skirt+1","alterego_mod:Skirt+1","alterego_mod:BiFurious+1","alterego_mod:BiFurious+1","alterego_mod:BiFurious+1","alterego_mod:Bounce+1","alterego_mod:Bounce+1","alterego_mod:Bounce+1","alterego_mod:Santa","alterego_mod:Santa","alterego_mod:Santa","J.A.X.","J.A.X.","J.A.X.","alterego_mod:Collar+1","alterego_mod:Collar+1","alterego_mod:Collar+1","alterego_mod:IndependentAction+1","alterego_mod:IndependentAction","alterego_mod:IndependentAction","alterego_mod:TrashNCrash","alterego_mod:TrashNCrash","alterego_mod:TrashNCrash","alterego_mod:PerceptionDisorder+1","alterego_mod:PerceptionDisorder+1","alterego_mod:PerceptionDisorder+1","Deep Breath","Deep Breath","Deep Breath+1","alterego_mod:Swimsuit+1","alterego_mod:Swimsuit+1","alterego_mod:Swimsuit+1","alterego_mod:Lingerie+1","alterego_mod:Lingerie+1","alterego_mod:Lingerie+1","alterego_mod:TrickOrTreatment+1","alterego_mod:TrickOrTreatment+1","alterego_mod:TrickOrTreatment+1","alterego_mod:Vow","alterego_mod:Vow","alterego_mod:Vow","alterego_mod:Mirror","alterego_mod:Mirror","alterego_mod:Mirror","alterego_mod:1TonWallop+1","alterego_mod:1TonWallop+1","alterego_mod:1TonWallop+1","alterego_mod:Birthday","alterego_mod:Birthday","alterego_mod:Birthday","alterego_mod:Clap","alterego_mod:Clap","alterego_mod:Clap","alterego_mod:SideboobHour+1","alterego_mod:SideboobHour+1","alterego_mod:SideboobHour+1","alterego_mod:Weigh+1","alterego_mod:Weigh+1","alterego_mod:Weigh+1","alterego_mod:Collar+1","alterego_mod:Collar+1","alterego_mod:Collar+1","alterego_mod:TrashNCrash+1","alterego_mod:TrashNCrash+1","alterego_mod:TrashNCrash+1","alterego_mod:Crossover+1","alterego_mod:Crossover+1","alterego_mod:Crossover+1","alterego_mod:MagicResistance","alterego_mod:MagicResistance+1","alterego_mod:MagicResistance","alterego_mod:Valentines+1","alterego_mod:Valentines+1","alterego_mod:Valentines+1","alterego_mod:SakuraPetals+1","alterego_mod:SakuraPetals+1","alterego_mod:SakuraPetals+1","alterego_mod:BustOut+1","alterego_mod:BustOut+1","alterego_mod:BustOut+1","alterego_mod:BrynhildrRomantia+1","alterego_mod:BrynhildrRomantia+1","alterego_mod:BrynhildrRomantia+1","alterego_mod:RingBreak+1","alterego_mod:RingBreak+1","alterego_mod:RingBreak+1","alterego_mod:Nekomimi+1","alterego_mod:Nekomimi+1","alterego_mod:Nekomimi+1","alterego_mod:DiscoLights+1","alterego_mod:DiscoLights+1","alterego_mod:DiscoLights+1","alterego_mod:VirginLaserPalladion+1","alterego_mod:VirginLaserPalladion+1","alterego_mod:VirginLaserPalladion+1","alterego_mod:Palingenesis+1","alterego_mod:Palingenesis+1","alterego_mod:Palingenesis+1","alterego_mod:Clones+1","alterego_mod:Clones+1","alterego_mod:Clones+1","alterego_mod:GachaTicket+1","alterego_mod:GachaTicket+1","alterego_mod:GachaTicket+1","alterego_mod:Stockings+1","alterego_mod:Stockings+1","alterego_mod:Stockings+1","alterego_mod:RidiculouslyBig","alterego_mod:RidiculouslyBig","alterego_mod:RidiculouslyBig","alterego_mod:BigMeatyClaws","alterego_mod:BigMeatyClaws","alterego_mod:BigMeatyClaws","alterego_mod:Nekomimi+1","alterego_mod:Nekomimi+1","alterego_mod:Nekomimi+1","alterego_mod:1TonWallop+1","alterego_mod:1TonWallop+1","alterego_mod:1TonWallop+1","alterego_mod:PresenceConcealment+1","alterego_mod:PresenceConcealment+1","alterego_mod:PresenceConcealment+1","alterego_mod:PurpleHair","alterego_mod:PurpleHair","alterego_mod:PurpleHair","alterego_mod:GIGAMILK","alterego_mod:GIGAMILK","alterego_mod:GIGAMILK"],"relics":["alterego_mod:MasochisticConstitution","alterego_mod:SistersRibbon","Anchor","Ancient Tea Set","Bag of Marbles","Bag of Preparation","Bird Faced Urn","Blood Vial","Bottled Tornado","Bronze Scales","Burning Blood","Calipers","CaptainsWheel","Centennial Puzzle","CeramicFish","Champion Belt","Charon\u0027s Ashes","Chemical X","ClockworkSouvenir","DollysMirror","Dream Catcher","Eternal Feather","FossilizedHelix","Frozen Egg 2","Frozen Eye","Ginger","Girya","GoldenEye","Gremlin Horn","HandDrill","Happy Flower","HornCleat","HoveringKite","Ice Cream","Incense Burner","InkBottle","Juzu Bracelet","Kunai","Lantern","Letter Opener","Lizard Tail","Magic Flower","MawBank","MealTicket","Meat on the Bone","Medical Kit","Membership Card","Mercury Hourglass","Molten Egg 2","Mummified Hand","Ninja Scroll","Nunchaku","Oddly Smooth Stone","Old Coin","OrangePellets","Orichalcum","Ornamental Fan","Orrery","Pantograph","Golden Idol","Du-Vu Doll","Tiny House","Prayer Wheel","Omamori","Regal Pillow","Shovel","Boot","Potion Belt","Tiny Chest","War Paint","StoneCalendar","Strawberry","Pear","SacredBark","Sling"],"acts_visited":["Exordium","TheCity","TheBeyond","Exordium"],"potions_floor_usage":[],"damage_taken":[{"damage":0.0,"enemies":"Cultist","floor":1.0,"turns":1.0},{"damage":0.0,"enemies":"Jaw Worm","floor":2.0,"turns":1.0},{"damage":0.0,"enemies":"Small Slimes","floor":3.0,"turns":1.0},{"damage":0.0,"enemies":"3 Louse","floor":4.0,"turns":1.0},{"damage":0.0,"enemies":"Blue Slaver","floor":5.0,"turns":1.0},{"damage":0.0,"enemies":"Gremlin Nob","floor":11.0,"turns":1.0},{"damage":0,"enemies":"Hexaghost","floor":16,"turns":2},{"damage":0,"enemies":"3 Byrds","floor":18,"turns":1},{"damage":0,"enemies":"Chosen","floor":24,"turns":1},{"damage":0,"enemies":"Slavers","floor":25,"turns":1},{"damage":0,"enemies":"Book of Stabbing","floor":27,"turns":2},{"damage":0,"enemies":"Centurion and Healer","floor":28,"turns":2},{"damage":0,"enemies":"Sentry and Sphere","floor":30,"turns":2},{"damage":0,"enemies":"Slavers","floor":31,"turns":1},{"damage":0,"enemies":"Automaton","floor":33,"turns":3},{"damage":0,"enemies":"Orb Walker","floor":35,"turns":1},{"damage":0,"enemies":"3 Darklings","floor":36,"turns":1},{"damage":0,"enemies":"Spire Growth","floor":37,"turns":2},{"damage":0,"enemies":"Maw","floor":39,"turns":3},{"damage":0,"enemies":"Nemesis","floor":40,"turns":2},{"damage":0,"enemies":"Giant Head","floor":41,"turns":6},{"damage":0,"enemies":"Writhing Mass","floor":42,"turns":2},{"damage":0,"enemies":"Reptomancer","floor":44,"turns":1},{"damage":13,"enemies":"Nemesis","floor":45,"turns":3},{"damage":0,"enemies":"Giant Head","floor":46,"turns":5},{"damage":0,"enemies":"4 Shapes","floor":47,"turns":1},{"damage":49,"enemies":"Transient","floor":48,"turns":5},{"damage":14,"enemies":"Donu and Deca","floor":50,"turns":4},{"damage":0,"enemies":"Small Slimes","floor":52,"turns":1},{"damage":0,"enemies":"3 Sentries","floor":54,"turns":1},{"damage":0,"enemies":"Cultist","floor":56,"turns":1},{"damage":0,"enemies":"Lagavulin","floor":57,"turns":3},{"damage":0,"enemies":"3 Sentries","floor":58,"turns":1},{"damage":0,"enemies":"Lagavulin","floor":59,"turns":1}],"seed_played":"5644766078352837016","potions_obtained":[{"floor":4.0,"key":"Fire Potion"},{"floor":5.0,"key":"GamblersBrew"},{"floor":11.0,"key":"DuplicationPotion"},{"floor":18,"key":"Regen Potion"},{"floor":24,"key":"SkillPotion"}],"is_trial":true,"path_per_floor":["M","M","M","M","M","R","R","R","T","?","E","R","R","?","R","B",null,"M","$","?","?","$","R","M","E","T","E","M","?","M","E","R","B",null,"M","M","M","?","M","E","E","M","T","E","E","E","M","M","R","B",null,"M","?","E","$","M","E","E","E"],"character_chosen":"The_Alterego","items_purchased":["alterego_mod:Bounce+1","alterego_mod:Santa","alterego_mod:Collar+1","alterego_mod:IndependentAction","alterego_mod:TrashNCrash","alterego_mod:PerceptionDisorder+1","Deep Breath","Prayer Wheel","Sling","alterego_mod:PresenceConcealment+1"],"campfire_rested":0,"item_purchase_floors":[19,19,22,22,22,22,22,22,55,55],"current_hp_per_floor":[70,70,70,70,70,70,70,70,70,53,68,70,70,70,70,70,75,75,75,75,75,75,75,75,75,75,75,75,75,75,75,75,75,75,75,75,75,75,75,75,75,75,75,75,80,93,97,77,98,99,99,99,99,99,99,99,103,103,103,103],"gold":1818,"neow_bonus":"","is_daily":false,"chose_seed":false,"campfire_upgraded":9,"win_rate":0.0,"timestamp":1609358806,"path_taken":["M","M","M","M","M","R","R","R","T","?","E","R","R","?","R","BOSS","M","$","?","?","$","R","M","E","T","E","M","?","M","E","R","BOSS","M","M","M","?","M","E","E","M","T","E","E","E","M","M","R","BOSS","M","?","?","$","M","E","?","E"],"items_purchased_type":["Card","Card","Card","Card","Card","Card","Card","Relic","Relic","Card"],"build_version":"2020-12-22","purchased_purges":0,"victory":false,"max_hp_per_floor":[70,70,70,70,70,70,70,70,70,70,70,70,70,70,70,70,75,75,75,75,75,75,75,75,75,75,75,75,75,75,75,75,75,75,75,75,75,75,75,75,75,75,75,75,83,93,97,98,98,99,99,99,99,99,99,99,103,103,103,103],"relic_stats":{"Regal Pillow":0,"Gremlin Horn":[26,26],"CeramicFish":495,"HoveringKite":[16],"Magic Flower":[25],"StoneCalendar":[0],"Bag of Preparation":[66],"Juzu Bracelet":2,"Ginger":[7],"Boot":[26],"Burning Blood":27,"Blood Vial":6,"Centennial Puzzle":[9],"Dream Catcher":0,"Lizard Tail":0,"Nunchaku":[22],"Shovel":0,"Mummified Hand":[124],"Pantograph":0,"MealTicket":0,"Prayer Wheel":12,"Tiny Chest":0,"HandDrill":[18],"Chemical X":[14],"Kunai":[55],"InkBottle":[36],"Happy Flower":[21],"counters":[34,64],"Golden Idol":226,"Eternal Feather":23,"Charon\u0027s Ashes":[480],"Letter Opener":[40],"Orichalcum":[18],"War Paint":["alterego_mod:MagicResistance","Deep Breath"],"GoldenEye":[6],"MawBank":228,"Medical Kit":[17],"Mercury Hourglass":[266],"OrangePellets":[10],"Ornamental Fan":[220],"Bird Faced Urn":[3],"Bronze Scales":[69],"Champion Belt":[71],"obtain_stats":[{"Ice Cream":0,"Calipers":0,"Tiny House":17,"Gremlin Horn":0,"CeramicFish":0,"HoveringKite":0,"Ginger":0,"Bottled Tornado":0,"Boot":31,"Sling":55,"Old Coin":0,"Blood Vial":0,"Centennial Puzzle":0,"Lizard Tail":0,"HornCleat":0,"DollysMirror":0,"Strawberry":45,"MealTicket":0,"Prayer Wheel":22,"HandDrill":0,"alterego_mod:SistersRibbon":0,"Kunai":0,"Girya":0,"alterego_mod:MasochisticConstitution":0,"Pear":46,"Happy Flower":0,"Oddly Smooth Stone":0,"Eternal Feather":0,"Charon\u0027s Ashes":0,"Letter Opener":0,"War Paint":43,"Du-Vu Doll":11,"OrangePellets":0,"Bird Faced Urn":0,"Bronze Scales":0,"Molten Egg 2":0,"Meat on the Bone":0,"Lantern":0,"Regal Pillow":26,"SacredBark":51,"Magic Flower":0,"StoneCalendar":44,"Bag of Preparation":0,"Incense Burner":0,"Juzu Bracelet":0,"Ancient Tea Set":0,"Burning Blood":0,"ClockworkSouvenir":0,"Frozen Eye":0,"Dream Catcher":0,"Nunchaku":0,"Shovel":27,"Mummified Hand":0,"Ninja Scroll":0,"Pantograph":9,"Tiny Chest":41,"Chemical X":0,"InkBottle":0,"Potion Belt":40,"Golden Idol":10,"Omamori":25,"Frozen Egg 2":0,"Orichalcum":0,"GoldenEye":0,"MawBank":0,"Medical Kit":0,"Mercury Hourglass":0,"Anchor":0,"CaptainsWheel":0,"Ornamental Fan":0,"Orrery":0,"Bag of Marbles":0,"Champion Belt":0,"Membership Card":0,"FossilizedHelix":0},{"Ice Cream":0,"Calipers":0,"Tiny House":7,"Gremlin Horn":0,"CeramicFish":0,"HoveringKite":0,"Ginger":0,"Bottled Tornado":0,"Boot":14,"Sling":30,"Old Coin":0,"Blood Vial":0,"Centennial Puzzle":0,"Lizard Tail":0,"HornCleat":0,"DollysMirror":0,"Strawberry":24,"MealTicket":0,"Prayer Wheel":8,"HandDrill":0,"alterego_mod:SistersRibbon":0,"Kunai":0,"Girya":0,"alterego_mod:MasochisticConstitution":0,"Pear":25,"Happy Flower":0,"Oddly Smooth Stone":0,"Eternal Feather":0,"Charon\u0027s Ashes":0,"Letter Opener":0,"War Paint":22,"Du-Vu Doll":6,"OrangePellets":0,"Bird Faced Urn":0,"Bronze Scales":0,"Molten Egg 2":0,"Meat on the Bone":0,"Lantern":0,"Regal Pillow":10,"SacredBark":28,"Magic Flower":0,"StoneCalendar":23,"Bag of Preparation":0,"Incense Burner":0,"Juzu Bracelet":0,"Ancient Tea Set":0,"Burning Blood":0,"ClockworkSouvenir":0,"Frozen Eye":0,"Dream Catcher":0,"Nunchaku":0,"Shovel":11,"Mummified Hand":0,"Ninja Scroll":0,"Pantograph":5,"Tiny Chest":21,"Chemical X":0,"InkBottle":0,"Potion Belt":20,"Golden Idol":5,"Omamori":10,"Frozen Egg 2":0,"Orichalcum":0,"GoldenEye":0,"MawBank":0,"Medical Kit":0,"Mercury Hourglass":0,"Anchor":0,"CaptainsWheel":0,"Ornamental Fan":0,"Orrery":0,"Bag of Marbles":0,"Champion Belt":0,"Membership Card":0,"FossilizedHelix":0},{"Ice Cream":0,"Calipers":0,"Tiny House":8,"Gremlin Horn":0,"CeramicFish":0,"HoveringKite":0,"Ginger":0,"Bottled Tornado":0,"Boot":18,"Sling":59,"Old Coin":0,"Blood Vial":0,"Centennial Puzzle":0,"Lizard Tail":0,"HornCleat":0,"DollysMirror":0,"Strawberry":42,"MealTicket":0,"Prayer Wheel":9,"HandDrill":0,"alterego_mod:SistersRibbon":0,"Kunai":0,"Girya":0,"alterego_mod:MasochisticConstitution":0,"Pear":47,"Happy Flower":0,"Oddly Smooth Stone":0,"Eternal Feather":0,"Charon\u0027s Ashes":0,"Letter Opener":0,"War Paint":38,"Du-Vu Doll":6,"OrangePellets":0,"Bird Faced Urn":0,"Bronze Scales":0,"Molten Egg 2":0,"Meat on the Bone":0,"Lantern":0,"Regal Pillow":11,"SacredBark":57,"Magic Flower":0,"StoneCalendar":39,"Bag of Preparation":0,"Incense Burner":0,"Juzu Bracelet":0,"Ancient Tea Set":0,"Burning Blood":0,"ClockworkSouvenir":0,"Frozen Eye":0,"Dream Catcher":0,"Nunchaku":0,"Shovel":13,"Mummified Hand":0,"Ninja Scroll":0,"Pantograph":5,"Tiny Chest":36,"Chemical X":0,"InkBottle":0,"Potion Belt":30,"Golden Idol":5,"Omamori":11,"Frozen Egg 2":0,"Orichalcum":0,"GoldenEye":0,"MawBank":0,"Medical Kit":0,"Mercury Hourglass":0,"Anchor":0,"CaptainsWheel":0,"Ornamental Fan":0,"Orrery":0,"Bag of Marbles":0,"Champion Belt":0,"Membership Card":0,"FossilizedHelix":0}],"Meat on the Bone":18},"card_choices":[{"not_picked":["alterego_mod:Maid+1","alterego_mod:Jiggle"],"picked":"alterego_mod:Support+1","floor":0.0},{"not_picked":["alterego_mod:RidiculouslyBig","alterego_mod:Complex+1"],"picked":"alterego_mod:Rip","floor":0.0},{"not_picked":["alterego_mod:DeftHands+1","alterego_mod:Mirror"],"picked":"alterego_mod:GoddessCore+1","floor":0.0},{"not_picked":["alterego_mod:Undulate","alterego_mod:Cycle"],"picked":"alterego_mod:BiFurious+1","floor":0.0},{"not_picked":["alterego_mod:DeftHands+1","alterego_mod:BustOut+1"],"picked":"alterego_mod:Venus+1","floor":0.0},{"not_picked":["alterego_mod:SakuraFive+1","alterego_mod:Birthday"],"picked":"alterego_mod:Belts+1","floor":1.0},{"not_picked":["alterego_mod:Rip","alterego_mod:Pet"],"picked":"alterego_mod:Bunnysuit","floor":2.0},{"not_picked":["alterego_mod:DeftHands+1","alterego_mod:Cooking"],"picked":"alterego_mod:HighServant","floor":3.0},{"not_picked":["alterego_mod:Table","alterego_mod:Skirt+1"],"picked":"alterego_mod:GoddessCore+1","floor":4.0},{"not_picked":["alterego_mod:Punishment+1","alterego_mod:MaintainEyeContact","alterego_mod:DiscoLights+1"],"picked":"SKIP","floor":5.0},{"not_picked":["alterego_mod:AlterEgo+1","alterego_mod:Venus+1"],"picked":"alterego_mod:PainIsPleasure+1","floor":11.0},{"not_picked":["alterego_mod:Alter","alterego_mod:STier"],"picked":"alterego_mod:ClassAdvantage+1","floor":16},{"not_picked":["alterego_mod:SuperDuperMasochism","alterego_mod:Cycle"],"picked":"alterego_mod:Skirt+1","floor":17},{"not_picked":["alterego_mod:GoddessCore+1","alterego_mod:Complex+1"],"picked":"alterego_mod:BiFurious+1","floor":18},{"not_picked":["alterego_mod:RocketPunch+1","alterego_mod:BiFurious+1"],"picked":"alterego_mod:Swimsuit+1","floor":24},{"not_picked":["alterego_mod:TrashNCrash+1","alterego_mod:ChallengeComplete+1"],"picked":"alterego_mod:Lingerie+1","floor":24},{"not_picked":["alterego_mod:PainIsPleasure+1","alterego_mod:STier"],"picked":"alterego_mod:TrickOrTreatment+1","floor":25},{"not_picked":["alterego_mod:PainIsPleasure+1","alterego_mod:AlterEgo+1"],"picked":"alterego_mod:Vow","floor":27},{"not_picked":["alterego_mod:Birthday","alterego_mod:Cooking"],"picked":"alterego_mod:Mirror","floor":28},{"not_picked":["alterego_mod:PerceptionDisorder+1","alterego_mod:Cooking"],"picked":"alterego_mod:1TonWallop+1","floor":28},{"not_picked":["alterego_mod:Bounce+1","alterego_mod:Cushion"],"picked":"alterego_mod:Birthday","floor":30},{"not_picked":["alterego_mod:HighServant","alterego_mod:Mirror+1"],"picked":"alterego_mod:Clap","floor":30},{"not_picked":["alterego_mod:VirginLaserPalladion+1","alterego_mod:STier"],"picked":"alterego_mod:SideboobHour+1","floor":31},{"not_picked":["alterego_mod:Antipathy","alterego_mod:RingBreak+1"],"picked":"alterego_mod:Weigh+1","floor":33},{"not_picked":["alterego_mod:Cushion","alterego_mod:Mirror+1"],"picked":"alterego_mod:Collar+1","floor":35},{"not_picked":["alterego_mod:Santa","alterego_mod:Cycle"],"picked":"alterego_mod:TrashNCrash+1","floor":35},{"not_picked":["alterego_mod:PerceptionDisorder+1","alterego_mod:MagicResistance+1"],"picked":"alterego_mod:Crossover+1","floor":36},{"not_picked":["alterego_mod:HighServant","alterego_mod:Valkyrie+1"],"picked":"alterego_mod:MagicResistance","floor":36},{"not_picked":["alterego_mod:SakuraPetals+1","alterego_mod:Schoolgirl"],"picked":"alterego_mod:Valentines+1","floor":37},{"not_picked":["alterego_mod:BiFurious+1","alterego_mod:SuperDuperMasochism","alterego_mod:Lingerie+1"],"picked":"SKIP","floor":37},{"not_picked":["alterego_mod:Undulate","alterego_mod:Nekomimi+1"],"picked":"alterego_mod:SakuraPetals+1","floor":39},{"not_picked":["alterego_mod:SakuraLabyrinth","alterego_mod:Cooking+1"],"picked":"alterego_mod:BustOut+1","floor":39},{"not_picked":["alterego_mod:AlterEgo+1","alterego_mod:Valkyrie+1"],"picked":"alterego_mod:BrynhildrRomantia+1","floor":40},{"not_picked":["alterego_mod:BrynhildrRomantia+1","alterego_mod:InsideBaseball+1"],"picked":"alterego_mod:RingBreak+1","floor":41},{"not_picked":["alterego_mod:Exercise+1","alterego_mod:Cushion"],"picked":"alterego_mod:Nekomimi+1","floor":42},{"not_picked":["alterego_mod:Punishment+1","alterego_mod:Birthday+1"],"picked":"alterego_mod:DiscoLights+1","floor":42},{"not_picked":["alterego_mod:Antipathy","alterego_mod:RingBreak+1"],"picked":"alterego_mod:VirginLaserPalladion+1","floor":44},{"not_picked":["alterego_mod:InsideBaseball+1","alterego_mod:VirginLaserPalladion+1","alterego_mod:TrickOrTreatment+1"],"picked":"SKIP","floor":45},{"not_picked":["alterego_mod:SideboobHour+1","alterego_mod:Antipathy"],"picked":"alterego_mod:Palingenesis+1","floor":46},{"not_picked":["alterego_mod:1TonWallop+1","alterego_mod:RocketPunch+1"],"picked":"alterego_mod:Clones+1","floor":47},{"not_picked":["alterego_mod:Pet","alterego_mod:GoddessCore+1"],"picked":"alterego_mod:GachaTicket+1","floor":47},{"not_picked":["alterego_mod:HighServant+1","alterego_mod:Jiggle+1"],"picked":"alterego_mod:Stockings+1","floor":48},{"not_picked":["alterego_mod:Lingerie+1","alterego_mod:Nekomimi+1","alterego_mod:Antipathy"],"picked":"SKIP","floor":48},{"not_picked":["alterego_mod:Skirt+1","alterego_mod:Bloomers"],"picked":"alterego_mod:RidiculouslyBig","floor":52},{"not_picked":["alterego_mod:Skirt+1","alterego_mod:DiscoLights+1","alterego_mod:Birthday"],"picked":"SKIP","floor":52},{"not_picked":["alterego_mod:ClassAdvantage+1","alterego_mod:Antipathy","alterego_mod:STier"],"picked":"SKIP","floor":54},{"not_picked":["alterego_mod:Maid+1","alterego_mod:Mirror"],"picked":"alterego_mod:PurpleHair","floor":56},{"not_picked":["alterego_mod:Mirror","alterego_mod:Clap","alterego_mod:Santa"],"picked":"SKIP","floor":56},{"not_picked":["alterego_mod:Alter","alterego_mod:Venus+1"],"picked":"alterego_mod:GIGAMILK","floor":57},{"not_picked":["alterego_mod:GIGAMILK","alterego_mod:SideboobHour+1","alterego_mod:Antipathy"],"picked":"SKIP","floor":58}],"player_experience":21040,"relics_obtained":[{"floor":9.0,"key":"Pantograph"},{"floor":11.0,"key":"Du-Vu Doll"},{"floor":25,"key":"Omamori"},{"floor":26,"key":"Regal Pillow"},{"floor":27,"key":"Shovel"},{"floor":31,"key":"Boot"},{"floor":40,"key":"Potion Belt"},{"floor":41,"key":"Tiny Chest"},{"floor":43,"key":"War Paint"},{"floor":44,"key":"StoneCalendar"},{"floor":45,"key":"Strawberry"},{"floor":46,"key":"Pear"}],"event_choices":[{"damage_healed":0.0,"max_hp_gain":0.0,"max_hp_loss":0.0,"gold_gain":0.0,"event_name":"Golden Idol","player_choice":"Take Damage","floor":10.0,"gold_loss":0.0,"damage_taken":17.0,"relics_obtained":["Golden Idol"]},{"cards_removed":["alterego_mod:BrynhildrsRune"],"damage_healed":0.0,"max_hp_gain":0.0,"max_hp_loss":0.0,"gold_gain":0.0,"event_name":"The Cleric","player_choice":"Card Removal","floor":14.0,"gold_loss":50.0,"damage_taken":0.0},{"damage_healed":0,"gold_gain":0,"player_choice":"Obtain J.A.X.","damage_taken":0,"max_hp_gain":0,"max_hp_loss":0,"event_name":"Drug Dealer","floor":21,"gold_loss":0,"cards_obtained":["J.A.X."]},{"cards_removed":["BatForm"],"damage_healed":0,"gold_gain":0,"player_choice":"Gave Gold","damage_taken":0,"max_hp_gain":0,"max_hp_loss":0,"event_name":"Beggar","floor":29,"gold_loss":75},{"damage_healed":0,"gold_gain":0,"player_choice":"Memory 1","damage_taken":0,"max_hp_gain":0,"max_hp_loss":0,"event_name":"SensoryStone","floor":38,"gold_loss":0},{"damage_healed":0,"gold_gain":0,"player_choice":"3 cards matched","damage_taken":0,"max_hp_gain":0,"max_hp_loss":0,"event_name":"Match and Keep!","floor":53,"gold_loss":0,"cards_obtained":["alterego_mod:BigMeatyClaws","alterego_mod:Nekomimi","alterego_mod:1TonWallop"]}],"is_beta":false,"boss_relics":[{"not_picked":["Cursed Key","Runic Pyramid"],"picked":"Tiny House"},{"not_picked":["Runic Dome","Fusion Hammer","Astrolabe"]},{"not_picked":["Velvet Choker","Empty Cage"],"picked":"SacredBark"}],"items_purged_floors":[],"is_endless":true,"potions_floor_spawned":[4,5,11,18,24,27,31,37,39,41,42,47,48,54],"killed_by":"Lagavulin","ascension_level":0}}