{"host":"8fjsnt81u6xsmhji","time":1609300674,"event":{"mods":["BaseMod","Beaked The Cultist","Colored Powertips","Downfall","Glutton Mod","Hermit","Minty Spire (QoL Compilation)","Quick Restart","StSLib","The Bug Knight","The Forsaken","The Hierophant"],"gold_per_floor":[99,112,122,138,149,164,164,180,210,210,60,78,96,96,110,209,209,209,222,239,259,270,270,270,270,304,304,339,349,274,288,301,397,397,397,413,426,438,438,438,438,109,137,148,165,176,176,194,206,206],"floor_reached":51,"playtime":5915,"items_purged":[],"score":765,"play_id":"87d77801-0ea9-40ed-a587-c7a4328428d5","local_time":"20201229215754","is_ascension_mode":true,"campfire_choices":[{"floor":1.0,"key":"RECALL"},{"floor":11.0,"key":"REST"},{"floor":25.0,"key":"REST"},{"floor":30.0,"key":"REST"},{"data":"Guardian:Orbwalk","floor":35.0,"key":"SMITH"},{"floor":40,"key":"DIG"},{"floor":47,"key":"REST"}],"circlet_count":0,"master_deck":["Guardian:Strike_Guardian","Guardian:Strike_Guardian","Guardian:Strike_Guardian","Guardian:Strike_Guardian","Guardian:Defend_Guardian","Guardian:Defend_Guardian","Guardian:Defend_Guardian","Guardian:Defend_Guardian","Guardian:CurlUp","Guardian:TwinSlam","Guardian:TemporalShield","Guardian:ShieldCharger","Guardian:Suspension","Guardian:Recover","Guardian:PrismaticBeam","Guardian:CrystalBeam","Guardian:TemporalStrike","Guardian:BronzeArmor","RitualDagger","Guardian:Clone+1","Guardian:ExploitGems","Guardian:Recover","Guardian:Orbwalk+1","Guardian:StasisField","Guardian:Incinerate+1","Guardian:FloatingOrbs","Guardian:PiercingHide","Sadistic Nature","Guardian:PrismaticBarrier","Parasite","Guardian:PolyBeam","Guardian:SpikerProtocol","Guardian:Clone+1"],"relics":["Guardian:ModeShifter","Guardian:PickAxe","downfall:HeartBlessingRed","downfall:HeartBlessingBlue","Happy Flower","SlaversCollar","Shovel","Turnip","hexamod:BolsterEngine","downfall:HeartBlessingGreen","Meat on the Bone","Eternal Feather","Lee\u0027s Waffle","PreservedInsect"],"acts_visited":["Exordium","TheCity","TheBeyond"],"potions_floor_usage":[38,43,49,50,50],"damage_taken":[{"damage":1.0,"enemies":"Jaw Worm","floor":2.0,"turns":4.0},{"damage":0.0,"enemies":"2 Louse","floor":3.0,"turns":2.0},{"damage":0.0,"enemies":"Small Slimes","floor":4.0,"turns":3.0},{"damage":30.0,"enemies":"Gremlin Gang","floor":5.0,"turns":8.0},{"damage":10.0,"enemies":"Large Slime","floor":6.0,"turns":8.0},{"damage":0.0,"enemies":"3 Louse","floor":8.0,"turns":4.0},{"damage":4.0,"enemies":"3 Louse","floor":10.0,"turns":6.0},{"damage":6.0,"enemies":"2 Fungi Beasts","floor":12.0,"turns":3.0},{"damage":5.0,"enemies":"Large Slime","floor":13.0,"turns":7.0},{"damage":2.0,"enemies":"Blue Slaver","floor":15.0,"turns":3.0},{"damage":20.0,"enemies":"downfall:Ironclad","floor":16.0,"turns":9.0},{"damage":3.0,"enemies":"Chosen","floor":19.0,"turns":3.0},{"damage":7.0,"enemies":"Spheric Guardian","floor":20.0,"turns":6.0},{"damage":13.0,"enemies":"Centurion and Healer","floor":21.0,"turns":6.0},{"damage":13.0,"enemies":"3 Cultists","floor":22.0,"turns":6.0},{"damage":15.0,"enemies":"Slavers","floor":26.0,"turns":5.0},{"damage":35.0,"enemies":"Book of Stabbing","floor":28.0,"turns":6.0},{"damage":16.0,"enemies":"Shelled Parasite and Fungi","floor":29.0,"turns":4.0},{"damage":0.0,"enemies":"Centurion and Healer","floor":31.0,"turns":4.0},{"damage":2.0,"enemies":"Snecko","floor":32.0,"turns":6.0},{"damage":20.0,"enemies":"downfall:Watcher","floor":33.0,"turns":10.0},{"damage":0.0,"enemies":"Orb Walker","floor":36.0,"turns":4.0},{"damage":7.0,"enemies":"3 Darklings","floor":37.0,"turns":7.0},{"damage":19,"enemies":"Jaw Worm Horde","floor":38,"turns":5},{"damage":0,"enemies":"downfall:FleeingMerchant","floor":42,"turns":4},{"damage":40,"enemies":"Reptomancer","floor":43,"turns":7},{"damage":36,"enemies":"Writhing Mass","floor":44,"turns":6},{"damage":17,"enemies":"Sphere and 2 Shapes","floor":45,"turns":6},{"damage":16,"enemies":"Jaw Worm Horde","floor":46,"turns":4},{"damage":37,"enemies":"Transient","floor":48,"turns":5},{"damage":17,"enemies":"3 Darklings","floor":49,"turns":5},{"damage":16,"enemies":"downfall:Defect","floor":50,"turns":9}],"seed_played":"-373174250117912954","potions_obtained":[{"floor":2.0,"key":"Strength Potion"},{"floor":3.0,"key":"SkillPotion"},{"floor":15.0,"key":"AttackPotion"},{"floor":16.0,"key":"Energy Potion"},{"floor":20.0,"key":"FairyPotion"},{"floor":22.0,"key":"DistilledChaos"},{"floor":26.0,"key":"SmokeBomb"},{"floor":28.0,"key":"Guardian:DefensiveModePotion"},{"floor":33.0,"key":"Guardian:DefensiveModePotion"},{"floor":36.0,"key":"SkillPotion"},{"floor":43,"key":"EssenceOfSteel"},{"floor":48,"key":"hexamod:EctoCoolerPotion"},{"floor":49,"key":"DistilledChaos"}],"is_trial":false,"path_per_floor":["R","M","M","M","M","M","T","M","?","?","R","M","M","?","M","B",null,"R","M","M","M","M","?","T","R","E","R","E","M","R","M","M","B",null,"R","M","M","M","?","R","T","$","E","M","M","M","R","M","M","B",null],"character_chosen":"GUARDIAN","items_purchased":["Sadistic Nature","Lee\u0027s Waffle"],"campfire_rested":4,"item_purchase_floors":[42,42],"current_hp_per_floor":[88,87,87,87,57,47,47,47,47,37,76,70,65,65,63,43,98,98,95,88,75,62,56,56,85,70,70,35,19,48,48,46,26,98,98,98,91,72,72,72,72,105,65,41,36,32,81,56,51,47],"gold":206,"neow_bonus":"TEN_PERCENT_HP_BONUS","is_daily":false,"chose_seed":false,"campfire_upgraded":1,"win_rate":0.0,"timestamp":1609300674,"path_taken":["R","M","M","M","M","M","T","M","?","?","R","M","M","?","M","BOSS","R","M","M","M","?","?","T","R","E","R","E","M","R","M","M","BOSS","R","M","M","M","?","R","T","$","E","M","M","M","R","M","M","BOSS"],"items_purchased_type":["Card","Relic"],"build_version":"2020-12-22","purchased_purges":0,"victory":true,"max_hp_per_floor":[88,88,88,88,88,88,88,88,88,88,98,98,98,98,98,98,98,98,98,98,98,98,98,98,98,98,98,98,98,98,98,98,98,98,98,98,98,98,98,98,98,105,105,105,105,105,105,105,105,105],"card_choices":[{"not_picked":["Guardian:CrystalBeam","Guardian:Gem_Fragmented"],"picked":"Guardian:Gem_Crimson","floor":2.0},{"not_picked":["Guardian:Suspension","Guardian:Gem_Cyan"],"picked":"Guardian:TemporalShield","floor":3.0},{"not_picked":["Guardian:Gem_Yellow","Guardian:Orbwalk"],"picked":"Guardian:ShieldCharger","floor":4.0},{"not_picked":["Guardian:Gem_Blue","Guardian:ShieldCharger"],"picked":"Guardian:Suspension","floor":5.0},{"not_picked":["Guardian:WalkerClaw","Guardian:TemporalStrike"],"picked":"Guardian:Recover","floor":6.0},{"not_picked":["Guardian:Emergency","Guardian:Planning"],"picked":"Guardian:PrismaticBeam","floor":8.0},{"not_picked":["Guardian:TemporalStrike","Guardian:HyperBeam_Guardian"],"picked":"Guardian:CrystalBeam","floor":12.0},{"not_picked":["Guardian:ShieldSpikes","Guardian:TemporalShield"],"picked":"Guardian:TemporalStrike","floor":13.0},{"not_picked":["Guardian:Planning","Guardian:CrystalBeam"],"picked":"Guardian:Gem_Lightblue","floor":15.0},{"not_picked":["Guardian:SphericShield","Guardian:TimeSifter"],"picked":"Guardian:Gem_Synthetic","floor":16.0},{"not_picked":["Guardian:TimeBomb","Guardian:ShieldCharger"],"picked":"Guardian:BronzeArmor","floor":19.0},{"not_picked":["Guardian:PolyBeam+1","Guardian:RollAttack","Guardian:PrimingBeam"],"picked":"SKIP","floor":20.0},{"not_picked":["Guardian:PrimingBeam+1","Guardian:Planning+1","Guardian:TemporalShield"],"picked":"SKIP","floor":21.0},{"not_picked":["Guardian:WalkerClaw","Guardian:Gem_Green"],"picked":"Guardian:Gem_Crimson","floor":22.0},{"not_picked":["Guardian:Suspension+1","Guardian:SentryBeam"],"picked":"Guardian:Clone+1","floor":26.0},{"not_picked":["Guardian:Incinerate","Guardian:PiercingHide"],"picked":"Guardian:ExploitGems","floor":28.0},{"not_picked":["Guardian:Suspension","Guardian:WalkerClaw+1"],"picked":"Guardian:Recover","floor":29.0},{"not_picked":["Guardian:ChargeCore","Guardian:Clone"],"picked":"Guardian:Orbwalk","floor":31.0},{"not_picked":["Guardian:Incinerate","Guardian:WalkerClaw+1"],"picked":"Guardian:Gem_Purple","floor":32.0},{"not_picked":["Guardian:Gem_Orange","Guardian:CompilePackage"],"picked":"Guardian:StasisField","floor":33.0},{"not_picked":["Guardian:Recover+1","Guardian:MultiBeam+1"],"picked":"Guardian:Incinerate+1","floor":36.0},{"not_picked":["Guardian:Preprogram","Guardian:VentSteam"],"picked":"Guardian:FloatingOrbs","floor":37.0},{"not_picked":["Guardian:Reroute+1","Guardian:Gem_Purple"],"picked":"Guardian:PiercingHide","floor":38},{"not_picked":["Guardian:PrismaticBarrier+1","Guardian:CrystalBeam+1"],"picked":"Guardian:Gem_Blue","floor":42},{"not_picked":["Guardian:Planning+1","Guardian:RevengeProtocol"],"picked":"Guardian:PrismaticBarrier","floor":43},{"not_picked":["Guardian:Harden","Guardian:VentSteam","Guardian:TemporalShield+1"],"picked":"SKIP","floor":44},{"not_picked":["Guardian:SpikerProtocol+1","Guardian:Recover"],"picked":"Guardian:PolyBeam","floor":45},{"not_picked":["Guardian:ChargeUp","Guardian:ArmoredProtocol"],"picked":"Guardian:Gem_Red","floor":46},{"not_picked":["Guardian:Gem_Green","Guardian:RollAttack+1"],"picked":"Guardian:SpikerProtocol","floor":48},{"not_picked":["Guardian:Gem_Red","Guardian:VentSteam"],"picked":"Guardian:Clone+1","floor":49}],"player_experience":612363,"relics_obtained":[{"floor":14.0,"key":"Happy Flower"},{"floor":24.0,"key":"Shovel"},{"floor":26.0,"key":"Turnip"},{"floor":28.0,"key":"hexamod:BolsterEngine"},{"floor":40,"key":"Meat on the Bone"},{"floor":41,"key":"Eternal Feather"},{"floor":43,"key":"PreservedInsect"}],"event_choices":[{"damage_healed":0.0,"max_hp_gain":0.0,"max_hp_loss":0.0,"gold_gain":0.0,"event_name":"Wheel of Change","player_choice":"Relic","floor":14.0,"gold_loss":0.0,"damage_taken":0.0}],"is_beta":false,"boss_relics":[{"not_picked":["Black Star","Calling Bell"],"picked":"SlaversCollar"},{"not_picked":["Coffee Dripper","Runic Dome","theForsaken:PaleLantern"]}],"items_purged_floors":[],"is_endless":false,"potions_floor_spawned":[2,3,15,16,20,22,26,28,33,36,43,48,49],"ascension_level":2}}