{"host":"ih10tpa8asnmlfvv","time":1609360286,"event":{"mods":["BaseMod","Minty Spire (QoL Compilation)","StSLib","The Poker Player"],"gold_per_floor":[111,111,111,111,131,162,177,47,47,57,73,87,87,101,101,200,200,216,141,141,156,166,166,166,166,166,178,198,198,223,123,123,220,220,238,250,1249,1262,1282,1282,1316,1316,1316,936,936,846,857,873,873,873,873,873,77,102,102],"floor_reached":56,"playtime":3969,"items_purged":["PokerPlayerMod:Spade1","PokerPlayerMod:Club1","Normality","Parasite"],"score":1326,"play_id":"14f29c04-7aaa-4c72-9f75-523f1b6c9d3f","local_time":"20201231053126","is_ascension_mode":false,"metric_token":286,"campfire_choices":[{"data":"PokerPlayerMod:Diamond3","floor":13.0,"key":"SMITH"},{"data":"PokerPlayerMod:Spade3","floor":15.0,"key":"SMITH"},{"data":"PokerPlayerMod:Promotion","floor":23.0,"key":"SMITH"},{"data":"PokerPlayerMod:Club2","floor":25.0,"key":"SMITH"},{"data":"PokerPlayerMod:Club3","floor":29.0,"key":"SMITH"},{"floor":32.0,"key":"RECALL"},{"data":"PokerPlayerMod:Diamond2","floor":40.0,"key":"SMITH"},{"data":"PokerPlayerMod:Diamond3","floor":42.0,"key":"SMITH"},{"data":"PokerPlayerMod:Heart2","floor":45.0,"key":"SMITH"},{"data":"PokerPlayerMod:Heart3","floor":49,"key":"SMITH"},{"data":"PokerPlayerMod:TrumpStrike","floor":52,"key":"SMITH"}],"circlet_count":0,"master_deck":["PokerPlayerMod:Diamond4","PokerPlayerMod:Diamond4","PokerPlayerMod:Diamond4","PokerPlayerMod:Spade2","PokerPlayerMod:Spade4","PokerPlayerMod:Spade4","PokerPlayerMod:Club4","PokerPlayerMod:Heart4","PokerPlayerMod:TrumpStrike+1","PokerPlayerMod:BadJoker+1","PokerPlayerMod:Mulligan+1","PokerPlayerMod:Club4","PokerPlayerMod:Diamond4","PokerPlayerMod:Promotion+1","PokerPlayerMod:Club4","PokerPlayerMod:Diamond5","PokerPlayerMod:Club4","PokerPlayerMod:Spade4","PokerPlayerMod:HiddenCard"],"relics":["PokerPlayerMod:DeckCase","CaptainsWheel","War Paint","Black Star","TungstenRod","Toy Ornithopter","Tiny Chest","SlaversCollar","MealTicket","Kunai","Oddly Smooth Stone","Lee\u0027s Waffle","ClockworkSouvenir","PokerPlayerMod:FairLicense","Pantograph","Happy Flower","PokerPlayerMod:StuffedPocket"],"acts_visited":["Exordium","TheCity","TheBeyond","TheEnding"],"potions_floor_usage":[50,55,55],"damage_taken":[{"damage":1.0,"enemies":"Small Slimes","floor":1.0,"turns":2.0},{"damage":0.0,"enemies":"Cultist","floor":5.0,"turns":2.0},{"damage":0.0,"enemies":"Lagavulin","floor":6.0,"turns":8.0},{"damage":0.0,"enemies":"2 Louse","floor":7.0,"turns":2.0},{"damage":0.0,"enemies":"2 Fungi Beasts","floor":10.0,"turns":2.0},{"damage":0.0,"enemies":"Lots of Slimes","floor":11.0,"turns":1.0},{"damage":2.0,"enemies":"Blue Slaver","floor":12.0,"turns":2.0},{"damage":0.0,"enemies":"Large Slime","floor":14.0,"turns":3.0},{"damage":0.0,"enemies":"Hexaghost","floor":16.0,"turns":6.0},{"damage":0.0,"enemies":"Spheric Guardian","floor":18.0,"turns":1.0},{"damage":0.0,"enemies":"3 Byrds","floor":21.0,"turns":2.0},{"damage":0.0,"enemies":"Sentry and Sphere","floor":22.0,"turns":4.0},{"damage":0.0,"enemies":"3 Cultists","floor":27.0,"turns":2.0},{"damage":5.0,"enemies":"Centurion and Healer","floor":28.0,"turns":3.0},{"damage":15.0,"enemies":"Slavers","floor":30.0,"turns":3.0},{"damage":10.0,"enemies":"Collector","floor":33.0,"turns":6.0},{"damage":0.0,"enemies":"3 Darklings","floor":35.0,"turns":1.0},{"damage":0.0,"enemies":"3 Shapes","floor":36.0,"turns":1.0},{"damage":10.0,"enemies":"Maw","floor":38.0,"turns":7.0},{"damage":0.0,"enemies":"4 Shapes","floor":39.0,"turns":3.0},{"damage":29.0,"enemies":"Reptomancer","floor":41.0,"turns":6.0},{"damage":8,"enemies":"Writhing Mass","floor":47,"turns":4},{"damage":0,"enemies":"Transient","floor":48,"turns":5},{"damage":46,"enemies":"Awakened One","floor":50,"turns":14},{"damage":0,"enemies":"Shield and Spear","floor":54,"turns":4},{"damage":95,"enemies":"The Heart","floor":55,"turns":11}],"seed_played":"-4748267470515439996","potions_obtained":[{"floor":4.0,"key":"FairyPotion"},{"floor":4.0,"key":"EntropicBrew"},{"floor":4.0,"key":"EssenceOfSteel"},{"floor":5.0,"key":"EssenceOfSteel"},{"floor":6.0,"key":"Fruit Juice"},{"floor":10.0,"key":"DuplicationPotion"},{"floor":12.0,"key":"Explosive Potion"},{"floor":16.0,"key":"Weak Potion"},{"floor":27.0,"key":"Strength Potion"},{"floor":35.0,"key":"Dexterity Potion"},{"floor":38.0,"key":"LiquidBronze"},{"floor":39.0,"key":"Weak Potion"},{"floor":47,"key":"Ancient Potion"}],"is_trial":false,"path_per_floor":["M","?","?","?","M","E","M","$","T","M","M","M","R","M","R","B",null,"M","?","?","M","M","R","?","R","T","M","M","R","E","$","R","B",null,"M","M","?","M","M","R","E","R","T","$","R","?","M","M","R","B",null,"R","$","E","B",null],"character_chosen":"THE_POKER_PLAYER","items_purchased":["PokerPlayerMod:Club4","Lee\u0027s Waffle","SmokeBomb","ClockworkSouvenir","PokerPlayerMod:FairLicense","Pantograph","EssenceOfSteel","PokerPlayerMod:HiddenCard"],"campfire_rested":0,"item_purchase_floors":[8,44,44,53,53,53,53,53],"current_hp_per_floor":[49,42,35,35,39,46,49,49,49,52,52,50,50,53,53,58,67,67,67,67,67,67,67,67,67,67,67,67,67,52,52,52,53,67,67,67,67,57,63,63,44,44,44,74,74,74,71,74,74,42,74,74,71,71,12],"gold":102,"neow_bonus":"TWENTY_PERCENT_HP_BONUS","is_daily":false,"chose_seed":false,"campfire_upgraded":10,"win_rate":0.0,"timestamp":1609360286,"path_taken":["M","?","?","?","M","E","M","$","T","M","M","M","R","?","R","BOSS","M","?","?","M","?","R","?","R","T","M","M","R","E","$","R","BOSS","M","M","?","M","M","R","E","R","T","$","R","?","?","M","R","BOSS","R","$","E","BOSS"],"items_purchased_type":["Card","Relic","Potion","Relic","Relic","Relic","Potion","Card"],"build_version":"2020-12-22","purchased_purges":4,"victory":true,"max_hp_per_floor":[62,62,62,62,62,67,67,67,67,67,67,67,67,67,67,67,67,67,67,67,67,67,67,67,67,67,67,67,67,67,67,67,67,67,67,67,67,67,67,67,67,67,67,74,74,74,74,74,74,74,74,74,71,71,71],"card_choices":[{"not_picked":["PokerPlayerMod:CardBurn","PokerPlayerMod:Spade1","PokerPlayerMod:Overdeal"],"picked":"SKIP","floor":1.0},{"not_picked":["PokerPlayerMod:SpadeStrike","PokerPlayerMod:Raise","PokerPlayerMod:Spade3"],"picked":"SKIP","floor":5.0},{"not_picked":["PokerPlayerMod:DiamondStrike","PokerPlayerMod:Diamond2","PokerPlayerMod:Diamond1"],"picked":"SKIP","floor":6.0},{"not_picked":["PokerPlayerMod:Diamond1","PokerPlayerMod:FakeSymbols","PokerPlayerMod:Heart2"],"picked":"SKIP","floor":7.0},{"not_picked":["PokerPlayerMod:Sharpen","PokerPlayerMod:Spade8"],"picked":"PokerPlayerMod:Diamond4","floor":10.0},{"not_picked":["PokerPlayerMod:Diamond2","PokerPlayerMod:Diamond5","PokerPlayerMod:Spade3"],"picked":"SKIP","floor":11.0},{"not_picked":["PokerPlayerMod:ClubShade","PokerPlayerMod:Diamond10+","PokerPlayerMod:Diamond3"],"picked":"SKIP","floor":12.0},{"not_picked":["PokerPlayerMod:Trickery","PokerPlayerMod:HeartStrike","PokerPlayerMod:MagicTrick"],"picked":"SKIP","floor":14.0},{"not_picked":["PokerPlayerMod:Club10+","PokerPlayerMod:TheDieIsCast"],"picked":"PokerPlayerMod:Promotion","floor":16.0},{"not_picked":["PokerPlayerMod:Heart1","PokerPlayerMod:Trickery","PokerPlayerMod:ClubsClub+1"],"picked":"SKIP","floor":18.0},{"not_picked":["PokerPlayerMod:MagicTrick","PokerPlayerMod:SpadeStrike","PokerPlayerMod:CloakAndDiamond"],"picked":"SKIP","floor":21.0},{"not_picked":["PokerPlayerMod:CloakAndDiamond","PokerPlayerMod:Diamond2"],"picked":"PokerPlayerMod:Club4","floor":22.0},{"not_picked":["PokerPlayerMod:Spade1","PokerPlayerMod:Trickery","PokerPlayerMod:CloakAndDiamond"],"picked":"SKIP","floor":27.0},{"not_picked":["PokerPlayerMod:Spade1","PokerPlayerMod:Diamond1","PokerPlayerMod:MagicTrick+1"],"picked":"SKIP","floor":28.0},{"not_picked":["PokerPlayerMod:Sharpen","PokerPlayerMod:CloakAndDiamond+1","PokerPlayerMod:Diamond9"],"picked":"SKIP","floor":30.0},{"not_picked":["PokerPlayerMod:Trickery","PokerPlayerMod:Diamond1"],"picked":"PokerPlayerMod:Diamond4","floor":35.0},{"not_picked":["PokerPlayerMod:Club2","PokerPlayerMod:Diamond6","PokerPlayerMod:Diamond5"],"picked":"SKIP","floor":36.0},{"not_picked":["PokerPlayerMod:Heart5","PokerPlayerMod:Heart1","PokerPlayerMod:FlyingCard"],"picked":"SKIP","floor":38.0},{"not_picked":["PokerPlayerMod:Club1","PokerPlayerMod:VarietyAttack","PokerPlayerMod:Extraction"],"picked":"SKIP","floor":39.0},{"not_picked":["PokerPlayerMod:Spade7","PokerPlayerMod:Club8"],"picked":"PokerPlayerMod:Club4","floor":41.0},{"not_picked":["PokerPlayerMod:Spade2","PokerPlayerMod:CardBurn+1"],"picked":"PokerPlayerMod:Spade4","floor":47},{"not_picked":["PokerPlayerMod:Diamond1","PokerPlayerMod:MagicTrick","PokerPlayerMod:CardBurn"],"picked":"SKIP","floor":48},{"not_picked":["PokerPlayerMod:Diamond2","PokerPlayerMod:Heart2","PokerPlayerMod:JackOfSpades+1"],"picked":"SKIP","floor":54}],"player_experience":75113,"relics_obtained":[{"floor":6.0,"key":"War Paint"},{"floor":26.0,"key":"TungstenRod"},{"floor":30.0,"key":"Toy Ornithopter"},{"floor":30.0,"key":"Tiny Chest"},{"floor":41.0,"key":"MealTicket"},{"floor":41.0,"key":"Kunai"},{"floor":43.0,"key":"Oddly Smooth Stone"},{"floor":54,"key":"Happy Flower"},{"floor":54,"key":"PokerPlayerMod:StuffedPocket"}],"event_choices":[{"cards_removed":["PokerPlayerMod:Diamond1"],"damage_healed":0.0,"max_hp_gain":0.0,"max_hp_loss":0.0,"gold_gain":0.0,"event_name":"Golden Wing","player_choice":"Card Removal","floor":2.0,"gold_loss":0.0,"damage_taken":7.0},{"damage_healed":0.0,"max_hp_gain":0.0,"max_hp_loss":0.0,"gold_gain":0.0,"event_name":"Scrap Ooze","player_choice":"Success","floor":3.0,"gold_loss":0.0,"damage_taken":7.0,"relics_obtained":["CaptainsWheel"]},{"damage_healed":0.0,"max_hp_gain":0.0,"max_hp_loss":0.0,"gold_gain":0.0,"event_name":"Lab","player_choice":"Got Potions","floor":4.0,"gold_loss":0.0,"damage_taken":0.0},{"cards_removed":["PokerPlayerMod:Diamond5"],"damage_healed":0.0,"max_hp_gain":0.0,"max_hp_loss":0.0,"gold_gain":0.0,"event_name":"Beggar","player_choice":"Gave Gold","floor":19.0,"gold_loss":75.0,"damage_taken":0.0},{"damage_healed":0.0,"max_hp_gain":0.0,"max_hp_loss":0.0,"gold_gain":0.0,"event_name":"The Woman in Blue","player_choice":"Bought 0 Potions","floor":20.0,"gold_loss":0.0,"damage_taken":0.0},{"damage_healed":0.0,"max_hp_gain":0.0,"max_hp_loss":0.0,"gold_gain":0.0,"event_name":"Ghosts","player_choice":"Ignored","floor":24.0,"gold_loss":0.0,"damage_taken":0.0},{"damage_healed":0.0,"max_hp_gain":0.0,"max_hp_loss":0.0,"gold_gain":999.0,"event_name":"MindBloom","player_choice":"Gold","floor":37.0,"gold_loss":0.0,"damage_taken":0.0,"cards_obtained":["Normality","Normality"]},{"cards_removed":["Normality"],"damage_healed":0.0,"max_hp_gain":0.0,"max_hp_loss":0.0,"gold_gain":0.0,"event_name":"Designer","player_choice":"Upgrade and Remove","floor":46.0,"gold_loss":90.0,"damage_taken":0.0,"cards_upgraded":["PokerPlayerMod:Diamond5"]}],"is_beta":false,"boss_relics":[{"not_picked":["Runic Dome","Velvet Choker"],"picked":"Black Star"},{"not_picked":["PokerPlayerMod:AceCard","Fusion Hammer"],"picked":"SlaversCollar"}],"items_purged_floors":[8,31,44,53],"is_endless":false,"potions_floor_spawned":[5,6,10,12,16,22,27,30,35,38,39,47],"ascension_level":0}}