{"host":"p9t7qd83igtcp2bh","time":1609310077,"event":{"mods":["2.2 Compatiblity","AchievementEnabler","BaseMod","Colored Map","Colored Powertips","Custom Start","DeckTracker","Keyboard Shortcuts","Minty Spire (QoL Compilation)","Permanent Neow","StSLib","SuperFastMode","everything is the same but u backflip on backflip"],"gold_per_floor":[111,111,386,401,421,451,5,5,5,20,20,20,54,54,54,150,150,171,171,189,38,38,72,90,90,90,90,131,150,5,23,23,23,23],"floor_reached":33,"playtime":908,"items_purged":["Regret","Strike_G"],"score":538,"play_id":"f5273123-ea6d-4c45-bc2a-7428af8fb5a7","local_time":"20201230153437","is_ascension_mode":true,"campfire_choices":[{"floor":8.0,"key":"REST"},{"data":"Bouncing Flask","floor":12.0,"key":"SMITH"},{"floor":15.0,"key":"REST"},{"floor":25.0,"key":"REST"},{"data":"Reflex","floor":27,"key":"SMITH"},{"data":"Finisher","floor":32,"key":"SMITH"}],"circlet_count":0,"master_deck":["AscendersBane","Strike_G","Strike_G","Defend_G","Defend_G","Defend_G","Defend_G","Survivor","Neutralize","Flying Knee","Quick Slash","Bouncing Flask+1","Glass Knife","Reflex+1","Dagger Throw","Crippling Poison","Adrenaline","Adrenaline","Tactician","Backflip","Deflect","Finisher+1","Storm of Steel","Setup+1","Cloak And Dagger+1"],"relics":["Ring of the Snake","Bag of Marbles","Ice Cream","Singing Bowl","Pear","Golden Idol","Kunai","Turnip","Cursed Key","Orrery","Centennial Puzzle","Toxic Egg 2"],"acts_visited":["Exordium","TheCity"],"potions_floor_usage":[33,33],"damage_taken":[{"damage":0.0,"enemies":"Small Slimes","floor":1.0,"turns":6.0},{"damage":3.0,"enemies":"Cultist","floor":4.0,"turns":4.0},{"damage":6.0,"enemies":"2 Louse","floor":5.0,"turns":3.0},{"damage":48.0,"enemies":"3 Sentries","floor":6.0,"turns":9.0},{"damage":4.0,"enemies":"Blue Slaver","floor":10.0,"turns":3.0},{"damage":13.0,"enemies":"Gremlin Nob","floor":13.0,"turns":3.0},{"damage":32.0,"enemies":"The Guardian","floor":16.0,"turns":9.0},{"damage":1.0,"enemies":"3 Byrds","floor":18.0,"turns":5.0},{"damage":3.0,"enemies":"Chosen","floor":20.0,"turns":3.0},{"damage":30.0,"enemies":"Slavers","floor":23.0,"turns":5.0},{"damage":13.0,"enemies":"Snake Plant","floor":24.0,"turns":3.0},{"damage":13,"enemies":"Book of Stabbing","floor":28,"turns":4},{"damage":14,"enemies":"Centurion and Healer","floor":29,"turns":3},{"damage":12,"enemies":"Chosen and Byrds","floor":31,"turns":4},{"damage":3,"enemies":"Champ","floor":33,"turns":3}],"seed_played":"-8598408497610640966","potions_obtained":[{"floor":10.0,"key":"SteroidPotion"},{"floor":13.0,"key":"Swift Potion"},{"floor":16.0,"key":"DuplicationPotion"},{"floor":23.0,"key":"FairyPotion"},{"floor":31,"key":"PowerPotion"}],"is_trial":false,"path_per_floor":["M","?","?","M","M","E","$","R","T","M","?","R","E","T","R","B",null,"M","?","M","$","?","E","M","R","T","R","E","M","$","M","R","B"],"character_chosen":"THE_SILENT","items_purchased":["Reflex","Singing Bowl","Strength Potion","Orrery","Cloak And Dagger+1"],"campfire_rested":3,"item_purchase_floors":[7,7,7,21,30],"current_hp_per_floor":[59,59,59,56,50,2,2,21,31,27,27,27,14,14,34,2,52,53,53,52,56,56,28,17,41,41,41,30,16,16,6,6,3,3],"gold":23,"neow_bonus":"RANDOM_COMMON_RELIC","is_daily":false,"chose_seed":false,"campfire_upgraded":3,"win_rate":0.0,"timestamp":1609310077,"path_taken":["M","?","?","M","M","E","$","R","T","?","?","R","E","?","R","BOSS","M","?","?","$","?","E","M","R","T","R","E","M","?","?","R","BOSS"],"items_purchased_type":["Card","Relic","Potion","Relic","Card"],"build_version":"2020-12-22","purchased_purges":2,"victory":false,"max_hp_per_floor":[66,66,66,66,66,66,66,66,76,76,69,69,69,69,69,69,69,71,71,73,77,77,79,81,81,81,81,83,83,83,85,85,85,85],"card_choices":[{"not_picked":["Prepared","Setup"],"picked":"Flying Knee","floor":1.0},{"not_picked":["Acrobatics","Dagger Spray"],"picked":"Bouncing Flask","floor":4.0},{"not_picked":["Outmaneuver","Dodge and Roll","Choke"],"picked":"SKIP","floor":5.0},{"not_picked":["Acrobatics","Well Laid Plans"],"picked":"Glass Knife","floor":6.0},{"not_picked":["Outmaneuver","Dodge and Roll"],"picked":"Dagger Throw","floor":10.0},{"not_picked":["Skewer","Slice"],"picked":"Crippling Poison","floor":13.0},{"not_picked":["Night Terror","Corpse Explosion"],"picked":"Adrenaline","floor":16.0},{"not_picked":["Heel Hook","Cloak And Dagger","Sucker Punch"],"picked":"Singing Bowl","floor":18.0},{"not_picked":["Outmaneuver+1","Flying Knee","Deflect"],"picked":"Singing Bowl","floor":20.0},{"not_picked":["Concentrate","Leg Sweep"],"picked":"Tactician","floor":21.0},{"not_picked":["Caltrops","PiercingWail"],"picked":"Backflip","floor":21.0},{"not_picked":["Choke","Night Terror"],"picked":"Deflect","floor":21.0},{"not_picked":["Outmaneuver","Leg Sweep","Caltrops+1"],"picked":"Singing Bowl","floor":21.0},{"not_picked":["Choke+1","Dagger Spray","Predator"],"picked":"Singing Bowl","floor":21.0},{"not_picked":["Dagger Spray","Heel Hook","Skewer"],"picked":"Singing Bowl","floor":23.0},{"not_picked":["Deadly Poison","Poisoned Stab","Well Laid Plans"],"picked":"Singing Bowl","floor":24.0},{"not_picked":["Dagger Spray","Infinite Blades","Distraction+1"],"picked":"Singing Bowl","floor":28},{"not_picked":["Caltrops","Endless Agony"],"picked":"Setup+1","floor":29},{"not_picked":["Flying Knee","Caltrops","Distraction+1"],"picked":"Singing Bowl","floor":31}],"player_experience":586369,"relics_obtained":[{"floor":6.0,"key":"Ice Cream"},{"floor":9.0,"key":"Pear"},{"floor":13.0,"key":"Kunai"},{"floor":14.0,"key":"Turnip"},{"floor":23.0,"key":"Centennial Puzzle"},{"floor":28,"key":"Toxic Egg 2"}],"event_choices":[{"damage_healed":0.0,"max_hp_gain":0.0,"max_hp_loss":0.0,"gold_gain":0.0,"cards_transformed":["Strike_G"],"event_name":"Living Wall","player_choice":"Change","floor":2.0,"gold_loss":0.0,"damage_taken":0.0,"cards_obtained":["Quick Slash"]},{"damage_healed":0.0,"max_hp_gain":0.0,"max_hp_loss":0.0,"gold_gain":275.0,"event_name":"Golden Shrine","player_choice":"Desecrate","floor":3.0,"gold_loss":0.0,"damage_taken":0.0,"cards_obtained":["Regret"]},{"damage_healed":0.0,"max_hp_gain":0.0,"max_hp_loss":7.0,"gold_gain":0.0,"event_name":"Golden Idol","player_choice":"Lose Max HP","floor":11.0,"gold_loss":0.0,"damage_taken":0.0,"relics_obtained":["Golden Idol"]},{"damage_healed":0.0,"max_hp_gain":0.0,"max_hp_loss":0.0,"gold_gain":0.0,"event_name":"Duplicator","player_choice":"Copied","floor":19.0,"gold_loss":0.0,"damage_taken":0.0,"cards_obtained":["Adrenaline"]},{"damage_healed":0.0,"max_hp_gain":0.0,"max_hp_loss":0.0,"gold_gain":0.0,"cards_transformed":["Strike_G","Defend_G"],"event_name":"Drug Dealer","player_choice":"Became Test Subject","floor":22.0,"gold_loss":0.0,"damage_taken":0.0,"cards_obtained":["Finisher","Storm of Steel"]}],"is_beta":false,"boss_relics":[{"not_picked":["Velvet Choker","WristBlade"],"picked":"Cursed Key"}],"items_purged_floors":[7,30],"is_endless":false,"potions_floor_spawned":[10,13,16,23,24,31],"killed_by":"Champ","ascension_level":15}}