{"host":"qxeepl7ydvsgmfdb","time":1609313370,"event":{"mods":["AchievementEnabler","BaseMod","Colored Powertips","Minty Spire (QoL Compilation)","Quick Restart","slay the spire mod where everything is the same but ironclad has a cowboy hat"],"gold_per_floor":[116,133,133,151,151,151,165,165,241,241,256,256,276,290,290,392,392,402,327,242,242,84,84,97,97,97,115,115,127,127,146,146,247,247,258,276,301,176,192,192,226,243,269,269,269],"floor_reached":44,"playtime":1312,"items_purged":[],"score":584,"play_id":"b4e1c0ab-c6a7-4b3f-b89c-bb5a308522e6","local_time":"20201230022930","is_ascension_mode":true,"campfire_choices":[{"data":"Deadly Poison","floor":6.0,"key":"SMITH"},{"data":"Blade Dance","floor":10.0,"key":"SMITH"},{"floor":12.0,"key":"REST"},{"floor":15.0,"key":"REST"},{"data":"Backstab","floor":23.0,"key":"SMITH"},{"floor":25.0,"key":"REST"},{"floor":32.0,"key":"REST"},{"floor":40.0,"key":"REST"}],"circlet_count":0,"master_deck":["Strike_G","Strike_G","Strike_G","Defend_G","Defend_G","Defend_G+1","Defend_G","Defend_G","Survivor","Neutralize","Poisoned Stab+1","Acrobatics","Deadly Poison+1","Blade Dance+1","Backstab+1","Cloak And Dagger+1","All Out Attack","Backstab+1","Quick Slash+1","Blade Dance","Infinite Blades+1","Envenom","Backflip","Finisher"],"relics":["Ring of the Snake","NeowsBlessing","Blood Vial","The Courier","Odd Mushroom","Boot","Enchiridion","Orichalcum","FossilizedHelix","Tough Bandages","Black Star","War Paint","Anchor","Ancient Tea Set","Paper Crane","Snake Skull"],"acts_visited":["Exordium","TheCity","TheBeyond"],"potions_floor_usage":[42,44],"damage_taken":[{"damage":0.0,"enemies":"Cultist","floor":1.0,"turns":1.0},{"damage":0.0,"enemies":"2 Louse","floor":2.0,"turns":1.0},{"damage":0.0,"enemies":"Small Slimes","floor":4.0,"turns":1.0},{"damage":23.0,"enemies":"Exordium Wildlife","floor":7.0,"turns":4.0},{"damage":6.0,"enemies":"3 Louse","floor":11.0,"turns":3.0},{"damage":3.0,"enemies":"The Mushroom Lair","floor":13.0,"turns":3.0},{"damage":11.0,"enemies":"Looter","floor":14.0,"turns":2.0},{"damage":26.0,"enemies":"The Guardian","floor":16.0,"turns":7.0},{"damage":7.0,"enemies":"Chosen","floor":18.0,"turns":4.0},{"damage":3.0,"enemies":"3 Byrds","floor":24.0,"turns":3.0},{"damage":14.0,"enemies":"Shelled Parasite and Fungi","floor":27.0,"turns":4.0},{"damage":0.0,"enemies":"Snake Plant","floor":29.0,"turns":3.0},{"damage":11.0,"enemies":"Sentry and Sphere","floor":31.0,"turns":4.0},{"damage":55.0,"enemies":"Champ","floor":33.0,"turns":9.0},{"damage":21.0,"enemies":"3 Darklings","floor":35.0,"turns":6.0},{"damage":0.0,"enemies":"Orb Walker","floor":36.0,"turns":2.0},{"damage":36.0,"enemies":"Maw","floor":39.0,"turns":9.0},{"damage":27.0,"enemies":"Nemesis","floor":41.0,"turns":5.0},{"damage":15,"enemies":"Writhing Mass","floor":42,"turns":6},{"damage":5,"enemies":"4 Shapes","floor":44,"turns":1}],"seed_played":"3759012891581225667","potions_obtained":[{"floor":2.0,"key":"CultistPotion"},{"floor":4.0,"key":"PowerPotion"},{"floor":18.0,"key":"Block Potion"},{"floor":27.0,"key":"SpeedPotion"},{"floor":29.0,"key":"BlessingOfTheForge"},{"floor":30.0,"key":"Strength Potion"},{"floor":30.0,"key":"Regen Potion"},{"floor":33.0,"key":"PowerPotion"},{"floor":39.0,"key":"DuplicationPotion"},{"floor":41.0,"key":"SteroidPotion"},{"floor":42,"key":"SkillPotion"}],"is_trial":false,"path_per_floor":["M","M","?","M","?","R","M","?","T","R","M","R","?","M","R","B",null,"M","?","?","?","$","R","M","R","T","M","?","M","?","M","R","B",null,"M","M","T","$","M","R","E","M","T","M"],"character_chosen":"THE_SILENT","items_purchased":["Orichalcum","Explosive Potion","Anchor"],"campfire_rested":5,"item_purchase_floors":[22,22,38],"current_hp_per_floor":[63,63,63,63,60,60,39,32,32,32,28,49,48,39,60,36,62,57,57,57,41,41,41,40,61,61,49,49,51,51,42,63,10,55,36,38,38,38,4,25,15,2,2,0,0],"gold":269,"neow_bonus":"THREE_ENEMY_KILL","is_daily":false,"chose_seed":false,"campfire_upgraded":3,"win_rate":0.0,"timestamp":1609313370,"path_taken":["M","?","?","M","?","R","M","?","T","R","?","R","?","M","R","BOSS","M","?","?","?","?","R","M","R","T","M","?","M","?","?","R","BOSS","M","?","?","$","M","R","E","M","T","?"],"items_purchased_type":["Relic","Potion","Relic"],"build_version":"2020-12-22","purchased_purges":0,"victory":false,"max_hp_per_floor":[70,70,70,70,70,70,70,70,70,70,70,70,70,70,70,70,70,70,70,70,70,70,70,70,70,70,70,70,70,70,70,70,70,70,70,70,70,70,70,70,70,70,70,70,70],"card_choices":[{"not_picked":["Acrobatics","Blade Dance"],"picked":"Poisoned Stab","floor":1.0},{"not_picked":["Bane","Backflip"],"picked":"Acrobatics","floor":2.0},{"not_picked":["Tactician","Caltrops"],"picked":"Deadly Poison","floor":4.0},{"not_picked":["Flechettes","PiercingWail"],"picked":"Blade Dance","floor":7.0},{"not_picked":["Sucker Punch","Deadly Poison"],"picked":"Backstab","floor":11.0},{"not_picked":["Footwork","Underhanded Strike"],"picked":"Cloak And Dagger","floor":13.0},{"not_picked":["Dagger Throw","Bane"],"picked":"All Out Attack","floor":14.0},{"not_picked":["Bane","Acrobatics"],"picked":"Backstab+1","floor":18.0},{"not_picked":["Escape Plan+1","Riddle With Holes+1","Infinite Blades"],"picked":"SKIP","floor":24.0},{"not_picked":["Flying Knee","Tactician+1"],"picked":"Quick Slash+1","floor":27.0},{"not_picked":["Dagger Throw","Poisoned Stab"],"picked":"Blade Dance","floor":29.0},{"not_picked":["Slice","PiercingWail"],"picked":"Infinite Blades+1","floor":31.0},{"not_picked":["Venomology","Adrenaline"],"picked":"Envenom","floor":33.0},{"not_picked":["Prepared+1","Predator"],"picked":"Backflip","floor":35.0},{"not_picked":["Underhanded Strike","Outmaneuver","Acrobatics"],"picked":"SKIP","floor":36.0},{"not_picked":["Bane","Endless Agony+1"],"picked":"Finisher","floor":39.0},{"not_picked":["Outmaneuver+1","Dagger Spray","Flying Knee+1"],"picked":"SKIP","floor":41.0},{"not_picked":["Sucker Punch+1","Malaise","Eviscerate"],"picked":"SKIP","floor":42}],"player_experience":314776,"relics_obtained":[{"floor":9.0,"key":"The Courier"},{"floor":13.0,"key":"Odd Mushroom"},{"floor":21.0,"key":"Enchiridion"},{"floor":26.0,"key":"FossilizedHelix"},{"floor":37.0,"key":"War Paint"},{"floor":41.0,"key":"Ancient Tea Set"},{"floor":41.0,"key":"Paper Crane"},{"floor":43,"key":"Snake Skull"}],"event_choices":[{"damage_healed":0.0,"max_hp_gain":0.0,"max_hp_loss":0.0,"gold_gain":0.0,"event_name":"Living Wall","player_choice":"Grow","floor":3.0,"gold_loss":0.0,"damage_taken":0.0,"cards_upgraded":["Poisoned Stab"]},{"damage_healed":0.0,"max_hp_gain":0.0,"max_hp_loss":0.0,"gold_gain":0.0,"event_name":"Scrap Ooze","player_choice":"Success","floor":5.0,"gold_loss":0.0,"damage_taken":3.0,"relics_obtained":["Blood Vial"]},{"cards_removed":["Strike_G"],"damage_healed":0.0,"max_hp_gain":0.0,"max_hp_loss":0.0,"gold_gain":0.0,"event_name":"Golden Wing","player_choice":"Card Removal","floor":8.0,"gold_loss":0.0,"damage_taken":7.0},{"damage_healed":0.0,"max_hp_gain":0.0,"max_hp_loss":0.0,"gold_gain":0.0,"event_name":"Mushrooms","player_choice":"Fought Mushrooms","floor":13.0,"gold_loss":0.0,"damage_taken":0.0},{"cards_removed":["Strike_G"],"damage_healed":0.0,"max_hp_gain":0.0,"max_hp_loss":0.0,"gold_gain":0.0,"event_name":"Beggar","player_choice":"Gave Gold","floor":19.0,"gold_loss":75.0,"damage_taken":0.0},{"damage_healed":0.0,"max_hp_gain":0.0,"max_hp_loss":0.0,"gold_gain":0.0,"event_name":"Addict","player_choice":"Obtained Relic","floor":20.0,"gold_loss":85.0,"damage_taken":0.0,"relics_obtained":["Boot"]},{"damage_healed":0.0,"max_hp_gain":0.0,"max_hp_loss":0.0,"gold_gain":0.0,"event_name":"Cursed Tome","player_choice":"Obtained Book","floor":21.0,"gold_loss":0.0,"damage_taken":16.0},{"damage_healed":0.0,"max_hp_gain":0.0,"max_hp_loss":0.0,"gold_gain":0.0,"event_name":"The Mausoleum","player_choice":"Opened","floor":28.0,"gold_loss":0.0,"damage_taken":0.0,"relics_obtained":["Tough Bandages"]},{"damage_healed":0.0,"max_hp_gain":0.0,"max_hp_loss":0.0,"gold_gain":0.0,"event_name":"Lab","player_choice":"Got Potions","floor":30.0,"gold_loss":0.0,"damage_taken":0.0}],"is_beta":false,"boss_relics":[{"not_picked":["Snecko Eye","Runic Dome","Coffee Dripper"]},{"not_picked":["Tiny House","Sozu"],"picked":"Black Star"}],"items_purged_floors":[],"is_endless":false,"potions_floor_spawned":[2,4,18,27,29,33,39,41,42],"killed_by":"4 Shapes","ascension_level":6}}