{"host":"tjq6rykv202u6iqx","time":1609371540,"event":{"mods":["AchievementEnabler","BaseMod","Minty Spire (QoL Compilation)","Rare Cards Sparkle","Relic Stats"],"gold_per_floor":[114,129,4,19,34,64,79,79,379,409,424,454,454,454],"floor_reached":13,"playtime":774,"items_purged":["Strike_B"],"score":107,"play_id":"f5af59c1-52d8-47f9-bcfa-ac708f6c3c79","local_time":"20201230173859","daily_mods":["Cursed Run","Diverse","DeadlyEvents"],"is_ascension_mode":false,"campfire_choices":[{"data":"Flame Barrier","floor":8.0,"key":"SMITH"}],"circlet_count":0,"master_deck":["Strike_B","Strike_B","Strike_B","Defend_B","Defend_B","Defend_B","Defend_B","Zap","Dualcast","PiercingWail","Doom and Gloom","Judgement","Flame Barrier+1","Parasite","Hologram"],"relics":["Cursed Key","Darkstone Periapt","Du-Vu Doll","Meat on the Bone","Old Coin","Bottled Flame","Sundial"],"acts_visited":["Exordium"],"potions_floor_usage":[10,12],"damage_taken":[{"damage":6.0,"enemies":"Cultist","floor":1.0,"turns":3.0},{"damage":0.0,"enemies":"Small Slimes","floor":2.0,"turns":4.0},{"damage":1.0,"enemies":"Jaw Worm","floor":4.0,"turns":3.0},{"damage":5.0,"enemies":"Exordium Thugs","floor":5.0,"turns":3.0},{"damage":4.0,"enemies":"3 Sentries","floor":6.0,"turns":3.0},{"damage":0.0,"enemies":"2 Fungi Beasts","floor":7.0,"turns":2.0},{"damage":26,"enemies":"Gremlin Nob","floor":10,"turns":4},{"damage":14,"enemies":"Looter","floor":11,"turns":3},{"damage":19,"enemies":"Lagavulin","floor":12,"turns":6},{"damage":45,"enemies":"Gremlin Nob","floor":13,"turns":4}],"seed_played":"9091901603564859836","potions_obtained":[{"floor":4.0,"key":"FearPotion"},{"floor":5.0,"key":"LiquidMemories"},{"floor":12,"key":"Energy Potion"}],"is_trial":false,"path_per_floor":["M","M","$","M","M","E","M","R","T","E","M","E","E"],"character_chosen":"DEFECT","items_purchased":["Explosive Potion"],"campfire_rested":0,"item_purchase_floors":[3],"current_hp_per_floor":[69,69,69,68,63,59,59,59,65,51,49,42,0,0],"gold":454,"neow_bonus":"","is_daily":true,"chose_seed":false,"campfire_upgraded":1,"win_rate":0.0,"timestamp":1609371539,"path_taken":["M","M","$","?","M","E","M","R","T","?","M","E","?"],"items_purchased_type":["Potion"],"build_version":"2020-12-22","purchased_purges":1,"victory":false,"max_hp_per_floor":[75,75,75,75,75,75,75,75,81,81,81,81,81,81],"relic_stats":{"Darkstone Periapt":6,"counters":[10,35],"Sundial":[0],"Cursed Key":1,"obtain_stats":[{"Darkstone Periapt":0,"Du-Vu Doll":0,"Bottled Flame":10,"Sundial":12,"Cursed Key":0,"Meat on the Bone":6,"Old Coin":9},{"Darkstone Periapt":0,"Du-Vu Doll":0,"Bottled Flame":7,"Sundial":9,"Cursed Key":0,"Meat on the Bone":5,"Old Coin":6},{"Darkstone Periapt":0,"Du-Vu Doll":0,"Bottled Flame":22,"Sundial":31,"Cursed Key":0,"Meat on the Bone":16,"Old Coin":18}],"Meat on the Bone":36},"card_choices":[{"not_picked":["Compile Driver","Poisoned Stab"],"picked":"PiercingWail","floor":1.0},{"not_picked":["EmptyFist","Havoc"],"picked":"Doom and Gloom","floor":2.0},{"not_picked":["Dodge and Roll","BowlingBash"],"picked":"Judgement","floor":4.0},{"not_picked":["CrushJoints","Headbutt","Clash"],"picked":"SKIP","floor":5.0},{"not_picked":["Headbutt","Barrage","Reflex"],"picked":"SKIP","floor":6.0},{"not_picked":["Warcry","Consecrate"],"picked":"Flame Barrier","floor":7.0},{"not_picked":["Slice","Quick Slash","Twin Strike"],"picked":"SKIP","floor":10},{"not_picked":["FearNoEvil","Heavy Blade"],"picked":"Hologram","floor":11},{"not_picked":["Stack","Gash","Sucker Punch"],"picked":"SKIP","floor":12}],"player_experience":791518,"relics_obtained":[{"floor":6.0,"key":"Meat on the Bone"},{"floor":9.0,"key":"Old Coin"},{"floor":10,"key":"Bottled Flame"},{"floor":12,"key":"Sundial"}],"event_choices":[],"is_beta":false,"boss_relics":[],"items_purged_floors":[3],"is_endless":false,"potions_floor_spawned":[4,5,12],"killed_by":"Gremlin Nob","ascension_level":0}}