{"host":"d9m9v0h6vo0edadb","time":1609328483,"event":{"mods":["BaseMod","Hermit","Keyboard Shortcuts","Minty Spire (QoL Compilation)","StSLib","SuperFastMode","The Cursed"],"gold_per_floor":[114,39,55,68,83,83,97,97,124,124,150,150,167,78,78,78,78],"floor_reached":16,"playtime":216,"items_purged":["Strike_G"],"score":204,"play_id":"0d5a7f23-6161-4859-ae33-0bff8d4526bc","local_time":"20201230204123","is_ascension_mode":true,"campfire_choices":[{"data":"Eviscerate","floor":6,"key":"SMITH"},{"data":"Poisoned Stab","floor":8,"key":"SMITH"},{"floor":10,"key":"REST"},{"data":"Bouncing Flask","floor":15,"key":"SMITH"}],"circlet_count":0,"master_deck":["AscendersBane","Strike_G","Strike_G","Strike_G","Defend_G","Defend_G","Defend_G","Defend_G","Defend_G","Survivor","Neutralize","Dagger Throw","Poisoned Stab+1","Poisoned Stab","Eviscerate+1","Bouncing Flask+1"],"relics":["Ring of the Snake","Regal Pillow","Anchor"],"acts_visited":["Exordium"],"potions_floor_usage":[],"damage_taken":[{"damage":12,"enemies":"Small Slimes","floor":1,"turns":4},{"damage":1,"enemies":"Cultist","floor":3,"turns":4},{"damage":0,"enemies":"2 Louse","floor":4,"turns":3},{"damage":16,"enemies":"Exordium Thugs","floor":5,"turns":4},{"damage":12,"enemies":"Exordium Wildlife","floor":7,"turns":5},{"damage":34,"enemies":"Lagavulin","floor":11,"turns":9},{"damage":0,"enemies":"3 Louse","floor":13,"turns":2},{"damage":38,"enemies":"Slime Boss","floor":16,"turns":3}],"seed_played":"9087402211917320316","potions_obtained":[{"floor":3,"key":"Swift Potion"},{"floor":4,"key":"Energy Potion"}],"is_trial":false,"path_per_floor":["M","$","M","M","M","R","M","R","T","R","E","?","M","$","R","B"],"character_chosen":"THE_SILENT","items_purchased":["Bouncing Flask"],"campfire_rested":1,"item_purchase_floors":[14],"current_hp_per_floor":[53,53,52,52,36,36,24,24,24,60,26,26,26,26,26,0,0],"gold":78,"neow_bonus":"TEN_PERCENT_HP_BONUS","is_daily":false,"chose_seed":false,"campfire_upgraded":3,"win_rate":0.0,"timestamp":1609328483,"path_taken":["M","$","M","M","M","R","M","R","T","R","E","?","M","$","R","BOSS"],"items_purchased_type":["Card"],"build_version":"2020-12-22","purchased_purges":1,"victory":false,"max_hp_per_floor":[72,72,72,72,72,72,72,72,72,72,72,72,72,72,72,72,72],"card_choices":[{"not_picked":["Sucker Punch","Distraction"],"picked":"Dagger Throw","floor":1},{"not_picked":["Acrobatics","Prepared"],"picked":"Poisoned Stab","floor":3},{"not_picked":["PiercingWail","Underhanded Strike"],"picked":"Poisoned Stab","floor":4},{"not_picked":["Blade Dance","Skewer"],"picked":"Eviscerate","floor":5},{"not_picked":["Dagger Throw","Slice","Outmaneuver"],"picked":"SKIP","floor":7},{"not_picked":["Underhanded Strike","Deflect","Riddle With Holes"],"picked":"SKIP","floor":11},{"not_picked":["Outmaneuver","Skewer","Heel Hook"],"picked":"SKIP","floor":13}],"player_experience":944662,"relics_obtained":[{"floor":9,"key":"Regal Pillow"},{"floor":11,"key":"Anchor"}],"event_choices":[{"cards_removed":["Strike_G"],"damage_healed":0,"gold_gain":0,"player_choice":"Offered Basic","damage_taken":0,"max_hp_gain":0,"max_hp_loss":0,"event_name":"Bonfire Elementals","floor":12,"gold_loss":0}],"is_beta":false,"boss_relics":[],"items_purged_floors":[2],"is_endless":false,"potions_floor_spawned":[3,4,7,11],"killed_by":"Slime Boss","ascension_level":20}}