{"host":"873t0y8ybyo38pfq","time":1609353725,"event":{"mods":["BaseMod","Bestiary","Colored Map","Colored Powertips","Highlight Path","Minty Spire (QoL Compilation)","Quick Restart","RNG Fix","Rare Cards Sparkle","Relic Stats","StSLib"],"gold_per_floor":[110,110,110,123,137,162,162,29,29,29,47,62,62,74,74,149,149,161,118,118,130,130,130,130,130],"floor_reached":24,"playtime":2119,"items_purged":["Strike_G"],"score":421,"play_id":"e9d973bd-ded2-4500-bdc4-d94533ee62e7","local_time":"20201230134205","is_ascension_mode":true,"campfire_choices":[{"data":"Strike_G","floor":7,"key":"PURGE"},{"data":"Strike_G","floor":10,"key":"PURGE"},{"data":"Deadly Poison","floor":13,"key":"SMITH"},{"data":"Predator","floor":15,"key":"SMITH"},{"data":"Defend_G","floor":23,"key":"PURGE"}],"circlet_count":0,"master_deck":["AscendersBane","Defend_G","Defend_G","Defend_G","Defend_G","Survivor","Neutralize","Deadly Poison","Deadly Poison+1","Predator+1","Backflip","Acrobatics","Crippling Poison","After Image","PiercingWail","Backflip","Bite","Bite","Bite","Bite","Bite"],"relics":["Ring of the Snake","Peace Pipe","Eternal Feather","Singing Bowl","Fusion Hammer","Enchiridion"],"acts_visited":["Exordium","TheCity"],"potions_floor_usage":[12,16,18,24],"damage_taken":[{"damage":1,"enemies":"Small Slimes","floor":1,"turns":3},{"damage":4,"enemies":"2 Louse","floor":4,"turns":3},{"damage":0,"enemies":"Jaw Worm","floor":5,"turns":4},{"damage":54,"enemies":"Gremlin Nob","floor":6,"turns":5},{"damage":3,"enemies":"Red Slaver","floor":11,"turns":4},{"damage":4,"enemies":"Large Slime","floor":12,"turns":8},{"damage":1,"enemies":"Blue Slaver","floor":14,"turns":5},{"damage":23,"enemies":"Hexaghost","floor":16,"turns":9},{"damage":1,"enemies":"3 Byrds","floor":18,"turns":6},{"damage":6,"enemies":"2 Thieves","floor":19,"turns":5},{"damage":13,"enemies":"Snake Plant","floor":21,"turns":5},{"damage":62,"enemies":"Gremlin Leader","floor":24,"turns":7}],"seed_played":"-1566635358817775531","potions_obtained":[{"floor":6,"key":"Energy Potion"},{"floor":12,"key":"Strength Potion"},{"floor":14,"key":"Fire Potion"},{"floor":19,"key":"DuplicationPotion"}],"is_trial":false,"path_per_floor":["M","?","?","M","M","E","R","$","T","R","M","M","R","M","R","B",null,"M","M","?","M","?","R","E"],"character_chosen":"THE_SILENT","items_purchased":["Acrobatics"],"campfire_rested":0,"item_purchase_floors":[8],"current_hp_per_floor":[58,58,63,59,59,5,14,14,14,23,22,18,27,28,37,14,55,54,48,48,45,24,36,0,0],"gold":130,"neow_bonus":"ONE_RARE_RELIC","is_daily":false,"chose_seed":false,"campfire_upgraded":2,"win_rate":0.0,"timestamp":1609353725,"path_taken":["M","?","?","M","M","E","R","?","T","R","M","M","R","M","R","BOSS","M","?","?","M","?","R","E"],"items_purchased_type":["Card"],"build_version":"2020-12-22","purchased_purges":1,"victory":false,"max_hp_per_floor":[60,60,65,65,65,65,65,65,65,65,67,67,67,69,69,69,69,69,69,48,50,50,50,50,50],"relic_stats":{"Peace Pipe":3,"Singing Bowl":6,"counters":[12,64],"Eternal Feather":48,"obtain_stats":[{"Peace Pipe":0,"Singing Bowl":9,"Enchiridion":22,"Eternal Feather":6,"Fusion Hammer":17,"Ring of the Snake":0},{"Peace Pipe":0,"Singing Bowl":4,"Enchiridion":11,"Eternal Feather":4,"Fusion Hammer":8,"Ring of the Snake":0},{"Peace Pipe":0,"Singing Bowl":15,"Enchiridion":57,"Eternal Feather":15,"Fusion Hammer":41,"Ring of the Snake":0}],"Ring of the Snake":[24]},"card_choices":[{"not_picked":["Slice","Flying Knee"],"picked":"Deadly Poison","floor":1},{"not_picked":["Blade Dance","Masterful Stab"],"picked":"Deadly Poison","floor":4},{"not_picked":["Backflip","Riddle With Holes"],"picked":"Predator","floor":5},{"not_picked":["Grand Finale","Slice"],"picked":"Backflip","floor":6},{"not_picked":["Flying Knee","Dodge and Roll","Backstab"],"picked":"Singing Bowl","floor":11},{"not_picked":["Deflect","Poisoned Stab"],"picked":"Crippling Poison","floor":12},{"not_picked":["Deflect","Blade Dance","Dagger Throw"],"picked":"Singing Bowl","floor":14},{"not_picked":["Malaise","Glass Knife"],"picked":"After Image","floor":16},{"not_picked":["Quick Slash+1","Deadly Poison"],"picked":"PiercingWail","floor":18},{"not_picked":["Dodge and Roll","Poisoned Stab"],"picked":"Backflip","floor":19},{"not_picked":["Slice","Sucker Punch","Flying Knee"],"picked":"Singing Bowl","floor":21}],"player_experience":1422412,"relics_obtained":[{"floor":6,"key":"Eternal Feather"},{"floor":9,"key":"Singing Bowl"},{"floor":22,"key":"Enchiridion"}],"event_choices":[{"damage_healed":0,"gold_gain":0,"player_choice":"Ignored","damage_taken":0,"max_hp_gain":0,"max_hp_loss":0,"event_name":"Liars Game","floor":2,"gold_loss":0},{"damage_healed":0,"gold_gain":0,"player_choice":"Donut","damage_taken":0,"max_hp_gain":5,"max_hp_loss":0,"event_name":"Big Fish","floor":3,"gold_loss":0},{"damage_healed":0,"gold_gain":0,"player_choice":"Became a vampire","damage_taken":0,"max_hp_gain":0,"max_hp_loss":21,"event_name":"Vampires","floor":20,"gold_loss":0,"cards_obtained":["Bite","Bite","Bite","Bite","Bite"]},{"damage_healed":0,"gold_gain":0,"player_choice":"Obtained Book","damage_taken":21,"max_hp_gain":0,"max_hp_loss":0,"event_name":"Cursed Tome","floor":22,"gold_loss":0}],"is_beta":false,"boss_relics":[{"not_picked":["HoveringKite","Empty Cage"],"picked":"Fusion Hammer"}],"items_purged_floors":[8],"is_endless":false,"potions_floor_spawned":[6,12,14,19],"killed_by":"Gremlin Leader","ascension_level":20}}