{"host":"mttmnrdvbvzz8cuy","time":1609311859,"event":{"mods":["BaseMod","Bestiary","Colored Map","Colored Powertips","Minty Spire (QoL Compilation)","StSLib"],"gold_per_floor":[115,134,309,309,325,358,378,408,462,462,480,497,497,509,509,509,509],"floor_reached":16,"playtime":564,"items_purged":[],"score":125,"play_id":"1ac23b75-04e3-475f-bb81-52ebc197b08e","local_time":"20201230180419","is_ascension_mode":true,"campfire_choices":[{"floor":10,"key":"REST"},{"data":"Beam Cell","floor":13,"key":"SMITH"},{"floor":15,"key":"REST"}],"circlet_count":0,"master_deck":["Strike_B","Strike_B","Strike_B","Strike_B","Defend_B","Defend_B","Defend_B","Defend_B","Zap","Dualcast","Barrage","Cold Snap","Doubt","Reboot","Zap","Darkness","Coolheaded","Darkness","Doom and Gloom","Barrage","Beam Cell+1","Conserve Battery"],"relics":["Cracked Core","NeowsBlessing","MealTicket","Bottled Lightning","Blood Vial"],"acts_visited":["Exordium"],"potions_floor_usage":[14,16,16],"damage_taken":[{"damage":0,"enemies":"Small Slimes","floor":1,"turns":1},{"damage":0,"enemies":"Cultist","floor":2,"turns":1},{"damage":0,"enemies":"2 Louse","floor":5,"turns":1},{"damage":30,"enemies":"3 Sentries","floor":6,"turns":8},{"damage":0,"enemies":"Large Slime","floor":7,"turns":5},{"damage":34,"enemies":"Gremlin Nob","floor":8,"turns":4},{"damage":13,"enemies":"3 Louse","floor":11,"turns":3},{"damage":8,"enemies":"2 Fungi Beasts","floor":12,"turns":3},{"damage":9,"enemies":"Gremlin Gang","floor":14,"turns":3},{"damage":35,"enemies":"The Guardian","floor":16,"turns":8}],"seed_played":"-2682610055021224276","potions_obtained":[{"floor":2,"key":"SteroidPotion"},{"floor":6,"key":"Strength Potion"},{"floor":8,"key":"PotionOfCapacity"},{"floor":12,"key":"Fire Potion"}],"is_trial":false,"path_per_floor":["M","M","?","?","M","E","M","E","T","R","M","M","R","M","R","B"],"character_chosen":"DEFECT","items_purchased":[],"campfire_rested":2,"item_purchase_floors":[],"current_hp_per_floor":[75,75,75,75,75,45,45,11,11,33,22,16,16,9,31,0,0],"gold":509,"neow_bonus":"THREE_ENEMY_KILL","is_daily":false,"chose_seed":false,"campfire_upgraded":1,"win_rate":0.0,"timestamp":1609311859,"path_taken":["M","M","?","?","M","E","M","E","T","R","M","?","R","M","R","BOSS"],"items_purchased_type":[],"build_version":"2020-12-22","purchased_purges":0,"victory":false,"max_hp_per_floor":[75,75,75,75,75,75,75,75,75,75,75,75,75,75,75,75,75],"card_choices":[{"not_picked":["Coolheaded","Static Discharge"],"picked":"Barrage","floor":1},{"not_picked":["FTL","Go for the Eyes"],"picked":"Cold Snap","floor":2},{"not_picked":["Go for the Eyes","Steam"],"picked":"Darkness","floor":5},{"not_picked":["Recycle","Gash"],"picked":"Coolheaded","floor":6},{"not_picked":["Conserve Battery","Hyperbeam"],"picked":"Darkness","floor":7},{"not_picked":["Go for the Eyes","Storm"],"picked":"Doom and Gloom","floor":8},{"not_picked":["Go for the Eyes","Rebound"],"picked":"Barrage","floor":11},{"not_picked":["Heatsinks","Reprogram"],"picked":"Beam Cell","floor":12},{"not_picked":["Force Field","Leap"],"picked":"Conserve Battery","floor":14}],"player_experience":117827,"relics_obtained":[{"floor":6,"key":"MealTicket"},{"floor":8,"key":"Bottled Lightning"},{"floor":9,"key":"Blood Vial"}],"event_choices":[{"damage_healed":0,"gold_gain":175,"player_choice":"AGREE","damage_taken":0,"max_hp_gain":0,"max_hp_loss":0,"event_name":"Liars Game","floor":3,"gold_loss":0,"cards_obtained":["Doubt"]},{"damage_healed":0,"gold_gain":0,"player_choice":"2 cards matched","damage_taken":0,"max_hp_gain":0,"max_hp_loss":0,"event_name":"Match and Keep!","floor":4,"gold_loss":0,"cards_obtained":["Reboot","Zap"]}],"is_beta":false,"boss_relics":[],"items_purged_floors":[],"is_endless":false,"potions_floor_spawned":[2,6,8,12],"killed_by":"The Guardian","ascension_level":2}}