{"host":"baymyijz6sxaqj5s","time":1609314935,"event":{"mods":["AchievementEnabler","BaseMod","Colored Map","Colored Powertips","DeckTracker","Highlight Path","KOR Keyword Fix","Keyboard Shortcuts","Minty Spire (QoL Compilation)","Quick Restart","StSLib","SuperFastMode"],"gold_per_floor":[118,118,135,153,28,59,59,59,59,78,78,88,88,104,104,202,202,215,215,130,95,15,15,15],"floor_reached":23,"playtime":702,"items_purged":[],"score":191,"play_id":"faccdf9f-cd77-4032-9252-cce136ffd09d","local_time":"20201230165535","is_ascension_mode":false,"campfire_choices":[{"floor":11,"key":"REST"},{"floor":13,"key":"REST"},{"data":"Redo","floor":15,"key":"SMITH"}],"circlet_count":0,"master_deck":["Strike_B","Strike_B","Strike_B","Strike_B","Defend_B","Defend_B","Defend_B","Defend_B","Zap","Dualcast+1","Redo+1","Stack","Electrodynamics","Leap+1","Sweeping Beam","Auto Shields","Reprogram","Leap","Amplify","Defragment+1","FTL+1","Doom and Gloom"],"relics":["Cracked Core","Anchor","War Paint","Bottled Lightning","Black Star","Toxic Egg 2"],"acts_visited":["Exordium","TheCity"],"potions_floor_usage":[14,16,23],"damage_taken":[{"damage":0,"enemies":"Small Slimes","floor":1,"turns":3},{"damage":0,"enemies":"Cultist","floor":3,"turns":3},{"damage":1,"enemies":"Jaw Worm","floor":4,"turns":4},{"damage":62,"enemies":"Gremlin Nob","floor":6,"turns":6},{"damage":0,"enemies":"3 Louse","floor":10,"turns":1},{"damage":0,"enemies":"Large Slime","floor":12,"turns":4},{"damage":0,"enemies":"Looter","floor":14,"turns":3},{"damage":63,"enemies":"Hexaghost","floor":16,"turns":16},{"damage":27,"enemies":"Shell Parasite","floor":18,"turns":14},{"damage":28,"enemies":"2 Thieves","floor":21,"turns":5},{"damage":32,"enemies":"Snecko","floor":23,"turns":9}],"seed_played":"8754255189291965845","potions_obtained":[{"floor":3,"key":"Ancient Potion"},{"floor":10,"key":"Strength Potion"},{"floor":12,"key":"Weak Potion"},{"floor":14,"key":"PowerPotion"},{"floor":16,"key":"BlessingOfTheForge"}],"is_trial":false,"path_per_floor":["M","?","M","M","$","E","?","?","T","M","R","M","R","M","R","B",null,"M","?","?","M","$","M"],"character_chosen":"DEFECT","items_purchased":["Electrodynamics","Leap","Doom and Gloom"],"campfire_rested":2,"item_purchase_floors":[5,5,22],"current_hp_per_floor":[82,82,82,81,81,19,16,16,16,16,40,40,64,64,64,1,82,55,39,39,11,11,0,0],"gold":15,"neow_bonus":"TEN_PERCENT_HP_BONUS","is_daily":false,"chose_seed":false,"campfire_upgraded":1,"win_rate":0.0,"timestamp":1609314935,"path_taken":["M","?","M","M","?","E","?","?","T","M","R","M","R","M","R","BOSS","M","?","?","M","$","M"],"items_purchased_type":["Card","Card","Card"],"build_version":"2020-12-22","purchased_purges":0,"victory":false,"max_hp_per_floor":[82,82,82,82,82,82,82,82,82,82,82,82,82,82,82,82,82,82,87,87,87,87,87,87],"card_choices":[{"not_picked":["Leap","Turbo"],"picked":"Redo","floor":1},{"not_picked":["Beam Cell","Aggregate"],"picked":"Stack","floor":3},{"not_picked":["BootSequence","Skim","Tempest"],"picked":"SKIP","floor":4},{"not_picked":["Loop","Fusion"],"picked":"Sweeping Beam","floor":6},{"not_picked":["Cold Snap","Gash"],"picked":"Auto Shields","floor":10},{"not_picked":["Steam Power","Cold Snap"],"picked":"Reprogram","floor":12},{"not_picked":["White Noise","Storm"],"picked":"Leap","floor":14},{"not_picked":["Hyperbeam","All For One"],"picked":"Amplify","floor":16},{"not_picked":["Rebound","Steam"],"picked":"Defragment+1","floor":18},{"not_picked":["Turbo+1","Sweeping Beam"],"picked":"FTL+1","floor":21}],"player_experience":293263,"relics_obtained":[{"floor":6,"key":"Anchor"},{"floor":9,"key":"Bottled Lightning"}],"event_choices":[{"damage_healed":0,"gold_gain":0,"player_choice":"Ignored","damage_taken":0,"max_hp_gain":0,"max_hp_loss":0,"event_name":"NoteForYourself","floor":2,"gold_loss":0},{"damage_healed":0,"gold_gain":0,"player_choice":"Success","damage_taken":3,"relics_obtained":["War Paint"],"max_hp_gain":0,"max_hp_loss":0,"event_name":"Scrap Ooze","floor":7,"gold_loss":0},{"damage_healed":0,"gold_gain":0,"player_choice":"Ignored","damage_taken":0,"max_hp_gain":0,"max_hp_loss":0,"event_name":"Liars Game","floor":8,"gold_loss":0},{"damage_healed":0,"gold_gain":0,"player_choice":"Shed Blood","damage_taken":21,"max_hp_gain":5,"max_hp_loss":0,"event_name":"Forgotten Altar","floor":19,"gold_loss":0},{"damage_healed":0,"gold_gain":0,"player_choice":"Obtained Relic","damage_taken":0,"relics_obtained":["Toxic Egg 2"],"max_hp_gain":0,"max_hp_loss":0,"event_name":"Addict","floor":20,"gold_loss":85}],"is_beta":false,"boss_relics":[{"not_picked":["Snecko Eye","Velvet Choker"],"picked":"Black Star"}],"items_purged_floors":[],"is_endless":false,"potions_floor_spawned":[3,10,12,14,16,18],"killed_by":"Snecko","ascension_level":0}}