{"host":"txisuftzfyypgs93","time":1609335801,"event":{"mods":["Act Like it!","Aspiration","BaseMod","Colored Powertips","Conspire","Downfall","Gensokyo","GifTheSpireLib","Highlight Path","Hubris","Infinite Spire","Lobotomy","Minty Spire (QoL Compilation)","Replay The Spire","Shop Mod","StSLib","The Bug Knight","The Cursed","The Jungle","vexMod"],"gold_per_floor":[99,9999,9999,8765,8782,8782,8807,8841,8858,8884,8008,6893,6911,5864,5884,5979,5979,5979,5997,5997,5489,5507,5507,5507,5507,5523,5540,5540,5555,5566,5582,5593,5692,5692,5692,5692,5692,5692,5708,4588,4588,4004,4016,4016,4016,4029,4029,4029,4048,4048],"floor_reached":51,"playtime":4443,"items_purged":["Guardian:Defend_Guardian","Regret","Guardian:Strike_Guardian","Guardian:Strike_Guardian","Guardian:Defend_Guardian+1","Guardian:GuardianWhirl+1"],"score":784,"play_id":"8d97d9fd-5f2e-4c65-82ea-08fde400daec","local_time":"20201230214321","is_ascension_mode":false,"campfire_choices":[{"data":"Guardian:CurlUp","floor":1.0,"key":"SMITH"},{"floor":18.0,"key":"RECALL"},{"data":"Guardian:DecasProtection","floor":28,"key":"SMITH"},{"data":"Guardian:SpikerProtocol","floor":35,"key":"SMITH"},{"data":"Guardian:Emergency","floor":45,"key":"SMITH"}],"circlet_count":0,"master_deck":["Guardian:Strike_Guardian+1","Guardian:CurlUp+1","Guardian:TwinSlam","Guardian:SpikerProtocol+1","Guardian:ArmoredProtocol+1","Guardian:TemporalShield+1","hubris:EnhanceAbility+1","Guardian:Emergency+1","Guardian:Suspension","Guardian:VentSteam","Guardian:Incinerate+1","Guardian:MultiBeam+1","Guardian:Clone+1","Guardian:ShieldCharger+1","Guardian:AncientConstruct+1","Guardian:Harden+1","Guardian:Reroute+1","ReplayUltimateDefense+1","Guardian:DecasProtection+1","Guardian:StasisStrike+1","Guardian:WalkerClaw+1","Replay:Dark Deal+1","Guardian:FloatingOrbs+1","Guardian:SentryBeam+1","Guardian:ShieldCharger+1","Guardian:DecasProtection+1","Guardian:TimeBomb","Guardian:CrystalBeam+1","Guardian:Suspension+1","Guardian:TemporalStrike","Guardian:SphericShield+1","Guardian:Emergency+1","Gensokyo:SlitMouthedWoman","Mayhem+1","Guardian:Gem_Red","Guardian:Gem_Crimson"],"relics":["Guardian:ModeShifter","vexMod:RedPlottingStone","Golden Egg","Guardian:BottledStasis","Pen Nib","Blood Vial","aspiration:ChemicalBlood","Ornamental Fan","infinitespire:Beetle Shell","Replay:Mystery Machine","Meat on the Bone","Frozen Eye","Counterbalance","hubris:OldNail","hubris:EmptyBottle","Astrolabe","Nunchaku","SlaversCollar","Gensokyo:DualWield","aspiration:HatOfInfinitePower","Strange Spoon","TheAbacus","Chemical X","ClockworkSouvenir","OrangePellets","hubris:Reverence","conspire:DecoderRing","Toxic Egg 2","hubris:MysteriousPyramids","Durian"],"acts_visited":["Exordium","TheCity","TheCity"],"potions_floor_usage":[26,27,33,33,33,39,39,43,46,46,46,46,49,49,50,50,50,50],"damage_taken":[{"damage":4.0,"enemies":"Jaw Worm","floor":2.0,"turns":4.0},{"damage":0.0,"enemies":"downfall:FleeingMerchant","floor":4.0,"turns":4.0},{"damage":4.0,"enemies":"Cultist","floor":5.0,"turns":4.0},{"damage":12.0,"enemies":"Gremlin Nob","floor":8.0,"turns":5.0},{"damage":1.0,"enemies":"Small Slimes","floor":9.0,"turns":3.0},{"damage":7.0,"enemies":"HollowMod:MossKnight","floor":10.0,"turns":12.0},{"damage":0.0,"enemies":"downfall:FleeingMerchant","floor":11.0,"turns":4.0},{"damage":0.0,"enemies":"downfall:FleeingMerchant","floor":12.0,"turns":4.0},{"damage":0.0,"enemies":"conspire:2 RoseBushes","floor":13.0,"turns":4.0},{"damage":2.0,"enemies":"downfall:FleeingMerchant","floor":14.0,"turns":4.0},{"damage":3.0,"enemies":"Red Slaver","floor":15.0,"turns":3.0},{"damage":12.0,"enemies":"downfall:Silent","floor":16.0,"turns":5.0},{"damage":1.0,"enemies":"Chosen","floor":19.0,"turns":4.0},{"damage":0.0,"enemies":"downfall:FleeingMerchant","floor":21.0,"turns":5.0},{"damage":8.0,"enemies":"Shell Parasite","floor":22.0,"turns":4.0},{"damage":0.0,"enemies":"downfall:FleeingMerchant","floor":25.0,"turns":2.0},{"damage":0,"enemies":"Cultist and Chosen","floor":26,"turns":4},{"damage":1,"enemies":"3 Cultists","floor":27,"turns":4},{"damage":0,"enemies":"conspire:HollyBat","floor":29,"turns":6},{"damage":0,"enemies":"Sentry and Sphere","floor":30,"turns":3},{"damage":0,"enemies":"Centurion and Healer","floor":31,"turns":4},{"damage":3,"enemies":"Snecko","floor":32,"turns":3},{"damage":0,"enemies":"downfall:Watcher","floor":33,"turns":7},{"damage":7,"enemies":"Gensokyo:3_Bats","floor":39,"turns":2},{"damage":0,"enemies":"downfall:FleeingMerchant","floor":42,"turns":3},{"damage":0,"enemies":"Gensokyo:3_Boulders","floor":43,"turns":3},{"damage":18,"enemies":"Gensokyo:Sharpion","floor":46,"turns":4},{"damage":0,"enemies":"Gensokyo:Rafflesia","floor":49,"turns":4},{"damage":1,"enemies":"downfall:Ironclad","floor":50,"turns":6}],"seed_played":"-8799089742514825608","potions_obtained":[{"floor":2.0,"key":"champ:CounterPotion"},{"floor":16.0,"key":"LiquidBronze"},{"floor":22.0,"key":"Energy Potion"},{"floor":29,"key":"Fire Potion"},{"floor":46,"key":"AttackPotion"},{"floor":46,"key":"Strength Potion"},{"floor":49,"key":"Reflective Coating"}],"is_trial":false,"path_per_floor":["R","M","?","$","M","?","T","E","M","E","$","$","M","$","M","B",null,"R","M","?","$","M","?","T","$","M","M","R","M","M","M","M","B",null,"R","?","?","?","M","COS","T","$","M","?","R","M","?","NM","M","B",null],"character_chosen":"GUARDIAN","items_purchased":["vexMod:RedPlottingStone","Golden Egg","LiquidMemories","Adrenaline Potion","Guardian:ArmoredProtocol","Guardian:TemporalShield","Guardian:BottledStasis","hubris:EnhanceAbility","Ornamental Fan","Guardian:MultiBeam","Guardian:GuardianWhirl","Guardian:Clone","Fire Potion","Toxic Potion","infinitespire:Beetle Shell","Replay:Mystery Machine","Meat on the Bone","Frozen Eye","Guardian:AncientConstruct+1","Guardian:Harden","Guardian:Reroute","ReplayUltimateDefense","Guardian:WalkerClaw","Replay:Dark Deal","Counterbalance","hubris:OldNail","hubris:EmptyBottle","Guardian:FloatingOrbs","Nunchaku","Guardian:Gem_Green","LiquidMemories","Guardian:Suspension","conspire:DecoderRing","Toxic Egg 2","Mayhem","champ:CounterPotion","Guardian:Gem_Red"],"campfire_rested":0,"item_purchase_floors":[4,4,4,4,4,4,4,4,11,11,11,11,11,11,11,12,12,12,12,12,12,12,14,14,14,14,14,14,21,21,21,21,42,42,42,42,42],"current_hp_per_floor":[88,84,84,84,80,80,80,68,69,64,66,68,70,70,69,59,88,88,87,87,88,80,80,80,82,84,85,85,87,88,88,85,87,88,88,91,91,55,50,50,50,52,54,54,54,50,50,52,54,60],"gold":4048,"neow_bonus":"TEN_PERCENT_HP_BONUS","is_daily":false,"chose_seed":false,"campfire_upgraded":4,"win_rate":0.0,"timestamp":1609335801,"path_taken":["R","M","?","?","M","?","T","E","M","E","?","$","M","$","M","BOSS","R","M","?","$","M","?","T","$","M","M","R","?","M","M","M","BOSS","R","?","?","?","?","COS","T","$","M","?","R","M","?","NM","M","BOSS"],"items_purchased_type":["Relic","Relic","Potion","Potion","Card","Card","Relic","Card","Relic","Card","Card","Card","Potion","Potion","Relic","Relic","Relic","Relic","Card","Card","Card","Card","Card","Card","Relic","Relic","Relic","Card","Relic","Card","Potion","Card","Relic","Relic","Card","Potion","Card"],"build_version":"2020-12-22","purchased_purges":6,"victory":true,"max_hp_per_floor":[88,88,88,88,88,88,88,88,88,88,88,88,88,88,88,88,88,88,88,88,88,88,88,88,88,88,88,88,88,88,88,88,88,88,88,91,91,91,91,91,91,91,91,91,91,91,91,91,91,96],"card_choices":[{"not_picked":["Guardian:CrystalBeam","Guardian:RollAttack"],"picked":"Guardian:Gem_Lightblue","floor":2.0},{"not_picked":["Guardian:TimeSifter","Guardian:Planning"],"picked":"Guardian:SpikerProtocol","floor":4.0},{"not_picked":["Guardian:RefractedBeam","Guardian:PrismaticBeam"],"picked":"Guardian:Emergency","floor":5.0},{"not_picked":["Guardian:PrismaticBeam","Guardian:Planning"],"picked":"Guardian:Gem_Fragmented","floor":8.0},{"not_picked":["Guardian:BronzeOrb","Guardian:CrystalBeam"],"picked":"Guardian:Suspension","floor":9.0},{"not_picked":["Guardian:Repulse","Guardian:Planning"],"picked":"Guardian:VentSteam","floor":10.0},{"not_picked":["Guardian:TimeCapacitor","Guardian:DecasProtection"],"picked":"Guardian:Incinerate","floor":11.0},{"not_picked":["Guardian:VentSteam","Guardian:RefractedBeam"],"picked":"Guardian:ShieldCharger","floor":12.0},{"not_picked":["Guardian:Gem_Cyan","Guardian:Incinerate"],"picked":"Guardian:DecasProtection","floor":13.0},{"not_picked":["Guardian:Gem_Green","Guardian:PrismaticBarrier"],"picked":"Guardian:StasisStrike","floor":14.0},{"not_picked":["Guardian:Gem_Cyan","Guardian:RefractedBeam"],"picked":"Guardian:Gem_Red","floor":15.0},{"not_picked":["Guardian:StasisStrike","Guardian:AncientConstruct"],"picked":"Guardian:Gem_Synthetic","floor":16.0},{"not_picked":["Guardian:PiercingHide+1","Guardian:Incinerate+1"],"picked":"Guardian:TimeBomb","floor":19.0},{"not_picked":["Guardian:Recover+1","Guardian:EvasiveProtocol"],"picked":"Guardian:CrystalBeam","floor":21.0},{"not_picked":["Guardian:AncientConstruct","Guardian:VentSteam","Guardian:PrismaticBarrier+1"],"picked":"SKIP","floor":22.0},{"not_picked":["Guardian:FloatingOrbs","Guardian:ArmoredProtocol"],"picked":"Guardian:Gem_Red","floor":25},{"not_picked":["Guardian:RollAttack","Guardian:PrimingBeam"],"picked":"Guardian:Gem_Cyan","floor":26},{"not_picked":["Guardian:PiercingHide+1","Guardian:Gem_Red","Guardian:PrimingBeam"],"picked":"SKIP","floor":27},{"not_picked":["Guardian:Incinerate","Guardian:Planning"],"picked":"Guardian:Gem_White","floor":29},{"not_picked":["Guardian:ChargeCore","Guardian:CrystalBeam"],"picked":"Guardian:TemporalStrike","floor":30},{"not_picked":["Guardian:Reroute","Guardian:Gem_Red","Guardian:ChargeUp"],"picked":"SKIP","floor":31},{"not_picked":["Guardian:Emergency","Guardian:Reroute","Guardian:ShieldCharger"],"picked":"SKIP","floor":32},{"not_picked":["Guardian:ConstructionForm","Guardian:FastForward"],"picked":"Guardian:SphericShield","floor":33},{"not_picked":["Guardian:TimeBomb+1","Guardian:ShieldCharger+1"],"picked":"Guardian:Emergency+1","floor":39},{"not_picked":["Guardian:WalkerClaw","Guardian:TemporalShield","Guardian:ShieldCharger"],"picked":"SKIP","floor":42},{"not_picked":["Guardian:RevengeProtocol","Guardian:ChargeCore+1"],"picked":"Guardian:Gem_Crimson","floor":43},{"not_picked":["Guardian:Gem_Red","Guardian:WalkerClaw","Guardian:Incinerate"],"picked":"SKIP","floor":46},{"not_picked":["Guardian:TimeBomb+1","Guardian:Planning+1","Guardian:Gem_Cyan"],"picked":"SKIP","floor":49}],"player_experience":64878,"relics_obtained":[{"floor":7.0,"key":"Pen Nib"},{"floor":8.0,"key":"Blood Vial"},{"floor":10.0,"key":"aspiration:ChemicalBlood"},{"floor":41,"key":"hubris:Reverence"}],"event_choices":[],"is_beta":false,"boss_relics":[{"not_picked":["Runic Pyramid","Snecko Eye"],"picked":"Astrolabe"},{"not_picked":["Velvet Choker","conspire:SlowCooker"],"picked":"SlaversCollar"}],"items_purged_floors":[4,11,12,14,21,42],"is_endless":false,"potions_floor_spawned":[2,5,9,13,15,16,22,26,29,30,32,43,46,49],"ascension_level":0}}