{"host":"873t0y8ybyo38pfq","time":1609350463,"event":{"mods":["BaseMod","Bestiary","Colored Map","Colored Powertips","Highlight Path","Minty Spire (QoL Compilation)","Quick Restart","RNG Fix","Rare Cards Sparkle","Relic Stats","StSLib"],"gold_per_floor":[17,32,32,50,0,0,11,31,31,44,64,64,64,12,12,86,86,96,107,107,22,22,22,22],"floor_reached":23,"playtime":535,"items_purged":[],"score":366,"play_id":"e32d008f-5f2d-46eb-a231-14128f88f533","local_time":"20201230124743","is_ascension_mode":true,"campfire_choices":[{"data":"Blade Dance","floor":6,"key":"SMITH"},{"data":"Dagger Spray","floor":12,"key":"SMITH"},{"floor":15,"key":"REST"}],"circlet_count":0,"master_deck":["AscendersBane","Survivor+1","Neutralize","Quick Slash","Dagger Spray+1","Terror","Blade Dance+1","Leg Sweep","Infinite Blades","Dash","Cloak And Dagger","Adrenaline","Dodge and Roll","Wraith Form v2","A Thousand Cuts","Doppelganger","Bane","Concentrate","Catalyst","Glass Knife","Calculated Gamble","Distraction","Footwork"],"relics":["Ring of the Snake","Meat on the Bone","The Specimen","Pandora\u0027s Box","Orichalcum","Juzu Bracelet"],"acts_visited":["Exordium","TheCity"],"potions_floor_usage":[16,16,18,23],"damage_taken":[{"damage":1,"enemies":"Small Slimes","floor":1,"turns":4},{"damage":1,"enemies":"Jaw Worm","floor":2,"turns":5},{"damage":1,"enemies":"Cultist","floor":4,"turns":3},{"damage":15,"enemies":"Large Slime","floor":7,"turns":6},{"damage":3,"enemies":"Looter","floor":8,"turns":3},{"damage":6,"enemies":"Exordium Thugs","floor":10,"turns":4},{"damage":4,"enemies":"Large Slime","floor":11,"turns":4},{"damage":31,"enemies":"The Guardian","floor":16,"turns":14},{"damage":4,"enemies":"2 Thieves","floor":18,"turns":4},{"damage":6,"enemies":"3 Byrds","floor":19,"turns":4},{"damage":65,"enemies":"Slavers","floor":23,"turns":4}],"seed_played":"2699720954495567061","potions_obtained":[{"floor":2,"key":"PowerPotion"},{"floor":10,"key":"LiquidBronze"},{"floor":16,"key":"Fire Potion"},{"floor":19,"key":"GhostInAJar"}],"is_trial":false,"path_per_floor":["M","M","?","M","$","R","M","M","T","M","M","R","?","$","R","B",null,"M","M","T","?","$","E"],"character_chosen":"THE_SILENT","items_purchased":["Blade Dance","Cloak And Dagger"],"campfire_rested":1,"item_purchase_floors":[5,14],"current_hp_per_floor":[70,69,46,45,45,45,30,27,27,33,41,41,23,23,46,27,65,61,55,55,55,55,0,0],"gold":22,"neow_bonus":"TWENTY_PERCENT_HP_BONUS","is_daily":false,"chose_seed":false,"campfire_upgraded":2,"win_rate":0.0,"timestamp":1609350463,"path_taken":["M","?","?","M","$","R","?","?","T","M","M","R","?","$","R","BOSS","M","M","?","?","$","E"],"items_purchased_type":["Card","Card"],"build_version":"2020-12-22","purchased_purges":0,"victory":false,"max_hp_per_floor":[78,78,78,78,78,78,78,78,78,78,78,78,78,78,78,78,78,78,78,78,78,78,78,78],"relic_stats":{"counters":[11,55],"Pandora\u0027s Box":["Dodge and Roll","Wraith Form v2","A Thousand Cuts","Doppelganger","Bane","Concentrate","Catalyst","Glass Knife","Calculated Gamble","Distraction"],"Juzu Bracelet":0,"Orichalcum":[6],"obtain_stats":[{"The Specimen":13,"Pandora\u0027s Box":17,"Juzu Bracelet":21,"Orichalcum":20,"Ring of the Snake":0,"Meat on the Bone":9},{"The Specimen":7,"Pandora\u0027s Box":8,"Juzu Bracelet":10,"Orichalcum":10,"Ring of the Snake":0,"Meat on the Bone":5},{"The Specimen":29,"Pandora\u0027s Box":43,"Juzu Bracelet":51,"Orichalcum":51,"Ring of the Snake":0,"Meat on the Bone":21}],"Ring of the Snake":[22],"Meat on the Bone":36},"card_choices":[{"not_picked":["Cloak And Dagger","PiercingWail"],"picked":"Quick Slash","floor":1},{"not_picked":["Tactician","Endless Agony"],"picked":"Dagger Spray","floor":2},{"not_picked":["Concentrate","Quick Slash"],"picked":"Terror","floor":4},{"not_picked":["Dagger Spray","Concentrate"],"picked":"Leg Sweep","floor":7},{"not_picked":["Doppelganger","Terror"],"picked":"Infinite Blades","floor":8},{"not_picked":["Quick Slash","Terror","Sucker Punch"],"picked":"SKIP","floor":10},{"not_picked":["Bouncing Flask","Deadly Poison"],"picked":"Dash","floor":11},{"not_picked":["Die Die Die","Unload"],"picked":"Adrenaline","floor":16},{"not_picked":["Infinite Blades","Quick Slash","Deadly Poison"],"picked":"SKIP","floor":18},{"not_picked":["Quick Slash","Riddle With Holes"],"picked":"Footwork","floor":19}],"player_experience":1422412,"relics_obtained":[{"floor":9,"key":"Meat on the Bone"},{"floor":20,"key":"Orichalcum"}],"event_choices":[{"damage_healed":0,"gold_gain":0,"player_choice":"Entered Light","damage_taken":23,"max_hp_gain":0,"max_hp_loss":0,"event_name":"Shining Light","floor":3,"gold_loss":0,"cards_upgraded":["Survivor","Strike_G"]},{"damage_healed":0,"gold_gain":0,"player_choice":"Success","damage_taken":18,"relics_obtained":["The Specimen"],"max_hp_gain":0,"max_hp_loss":0,"event_name":"Scrap Ooze","floor":13,"gold_loss":0},{"damage_healed":0,"gold_gain":0,"player_choice":"Obtained Relic","damage_taken":0,"relics_obtained":["Juzu Bracelet"],"max_hp_gain":0,"max_hp_loss":0,"event_name":"Addict","floor":21,"gold_loss":85}],"is_beta":false,"boss_relics":[{"not_picked":["Fusion Hammer","Sozu"],"picked":"Pandora\u0027s Box"}],"items_purged_floors":[],"is_endless":false,"potions_floor_spawned":[2,10,16,19],"killed_by":"Slavers","ascension_level":20}}