{"host":"mttmnrdvbvzz8cuy","time":1609305623,"event":{"mods":["BaseMod","Bestiary","Colored Map","Colored Powertips","Minty Spire (QoL Compilation)","StSLib"],"gold_per_floor":[113,38,38,38,53,84,84,102,102,102,2,77,109,128,128,231,231,246,246,27,38,48,60,60,60,60,60,79,79,112,112,112,112,112],"floor_reached":33,"playtime":1389,"items_purged":["Strike_B","Strike_B","Defend_B"],"score":328,"play_id":"2ac72dcc-42e4-4d04-adb8-646c9152feb3","local_time":"20201230162023","is_ascension_mode":true,"campfire_choices":[{"data":"White Noise","floor":7,"key":"SMITH"},{"data":"Dualcast","floor":15,"key":"SMITH"},{"data":"Defragment","floor":24,"key":"SMITH"},{"floor":27,"key":"REST"},{"data":"Creative AI","floor":32,"key":"SMITH"}],"circlet_count":0,"master_deck":["Zap","Dualcast+1","Ball Lightning","Leap","White Noise+1","Sweeping Beam","Cold Snap","Machine Learning","Beam Cell","Cold Snap","Defragment+1","Stack","Beam Cell","Conserve Battery+1","Hologram+1","RitualDagger","Barrage+1","Gash","Creative AI+1","BootSequence"],"relics":["Cracked Core","NeowsBlessing","Meat on the Bone","Ancient Tea Set","Toy Ornithopter","Juzu Bracelet","Empty Cage","Letter Opener","Sundial","Matryoshka"],"acts_visited":["Exordium","TheCity"],"potions_floor_usage":[33,33],"damage_taken":[{"damage":0,"enemies":"Small Slimes","floor":1,"turns":1},{"damage":0,"enemies":"Jaw Worm","floor":5,"turns":1},{"damage":0,"enemies":"3 Sentries","floor":6,"turns":1},{"damage":0,"enemies":"2 Louse","floor":8,"turns":1},{"damage":11,"enemies":"Gremlin Nob","floor":13,"turns":3},{"damage":16,"enemies":"Large Slime","floor":14,"turns":4},{"damage":37,"enemies":"Hexaghost","floor":16,"turns":11},{"damage":22,"enemies":"2 Thieves","floor":18,"turns":4},{"damage":13,"enemies":"Shell Parasite","floor":21,"turns":4},{"damage":26,"enemies":"Snake Plant","floor":22,"turns":4},{"damage":3,"enemies":"Centurion and Healer","floor":23,"turns":7},{"damage":12,"enemies":"3 Cultists","floor":28,"turns":5},{"damage":17,"enemies":"Book of Stabbing","floor":30,"turns":5},{"damage":82,"enemies":"Collector","floor":33,"turns":7}],"seed_played":"4366649480146828246","potions_obtained":[{"floor":5,"key":"LiquidBronze"},{"floor":6,"key":"PowerPotion"},{"floor":16,"key":"LiquidMemories"},{"floor":21,"key":"FairyPotion"},{"floor":22,"key":"BlessingOfTheForge"}],"is_trial":false,"path_per_floor":["M","$","?","?","M","E","R","M","T","?","$","?","E","M","R","B",null,"M","?","$","M","M","M","R","?","T","R","M","?","E","T","R","B"],"character_chosen":"DEFECT","items_purchased":["Defragment","Stack"],"campfire_rested":1,"item_purchase_floors":[20,20],"current_hp_per_floor":[75,75,63,56,56,56,56,56,56,75,75,64,53,49,49,24,75,53,53,53,40,26,35,35,29,29,51,39,39,34,34,34,0,0],"gold":112,"neow_bonus":"THREE_ENEMY_KILL","is_daily":false,"chose_seed":false,"campfire_upgraded":4,"win_rate":0.0,"timestamp":1609305623,"path_taken":["M","$","?","?","M","E","R","M","T","?","$","?","E","M","R","BOSS","M","?","$","M","M","M","R","?","T","R","M","?","E","?","R","BOSS"],"items_purchased_type":["Card","Card"],"build_version":"2020-12-22","purchased_purges":3,"victory":false,"max_hp_per_floor":[75,75,75,75,75,75,75,75,75,75,75,75,75,75,75,75,75,75,75,75,75,75,75,75,75,75,75,75,75,75,75,75,75,75],"card_choices":[{"not_picked":["Redo","Go for the Eyes"],"picked":"Ball Lightning","floor":1},{"not_picked":["FTL","Scrape"],"picked":"Leap","floor":5},{"not_picked":["Recycle","Steam"],"picked":"White Noise","floor":6},{"not_picked":["Beam Cell","White Noise"],"picked":"Sweeping Beam","floor":8},{"not_picked":["Doom and Gloom","Redo"],"picked":"Cold Snap","floor":13},{"not_picked":["Rebound","Scrape","Gash"],"picked":"SKIP","floor":14},{"not_picked":["Creative AI","Hyperbeam"],"picked":"Machine Learning","floor":16},{"not_picked":["Redo","Steam"],"picked":"Beam Cell","floor":18},{"not_picked":["Rebound","White Noise"],"picked":"Beam Cell","floor":21},{"not_picked":["Redo","Sweeping Beam"],"picked":"Conserve Battery+1","floor":22},{"not_picked":["Steam","FTL"],"picked":"Hologram+1","floor":23},{"not_picked":["Cold Snap","Go for the Eyes"],"picked":"Barrage+1","floor":28},{"not_picked":["Turbo+1","Ball Lightning+1"],"picked":"BootSequence","floor":30}],"player_experience":114290,"relics_obtained":[{"floor":6,"key":"Ancient Tea Set"},{"floor":9,"key":"Toy Ornithopter"},{"floor":13,"key":"Juzu Bracelet"},{"floor":26,"key":"Letter Opener"},{"floor":30,"key":"Sundial"},{"floor":31,"key":"Matryoshka"}],"event_choices":[{"damage_healed":0,"gold_gain":0,"player_choice":"Success","damage_taken":12,"relics_obtained":["Meat on the Bone"],"max_hp_gain":0,"max_hp_loss":0,"event_name":"Scrap Ooze","floor":3,"gold_loss":0},{"cards_removed":["Strike_B"],"damage_healed":0,"gold_gain":0,"player_choice":"Card Removal","damage_taken":7,"max_hp_gain":0,"max_hp_loss":0,"event_name":"Golden Wing","floor":4,"gold_loss":0},{"damage_healed":25,"gold_gain":0,"player_choice":"Banana","damage_taken":0,"max_hp_gain":0,"max_hp_loss":0,"event_name":"Big Fish","floor":10,"gold_loss":0},{"damage_healed":0,"gold_gain":75,"player_choice":"Gather Gold","damage_taken":11,"max_hp_gain":0,"max_hp_loss":0,"event_name":"World of Goop","floor":12,"gold_loss":0},{"damage_healed":0,"gold_gain":0,"player_choice":"Read","damage_taken":0,"max_hp_gain":0,"max_hp_loss":0,"event_name":"The Library","floor":19,"gold_loss":0,"cards_obtained":["Cold Snap"]},{"damage_healed":0,"gold_gain":0,"player_choice":"Joined the Cult","damage_taken":6,"max_hp_gain":0,"max_hp_loss":0,"event_name":"Nest","floor":25,"gold_loss":0,"cards_obtained":["RitualDagger"]},{"damage_healed":0,"gold_gain":0,"cards_transformed":["Defend_B","Defend_B"],"player_choice":"Became Test Subject","damage_taken":0,"max_hp_gain":0,"max_hp_loss":0,"event_name":"Drug Dealer","floor":29,"gold_loss":0,"cards_obtained":["Gash","Creative AI"]}],"is_beta":false,"boss_relics":[{"not_picked":["Tiny House","Black Star"],"picked":"Empty Cage"}],"items_purged_floors":[2,11,20],"is_endless":false,"potions_floor_spawned":[5,6,16,21,22],"killed_by":"Collector","ascension_level":2}}