{"host":"akjsb4vg7478j4ls","time":1609337110,"event":{"mods":["BaseMod","Colored Powertips","Minty Spire (QoL Compilation)","Rare Cards Sparkle"],"gold_per_floor":[119,27,43,43,58,58,58,58,84,103,123,136,136,169,169,288,288,309,323,347,31,50,50,66,110,110,11,35,59,82,282,282,402,402,417,206,224,224,224,224,238,238,262,262,306,36,50,50,50],"floor_reached":48,"playtime":2549,"items_purged":["Decay"],"score":541,"play_id":"c1318588-2285-4c72-9036-273d192695e0","local_time":"20201230120510","is_ascension_mode":false,"campfire_choices":[{"floor":6,"key":"REST"},{"floor":13,"key":"REST"},{"data":"Double Tap","floor":15,"key":"SMITH"},{"data":"Limit Break","floor":23,"key":"SMITH"},{"floor":32,"key":"REST"},{"floor":40,"key":"REST"},{"floor":44,"key":"REST"}],"circlet_count":0,"master_deck":["Strike_R","Strike_R","Strike_R","Strike_R","Strike_R","Defend_R+1","Defend_R","Defend_R","Defend_R","Bash+1","Clothesline","Dramatic Entrance","Uppercut","Pommel Strike","Double Tap+1","Havoc","Dual Wield","Carnage","Limit Break+1","Perfected Strike+1","Armaments","Rage+1","Armaments+1","Anger","Spot Weakness+1","Armaments+1","Perfected Strike","Perfected Strike+1","Immolate+1","Decay","Cleave+1","Offering+1","Sword Boomerang+1","Transmutation+1","Shrug It Off+1","Heavy Blade+1","Madness+1","Madness+1","Shrug It Off+1","Doubt","Clothesline+1","Chrysalis+1","Perfected Strike+1","Twin Strike+1","Havoc+1"],"relics":["Velvet Choker","Golden Idol","PreservedInsect","Lantern","Cursed Key","Toxic Egg 2","Red Mask","Molten Egg 2","Toy Ornithopter","Philosopher\u0027s Stone","Vajra","Pantograph"],"acts_visited":["Exordium","TheCity","TheBeyond"],"potions_floor_usage":[11,30,33,33,42,45,45],"damage_taken":[{"damage":1,"enemies":"Cultist","floor":1,"turns":3},{"damage":1,"enemies":"Jaw Worm","floor":3,"turns":3},{"damage":0,"enemies":"2 Louse","floor":5,"turns":2},{"damage":11,"enemies":"Exordium Thugs","floor":10,"turns":4},{"damage":0,"enemies":"Large Slime","floor":11,"turns":2},{"damage":6,"enemies":"Exordium Wildlife","floor":12,"turns":2},{"damage":0,"enemies":"Gremlin Nob","floor":14,"turns":2},{"damage":60,"enemies":"Hexaghost","floor":16,"turns":8},{"damage":6,"enemies":"Chosen","floor":18,"turns":3},{"damage":7,"enemies":"2 Thieves","floor":19,"turns":3},{"damage":2,"enemies":"Chosen and Byrds","floor":20,"turns":4},{"damage":1,"enemies":"Cultist and Chosen","floor":22,"turns":4},{"damage":5,"enemies":"Sentry and Sphere","floor":24,"turns":3},{"damage":7,"enemies":"Masked Bandits","floor":25,"turns":3},{"damage":15,"enemies":"Snake Plant","floor":28,"turns":2},{"damage":0,"enemies":"Snecko","floor":30,"turns":1},{"damage":37,"enemies":"Collector","floor":33,"turns":5},{"damage":3,"enemies":"Orb Walker","floor":35,"turns":2},{"damage":26,"enemies":"3 Darklings","floor":37,"turns":3},{"damage":28,"enemies":"Maw","floor":41,"turns":7},{"damage":0,"enemies":"Sphere and 2 Shapes","floor":42,"turns":1},{"damage":25,"enemies":"Reptomancer","floor":45,"turns":4},{"damage":43,"enemies":"4 Shapes","floor":47,"turns":5},{"damage":12,"enemies":"Maw","floor":48,"turns":4}],"seed_played":"-1985141517777728878","potions_obtained":[{"floor":1,"key":"DuplicationPotion"},{"floor":5,"key":"Ancient Potion"},{"floor":10,"key":"Fire Potion"},{"floor":11,"key":"Dexterity Potion"},{"floor":14,"key":"FearPotion"},{"floor":30,"key":"SmokeBomb"},{"floor":33,"key":"BlessingOfTheForge"},{"floor":35,"key":"ColorlessPotion"}],"is_trial":false,"path_per_floor":["M","$","M","?","M","R","?","?","T","M","M","M","R","E","R","B",null,"M","M","M","$","M","R","M","?","T","$","M","T","M","?","R","B",null,"M","$","M","?","?","R","M","M","T","R","E","$","M","M"],"character_chosen":"IRONCLAD","items_purchased":["Dramatic Entrance","Toxic Egg 2","Armaments+1","Anger","Perfected Strike+1","Transmutation+1","Shrug It Off+1","Chrysalis+1","Perfected Strike+1","Twin Strike+1"],"campfire_rested":5,"item_purchase_floors":[2,21,21,21,27,36,36,46,46,46],"current_hp_per_floor":[79,79,78,58,58,80,64,64,64,53,53,47,71,71,71,11,80,74,67,65,65,64,64,59,52,52,52,37,37,42,42,66,39,80,77,77,51,41,41,65,37,42,42,66,51,51,8,0,0],"gold":50,"neow_bonus":"BOSS_RELIC","is_daily":false,"chose_seed":false,"campfire_upgraded":2,"win_rate":0.0,"timestamp":1609337110,"path_taken":["M","$","?","?","M","R","?","?","T","M","?","M","R","E","R","BOSS","M","M","M","$","M","R","M","?","T","$","M","?","M","?","R","BOSS","M","$","M","?","?","R","?","M","T","R","E","$","M","M"],"items_purchased_type":["Card","Relic","Card","Card","Card","Card","Card","Card","Card","Card"],"build_version":"2020-12-22","purchased_purges":1,"victory":false,"max_hp_per_floor":[80,80,80,80,80,80,80,80,80,80,80,80,80,80,80,80,80,80,80,80,80,80,80,80,80,80,80,80,80,80,80,80,80,80,80,80,80,80,80,80,80,80,80,80,80,80,80,80,80],"card_choices":[{"not_picked":["Bloodletting","Ghostly Armor"],"picked":"Clothesline","floor":1},{"not_picked":["Burning Pact","Entrench"],"picked":"Uppercut","floor":3},{"not_picked":["Uppercut","Flex"],"picked":"Pommel Strike","floor":5},{"not_picked":["Heavy Blade","Warcry"],"picked":"Double Tap","floor":10},{"not_picked":["Dark Embrace","Rupture"],"picked":"Havoc","floor":11},{"not_picked":["Havoc","Heavy Blade"],"picked":"Dual Wield","floor":12},{"not_picked":["Dark Embrace","Bloodletting"],"picked":"Carnage","floor":14},{"not_picked":["Exhume","Double Tap"],"picked":"Limit Break","floor":16},{"not_picked":["Clash","Havoc"],"picked":"Perfected Strike+1","floor":18},{"not_picked":["Combust","Rupture+1"],"picked":"Armaments","floor":19},{"not_picked":["Feel No Pain","Clothesline"],"picked":"Rage+1","floor":20},{"not_picked":["Warcry+1","Dual Wield+1"],"picked":"Spot Weakness+1","floor":22},{"not_picked":["Thunderclap","Headbutt"],"picked":"Armaments+1","floor":24},{"not_picked":["Power Through+1","Cleave"],"picked":"Perfected Strike","floor":25},{"not_picked":["Rage+1","Iron Wave+1"],"picked":"Immolate+1","floor":28},{"not_picked":["Battle Trance+1","Pommel Strike+1"],"picked":"Cleave+1","floor":30},{"not_picked":["Brutality","Corruption"],"picked":"Offering+1","floor":33},{"not_picked":["Intimidate+1","Sever Soul+1"],"picked":"Sword Boomerang+1","floor":35},{"not_picked":["Twin Strike+1","Headbutt+1"],"picked":"Heavy Blade+1","floor":37},{"not_picked":["Headbutt+1","Pommel Strike+1"],"picked":"Shrug It Off+1","floor":41},{"not_picked":["Pummel+1","Battle Trance+1"],"picked":"Clothesline+1","floor":45},{"not_picked":["Searing Blow+1","Evolve"],"picked":"Havoc+1","floor":47}],"player_experience":49567,"relics_obtained":[{"floor":9,"key":"PreservedInsect"},{"floor":14,"key":"Lantern"},{"floor":25,"key":"Red Mask"},{"floor":26,"key":"Molten Egg 2"},{"floor":29,"key":"Toy Ornithopter"},{"floor":43,"key":"Vajra"},{"floor":45,"key":"Pantograph"}],"event_choices":[{"damage_healed":0,"gold_gain":0,"player_choice":"Take Damage","damage_taken":20,"relics_obtained":["Golden Idol"],"max_hp_gain":0,"max_hp_loss":0,"event_name":"Golden Idol","floor":4,"gold_loss":0},{"damage_healed":0,"gold_gain":0,"player_choice":"Entered Light","damage_taken":16,"max_hp_gain":0,"max_hp_loss":0,"event_name":"Shining Light","floor":7,"gold_loss":0,"cards_upgraded":["Bash","Defend_R"]},{"damage_healed":0,"gold_gain":0,"player_choice":"Ignored","damage_taken":0,"max_hp_gain":0,"max_hp_loss":0,"event_name":"Purifier","floor":8,"gold_loss":0},{"damage_healed":0,"gold_gain":0,"player_choice":"Fought Bandits","damage_taken":0,"max_hp_gain":0,"max_hp_loss":0,"event_name":"Masked Bandits","floor":25,"gold_loss":0},{"damage_healed":0,"gold_gain":200,"player_choice":"Gold","damage_taken":0,"max_hp_gain":0,"max_hp_loss":0,"event_name":"Wheel of Change","floor":31,"gold_loss":0},{"damage_healed":0,"gold_gain":0,"player_choice":"Embrace Madness","damage_taken":10,"max_hp_gain":0,"max_hp_loss":0,"event_name":"Winding Halls","floor":38,"gold_loss":0,"cards_obtained":["Madness","Madness"]},{"damage_healed":0,"gold_gain":0,"player_choice":"Bought 0 Potions","damage_taken":0,"max_hp_gain":0,"max_hp_loss":0,"event_name":"The Woman in Blue","floor":39,"gold_loss":0}],"is_beta":false,"boss_relics":[{"not_picked":["Runic Dome","Tiny House"],"picked":"Cursed Key"},{"not_picked":["SacredBark","SlaversCollar"],"picked":"Philosopher\u0027s Stone"}],"items_purged_floors":[27],"is_endless":false,"potions_floor_spawned":[1,5,10,11,14,20,24,28,30,33,35,41,42],"killed_by":"Maw","ascension_level":0}}