{"host":"873t0y8ybyo38pfq","time":1609366805,"event":{"mods":["BaseMod","Bestiary","Colored Map","Colored Powertips","Highlight Path","Minty Spire (QoL Compilation)","Quick Restart","RNG Fix","Rare Cards Sparkle","Relic Stats","StSLib"],"gold_per_floor":[111,123,133,6,6,6,18,193,193,193,203,203,12,28,28,130,130,148,168,93,93,104,132,132,158,235,12,28,28,59,59,59,156,156,169,169,180,180,227,227,258,275,300,327,327,338,338,355,355,355,355,355,3,28,28,28],"floor_reached":55,"playtime":2828,"items_purged":["Doubt","Regret"],"score":950,"play_id":"63297378-3e90-4e69-a432-69085a923fbc","local_time":"20201230172005","is_ascension_mode":true,"campfire_choices":[{"data":"Reprogram","floor":6,"key":"SMITH"},{"data":"Beam Cell","floor":12,"key":"SMITH"},{"data":"Genetic Algorithm","floor":15,"key":"SMITH"},{"floor":24,"key":"REST"},{"data":"Sweeping Beam","floor":29,"key":"SMITH"},{"data":"Compile Driver","floor":32,"key":"SMITH"},{"data":"Hyperbeam","floor":40,"key":"SMITH"},{"floor":49,"key":"RECALL"},{"data":"Bite","floor":52,"key":"SMITH"}],"circlet_count":0,"master_deck":["Defend_B+1","Defend_B+1","Defend_B+1","Defend_B+1","Dualcast+1","Reprogram+1","Glacier","Sweeping Beam+1","Go for the Eyes","Genetic Algorithm","Beam Cell+1","Compile Driver+1","Genetic Algorithm+1","Fission","Conserve Battery+1","Hologram","Streamline+1","Fusion+1","Leap+1","Undo+1","Bite+1","Bite","Bite","Bite","Bite","Hyperbeam+1","Gash+1","Sweeping Beam","Sweeping Beam+1","Hello World+1","Doubt","Blizzard+1","Cold Snap","Dark Shackles+1","Flash of Steel","Glacier+1","Go for the Eyes+1"],"relics":["Cracked Core","Darkstone Periapt","Membership Card","Cursed Key","Oddly Smooth Stone","Torii","The Courier","Toxic Egg 2","Lee\u0027s Waffle","Art of War","Velvet Choker","Incense Burner","Turnip","Ginger","Lantern","Strange Spoon","Letter Opener","Boot"],"acts_visited":["Exordium","TheCity","TheBeyond","TheEnding"],"potions_floor_usage":[16,16,18,23,23,23,30,33,39,50,54,54],"damage_taken":[{"damage":0,"enemies":"Cultist","floor":1,"turns":4},{"damage":2,"enemies":"2 Louse","floor":2,"turns":4},{"damage":1,"enemies":"Jaw Worm","floor":3,"turns":5},{"damage":2,"enemies":"2 Fungi Beasts","floor":7,"turns":3},{"damage":3,"enemies":"Red Slaver","floor":11,"turns":5},{"damage":1,"enemies":"Exordium Thugs","floor":14,"turns":4},{"damage":17,"enemies":"The Guardian","floor":16,"turns":10},{"damage":8,"enemies":"Spheric Guardian","floor":18,"turns":4},{"damage":7,"enemies":"Chosen","floor":19,"turns":5},{"damage":10,"enemies":"Snake Plant","floor":22,"turns":5},{"damage":18,"enemies":"Gremlin Leader","floor":23,"turns":8},{"damage":4,"enemies":"Slavers","floor":25,"turns":6},{"damage":0,"enemies":"Centurion and Healer","floor":28,"turns":8},{"damage":0,"enemies":"Gremlin Leader","floor":30,"turns":6},{"damage":31,"enemies":"Collector","floor":33,"turns":13},{"damage":1,"enemies":"Orb Walker","floor":35,"turns":4},{"damage":0,"enemies":"3 Shapes","floor":37,"turns":5},{"damage":18,"enemies":"2 Orb Walkers","floor":39,"turns":6},{"damage":34,"enemies":"Nemesis","floor":41,"turns":7},{"damage":9,"enemies":"Jaw Worm Horde","floor":42,"turns":3},{"damage":39,"enemies":"Reptomancer","floor":44,"turns":10},{"damage":2,"enemies":"Sphere and 2 Shapes","floor":46,"turns":5},{"damage":0,"enemies":"Spire Growth","floor":48,"turns":5},{"damage":71,"enemies":"Donu and Deca","floor":50,"turns":14},{"damage":40,"enemies":"Shield and Spear","floor":54,"turns":9},{"damage":69,"enemies":"The Heart","floor":55,"turns":3}],"seed_played":"2867224186360147960","potions_obtained":[{"floor":2,"key":"Explosive Potion"},{"floor":7,"key":"EntropicBrew"},{"floor":18,"key":"Block Potion"},{"floor":22,"key":"Fire Potion"},{"floor":25,"key":"Swift Potion"},{"floor":30,"key":"Block Potion"},{"floor":33,"key":"EssenceOfSteel"},{"floor":39,"key":"Explosive Potion"},{"floor":41,"key":"FairyPotion"},{"floor":44,"key":"Swift Potion"}],"is_trial":false,"path_per_floor":["M","M","M","$","?","R","M","?","T","?","M","R","$","M","R","B",null,"M","M","?","?","M","E","R","E","T","$","M","R","E","?","R","B",null,"M","?","M","T","?","R","E","M","T","E","?","M","?","M","R","B",null,"R","$","E","B"],"character_chosen":"DEFECT","items_purchased":["Genetic Algorithm","Beam Cell","Membership Card","Genetic Algorithm","Toxic Egg 2","Lee\u0027s Waffle","Leap+1","Strange Spoon","Dark Shackles+1","Flash of Steel","Letter Opener","SteroidPotion","Fire Potion","Glacier+1"],"campfire_rested":1,"item_purchase_floors":[4,4,13,13,27,27,27,53,53,53,53,53,53,53],"current_hp_per_floor":[75,73,72,72,57,57,55,55,55,48,45,45,45,44,44,27,75,67,60,60,60,50,32,54,50,56,88,88,88,88,61,61,59,61,61,58,58,64,54,54,34,31,37,14,14,16,16,26,26,13,70,70,70,45,0,0],"gold":28,"neow_bonus":"TRANSFORM_CARD","is_daily":false,"chose_seed":false,"campfire_upgraded":7,"win_rate":0.0,"timestamp":1609366805,"path_taken":["M","M","M","$","?","R","M","?","T","?","M","R","$","M","R","BOSS","M","?","?","?","?","E","R","E","T","$","M","R","E","?","R","BOSS","M","?","M","?","?","R","E","M","T","E","?","M","?","M","R","BOSS","R","$","E","BOSS"],"items_purchased_type":["Card","Card","Relic","Card","Relic","Relic","Card","Relic","Card","Card","Relic","Potion","Potion","Card"],"build_version":"2020-12-22","purchased_purges":2,"victory":false,"max_hp_per_floor":[75,75,75,75,75,75,75,75,75,75,75,75,75,75,75,75,75,75,75,75,75,75,75,75,75,81,88,88,88,88,61,61,61,61,61,58,58,64,64,64,64,64,70,70,70,70,70,70,70,70,70,70,70,70,70,70],"relic_stats":{"Darkstone Periapt":18,"Strange Spoon":[3],"Lee\u0027s Waffle":32,"Torii":18,"counters":[26,161],"Turnip":[7],"Art of War":[3],"Ginger":[11],"Letter Opener":[25],"Cursed Key":3,"Boot":[2],"obtain_stats":[{"Darkstone Periapt":9,"Lee\u0027s Waffle":27,"Lantern":44,"Torii":25,"Oddly Smooth Stone":23,"Velvet Choker":34,"The Courier":26,"Incense Burner":38,"Ginger":41,"Letter Opener":53,"Cursed Key":17,"Boot":54,"Strange Spoon":53,"Turnip":39,"Art of War":30,"Membership Card":13,"Toxic Egg 2":27,"Cracked Core":0},{"Darkstone Periapt":4,"Lee\u0027s Waffle":12,"Lantern":21,"Torii":12,"Oddly Smooth Stone":11,"Velvet Choker":15,"The Courier":12,"Incense Burner":17,"Ginger":19,"Letter Opener":24,"Cursed Key":7,"Boot":25,"Strange Spoon":24,"Turnip":18,"Art of War":14,"Membership Card":5,"Toxic Egg 2":12,"Cracked Core":0},{"Darkstone Periapt":16,"Lee\u0027s Waffle":63,"Lantern":125,"Torii":63,"Oddly Smooth Stone":57,"Velvet Choker":90,"The Courier":63,"Incense Burner":99,"Ginger":112,"Letter Opener":149,"Cursed Key":35,"Boot":158,"Strange Spoon":149,"Turnip":105,"Art of War":77,"Membership Card":21,"Toxic Egg 2":63,"Cracked Core":0}]},"card_choices":[{"not_picked":["Consume","Barrage"],"picked":"Glacier","floor":1},{"not_picked":["Compile Driver","Glacier"],"picked":"Sweeping Beam","floor":2},{"not_picked":["Force Field","Steam"],"picked":"Go for the Eyes","floor":3},{"not_picked":["Turbo","Chill"],"picked":"Compile Driver","floor":7},{"not_picked":["Self Repair","Storm","Aggregate"],"picked":"SKIP","floor":11},{"not_picked":["Force Field","Double Energy","Tempest"],"picked":"SKIP","floor":14},{"not_picked":["Reboot","Machine Learning"],"picked":"Fission","floor":16},{"not_picked":["Hello World","Consume","Turbo"],"picked":"SKIP","floor":18},{"not_picked":["Leap+1","Rebound"],"picked":"Conserve Battery+1","floor":19},{"not_picked":["Auto Shields","Tempest"],"picked":"Hologram","floor":22},{"not_picked":["Heatsinks","Steam"],"picked":"Streamline+1","floor":23},{"not_picked":["Aggregate+1","Compile Driver"],"picked":"Fusion+1","floor":25},{"not_picked":["Hologram+1","Genetic Algorithm+1","Static Discharge"],"picked":"SKIP","floor":28},{"not_picked":["Streamline","Defragment"],"picked":"Undo+1","floor":30},{"not_picked":["Meteor Strike","Reboot+1"],"picked":"Hyperbeam","floor":33},{"not_picked":["Cold Snap","Chill+1","Doom and Gloom"],"picked":"SKIP","floor":35},{"not_picked":["Cold Snap+1","Hologram+1"],"picked":"Gash+1","floor":37},{"not_picked":["Redo+1","Stack+1"],"picked":"Sweeping Beam","floor":39},{"not_picked":["Amplify+1","Hologram+1"],"picked":"Sweeping Beam+1","floor":41},{"not_picked":["Ball Lightning+1","Leap+1"],"picked":"Hello World","floor":42},{"not_picked":["Go for the Eyes","Force Field+1","Steam Power+1"],"picked":"SKIP","floor":44},{"not_picked":["Turbo+1","Steam+1"],"picked":"Blizzard+1","floor":46},{"not_picked":["Beam Cell","Compile Driver"],"picked":"Cold Snap","floor":48},{"not_picked":["Tempest+1","Aggregate+1"],"picked":"Go for the Eyes+1","floor":54}],"player_experience":1431748,"relics_obtained":[{"floor":9,"key":"Darkstone Periapt"},{"floor":23,"key":"Oddly Smooth Stone"},{"floor":25,"key":"Torii"},{"floor":26,"key":"The Courier"},{"floor":30,"key":"Art of War"},{"floor":38,"key":"Incense Burner"},{"floor":39,"key":"Turnip"},{"floor":41,"key":"Ginger"},{"floor":44,"key":"Lantern"},{"floor":54,"key":"Boot"}],"event_choices":[{"damage_healed":0,"gold_gain":0,"player_choice":"Entered Light","damage_taken":15,"max_hp_gain":0,"max_hp_loss":0,"event_name":"Shining Light","floor":5,"gold_loss":0,"cards_upgraded":["Dualcast","Defend_B"]},{"damage_healed":0,"gold_gain":175,"player_choice":"AGREE","damage_taken":0,"max_hp_gain":0,"max_hp_loss":0,"event_name":"Liars Game","floor":8,"gold_loss":0,"cards_obtained":["Doubt"]},{"cards_removed":["Doubt"],"damage_healed":0,"gold_gain":0,"player_choice":"Card Removal","damage_taken":7,"max_hp_gain":0,"max_hp_loss":0,"event_name":"Golden Wing","floor":10,"gold_loss":0},{"cards_removed":["Zap"],"damage_healed":0,"gold_gain":0,"player_choice":"Gave Gold","damage_taken":0,"max_hp_gain":0,"max_hp_loss":0,"event_name":"Beggar","floor":20,"gold_loss":75},{"damage_healed":0,"gold_gain":0,"player_choice":"Simplicity","damage_taken":0,"max_hp_gain":0,"max_hp_loss":0,"event_name":"Back to Basics","floor":21,"gold_loss":0,"cards_upgraded":["Strike_B","Strike_B","Strike_B","Defend_B","Defend_B","Defend_B"]},{"damage_healed":0,"gold_gain":0,"player_choice":"Became a vampire","damage_taken":0,"max_hp_gain":0,"max_hp_loss":27,"event_name":"Vampires","floor":31,"gold_loss":0,"cards_obtained":["Bite","Bite","Bite","Bite","Bite"]},{"damage_healed":0,"gold_gain":0,"player_choice":"Max HP","damage_taken":0,"max_hp_gain":0,"max_hp_loss":3,"event_name":"Winding Halls","floor":36,"gold_loss":0},{"damage_healed":0,"gold_gain":0,"player_choice":"Fight","damage_taken":0,"max_hp_gain":0,"max_hp_loss":0,"event_name":"Mysterious Sphere","floor":39,"gold_loss":0},{"damage_healed":0,"gold_gain":0,"player_choice":"Upgraded","damage_taken":0,"max_hp_gain":0,"max_hp_loss":0,"event_name":"Upgrade Shrine","floor":45,"gold_loss":0,"cards_upgraded":["Hello World"]},{"damage_healed":0,"gold_gain":0,"player_choice":"Ignored","damage_taken":0,"max_hp_gain":0,"max_hp_loss":0,"event_name":"Tomb of Lord Red Mask","floor":47,"gold_loss":0}],"is_beta":false,"boss_relics":[{"not_picked":["Coffee Dripper","Ectoplasm"],"picked":"Cursed Key"},{"not_picked":["Fusion Hammer","Tiny House"],"picked":"Velvet Choker"}],"items_purged_floors":[27,53],"is_endless":false,"potions_floor_spawned":[2,7,16,18,19,22,25,30,33,39,41,44,48],"killed_by":"The Heart","ascension_level":4}}