{"host":"82vjcvwyw2j7afb1","time":1609346994,"event":{"mods":["BaseMod","Colored Map","DeckTracker","Keyboard Shortcuts","Minty Spire (QoL Compilation)","Permanent Neow","Quick Restart","StSLib","SuperFastMode","everything is the same but u backflip on backflip"],"gold_per_floor":[111,111,111,61,61,96,96,140,140,140,165,190,44,125,125,254,254,278,294,294,294,318,318,318,318],"floor_reached":24,"playtime":831,"items_purged":[],"score":277,"play_id":"70d2b41c-7ad5-4983-a1a8-980698315d50","local_time":"20201231014954","is_ascension_mode":false,"campfire_choices":[{"data":"Bash","floor":7.0,"key":"SMITH"},{"data":"Seeing Red","floor":10.0,"key":"SMITH"},{"data":"1","floor":15.0,"key":"LIFT"},{"data":"Brutality","floor":23.0,"key":"SMITH"}],"circlet_count":0,"master_deck":["Defend_R","Defend_R+1","Defend_R","Bash+1","Cleave+1","Shrug It Off","Thunderclap","Seeing Red+1","Headbutt","Rupture","Brutality+1","Dropkick","Bite","Bite","Bite","Bite","Bite","Body Slam"],"relics":["Burning Blood","NeowsBlessing","Golden Idol","Dream Catcher","Sundial","Champion Belt","Sling","Girya","Black Star"],"acts_visited":["Exordium","TheCity"],"potions_floor_usage":[],"damage_taken":[{"damage":0.0,"enemies":"Jaw Worm","floor":1.0,"turns":1.0},{"damage":0.0,"enemies":"3 Sentries","floor":6.0,"turns":2.0},{"damage":0.0,"enemies":"Gremlin Nob","floor":8.0,"turns":1.0},{"damage":0.0,"enemies":"2 Louse","floor":11.0,"turns":2.0},{"damage":0.0,"enemies":"Small Slimes","floor":12.0,"turns":3.0},{"damage":10.0,"enemies":"Gremlin Nob","floor":14.0,"turns":3.0},{"damage":25.0,"enemies":"Slime Boss","floor":16.0,"turns":10.0},{"damage":24.0,"enemies":"Spheric Guardian","floor":18.0,"turns":6.0},{"damage":24.0,"enemies":"2 Thieves","floor":19.0,"turns":4.0},{"damage":29.0,"enemies":"Centurion and Healer","floor":22.0,"turns":7.0},{"damage":31,"enemies":"Chosen and Byrds","floor":24,"turns":4}],"seed_played":"-879259510971184647","potions_obtained":[{"floor":6.0,"key":"SpeedPotion"},{"floor":8.0,"key":"LiquidMemories"},{"floor":22.0,"key":"ElixirPotion"}],"is_trial":false,"path_per_floor":["M","?","?","$","?","E","R","E","T","R","M","M","$","?","R","B",null,"M","M","?","?","M","R","M"],"character_chosen":"IRONCLAD","items_purchased":["Shrug It Off","Sling"],"campfire_rested":0,"item_purchase_floors":[4,13],"current_hp_per_floor":[80,74,67,67,52,58,58,64,64,64,70,74,74,70,70,51,74,56,38,38,38,25,25,0,0],"gold":318,"neow_bonus":"THREE_ENEMY_KILL","is_daily":false,"chose_seed":false,"campfire_upgraded":3,"win_rate":0.0,"timestamp":1609346994,"path_taken":["M","?","?","?","?","E","R","E","T","R","M","?","$","?","R","BOSS","M","M","?","?","M","R","M"],"items_purchased_type":["Card","Relic"],"build_version":"2020-12-22","purchased_purges":0,"victory":false,"max_hp_per_floor":[80,74,74,74,74,74,74,74,74,74,74,74,74,74,74,74,74,74,74,51,51,51,51,51,51],"card_choices":[{"not_picked":["Wild Strike","Sword Boomerang"],"picked":"Cleave","floor":1.0},{"not_picked":["Whirlwind","Feed"],"picked":"Thunderclap","floor":6.0},{"not_picked":["Berserk","Clothesline"],"picked":"Seeing Red","floor":8.0},{"not_picked":["Sword Boomerang","Clothesline"],"picked":"Headbutt","floor":11.0},{"not_picked":["Perfected Strike","Anger","Blood for Blood"],"picked":"SKIP","floor":12.0},{"not_picked":["Rage","Anger"],"picked":"Rupture","floor":14.0},{"not_picked":["Offering","Limit Break"],"picked":"Brutality","floor":16.0},{"not_picked":["Flex","Thunderclap"],"picked":"Dropkick","floor":18.0},{"not_picked":["Headbutt","Flex","Pummel"],"picked":"SKIP","floor":19.0},{"not_picked":["Shrug It Off","Clothesline","Thunderclap"],"picked":"SKIP","floor":22.0}],"player_experience":24678,"relics_obtained":[{"floor":6.0,"key":"Dream Catcher"},{"floor":8.0,"key":"Sundial"},{"floor":9.0,"key":"Champion Belt"},{"floor":14.0,"key":"Girya"}],"event_choices":[{"damage_healed":0.0,"max_hp_gain":0.0,"max_hp_loss":6.0,"gold_gain":0.0,"event_name":"Golden Idol","player_choice":"Lose Max HP","floor":2.0,"gold_loss":0.0,"damage_taken":0.0,"relics_obtained":["Golden Idol"]},{"cards_removed":["Defend_R"],"damage_healed":0.0,"max_hp_gain":0.0,"max_hp_loss":0.0,"gold_gain":0.0,"event_name":"Golden Wing","player_choice":"Card Removal","floor":3.0,"gold_loss":0.0,"damage_taken":7.0},{"damage_healed":0.0,"max_hp_gain":0.0,"max_hp_loss":0.0,"gold_gain":0.0,"event_name":"Shining Light","player_choice":"Entered Light","floor":5.0,"gold_loss":0.0,"damage_taken":15.0,"cards_upgraded":["Cleave","Defend_R"]},{"damage_healed":0.0,"max_hp_gain":0.0,"max_hp_loss":0.0,"gold_gain":0.0,"event_name":"Dead Adventurer","player_choice":"Searched \u00271\u0027 times","floor":14.0,"gold_loss":0.0,"damage_taken":0.0},{"damage_healed":0.0,"max_hp_gain":0.0,"max_hp_loss":23.0,"gold_gain":0.0,"event_name":"Vampires","player_choice":"Became a vampire","floor":20.0,"gold_loss":0.0,"damage_taken":0.0,"cards_obtained":["Bite","Bite","Bite","Bite","Bite"]},{"damage_healed":0.0,"max_hp_gain":0.0,"max_hp_loss":0.0,"gold_gain":0.0,"event_name":"The Library","player_choice":"Read","floor":21.0,"gold_loss":0.0,"damage_taken":0.0,"cards_obtained":["Body Slam"]}],"is_beta":false,"boss_relics":[{"not_picked":["Mark of Pain","Coffee Dripper"],"picked":"Black Star"}],"items_purged_floors":[],"is_endless":false,"potions_floor_spawned":[6,8,22],"killed_by":"Chosen and Byrds","ascension_level":0}}