{"host":"6pgtslebjnyv5xmi","time":1609332256,"event":{"mods":["AchievementEnabler","BaseMod","Colored Map","Minty Spire (QoL Compilation)","Rare Cards Sparkle","StSLib","SuperFastMode","everything is the same but u backflip on backflip"],"gold_per_floor":[115,135,135,85,85,85,115,115,138,148,148,158,176,41,41,41,41],"floor_reached":16,"playtime":418,"items_purged":[],"score":200,"play_id":"268dfdc3-1894-44e0-b264-5214c0af4992","local_time":"20201230214416","is_ascension_mode":true,"campfire_choices":[{"floor":6,"key":"RECALL"},{"data":"Wild Strike","floor":8,"key":"SMITH"},{"data":"Immolate","floor":15,"key":"SMITH"}],"circlet_count":0,"master_deck":["AscendersBane","Strike_R","Strike_R","Strike_R","Strike_R","Defend_R","Defend_R","Defend_R","Defend_R","Bash","Wild Strike+1","Regret","Battle Trance","Immolate+1"],"relics":["Burning Blood","NeowsBlessing","HornCleat","Gambling Chip","Tiny Chest","Mummified Hand"],"acts_visited":["Exordium"],"potions_floor_usage":[12,16],"damage_taken":[{"damage":0,"enemies":"Jaw Worm","floor":1,"turns":1},{"damage":0,"enemies":"2 Louse","floor":2,"turns":1},{"damage":0,"enemies":"Lagavulin","floor":7,"turns":1},{"damage":0,"enemies":"Cultist","floor":10,"turns":4},{"damage":33,"enemies":"Large Slime","floor":12,"turns":7},{"damage":21,"enemies":"Exordium Thugs","floor":13,"turns":4},{"damage":77,"enemies":"Hexaghost","floor":16,"turns":9}],"seed_played":"3322609039191400682","potions_obtained":[{"floor":7,"key":"Regen Potion"},{"floor":10,"key":"FairyPotion"},{"floor":13,"key":"FearPotion"}],"is_trial":false,"path_per_floor":["M","M","$","?","?","R","E","R","T","M","?","M","M","$","R","B"],"character_chosen":"IRONCLAD","items_purchased":["Immolate"],"campfire_rested":0,"item_purchase_floors":[14],"current_hp_per_floor":[78,80,80,80,80,80,80,80,80,80,80,65,50,50,50,0,0],"gold":41,"neow_bonus":"THREE_ENEMY_KILL","is_daily":false,"chose_seed":false,"campfire_upgraded":2,"win_rate":0.0,"timestamp":1609332256,"path_taken":["M","M","$","?","?","R","E","R","T","?","?","M","M","?","R","BOSS"],"items_purchased_type":["Card"],"build_version":"2020-12-22","purchased_purges":0,"victory":false,"max_hp_per_floor":[80,80,80,80,80,80,80,80,80,80,80,80,80,80,80,80,80],"card_choices":[{"not_picked":["Pommel Strike","True Grit"],"picked":"Hemokinesis","floor":1},{"not_picked":["Clash","Evolve","Wild Strike"],"picked":"SKIP","floor":2},{"not_picked":["Clothesline","Blood for Blood"],"picked":"Wild Strike","floor":7},{"not_picked":["Clothesline","Havoc","Sever Soul"],"picked":"SKIP","floor":10},{"not_picked":["Wild Strike","Flex"],"picked":"Battle Trance","floor":12},{"not_picked":["Thunderclap","Clash","Pommel Strike"],"picked":"SKIP","floor":13}],"player_experience":623432,"relics_obtained":[{"floor":7,"key":"Gambling Chip"},{"floor":9,"key":"Tiny Chest"}],"event_choices":[{"cards_removed":["Strike_R"],"damage_healed":0,"gold_gain":0,"player_choice":"Card Removal","damage_taken":0,"max_hp_gain":0,"max_hp_loss":0,"event_name":"The Cleric","floor":4,"gold_loss":50},{"cards_removed":["Hemokinesis"],"damage_healed":0,"gold_gain":0,"player_choice":"Gave Card","damage_taken":0,"relics_obtained":["HornCleat"],"max_hp_gain":0,"max_hp_loss":0,"event_name":"WeMeetAgain","floor":5,"gold_loss":0},{"damage_healed":0,"gold_gain":0,"player_choice":"Box","damage_taken":0,"relics_obtained":["Mummified Hand"],"max_hp_gain":0,"max_hp_loss":0,"event_name":"Big Fish","floor":11,"gold_loss":0,"cards_obtained":["Regret"]}],"is_beta":false,"boss_relics":[],"items_purged_floors":[],"is_endless":false,"potions_floor_spawned":[7,10,13],"killed_by":"Hexaghost","ascension_level":12}}