{"host":"sav7uxregyirlf69","time":1609294536,"event":{"mods":["AchievementEnabler","BaseMod","Colored Map","DeckTracker","Keyboard Shortcuts","Minty Spire (QoL Compilation)","READ ME - Guardian Mod","StSLib","SuperFastMode"],"gold_per_floor":[111,111,132,57,57,57,93,119,119,69,84,102,116,38,38,38,38],"floor_reached":16,"playtime":295,"items_purged":["Strike_G","Strike_G"],"score":200,"play_id":"f1d3e881-e4e8-4b0f-b990-b236b3dc300a","local_time":"20201230111536","is_ascension_mode":true,"campfire_choices":[{"data":"Tactician","floor":15,"key":"SMITH"}],"circlet_count":0,"master_deck":["AscendersBane","Strike_G","Strike_G","Defend_G","Defend_G","Defend_G","Defend_G","Defend_G","Survivor","Neutralize","Footwork","Masterful Stab","Tactician+1","Acrobatics","Cloak And Dagger","Reflex","Underhanded Strike"],"relics":["Ring of the Snake","Happy Flower","Golden Idol","Smiling Mask","Odd Mushroom","PreservedInsect"],"acts_visited":["Exordium"],"potions_floor_usage":[7,7,13],"damage_taken":[{"damage":0,"enemies":"Small Slimes","floor":1,"turns":5},{"damage":1,"enemies":"2 Louse","floor":3,"turns":4},{"damage":11,"enemies":"Gremlin Nob","floor":7,"turns":3},{"damage":23,"enemies":"The Mushroom Lair","floor":8,"turns":7},{"damage":0,"enemies":"Jaw Worm","floor":11,"turns":5},{"damage":19,"enemies":"Large Slime","floor":12,"turns":9},{"damage":0,"enemies":"Lots of Slimes","floor":13,"turns":4},{"damage":11,"enemies":"Slime Boss","floor":16,"turns":3}],"seed_played":"1872369218243528369","potions_obtained":[{"floor":1,"key":"LiquidMemories"},{"floor":3,"key":"ColorlessPotion"},{"floor":8,"key":"SteroidPotion"}],"is_trial":false,"path_per_floor":["M","?","M","?","?","?","E","?","T","$","M","M","M","$","R","B"],"character_chosen":"THE_SILENT","items_purchased":["Underhanded Strike"],"campfire_rested":0,"item_purchase_floors":[14],"current_hp_per_floor":[59,59,58,58,58,63,52,29,29,29,29,10,10,10,10,0,0],"gold":38,"neow_bonus":"RANDOM_COMMON_RELIC","is_daily":false,"chose_seed":false,"campfire_upgraded":1,"win_rate":0.0,"timestamp":1609294536,"path_taken":["M","?","M","?","?","?","E","?","T","$","M","M","M","?","R","BOSS"],"items_purchased_type":["Card"],"build_version":"2020-12-22","purchased_purges":2,"victory":false,"max_hp_per_floor":[66,60,60,60,60,65,65,65,65,65,65,65,65,65,65,65,65],"card_choices":[{"not_picked":["All Out Attack","PiercingWail"],"picked":"Footwork","floor":1},{"not_picked":["Flechettes","Sucker Punch"],"picked":"Masterful Stab","floor":3},{"not_picked":["Flying Knee","Masterful Stab"],"picked":"Tactician","floor":7},{"not_picked":["Cloak And Dagger","Backflip"],"picked":"Acrobatics","floor":8},{"not_picked":["Outmaneuver","Deflect","Burst"],"picked":"SKIP","floor":11},{"not_picked":["Finisher","Heel Hook"],"picked":"Cloak And Dagger","floor":12},{"not_picked":["Escape Plan","Concentrate"],"picked":"Reflex","floor":13}],"player_experience":1060612,"relics_obtained":[{"floor":7,"key":"Smiling Mask"},{"floor":8,"key":"Odd Mushroom"},{"floor":9,"key":"PreservedInsect"}],"event_choices":[{"damage_healed":0,"gold_gain":0,"player_choice":"Lose Max HP","damage_taken":0,"relics_obtained":["Golden Idol"],"max_hp_gain":0,"max_hp_loss":6,"event_name":"Golden Idol","floor":2,"gold_loss":0},{"cards_removed":["Strike_G"],"damage_healed":0,"gold_gain":0,"player_choice":"Card Removal","damage_taken":0,"max_hp_gain":0,"max_hp_loss":0,"event_name":"The Cleric","floor":4,"gold_loss":75},{"damage_healed":0,"gold_gain":0,"player_choice":"Ignored","damage_taken":0,"max_hp_gain":0,"max_hp_loss":0,"event_name":"Liars Game","floor":5,"gold_loss":0},{"damage_healed":0,"gold_gain":0,"player_choice":"Donut","damage_taken":0,"max_hp_gain":5,"max_hp_loss":0,"event_name":"Big Fish","floor":6,"gold_loss":0},{"damage_healed":0,"gold_gain":0,"player_choice":"Fought Mushrooms","damage_taken":0,"max_hp_gain":0,"max_hp_loss":0,"event_name":"Mushrooms","floor":8,"gold_loss":0}],"is_beta":false,"boss_relics":[],"items_purged_floors":[10,14],"is_endless":false,"potions_floor_spawned":[1,3,8],"killed_by":"Slime Boss","ascension_level":20}}