{"host":"k7udt7atmcuzf6l0","time":1609326193,"event":{"mods":["AchievementEnabler","BaseMod","Colored Map","Colored Powertips","Highlight Path","Minty Spire (QoL Compilation)","Quick Restart","Rare Cards Sparkle","StSLib","UnlockEverythingMod"],"gold_per_floor":[118,46,56,7,7,7,18,35,88,132,132,144,172,201,201,201,201],"floor_reached":16,"playtime":303,"items_purged":[],"score":104,"play_id":"6ff3061c-3acc-4c52-8599-696e5d955918","local_time":"20201230190313","is_ascension_mode":false,"campfire_choices":[{"data":"Inflame","floor":6.0,"key":"SMITH"},{"data":"Berserk","floor":11.0,"key":"SMITH"},{"data":"Flex","floor":15.0,"key":"SMITH"}],"circlet_count":0,"master_deck":["Strike_R","Strike_R","Strike_R","Strike_R","Strike_R","Defend_R","Defend_R","Defend_R","Bash","Inflame+1","Offering","Bloodletting","Twin Strike","Rupture","Infernal Blade","Berserk+1","Rage","Flex+1"],"relics":["Burning Blood","NeowsBlessing","Potion Belt","CeramicFish"],"acts_visited":["Exordium"],"potions_floor_usage":[16],"damage_taken":[{"damage":0.0,"enemies":"2 Louse","floor":1.0,"turns":1.0},{"damage":0.0,"enemies":"Cultist","floor":3.0,"turns":1.0},{"damage":0.0,"enemies":"Jaw Worm","floor":7.0,"turns":1.0},{"damage":19.0,"enemies":"2 Fungi Beasts","floor":8.0,"turns":3.0},{"damage":19.0,"enemies":"Gremlin Nob","floor":10.0,"turns":3.0},{"damage":11.0,"enemies":"Blue Slaver","floor":12.0,"turns":2.0},{"damage":12.0,"enemies":"3 Louse","floor":13.0,"turns":3.0},{"damage":9.0,"enemies":"Large Slime","floor":14.0,"turns":2.0},{"damage":40,"enemies":"Hexaghost","floor":16,"turns":4}],"seed_played":"901797035343266673","potions_obtained":[{"floor":1.0,"key":"BlessingOfTheForge"},{"floor":7.0,"key":"GamblersBrew"},{"floor":10.0,"key":"Fire Potion"},{"floor":14.0,"key":"SteroidPotion"}],"is_trial":false,"path_per_floor":["M","$","M","$","?","R","M","M","T","E","R","M","M","M","R","B"],"character_chosen":"IRONCLAD","items_purchased":["Offering","Twin Strike"],"campfire_rested":0,"item_purchase_floors":[2,4],"current_hp_per_floor":[80,80,80,80,80,80,80,67,67,54,54,49,43,40,40,0,0],"gold":201,"neow_bonus":"THREE_ENEMY_KILL","is_daily":false,"chose_seed":false,"campfire_upgraded":3,"win_rate":0.0,"timestamp":1609326193,"path_taken":["M","$","M","$","?","R","M","M","T","E","R","M","M","M","R","BOSS"],"items_purchased_type":["Card","Card"],"build_version":"2020-12-22","purchased_purges":0,"victory":false,"max_hp_per_floor":[80,80,80,80,80,80,80,80,80,80,80,80,80,80,80,80,80],"card_choices":[{"not_picked":["Armaments","True Grit"],"picked":"Inflame","floor":1.0},{"not_picked":["Headbutt","Anger"],"picked":"Bloodletting","floor":3.0},{"not_picked":["Havoc","Wild Strike"],"picked":"Rupture","floor":7.0},{"not_picked":["Clash","Armaments"],"picked":"Infernal Blade","floor":8.0},{"not_picked":["Thunderclap","Infernal Blade"],"picked":"Berserk","floor":10.0},{"not_picked":["Feel No Pain","Thunderclap","Havoc"],"picked":"SKIP","floor":12.0},{"not_picked":["Combust","Dropkick"],"picked":"Rage","floor":13.0},{"not_picked":["Havoc","Shrug It Off"],"picked":"Flex","floor":14.0}],"player_experience":31618,"relics_obtained":[{"floor":9.0,"key":"Potion Belt"},{"floor":10.0,"key":"CeramicFish"}],"event_choices":[{"cards_removed":["Defend_R"],"damage_healed":0.0,"max_hp_gain":0.0,"max_hp_loss":0.0,"gold_gain":0.0,"event_name":"Bonfire Elementals","player_choice":"Offered Basic","floor":5.0,"gold_loss":0.0,"damage_taken":0.0}],"is_beta":false,"boss_relics":[],"items_purged_floors":[],"is_endless":false,"potions_floor_spawned":[1,7,10,14],"killed_by":"Hexaghost","ascension_level":0}}