{"host":"8nqgve6y8ahjd8xo","time":1609331772,"event":{"mods":["ATMod(阿瑾Mod)","AchievementEnabler","BaseMod","Better Vampires","Better-Laid Plans","Colored Map","Colored Powertips","Minty Spire (QoL Compilation)","MostiFishMod","Quick Restart","Red Circlet Mod","Replay The Spire","RumiaBox-露米娅的神秘盒子","Ryuuou龙王","Shop Mod","StSLib","TestMod","Uncapped","Waifu the Spire","[IsaacMod]以撒尖塔","[功能]功能增强和修复MOD","vexMod","【功能Mod】Neow奖励","【功能Mod】混沌之环修复补丁","【遗物Mod】死灵法师NEW","【遗物Mod】简单游戏","【遗物卡牌】REMEMod","没有小屋子和绿帽子啦","篝火指南"],"gold_per_floor":[116,116,129,104,119,145,145,179,179,195,195,224,204,239,239,318,318,336,283,301,226,237,267,197,197,197],"floor_reached":25,"playtime":917,"items_purged":["Strike_R","Strike_R"],"score":648,"play_id":"17346d68-23c3-4224-9398-68ba19a41c18","local_time":"20201230203612","is_ascension_mode":true,"campfire_choices":[{"data":"Burning Pact","floor":7,"key":"SMITH"},{"data":"MostiFishMod:#F4004","floor":11,"key":"SMITH"},{"data":"Whirlwind","floor":15,"key":"SMITH"}],"circlet_count":0,"master_deck":["AscendersBane","Strike_R","Strike_R","Defend_R+1","Defend_R","Defend_R+1","Defend_R","Bash","AT_DrawKnifeCut","EpicFetus","MostiFishMod:Neurotoxin","Pommel Strike","Burning Pact+1","Sword Boomerang","MostiFishMod:#F4004+1","Whirlwind+1","Power Through","Limit Break","Feel No Pain","Entrench"],"relics":["EasyRelic","HushsDoor","testmod-TestBox","DaveBox","AT_ATBox","REME_ComplimentaryCards","BookOfRevelations","testmod-Register","RhineCircuit","Philosopher\u0027s Stone","SynthV:TestCard","Simple Rune","testmod-IndustrialRevolution","WingedGreaves","Bottled Tornado","Letter Opener","testmod-PortableAltar","SumDragon"],"acts_visited":["Exordium","TheCity"],"potions_floor_usage":[12,20,23,25],"damage_taken":[{"damage":0.0,"enemies":"Small Slimes","floor":1.0,"turns":3.0},{"damage":5,"enemies":"Jaw Worm","floor":3,"turns":2},{"damage":0,"enemies":"2 Louse","floor":5,"turns":2},{"damage":0,"enemies":"Lagavulin","floor":6,"turns":4},{"damage":3,"enemies":"3 Sentries","floor":8,"turns":3},{"damage":1,"enemies":"Exordium Thugs","floor":10,"turns":3},{"damage":9,"enemies":"Gremlin Nob","floor":12,"turns":3},{"damage":0,"enemies":"3 Sentries","floor":14,"turns":2},{"damage":14,"enemies":"Hexaghost","floor":16,"turns":5},{"damage":5,"enemies":"Chosen","floor":18,"turns":3},{"damage":38,"enemies":"3 Byrds","floor":20,"turns":2},{"damage":2,"enemies":"Sentry and Sphere","floor":22,"turns":3},{"damage":3,"enemies":"Book of Stabbing","floor":23,"turns":4},{"damage":19,"enemies":"Gremlin Leader","floor":25,"turns":3}],"seed_played":"5918794082267600874","potions_obtained":[{"floor":1.0,"key":"Elixir"},{"floor":5,"key":"Elixir"},{"floor":6,"key":"testmod-TimePotion"},{"floor":10,"key":"testmod-SpacePotion"},{"floor":13,"key":"Reflective Coating"},{"floor":16,"key":"GamblersBrew"},{"floor":23,"key":"Flashbang"}],"is_trial":false,"path_per_floor":["M","?","M","?","M","E","R","E","T","M","R","E","?","E","R","B",null,"M","$","M","?","M","E","$","E"],"character_chosen":"IRONCLAD","items_purchased":[],"campfire_rested":0,"item_purchase_floors":[],"current_hp_per_floor":[68,68,63,63,63,63,63,60,60,59,59,50,50,50,50,36,65,60,60,22,22,20,17,17,0,0],"gold":197,"neow_bonus":"BOSS_RELIC","is_daily":false,"chose_seed":false,"campfire_upgraded":3,"win_rate":0.0,"timestamp":1609331772,"path_taken":["M","?","M","?","M","E","R","E","T","M","R","E","?","E","R","BOSS","M","$","M","?","M","E","$","E"],"items_purchased_type":[],"build_version":"2020-12-22","purchased_purges":2,"victory":false,"max_hp_per_floor":[75,75,75,75,75,75,75,75,75,75,75,75,75,75,75,75,75,74,73,72,71,70,69,68,67,67],"card_choices":[{"not_picked":[],"picked":"EpicFetus","floor":0.0},{"not_picked":["Perfected Strike","Wild Strike"],"picked":"Pommel Strike","floor":1.0},{"not_picked":["Massacre","Heavy Blade","Run Through","ReplayTheSpireMod:Stacked"],"picked":"Burning Pact","floor":3},{"not_picked":["Armaments","Brutality","Rage","Warcry"],"picked":"Sword Boomerang","floor":5},{"not_picked":["Twin Strike","Clash","Flex","Pommel Strike","Replay:Undeath\u0027s Touch"],"picked":"SKIP","floor":6},{"not_picked":["AT_DrawKnifeCut","Cleave","Twin Strike","Metallicize"],"picked":"MostiFishMod:#F4004","floor":8},{"not_picked":["AT_IchimonjiDouble","ReplayTheSpireMod:LeadingStrike","Havoc","MostiFishMod:NewArrival"],"picked":"Whirlwind","floor":10},{"not_picked":["Headbutt","Disarm","Flex","Perfected Strike"],"picked":"Power Through","floor":12},{"not_picked":["ReplayTheSpireMod:Muscle Training","Heavy Blade","Sword Boomerang","Fiend Fire","Cleave"],"picked":"SKIP","floor":14},{"not_picked":["Impervious","Demonic Infusion","Replay:Many Hands","MostiFishMod:PerfectStrikeMKII"],"picked":"Limit Break","floor":16},{"not_picked":["Cleave","MostiFishMod:#F4004","Seeing Red","Intimidate"],"picked":"Feel No Pain","floor":18},{"not_picked":["ReplayTheSpireMod:Muscle Training","Perfected Strike","Feel No Pain","Ghostly Armor","AT_BodySlamDance"],"picked":"SKIP","floor":20},{"not_picked":["Rampage","Pummel","Clash","MostiFishMod:#F4004"],"picked":"Entrench","floor":22},{"not_picked":["Armaments+1","Clothesline","Intimidate","Headbutt","AT_IchimonjiDouble"],"picked":"SKIP","floor":23}],"player_experience":1333343,"relics_obtained":[{"floor":1.0,"key":"SynthV:TestCard"},{"floor":6,"key":"Simple Rune"},{"floor":8,"key":"testmod-IndustrialRevolution"},{"floor":9,"key":"WingedGreaves"},{"floor":12,"key":"Bottled Tornado"},{"floor":14,"key":"Letter Opener"},{"floor":23,"key":"SumDragon"}],"event_choices":[{"damage_healed":0,"gold_gain":0,"player_choice":"Bought 1 Potion","damage_taken":0,"max_hp_gain":0,"max_hp_loss":0,"event_name":"The Woman in Blue","floor":13,"gold_loss":0},{"cards_removed":["Strike_R"],"damage_healed":0,"gold_gain":0,"player_choice":"Gave Gold","damage_taken":0,"max_hp_gain":0,"max_hp_loss":0,"event_name":"Beggar","floor":21,"gold_loss":75}],"is_beta":false,"boss_relics":[{"not_picked":["Replay:Wanted Poster","JellyFishMachine"],"picked":"testmod-PortableAltar"},{"not_picked":[]}],"items_purged_floors":[19,24],"is_endless":false,"potions_floor_spawned":[1,3,5,6,6,8,8,8,10,14,14,16,18,18,20,23],"killed_by":"Gremlin Leader","ascension_level":20}}