{"host":"fxgsgr3e13htip8z","time":1609363581,"event":{"mods":["Arknights The Spire","Aspiration","BaseMod","Dota2Spire","Hubris","Hyrulean Relics","Minty Spire (QoL Compilation)","Relic Stats","Replay The Spire","Robot Space Explorer","StSLib","The Cursed","The Marked","Trackpad","Wandering Minibosses","vexMod"],"gold_per_floor":[112,187,207,207,227,265,265,300,300,300,317,317,317],"floor_reached":12,"playtime":790,"items_purged":[],"score":88,"play_id":"7237fcce-c267-4373-9e8e-b2d91b96fa6b","local_time":"20201230152621","is_ascension_mode":false,"campfire_choices":[{"data":"theMarked:MaelstromOfLightning","floor":7,"key":"SMITH"},{"data":"theMarked:SoldierOfQuellstein","floor":10,"key":"SMITH"}],"circlet_count":0,"master_deck":["theMarked:Strike","theMarked:Strike","theMarked:Strike","theMarked:Strike","theMarked:Strike","theMarked:Defend","theMarked:Defend","theMarked:Defend","theMarked:Defend","theMarked:SoldierOfQuellstein+1","theMarked:MaelstromOfLightning+1","theMarked:Electrify","theMarked:Improvise","theMarked:Opportunist","theMarked:Opportunist"],"relics":["theMarked:ArtifactOfAir","NeowsBlessing","ats:Originium","CeramicFish","Blue Doll"],"acts_visited":["Exordium"],"potions_floor_usage":[8,12,12,12],"damage_taken":[{"damage":0,"enemies":"Small Slimes","floor":1,"turns":1},{"damage":0,"enemies":"Cultist","floor":3,"turns":1},{"damage":0,"enemies":"2 Louse","floor":5,"turns":1},{"damage":29,"enemies":"Gremlin Nob","floor":6,"turns":4},{"damage":26,"enemies":"3 Sentries","floor":8,"turns":6},{"damage":5,"enemies":"Exordium Thugs","floor":11,"turns":5},{"damage":8,"enemies":"Lagavulin","floor":12,"turns":2}],"seed_played":"-4225367163624890202","potions_obtained":[{"floor":1,"key":"Elixir"},{"floor":6,"key":"AttackPotion"},{"floor":8,"key":"DistilledChaos"},{"floor":11,"key":"ColorlessPotion"}],"is_trial":false,"path_per_floor":["M","?","M","?","M","E","R","E","T","R","M","E"],"character_chosen":"THE_DEFAULT","items_purchased":[],"campfire_rested":0,"item_purchase_floors":[],"current_hp_per_floor":[70,59,59,66,66,37,37,11,11,11,6,0,0],"gold":317,"neow_bonus":"THREE_ENEMY_KILL","is_daily":false,"chose_seed":false,"campfire_upgraded":2,"win_rate":0.0,"timestamp":1609363581,"path_taken":["M","?","M","?","M","E","R","E","T","R","M","E"],"items_purchased_type":[],"build_version":"2020-12-22","purchased_purges":0,"victory":false,"max_hp_per_floor":[70,70,70,70,70,70,70,70,70,70,70,70,70],"relic_stats":{"counters":[7,20],"CeramicFish":18,"obtain_stats":[{"theMarked:ArtifactOfAir":0,"NeowsBlessing":0,"ats:Originium":6,"CeramicFish":6,"Blue Doll":8},{"theMarked:ArtifactOfAir":0,"NeowsBlessing":0,"ats:Originium":4,"CeramicFish":4,"Blue Doll":5},{"theMarked:ArtifactOfAir":0,"NeowsBlessing":0,"ats:Originium":7,"CeramicFish":7,"Blue Doll":13}]},"card_choices":[{"not_picked":["theMarked:Aftermath","theMarked:ResourceFulStrike"],"picked":"theMarked:MaelstromOfLightning","floor":1},{"not_picked":["theMarked:Improvise","theMarked:HeightenedSenses"],"picked":"theMarked:Electrify","floor":3},{"not_picked":["theMarked:TunnelVision","theMarked:HeightenedSenses"],"picked":"theMarked:Improvise","floor":5},{"not_picked":["theMarked:ResourceFulStrike","theMarked:ElectricStrings"],"picked":"theMarked:Opportunist","floor":6},{"not_picked":["theMarked:Parkour","theMarked:Standoff"],"picked":"theMarked:Opportunist","floor":8},{"not_picked":["theMarked:DeterminationOfTheMarked","theMarked:Convert","theMarked:RepellingDischarge"],"picked":"SKIP","floor":11}],"player_experience":1509984,"relics_obtained":[{"floor":6,"key":"ats:Originium"},{"floor":6,"key":"CeramicFish"},{"floor":8,"key":"Blue Doll"},{"floor":8,"key":"ats:Originium"}],"event_choices":[{"damage_healed":0,"gold_gain":75,"player_choice":"Gather Gold","damage_taken":11,"max_hp_gain":0,"max_hp_loss":0,"event_name":"World of Goop","floor":2,"gold_loss":0}],"is_beta":false,"boss_relics":[],"items_purged_floors":[],"is_endless":false,"potions_floor_spawned":[1,6,8,11],"killed_by":"Lagavulin","ascension_level":0}}