{"host":"2461dio7vetlq1z3","time":1609344011,"event":{"mods":["2.2 Compatiblity","AchievementEnabler","Aspiration","BaseMod","Better Third Choice","Friendly Minions","Hermit","Minty Spire (QoL Compilation)","Relic Stats","Spicy Shops","StSLib","The Hierophant","Waifu the Spire"],"gold_per_floor":[109,34,53,53,14,14,47,59,82,82,82],"floor_reached":10,"playtime":296,"items_purged":["Decay"],"score":132,"play_id":"fe9e1ef2-f96d-4a41-86b2-a3d08de11567","local_time":"20201230170011","is_ascension_mode":true,"campfire_choices":[{"data":"SashWhip","floor":6,"key":"SMITH"}],"circlet_count":0,"master_deck":["AscendersBane","Strike_P","Strike_P","Strike_P","Strike_P","Defend_P","Defend_P","Defend_P+1","Defend_P","Eruption","Vigilance+1","SashWhip+1","CutThroughFate","ThirdEye","FlyingSleeves","BowlingBash"],"relics":["PureWater","TungstenRod","Toy Ornithopter","Happy Flower"],"acts_visited":["Exordium"],"potions_floor_usage":[7],"damage_taken":[{"damage":10,"enemies":"Small Slimes","floor":1,"turns":5},{"damage":0,"enemies":"2 Louse","floor":3,"turns":2},{"damage":22,"enemies":"3 Sentries","floor":7,"turns":8},{"damage":0,"enemies":"Cultist","floor":8,"turns":2},{"damage":13,"enemies":"Lagavulin","floor":10,"turns":4}],"seed_played":"-6626236700731750833","potions_obtained":[{"floor":3,"key":"SpeedPotion"}],"is_trial":false,"path_per_floor":["M","$","M","?","$","R","E","M","T","E"],"character_chosen":"WATCHER","items_purchased":["ThirdEye"],"campfire_rested":0,"item_purchase_floors":[5],"current_hp_per_floor":[51,51,51,32,32,32,10,10,10,0,0],"gold":82,"neow_bonus":"ONE_RARE_RELIC","is_daily":false,"chose_seed":false,"campfire_upgraded":1,"win_rate":0.0,"timestamp":1609344011,"path_taken":["M","$","M","?","$","R","E","M","T","E"],"items_purchased_type":["Card"],"build_version":"2020-12-22","purchased_purges":1,"victory":false,"max_hp_per_floor":[68,68,68,68,68,68,68,68,68,68,68],"relic_stats":{"Happy Flower":[1],"counters":[5,21],"obtain_stats":[{"Happy Flower":9,"PureWater":0,"TungstenRod":0,"Toy Ornithopter":7},{"Happy Flower":4,"PureWater":0,"TungstenRod":0,"Toy Ornithopter":3},{"Happy Flower":17,"PureWater":0,"TungstenRod":0,"Toy Ornithopter":15}],"TungstenRod":8,"Toy Ornithopter":0},"card_choices":[{"not_picked":["InnerPeace","Pray"],"picked":"SashWhip","floor":1},{"not_picked":["MentalFortress","Crescendo"],"picked":"CutThroughFate","floor":3},{"not_picked":["Prostrate","WindmillStrike"],"picked":"FlyingSleeves","floor":7},{"not_picked":["Consecrate","Perseverance"],"picked":"BowlingBash","floor":8}],"player_experience":1008728,"relics_obtained":[{"floor":7,"key":"Toy Ornithopter"},{"floor":9,"key":"Happy Flower"}],"event_choices":[{"damage_healed":51,"gold_gain":0,"player_choice":"Upgrade","damage_taken":20,"max_hp_gain":0,"max_hp_loss":68,"event_name":"betterThird:BetterShining","floor":4,"gold_loss":0,"cards_upgraded":["Defend_P","Vigilance"]}],"is_beta":false,"boss_relics":[],"items_purged_floors":[2],"is_endless":false,"potions_floor_spawned":[3],"killed_by":"Lagavulin","ascension_level":20}}