{"host":"4ih4fq53sefgqhvb","time":1609308833,"event":{"mods":["AchievementEnabler","Aspiration","Bard","BaseMod","BetterRewards","Colored Map","Colored Powertips","Conspire","Downfall","Googly Eyes","Hermit","Highlight Path","Hubris","Infinite Spire","Jedi Mod","Jorbs\u0027s Wanderer Trilogy","Marisa????????","Mimic Mod","Minty Spire (QoL Compilation)","Quick Restart","Relic Stats","Replay The Spire","Shop Mod","StSLib","The Animator","The Cursed","The Jungle","The Runesmith"],"gold_per_floor":[0,16,16,32,32,17,50,63,97,22,35,55,55,68,82,181,181,31,45,45,56,72,83,83,83,83,83],"floor_reached":25,"playtime":2129,"items_purged":[],"score":232,"play_id":"13c74085-2483-4f3d-b7c4-87db84e3e831","local_time":"20201229221353","is_ascension_mode":false,"campfire_choices":[{"floor":1,"key":"RECALL"},{"data":"hexamod:TimeOfNeed","floor":10,"key":"SMITH"},{"data":"hexamod:EmpoweredFlame","floor":13,"key":"SMITH"},{"data":"hexamod:HexaLevel","floor":18,"key":"SMITH"}],"circlet_count":0,"master_deck":["hexamod:Strike","hexamod:Strike","hexamod:Strike","hexamod:Strike","hexamod:Defend","hexamod:Defend","hexamod:Defend","hexamod:Defend","hexamod:Sear+1","hexamod:Float","hexamod:FastForward","hexamod:InspiringFlames","hexamod:HauntingEcho","hexamod:TimeOfNeed+1","hexamod:EmpoweredFlame+1","hexamod:DynamicBlow","hexamod:FastForward","hexamod:FourthSeal","hexamod:HexaLevel+1","hexamod:AdvancingGuard+1","hexamod:SixthSeal","hexamod:SwordOfDarkness+1","hexamod:RainOfEmbers+1","hexamod:RainOfEmbers","hexamod:SwordOfDarkness+1"],"relics":["hexamod:SpiritBrand","hubris:DisguiseKit","hubris:OldNail","downfall:HeartBlessingRed","hubris:HollowSoul","downfall:HeartBlessingGreen","downfall:HeartBlessingBlue","Bottled Tornado"],"acts_visited":["Exordium","TheCity"],"potions_floor_usage":[11,12,16,19,21,23,23,25],"damage_taken":[{"damage":0,"enemies":"Small Slimes","floor":2,"turns":4},{"damage":0,"enemies":"Jaw Worm","floor":4,"turns":4},{"damage":0,"enemies":"downfall:FleeingMerchant","floor":6,"turns":4},{"damage":0,"enemies":"conspire:RoseBush","floor":7,"turns":6},{"damage":0,"enemies":"conspire:RoseBush","floor":8,"turns":4},{"damage":11,"enemies":"3 Sentries","floor":9,"turns":9},{"damage":3,"enemies":"Gremlin Gang","floor":11,"turns":3},{"damage":0,"enemies":"Lots of Slimes","floor":12,"turns":4},{"damage":0,"enemies":"2 Fungi Beasts","floor":14,"turns":4},{"damage":0,"enemies":"Red Slaver","floor":15,"turns":3},{"damage":28,"enemies":"downfall:Watcher","floor":16,"turns":7},{"damage":8,"enemies":"Shell Parasite","floor":19,"turns":7},{"damage":22,"enemies":"Centurion and Healer","floor":21,"turns":8},{"damage":42,"enemies":"3 Cultists","floor":22,"turns":7},{"damage":18,"enemies":"Snecko","floor":23,"turns":6},{"damage":20,"enemies":"Centurion and Healer","floor":25,"turns":1}],"seed_played":"-2927846797382065480","potions_obtained":[{"floor":2,"key":"Strength Potion"},{"floor":8,"key":"jedi:StrikingPotion"},{"floor":9,"key":"jedi:StrikingPotion"},{"floor":14,"key":"hexamod:InfernoChargePotion"},{"floor":14,"key":"Elixir"},{"floor":16,"key":"Adrenaline Potion"},{"floor":19,"key":"sneckomod:MuddlingPotion"},{"floor":21,"key":"Milkshake"},{"floor":22,"key":"SteroidPotion"},{"floor":23,"key":"Toxic Potion"}],"is_trial":false,"path_per_floor":["R","M","?","M","?","$","MIM","M","E","R","M","M","R","M","M","B",null,"R_BF","M","?","M","M","M","T","M"],"character_chosen":"THE_SPIRIT","items_purchased":[],"campfire_rested":0,"item_purchase_floors":[],"current_hp_per_floor":[70,70,70,70,70,70,70,70,59,59,56,56,56,56,56,28,70,80,72,90,68,26,8,8,0,0,0],"gold":83,"neow_bonus":"THREE_RARE_CARDS","is_daily":false,"chose_seed":false,"campfire_upgraded":3,"win_rate":0.0,"timestamp":1609308833,"path_taken":["R","M","?","M","?","$","MIM","M","E","R","M","M","R","M","M","BOSS","R_BF","M","?","?","M","M","T","?"],"items_purchased_type":[],"build_version":"2020-12-22","purchased_purges":0,"victory":false,"max_hp_per_floor":[70,70,70,70,70,70,70,70,70,70,70,70,70,70,70,70,70,80,80,90,90,90,90,90,90,90,90],"relic_stats":{"counters":[16,82],"obtain_stats":[{"hubris:DisguiseKit":3,"downfall:HeartBlessingRed":10,"downfall:HeartBlessingBlue":18,"downfall:HeartBlessingGreen":18,"hubris:HollowSoul":17,"Bottled Tornado":24,"hexamod:SpiritBrand":0,"hubris:OldNail":9},{"hubris:DisguiseKit":1,"downfall:HeartBlessingRed":6,"downfall:HeartBlessingBlue":11,"downfall:HeartBlessingGreen":11,"hubris:HollowSoul":11,"Bottled Tornado":15,"hexamod:SpiritBrand":0,"hubris:OldNail":6},{"hubris:DisguiseKit":4,"downfall:HeartBlessingRed":31,"downfall:HeartBlessingBlue":52,"downfall:HeartBlessingGreen":52,"hubris:HollowSoul":52,"Bottled Tornado":80,"hexamod:SpiritBrand":0,"hubris:OldNail":31}]},"card_choices":[{"not_picked":["hexamod:GiftsFromTheDead","hexamod:CrushingStance"],"picked":"hexamod:UnlimitedPower","floor":0},{"not_picked":["hexamod:BurningTouch","hexamod:PowerFromBeyond"],"picked":"hexamod:FastForward","floor":2},{"not_picked":["hexamod:SpectersWail","hexamod:FastForward","Guardian:WalkerClaw"],"picked":"hexamod:InspiringFlames","floor":4},{"not_picked":["hexamod:RainOfEmbers","hexamod:AdvancingGuard","Guardian:Gem_Cyan"],"picked":"hexamod:HauntingEcho","floor":6},{"not_picked":["hexamod:ExtraCrispy","hexamod:GhostShield","Guardian:PolyBeam"],"picked":"hexamod:TimeOfNeed","floor":7},{"not_picked":["hexamod:BacktrackSmack","hexamod:InspiringFlames","Guardian:Gem_Yellow"],"picked":"hexamod:EmpoweredFlame","floor":8},{"not_picked":["hexamod:FastForward","hexamod:PowerFromBeyond","Guardian:RollAttack"],"picked":"hexamod:DynamicBlow","floor":9},{"not_picked":["hexamod:Hexaguard","hexamod:ThermalTransfer","Guardian:TemporalStrike"],"picked":"hexamod:FastForward","floor":11},{"not_picked":["hexamod:NightmareGuise","hexamod:GhostLash","Guardian:WalkerClaw"],"picked":"hexamod:FourthSeal","floor":12},{"not_picked":["hexamod:FastForward","hexamod:RecurringNightmare","Guardian:Incinerate"],"picked":"hexamod:HexaLevel","floor":14},{"not_picked":["hexamod:HauntingEcho","hexamod:SpectersWail","Guardian:StasisEngine"],"picked":"hexamod:AdvancingGuard","floor":15},{"not_picked":["hexamod:GiftsFromTheDead","hexamod:ApocalypseNow","Guardian:TimeSifter"],"picked":"hexamod:SixthSeal","floor":16},{"not_picked":["hexamod:SpectersWail","hexamod:PhantomCloak","Guardian:Gem_Green"],"picked":"hexamod:SwordOfDarkness","floor":19},{"not_picked":["hexamod:NightmareGuise+1","hexamod:EtherealExpedition","Guardian:ChargeCore"],"picked":"hexamod:RainOfEmbers+1","floor":21},{"not_picked":["hexamod:Firestarter","hexamod:SuperheatedStrike","Guardian:ChargeCore"],"picked":"hexamod:RainOfEmbers","floor":22},{"not_picked":["hexamod:HauntingEcho+1","hexamod:UnleashSpirits","Guardian:Emergency"],"picked":"hexamod:SwordOfDarkness+1","floor":23}],"player_experience":909118,"relics_obtained":[{"floor":9,"key":"hubris:OldNail"},{"floor":24,"key":"Bottled Tornado"}],"event_choices":[{"damage_healed":0,"gold_gain":0,"player_choice":"Grow","damage_taken":0,"max_hp_gain":0,"max_hp_loss":0,"event_name":"Living Wall","floor":5,"gold_loss":0,"cards_upgraded":["hexamod:UnlimitedPower"]},{"cards_removed":["hexamod:UnlimitedPower"],"damage_healed":8,"gold_gain":0,"player_choice":"Offered Rare","damage_taken":0,"max_hp_gain":10,"max_hp_loss":0,"event_name":"Bonfire Elementals","floor":20,"gold_loss":0}],"is_beta":false,"boss_relics":[{"not_picked":["hubris:CrackedHourglass","aspiration:SilentSkillbook"],"picked":"hubris:HollowSoul"}],"items_purged_floors":[],"is_endless":false,"potions_floor_spawned":[2,8,9,14,15,19],"killed_by":"Centurion and Healer","ascension_level":0}}