{"host":"873t0y8ybyo38pfq","time":1609296452,"event":{"mods":["BaseMod","Bestiary","Colored Map","Colored Powertips","Highlight Path","Minty Spire (QoL Compilation)","Quick Restart","RNG Fix","Rare Cards Sparkle","Relic Stats","StSLib"],"gold_per_floor":[361,380,396,71,71,71,87,100,100,100,60,72,72,86,86,161,161,177,196,206,14,30,61,61,61,85,95,95,95,125,139,139,215,215,228,242,242,255,269,294,294,324,348,373,387,67,67,80,80,80,80,80,80,36,36,36],"floor_reached":55,"playtime":3227,"items_purged":["Injury","Strike_G"],"score":1961,"play_id":"40f2bcfd-d5cf-46c0-a2fd-88fa219d5039","local_time":"20201229214732","is_ascension_mode":true,"campfire_choices":[{"data":"Cloak And Dagger","floor":6,"key":"SMITH"},{"data":"After Image","floor":13,"key":"SMITH"},{"data":"Deadly Poison","floor":15,"key":"SMITH"},{"data":"Burst","floor":24,"key":"SMITH"},{"data":"Catalyst","floor":28,"key":"SMITH"},{"data":"Bouncing Flask","floor":32,"key":"SMITH"},{"data":"Night Terror","floor":41,"key":"SMITH"},{"data":"Footwork","floor":47,"key":"SMITH"},{"floor":49,"key":"RECALL"},{"data":"Acrobatics","floor":53,"key":"SMITH"}],"circlet_count":0,"master_deck":["AscendersBane","Strike_G","Strike_G","Defend_G","Defend_G","Defend_G","Defend_G","Survivor","Neutralize","Blur","Cloak And Dagger+1","After Image+1","Blur","Terror","Leg Sweep","Deadly Poison+1","Tools of the Trade","Burst+1","Predator","Backflip","Catalyst+1","Bouncing Flask+1","PiercingWail","Burst","All Out Attack","Regret","Ghostly","Ghostly","Ghostly","Caltrops","Acrobatics+1","Footwork+1","Night Terror+1","Dash+1","Regret","Catalyst+1","Backflip","Well Laid Plans"],"relics":["Ring of the Serpent","Bird Faced Urn","Cursed Key","MealTicket","Oddly Smooth Stone","Pear","Tough Bandages","Molten Egg 2","Tingsha","Dead Branch"],"acts_visited":["Exordium","TheCity","TheBeyond","TheEnding"],"potions_floor_usage":[18,18,23,23,33,36,40,44,50,51],"damage_taken":[{"damage":7,"enemies":"2 Louse","floor":1,"turns":5},{"damage":2,"enemies":"Jaw Worm","floor":2,"turns":7},{"damage":1,"enemies":"Small Slimes","floor":3,"turns":6},{"damage":3,"enemies":"Exordium Wildlife","floor":7,"turns":5},{"damage":0,"enemies":"3 Louse","floor":8,"turns":6},{"damage":1,"enemies":"Looter","floor":11,"turns":4},{"damage":0,"enemies":"Blue Slaver","floor":12,"turns":6},{"damage":0,"enemies":"2 Fungi Beasts","floor":14,"turns":6},{"damage":23,"enemies":"The Guardian","floor":16,"turns":14},{"damage":1,"enemies":"Shell Parasite","floor":18,"turns":5},{"damage":10,"enemies":"Chosen","floor":19,"turns":6},{"damage":0,"enemies":"Centurion and Healer","floor":20,"turns":12},{"damage":1,"enemies":"Snake Plant","floor":22,"turns":6},{"damage":20,"enemies":"Gremlin Leader","floor":23,"turns":7},{"damage":0,"enemies":"Sentry and Sphere","floor":27,"turns":7},{"damage":7,"enemies":"Book of Stabbing","floor":30,"turns":7},{"damage":0,"enemies":"Centurion and Healer","floor":31,"turns":8},{"damage":4,"enemies":"Champ","floor":33,"turns":8},{"damage":1,"enemies":"3 Shapes","floor":35,"turns":6},{"damage":0,"enemies":"3 Darklings","floor":36,"turns":11},{"damage":3,"enemies":"Spire Growth","floor":38,"turns":5},{"damage":5,"enemies":"Sphere and 2 Shapes","floor":39,"turns":7},{"damage":14,"enemies":"Reptomancer","floor":40,"turns":10},{"damage":4,"enemies":"Nemesis","floor":42,"turns":9},{"damage":24,"enemies":"Giant Head","floor":44,"turns":14},{"damage":6,"enemies":"Writhing Mass","floor":45,"turns":7},{"damage":0,"enemies":"4 Shapes","floor":48,"turns":6},{"damage":17,"enemies":"Awakened One","floor":50,"turns":18},{"damage":9,"enemies":"Donu and Deca","floor":51,"turns":12},{"damage":57,"enemies":"Shield and Spear","floor":55,"turns":2}],"seed_played":"6088555759291770987","potions_obtained":[{"floor":1,"key":"SteroidPotion"},{"floor":2,"key":"SkillPotion"},{"floor":7,"key":"EssenceOfSteel"},{"floor":12,"key":"CunningPotion"},{"floor":19,"key":"BlessingOfTheForge"},{"floor":20,"key":"Weak Potion"},{"floor":27,"key":"EssenceOfSteel"},{"floor":31,"key":"GhostInAJar"},{"floor":35,"key":"SpeedPotion"},{"floor":42,"key":"SteroidPotion"},{"floor":44,"key":"DistilledChaos"},{"floor":45,"key":"Regen Potion"}],"is_trial":false,"path_per_floor":["M","M","M","$","?","R","M","M","T","?","M","M","R","M","R","B",null,"M","M","M","$","M","E","R","?","T","M","R","?","E","M","R","B",null,"M","M","?","M","M","E","R","E","T","E","M","$","R","M","R","B","B",null,"R","$","E"],"character_chosen":"THE_SILENT","items_purchased":["After Image","Blur","Fire Potion","Catalyst","Dead Branch","Well Laid Plans"],"campfire_rested":0,"item_purchase_floors":[4,4,21,21,46,54],"current_hp_per_floor":[52,50,49,49,54,54,51,51,51,44,43,45,45,47,47,28,60,63,57,61,61,64,48,48,48,48,52,52,35,40,44,44,41,44,45,45,45,45,40,32,32,36,36,20,22,37,37,45,45,29,45,45,45,45,0,0],"gold":36,"neow_bonus":"TWO_FIFTY_GOLD","is_daily":false,"chose_seed":false,"campfire_upgraded":9,"win_rate":0.0,"timestamp":1609296452,"path_taken":["M","M","M","$","?","R","M","M","T","?","M","M","R","M","R","BOSS","M","M","M","$","M","E","R","?","T","M","R","?","E","?","R","BOSS","M","M","?","M","M","E","R","E","T","E","M","$","R","M","R","BOSS","BOSS","R","$","E"],"items_purchased_type":["Card","Card","Potion","Card","Relic","Card"],"build_version":"2020-12-22","purchased_purges":2,"victory":false,"max_hp_per_floor":[66,66,66,66,71,71,71,71,71,71,71,71,71,71,71,71,71,71,71,71,71,71,71,71,71,71,71,71,35,45,45,45,45,45,45,45,45,45,45,45,45,45,45,45,45,45,45,45,45,45,45,45,45,45,45,45],"relic_stats":{"Tough Bandages":[318],"counters":[30,232],"Bird Faced Urn":[99],"Dead Branch":[84],"MealTicket":15,"Tingsha":[180],"Cursed Key":2,"obtain_stats":[{"Tough Bandages":40,"Pear":30,"Bird Faced Urn":9,"Dead Branch":46,"Oddly Smooth Stone":26,"MealTicket":23,"Molten Egg 2":42,"Tingsha":44,"Cursed Key":17,"Ring of the Serpent":34,"Ring of the Snake":0},{"Tough Bandages":23,"Pear":16,"Bird Faced Urn":5,"Dead Branch":26,"Oddly Smooth Stone":14,"MealTicket":14,"Molten Egg 2":24,"Tingsha":25,"Cursed Key":9,"Ring of the Serpent":18,"Ring of the Snake":0},{"Tough Bandages":164,"Pear":109,"Bird Faced Urn":29,"Dead Branch":194,"Oddly Smooth Stone":95,"MealTicket":95,"Molten Egg 2":173,"Tingsha":187,"Cursed Key":59,"Ring of the Serpent":125,"Ring of the Snake":0}]},"card_choices":[{"not_picked":["Well Laid Plans","Deflect","Bane"],"picked":"SKIP","floor":1},{"not_picked":["Well Laid Plans","Bane"],"picked":"Deflect","floor":1},{"not_picked":["Calculated Gamble","Flying Knee"],"picked":"Blur","floor":2},{"not_picked":["Masterful Stab","Poisoned Stab"],"picked":"Cloak And Dagger","floor":3},{"not_picked":["Prepared","Flying Knee"],"picked":"Terror","floor":7},{"not_picked":["All Out Attack","Dagger Spray","Sucker Punch"],"picked":"SKIP","floor":8},{"not_picked":["Slice","Backflip"],"picked":"Leg Sweep","floor":11},{"not_picked":["Backflip","Calculated Gamble"],"picked":"Deadly Poison","floor":12},{"not_picked":["PiercingWail","Backflip"],"picked":"Tools of the Trade","floor":14},{"not_picked":["Glass Knife","Adrenaline"],"picked":"Burst","floor":16},{"not_picked":["Blur","Blade Dance"],"picked":"Predator","floor":18},{"not_picked":["Calculated Gamble","Terror","Sucker Punch"],"picked":"SKIP","floor":19},{"not_picked":["Dodge and Roll","PiercingWail"],"picked":"Backflip","floor":20},{"not_picked":["Slice","Setup"],"picked":"Bouncing Flask","floor":22},{"not_picked":["Dagger Throw","Accuracy"],"picked":"PiercingWail","floor":23},{"not_picked":["Flechettes","Concentrate","Deadly Poison"],"picked":"SKIP","floor":27},{"not_picked":["Dagger Spray","Flechettes","Calculated Gamble"],"picked":"SKIP","floor":30},{"not_picked":["Dodge and Roll","Endless Agony","Leg Sweep"],"picked":"SKIP","floor":31},{"not_picked":["Dagger Spray","Crippling Poison"],"picked":"Caltrops","floor":35},{"not_picked":["Leg Sweep","Predator"],"picked":"Acrobatics","floor":36},{"not_picked":["Masterful Stab","Poisoned Stab","Slice"],"picked":"SKIP","floor":38},{"not_picked":["Dagger Throw","Deadly Poison"],"picked":"Footwork","floor":39},{"not_picked":["Masterful Stab+1","Tactician"],"picked":"Night Terror","floor":40},{"not_picked":["Bane+1","Footwork"],"picked":"Dash+1","floor":42},{"not_picked":["Noxious Fumes","Setup"],"picked":"Catalyst+1","floor":44},{"not_picked":["Bane+1","Quick Slash+1"],"picked":"Backflip","floor":45},{"not_picked":["Predator+1","Catalyst","Concentrate+1"],"picked":"SKIP","floor":48}],"player_experience":1407345,"relics_obtained":[{"floor":9,"key":"Bird Faced Urn"},{"floor":23,"key":"MealTicket"},{"floor":26,"key":"Oddly Smooth Stone"},{"floor":30,"key":"Pear"},{"floor":40,"key":"Tough Bandages"},{"floor":42,"key":"Molten Egg 2"},{"floor":44,"key":"Tingsha"}],"event_choices":[{"damage_healed":0,"gold_gain":0,"player_choice":"Donut","damage_taken":0,"max_hp_gain":5,"max_hp_loss":0,"event_name":"Big Fish","floor":5,"gold_loss":0},{"cards_removed":["Defend_G"],"damage_healed":0,"gold_gain":0,"player_choice":"Card Removal","damage_taken":7,"max_hp_gain":0,"max_hp_loss":0,"event_name":"Golden Wing","floor":10,"gold_loss":0},{"damage_healed":0,"gold_gain":0,"cards_transformed":["Strike_G","Strike_G"],"player_choice":"Became Test Subject","damage_taken":0,"max_hp_gain":0,"max_hp_loss":0,"event_name":"Drug Dealer","floor":25,"gold_loss":0,"cards_obtained":["Burst","All Out Attack"]},{"damage_healed":0,"gold_gain":0,"player_choice":"Became a Ghost","damage_taken":0,"max_hp_gain":0,"max_hp_loss":36,"event_name":"Ghosts","floor":29,"gold_loss":0,"cards_obtained":["Ghostly","Ghostly","Ghostly"]},{"cards_removed":["Deflect"],"damage_healed":0,"gold_gain":0,"player_choice":"Removed Skill","damage_taken":0,"max_hp_gain":0,"max_hp_loss":0,"event_name":"Falling","floor":37,"gold_loss":0}],"is_beta":false,"boss_relics":[{"not_picked":["Calling Bell","Black Star"],"picked":"Cursed Key"},{"not_picked":["Busted Crown","Snecko Eye"],"picked":"Ring of the Serpent"}],"items_purged_floors":[4,21],"is_endless":false,"potions_floor_spawned":[1,2,7,12,19,20,27,31,35,42,44,45],"killed_by":"Shield and Spear","ascension_level":20}}