{"host":"410n1t7fh6lcb80z","time":1609288960,"event":{"mods":["BaseMod","Colored Map","Highlight Path","Minty Spire (QoL Compilation)"],"gold_per_floor":[117,117,132,145,156,156,169,128,182,182,198,225,296,296,296,395,395,411,336,356,373,185,185,185,185],"floor_reached":24,"playtime":1497,"items_purged":["Strike_R"],"score":238,"play_id":"fca390ab-ab4f-43c2-bfbf-2d82dfd072a0","local_time":"20201229194240","is_ascension_mode":true,"campfire_choices":[{"data":"Armaments","floor":6,"key":"SMITH"},{"data":"True Grit","floor":10,"key":"SMITH"},{"data":"Demon Form","floor":15,"key":"SMITH"},{"floor":23,"key":"REST"}],"circlet_count":0,"master_deck":["Strike_R","Strike_R","Strike_R","Strike_R","Defend_R","Defend_R","Defend_R","Defend_R","Bash","Brutality","Pommel Strike+1","Twin Strike","Sword Boomerang","Armaments+1","True Grit+1","Demon Form+1","Impervious","Limit Break","Shrug It Off","Pommel Strike+1","Seeing Red"],"relics":["Black Blood","Anchor","Singing Bowl","PrismaticShard"],"acts_visited":["Exordium","TheCity"],"potions_floor_usage":[12,12,16,24],"damage_taken":[{"damage":1,"enemies":"Small Slimes","floor":1,"turns":3},{"damage":13,"enemies":"Jaw Worm","floor":3,"turns":2},{"damage":2,"enemies":"Cultist","floor":4,"turns":3},{"damage":21,"enemies":"Large Slime","floor":5,"turns":4},{"damage":9,"enemies":"2 Fungi Beasts","floor":7,"turns":3},{"damage":16,"enemies":"Gremlin Gang","floor":11,"turns":4},{"damage":7,"enemies":"Lagavulin","floor":12,"turns":6},{"damage":44,"enemies":"Slime Boss","floor":16,"turns":7},{"damage":22,"enemies":"Spheric Guardian","floor":18,"turns":4},{"damage":3,"enemies":"Chosen","floor":20,"turns":5},{"damage":51,"enemies":"Shelled Parasite and Fungi","floor":21,"turns":8},{"damage":64,"enemies":"Book of Stabbing","floor":24,"turns":7}],"seed_played":"-2192323353968601737","potions_obtained":[{"floor":4,"key":"DistilledChaos"},{"floor":7,"key":"SkillPotion"},{"floor":11,"key":"Block Potion"},{"floor":12,"key":"Regen Potion"},{"floor":21,"key":"Ancient Potion"}],"is_trial":false,"path_per_floor":["M","?","M","M","M","R","M","?","T","R","M","E","?","?","R","B",null,"M","$","M","M","$","R","E"],"character_chosen":"IRONCLAD","items_purchased":["PrismaticShard","Seeing Red"],"campfire_rested":1,"item_purchase_floors":[22,22],"current_hp_per_floor":[80,80,73,77,62,62,59,59,59,59,49,48,48,48,48,25,80,70,70,79,42,42,66,2,2],"gold":185,"neow_bonus":"ONE_RANDOM_RARE_CARD","is_daily":false,"chose_seed":false,"campfire_upgraded":3,"win_rate":0.0,"timestamp":1609288960,"path_taken":["M","?","M","M","M","R","M","?","T","R","M","E","?","?","R","BOSS","M","$","?","M","$","R","E"],"items_purchased_type":["Relic","Card"],"build_version":"2020-12-22","purchased_purges":1,"victory":false,"max_hp_per_floor":[80,80,80,80,80,80,80,80,80,80,80,80,80,80,80,80,80,80,80,80,82,82,82,82,82],"card_choices":[{"not_picked":["Body Slam","Metallicize"],"picked":"Pommel Strike","floor":1},{"not_picked":["Power Through","Rage"],"picked":"Twin Strike","floor":3},{"not_picked":["Thunderclap","Clash"],"picked":"Sword Boomerang","floor":4},{"not_picked":["Clash","Sword Boomerang"],"picked":"Armaments","floor":5},{"not_picked":["Body Slam","Infernal Blade"],"picked":"True Grit","floor":7},{"not_picked":["Clothesline","Seeing Red"],"picked":"Demon Form","floor":11},{"not_picked":["Anger","Rage"],"picked":"Impervious","floor":12},{"not_picked":["Bludgeon","Exhume"],"picked":"Limit Break","floor":16},{"not_picked":["Second Wind","Sword Boomerang"],"picked":"Shrug It Off","floor":18},{"not_picked":["Burning Pact","Wild Strike+1"],"picked":"Pommel Strike+1","floor":20},{"not_picked":["Shrug It Off","Hemokinesis","Power Through+1"],"picked":"Singing Bowl","floor":21}],"player_experience":459544,"relics_obtained":[{"floor":9,"key":"Anchor"},{"floor":12,"key":"Singing Bowl"}],"event_choices":[{"damage_healed":0,"gold_gain":0,"player_choice":"Grow","damage_taken":0,"max_hp_gain":0,"max_hp_loss":0,"event_name":"Living Wall","floor":2,"gold_loss":0,"cards_upgraded":["Pommel Strike"]},{"damage_healed":0,"gold_gain":0,"player_choice":"Left Gold","damage_taken":0,"max_hp_gain":0,"max_hp_loss":0,"event_name":"World of Goop","floor":8,"gold_loss":41},{"damage_healed":0,"gold_gain":71,"player_choice":"Gained Gold","damage_taken":0,"max_hp_gain":0,"max_hp_loss":0,"event_name":"Golden Wing","floor":13,"gold_loss":0},{"damage_healed":0,"gold_gain":0,"player_choice":"0 cards matched","damage_taken":0,"max_hp_gain":0,"max_hp_loss":0,"event_name":"Match and Keep!","floor":14,"gold_loss":0,"cards_obtained":[]}],"is_beta":false,"boss_relics":[{"not_picked":["Astrolabe","Black Star"],"picked":"Black Blood"}],"items_purged_floors":[19],"is_endless":false,"potions_floor_spawned":[4,7,11,12,21],"killed_by":"Book of Stabbing","ascension_level":4}}