{"host":"ye7dkdlypz0ka1od","time":1609337028,"event":{"mods":["Act Like it!","Aspiration","BaseMod","Better Third Choice","Downfall","Gensokyo","Hallownest","Hubris","Infinite Spire","Marisa????????","Minty Spire (QoL Compilation)","StSLib","The Exalted"],"gold_per_floor":[113,113,131,152,152,152,196,196,196,219,67,81,81,102,102,223,223,243,243,243,268,268,268,293,311,364,383,402,418,368,368],"floor_reached":30,"playtime":1027,"items_purged":["Bromod:Strike_Bro"],"score":311,"play_id":"bf886b72-4cc2-4230-9976-8110dc29c861","local_time":"20201230090348","is_ascension_mode":false,"campfire_choices":[{"data":"Bromod:Reflection","floor":6,"key":"SMITH"},{"data":"Bromod:Vitality","floor":8,"key":"SMITH"},{"data":"Bromod:ReflexCoil","floor":13,"key":"SMITH"},{"floor":15,"key":"REST"},{"data":"Bromod:FinishingTouch","floor":23,"key":"SMITH"}],"circlet_count":0,"master_deck":["Bromod:Strike_Bro","Bromod:Defend_Bro","Bromod:Defend_Bro","Bromod:Defend_Bro","Bromod:Defend_Bro","Bromod:SlashDash","Bromod:SlashDash","Bromod:SlashDash","Bromod:Reflection+1","Bromod:SlashDash","Bromod:Vitality+1","Bromod:SlashDash","Bromod:FastHands+1","Bromod:ReflexCoil+1","Bromod:FinishingTouch+1","Bromod:QuickDraw","Bromod:RadialJavelin+1","Bromod:ShatteringImpact","Bromod:Stormbringer+1","Bromod:FastHands","Bromod:ContagiousSpread","Bromod:PressurePoint+1","Bromod:QuickDraw+1"],"relics":["Bromod:Ordis","Bromod:AscarisDevice","aspiration:DSix","Golden Idol","PreservedInsect","SlaversCollar","hubris:Icosahedron","Vajra"],"acts_visited":["Exordium","TheCity"],"potions_floor_usage":[27,28,29],"damage_taken":[{"damage":0,"enemies":"2 Louse","floor":1,"turns":2},{"damage":1,"enemies":"Jaw Worm","floor":3,"turns":3},{"damage":1,"enemies":"Small Slimes","floor":4,"turns":2},{"damage":0,"enemies":"Lagavulin","floor":7,"turns":7},{"damage":0,"enemies":"2 Fungi Beasts","floor":10,"turns":3},{"damage":0,"enemies":"Lots of Slimes","floor":12,"turns":4},{"damage":0,"enemies":"Looter","floor":14,"turns":2},{"damage":27,"enemies":"Hexaghost","floor":16,"turns":9},{"damage":2,"enemies":"Shell Parasite","floor":18,"turns":5},{"damage":0,"enemies":"3 Byrds","floor":21,"turns":4},{"damage":0,"enemies":"Centurion and Healer","floor":24,"turns":3},{"damage":0,"enemies":"Sentry and Sphere","floor":25,"turns":3},{"damage":43,"enemies":"Shelled Parasite and Fungi","floor":27,"turns":4},{"damage":15,"enemies":"Snake Plant","floor":28,"turns":4},{"damage":24,"enemies":"Centurion and Healer","floor":29,"turns":4},{"damage":19,"enemies":"Slavers","floor":30,"turns":1}],"seed_played":"-3980442145112370227","potions_obtained":[{"floor":10,"key":"FearPotion"},{"floor":12,"key":"FairyPotion"},{"floor":14,"key":"GamblersBrew"},{"floor":18,"key":"LiquidBronze"},{"floor":24,"key":"hexamod:EctoCoolerPotion"},{"floor":27,"key":"Weak Potion"},{"floor":28,"key":"Swift Potion"}],"is_trial":false,"path_per_floor":["M","?","M","M","?","R","E","R","T","M","$","M","R","M","R","B",null,"M","?","?","M","?","R","M","M","T","M","M","M","E"],"character_chosen":"THE_EXALTED","items_purchased":["Bromod:ReflexCoil"],"campfire_rested":1,"item_purchase_floors":[11],"current_hp_per_floor":[75,57,56,55,55,55,55,55,55,55,55,55,55,55,75,48,75,73,73,73,73,73,73,73,73,73,30,15,17,0,0],"gold":368,"neow_bonus":"DSIX","is_daily":false,"chose_seed":false,"campfire_upgraded":4,"win_rate":0.0,"timestamp":1609337028,"path_taken":["M","?","M","M","?","R","E","R","T","M","?","M","R","?","R","BOSS","M","?","?","M","?","R","M","M","T","M","?","M","E"],"items_purchased_type":["Card"],"build_version":"2020-12-22","purchased_purges":1,"victory":false,"max_hp_per_floor":[75,75,75,75,75,75,75,75,75,75,75,75,75,75,75,75,75,75,75,75,75,75,75,75,75,75,75,75,75,75,75],"card_choices":[{"not_picked":["Bromod:TargetCracker","Bromod:Stormbringer"],"picked":"Bromod:Reflection","floor":1},{"not_picked":["Bromod:Foundry","Bromod:BulletJump"],"picked":"Bromod:SlashDash","floor":3},{"not_picked":["Bromod:Redirection","Bromod:BulletJump"],"picked":"Bromod:Vitality","floor":4},{"not_picked":["Bromod:SeismicWave","Bromod:Provoked"],"picked":"Bromod:SlashDash","floor":7},{"not_picked":["Bromod:OrganShatter","Bromod:Foundry"],"picked":"Bromod:FastHands","floor":10},{"not_picked":["Bromod:ReflexCoil","Bromod:BulletJump"],"picked":"Bromod:FinishingTouch","floor":12},{"not_picked":["Bromod:HornetStrike","Bromod:SpeedTrigger"],"picked":"Bromod:QuickDraw","floor":14},{"not_picked":["Bromod:ExaltedBlade","Bromod:HellsChamber"],"picked":"Bromod:RadialJavelin","floor":16},{"not_picked":["Bromod:SpeedTrigger","Bromod:SlashDash"],"picked":"Bromod:ShatteringImpact","floor":18},{"not_picked":["Bromod:QuickDraw","Bromod:HornetStrike"],"picked":"Bromod:Stormbringer+1","floor":21},{"not_picked":["Bromod:FinishingTouch","Bromod:KillingBlow"],"picked":"Bromod:FastHands","floor":24},{"not_picked":["Bromod:Patagium","Bromod:Foundry"],"picked":"Bromod:ContagiousSpread","floor":25},{"not_picked":["Bromod:EnergySiphon","Bromod:Reflection+1","Bromod:KillingBlow+1"],"picked":"SKIP","floor":27},{"not_picked":["Bromod:ReflexCoil","Bromod:Stormbringer"],"picked":"Bromod:PressurePoint+1","floor":28},{"not_picked":["Bromod:FinishingTouch","Bromod:SlashDash"],"picked":"Bromod:QuickDraw+1","floor":29}],"player_experience":1524518,"relics_obtained":[{"floor":7,"key":"PreservedInsect"},{"floor":26,"key":"Vajra"}],"event_choices":[{"damage_healed":0,"gold_gain":0,"player_choice":"Take Damage","damage_taken":18,"relics_obtained":["Golden Idol"],"max_hp_gain":0,"max_hp_loss":0,"event_name":"Golden Idol","floor":2,"gold_loss":0},{"cards_removed":["Bromod:Strike_Bro"],"damage_healed":0,"gold_gain":0,"player_choice":"Forget","damage_taken":0,"max_hp_gain":0,"max_hp_loss":0,"event_name":"Living Wall","floor":5,"gold_loss":0},{"damage_healed":0,"gold_gain":0,"player_choice":"Forge","damage_taken":0,"max_hp_gain":0,"max_hp_loss":0,"event_name":"Accursed Blacksmith","floor":22,"gold_loss":0,"cards_upgraded":["Bromod:RadialJavelin"]}],"is_beta":false,"boss_relics":[{"not_picked":["hubris:VirtuousBlindfold","Pandora\u0027s Box"],"picked":"SlaversCollar"}],"items_purged_floors":[11],"is_endless":false,"potions_floor_spawned":[10,12,14,18,24,27,28],"killed_by":"Slavers","ascension_level":0}}