{"host":"6pgtslebjnyv5xmi","time":1609341082,"event":{"mods":["AchievementEnabler","BaseMod","Colored Map","Marisa£¨Ùöéë¡¡Øª×âÞÞ£©","Minty Spire (QoL Compilation)","Rare Cards Sparkle","StSLib","SuperFastMode","everything is the same but u backflip on backflip"],"gold_per_floor":[110,110,124,124,55,55,66,83,156,156,106,116,116,116,116,214,214,224,56,56,56,71,71,90,90,117,117,127,56,71,71,71,168,168,168,188,88,88,88,88],"floor_reached":39,"playtime":1193,"items_purged":["Defend_R","Bash"],"score":369,"play_id":"336c0edf-235c-498a-b2cc-cc5ec48a2075","local_time":"20201231001122","is_ascension_mode":false,"campfire_choices":[{"data":"Whirlwind","floor":6.0,"key":"SMITH"},{"data":"Berserk","floor":15.0,"key":"SMITH"},{"data":"Exhume","floor":23.0,"key":"SMITH"},{"data":"Limit Break","floor":25.0,"key":"SMITH"},{"data":"Trip","floor":27.0,"key":"SMITH"},{"floor":32.0,"key":"REST"}],"circlet_count":0,"master_deck":["Strike_R","Strike_R","Defend_R","Defend_R","Defend_R+1","Flex+1","Berserk+1","Whirlwind+1","Battle Trance","Limit Break+1","Trip+1","Exhume+1","Finesse","Armaments+1","Headbutt+1","Offering","Shrug It Off+1","Secret Technique"],"relics":["Burning Blood"],"acts_visited":["Exordium","TheCity","TheBeyond"],"potions_floor_usage":[39],"damage_taken":[{"damage":1.0,"enemies":"Cultist","floor":1.0,"turns":4.0},{"damage":6.0,"enemies":"Jaw Worm","floor":3.0,"turns":5.0},{"damage":0.0,"enemies":"Small Slimes","floor":7.0,"turns":2.0},{"damage":4.0,"enemies":"Exordium Wildlife","floor":8.0,"turns":3.0},{"damage":10.0,"enemies":"Blue Slaver","floor":12.0,"turns":3.0},{"damage":43.0,"enemies":"Hexaghost","floor":16.0,"turns":8.0},{"damage":5.0,"enemies":"Spheric Guardian","floor":18.0,"turns":3.0},{"damage":19.0,"enemies":"Shell Parasite","floor":22.0,"turns":3.0},{"damage":12.0,"enemies":"3 Cultists","floor":24.0,"turns":3.0},{"damage":3.0,"enemies":"Centurion and Healer","floor":28.0,"turns":4.0},{"damage":6.0,"enemies":"Snake Plant","floor":30.0,"turns":1.0},{"damage":28.0,"enemies":"Collector","floor":33.0,"turns":4.0},{"damage":0.0,"enemies":"3 Darklings","floor":35.0,"turns":1.0},{"damage":26.0,"enemies":"Orb Walker","floor":36.0,"turns":3.0},{"damage":97,"enemies":"Transient","floor":39,"turns":5}],"seed_played":"-6150207558978111467","potions_obtained":[{"floor":1.0,"key":"SteroidPotion"},{"floor":3.0,"key":"BlessingOfTheForge"},{"floor":8.0,"key":"CultistPotion"},{"floor":22.0,"key":"SteroidPotion"},{"floor":24.0,"key":"EntropicBrew"},{"floor":30.0,"key":"Strength Potion"},{"floor":36.0,"key":"DuplicationPotion"}],"is_trial":false,"path_per_floor":["M","T","M","?","$","R","M","M","T","?","?","M","?","?","R","B",null,"M","$","?","$","M","R","M","R","T","R","M","$","M","?","R","B",null,"M","M","$","?","M"],"character_chosen":"IRONCLAD","items_purchased":["Whirlwind","Trip","Offering"],"campfire_rested":1,"item_purchase_floors":[5,19,29],"current_hp_per_floor":[88,88,88,88,88,88,88,88,88,88,88,84,66,59,59,22,88,88,88,88,88,75,75,69,69,69,69,72,72,72,55,82,60,93,93,73,73,73,0,0],"gold":88,"neow_bonus":"TEN_PERCENT_HP_BONUS","is_daily":false,"chose_seed":false,"campfire_upgraded":5,"win_rate":0.0,"timestamp":1609341082,"path_taken":["M","?","?","?","$","R","M","M","T","?","?","?","?","?","R","BOSS","M","$","?","$","M","R","M","R","T","R","?","$","M","?","R","BOSS","M","M","$","?","M"],"items_purchased_type":["Card","Card","Card"],"build_version":"2020-12-22","purchased_purges":2,"victory":false,"max_hp_per_floor":[88,88,88,88,88,88,88,88,88,88,88,88,88,88,88,88,88,88,88,88,88,88,88,88,88,88,88,88,88,88,93,93,93,93,93,93,93,93,93,93],"card_choices":[{"not_picked":["Infernal Blade","Warcry"],"picked":"Flex","floor":1.0},{"not_picked":["Headbutt","Burning Pact","Combust"],"picked":"SKIP","floor":3.0},{"not_picked":["Anger","Pommel Strike"],"picked":"Battle Trance","floor":7.0},{"not_picked":["Havoc","Iron Wave","True Grit"],"picked":"SKIP","floor":8.0},{"not_picked":["Heavy Blade","Havoc","Rage"],"picked":"SKIP","floor":12.0},{"not_picked":["Reaper","Immolate"],"picked":"Limit Break","floor":16.0},{"not_picked":["Clash","Pummel","Iron Wave+1"],"picked":"SKIP","floor":18.0},{"not_picked":["Perfected Strike+1","Sword Boomerang","Dark Embrace+1"],"picked":"SKIP","floor":22.0},{"not_picked":["Sentinel","Heavy Blade"],"picked":"Armaments+1","floor":24.0},{"not_picked":["Clash","Twin Strike+1"],"picked":"Headbutt+1","floor":28.0},{"not_picked":["Anger+1","Exhume","Body Slam"],"picked":"SKIP","floor":30.0},{"not_picked":["Heavy Blade","Evolve"],"picked":"Shrug It Off+1","floor":36.0},{"not_picked":["Transmutation","Discovery"],"picked":"Secret Technique","floor":38.0}],"player_experience":628070,"relics_obtained":[],"event_choices":[{"damage_healed":0.0,"max_hp_gain":0.0,"max_hp_loss":0.0,"gold_gain":0.0,"cards_transformed":["Strike_R"],"event_name":"Living Wall","player_choice":"Change","floor":4.0,"gold_loss":0.0,"damage_taken":0.0,"cards_obtained":["Berserk"]},{"damage_healed":0.0,"max_hp_gain":0.0,"max_hp_loss":0.0,"gold_gain":0.0,"event_name":"Dead Adventurer","player_choice":"Searched \u00270\u0027 times","floor":10.0,"gold_loss":0.0,"damage_taken":0.0},{"cards_removed":["Strike_R"],"damage_healed":0.0,"max_hp_gain":0.0,"max_hp_loss":0.0,"gold_gain":0.0,"event_name":"The Cleric","player_choice":"Card Removal","floor":11.0,"gold_loss":50.0,"damage_taken":0.0},{"damage_healed":0.0,"max_hp_gain":0.0,"max_hp_loss":0.0,"gold_gain":0.0,"event_name":"Shining Light","player_choice":"Entered Light","floor":13.0,"gold_loss":0.0,"damage_taken":18.0,"cards_upgraded":["Defend_R","Flex"]},{"cards_removed":["Strike_R"],"damage_healed":0.0,"max_hp_gain":0.0,"max_hp_loss":0.0,"gold_gain":0.0,"event_name":"Golden Wing","player_choice":"Card Removal","floor":14.0,"gold_loss":0.0,"damage_taken":7.0},{"damage_healed":0.0,"max_hp_gain":0.0,"max_hp_loss":0.0,"gold_gain":0.0,"event_name":"Match and Keep!","player_choice":"2 cards matched","floor":20.0,"gold_loss":0.0,"damage_taken":0.0,"cards_obtained":["Exhume","Finesse"]},{"damage_healed":0.0,"max_hp_gain":5.0,"max_hp_loss":0.0,"gold_gain":0.0,"event_name":"Forgotten Altar","player_choice":"Shed Blood","floor":31.0,"gold_loss":0.0,"damage_taken":22.0},{"damage_healed":0.0,"max_hp_gain":0.0,"max_hp_loss":0.0,"gold_gain":0.0,"event_name":"SensoryStone","player_choice":"Memory 1","floor":38.0,"gold_loss":0.0,"damage_taken":0.0}],"is_beta":false,"boss_relics":[{"not_picked":["Cursed Key","Coffee Dripper","SacredBark"]},{"not_picked":["Tiny House","Mark of Pain","Busted Crown"]}],"items_purged_floors":[19,37],"is_endless":false,"potions_floor_spawned":[1,3,8,12,22,24,30,36],"killed_by":"Transient","ascension_level":0}}