{"host":"4y6zclctjmj98pnk","time":1609335829,"event":{"mods":["Arknights The Spire","Aspiration","BaseMod","Best Route Mod","Better Third Choice","Challenge The Spire","Colored Map","GifTheSpireLib","Minty Spire (QoL Compilation)","Relic Stats","Replay The Spire","Spicy Shops","StSLib","UnlockEverythingMod"],"gold_per_floor":[117,69,82,82,97,125,125,125,125],"floor_reached":8,"playtime":346,"items_purged":["Normality"],"score":56,"play_id":"8258c792-1d30-4517-bd0e-9be6764d9b8c","local_time":"20201230214349","is_ascension_mode":false,"campfire_choices":[{"data":"ats:Chain Hook","floor":7,"key":"SMITH"}],"circlet_count":0,"master_deck":["ats:Strike C","ats:Strike G","ats:Strike S","ats:Strike V","ats:Armor Crushing Shot","ats:Defend","ats:Defend","ats:Defend","ats:Emotion Absorption","ats:Part Time Job","ats:Counter Healing Mode+1","ats:Chain Hook+1","ats:Disruption Kick"],"relics":["ats:Sanity","NeowsBlessing","ReplayTheSpireMod:CursedCoin","Frozen Egg 2","ats:Originium","Potion Belt"],"acts_visited":["Exordium"],"potions_floor_usage":[6],"damage_taken":[{"damage":0,"enemies":"Cultist","floor":1,"turns":1},{"damage":0,"enemies":"Small Slimes","floor":3,"turns":2},{"damage":0,"enemies":"Jaw Worm","floor":5,"turns":1},{"damage":32,"enemies":"3 Sentries","floor":6,"turns":8},{"damage":49,"enemies":"Lagavulin","floor":8,"turns":7}],"seed_played":"-4129463715195725418","potions_obtained":[{"floor":1,"key":"ColorlessPotion"},{"floor":3,"key":"ats:Top Emergency Sanity Potion"}],"is_trial":false,"path_per_floor":["M","$","M","?","M","E","R","E"],"character_chosen":"DOCTOR_CLASS","items_purchased":["ReplayTheSpireMod:CursedCoin","Frozen Egg 2"],"campfire_rested":0,"item_purchase_floors":[2,2],"current_hp_per_floor":[72,72,72,72,72,43,43,0,0],"gold":125,"neow_bonus":"THREE_ENEMY_KILL","is_daily":false,"chose_seed":false,"campfire_upgraded":1,"win_rate":0.0,"timestamp":1609335829,"path_taken":["M","$","M","?","?","E","R","E"],"items_purchased_type":["Relic","Relic"],"build_version":"2020-12-22","purchased_purges":1,"victory":false,"max_hp_per_floor":[72,72,72,72,72,72,72,72,72],"relic_stats":{"counters":[5,19],"obtain_stats":[{"Potion Belt":6,"NeowsBlessing":0,"ats:Originium":6,"ReplayTheSpireMod:CursedCoin":2,"ats:Sanity":0,"Frozen Egg 2":2},{"Potion Belt":4,"NeowsBlessing":0,"ats:Originium":4,"ReplayTheSpireMod:CursedCoin":1,"ats:Sanity":0,"Frozen Egg 2":1},{"Potion Belt":12,"NeowsBlessing":0,"ats:Originium":12,"ReplayTheSpireMod:CursedCoin":1,"ats:Sanity":0,"Frozen Egg 2":1}]},"card_choices":[{"not_picked":["ats:Explosion Area Strengthen","ats:Consecutive Shot Auto"],"picked":"ats:Part Time Job","floor":1},{"not_picked":["ats:Curse Doll","ats:LN2 Cannon"],"picked":"ats:Counter Healing Mode+1","floor":3},{"not_picked":["ats:Leaping Hammer","ats:Ignite"],"picked":"ats:Chain Hook","floor":5},{"not_picked":["ats:Childhood Dance","ats:Hammer On"],"picked":"ats:Disruption Kick","floor":6}],"player_experience":284155,"relics_obtained":[{"floor":6,"key":"ats:Originium"},{"floor":6,"key":"Potion Belt"}],"event_choices":[{"cards_removed":["ats:Defend"],"damage_healed":0,"gold_gain":0,"player_choice":"Purged","damage_taken":0,"max_hp_gain":0,"max_hp_loss":0,"event_name":"Purifier","floor":4,"gold_loss":0}],"is_beta":false,"boss_relics":[],"items_purged_floors":[2],"is_endless":false,"potions_floor_spawned":[1,3],"killed_by":"Lagavulin","ascension_level":0}}