{"host":"ft2xazkv7v30fddt","time":1609330829,"event":{"mods":["AchievementEnabler","Act Like it!","Aspiration","Astrologer","Bard","BaseMod","Better Altar","Better Match","Better Note","Better Sensory Stone","Better Skull","CapriCore","Chen","Colored Powertips","Downfall","Elementarium","Energized Spire","Gensokyo","GifTheSpireLib","Gremlin Mod","Hallownest","Hermit","Hubris","Infinite Spire","KinomotoSakuraMod(????)","Koishi","Marisa????????","Minty Spire (QoL Compilation)","Pale of the Ancients","Permanent Neow","Potionbrewer","Prisma Mod","Replay The Spire","StSLib","Stuff the Spire","The Blackbeard","The Bladedancer","The Construct","The Cursed","The Forsaken","The Gatherer","The Hayseed","The Immortal","The Runesmith","The Servant 0.9.4","The Showman","The Vixen","TheArtist","TheSwordswoman","Wandering Minibosses","thorton","vexMod"],"gold_per_floor":[115,115,40,40,56,91,91,16,41,61,61,80,92,111,111,111,111],"floor_reached":16,"playtime":608,"items_purged":["Hallownest:curseDreamersLament"],"score":232,"play_id":"3d045089-67fa-48b9-be95-57bdcf297ee1","local_time":"20201230202029","is_ascension_mode":true,"campfire_choices":[{"data":"Chen:SurpriseAttack","floor":7,"key":"SMITH"},{"data":"Chen:GlitterPoke","floor":11,"key":"SMITH"},{"floor":15,"key":"REST"}],"circlet_count":0,"master_deck":["AscendersBane","Chen:Strike","Chen:Strike","Chen:Strike","Chen:Strike","Chen:Strike","Chen:Defend","Chen:Defend","Chen:Defend","Chen:Defend","Chen:PounceTurnTail","Chen:GlitterPoke+1","Chen:Deceitful","Hallownest:skillGreenpathMap","Chen:SurpriseAttack+1","Chen:Recuperate","Chen:Sweep","Chen:Unpredictable","Chen:ShikigamiForm"],"relics":["Chen:Catnip","NeowsBlessing","Hallownest:TeacherSealRelic","infinitespire:PuzzleCube","StuffTheSpire:OldFever"],"acts_visited":["Hallownest:Greenpath"],"potions_floor_usage":[16],"damage_taken":[{"damage":0,"enemies":"Hallownest:2_Tiktiks_and_1_Crawlid","floor":1,"turns":2},{"damage":4,"enemies":"Hallownest:2_MossCreeps","floor":5,"turns":2},{"damage":0,"enemies":"Hallownest:eliteVengeflyKing","floor":6,"turns":1},{"damage":0,"enemies":"Hallownest:monsterHuskGuard","floor":10,"turns":3},{"damage":34,"enemies":"Hallownest:1_Baldur_1_Crawlid_1_Warrior","floor":12,"turns":6},{"damage":6,"enemies":"Hallownest:Guard_and_Warrior","floor":13,"turns":5},{"damage":3,"enemies":"Hallownest:monsterAspidMother","floor":14,"turns":5},{"damage":38,"enemies":"Hallownest:BossHornet","floor":16,"turns":7}],"seed_played":"976285523711943486","potions_obtained":[{"floor":6,"key":"SmokeBomb"},{"floor":10,"key":"Energy Potion"}],"is_trial":false,"path_per_floor":["M","?","?","$","M","E","R","$","T","M","R","M","M","M","R","B"],"character_chosen":"CHEN","items_purchased":[],"campfire_rested":1,"item_purchase_floors":[],"current_hp_per_floor":[59,59,59,59,55,55,55,55,55,55,55,21,15,12,31,0,0],"gold":111,"neow_bonus":"THREE_ENEMY_KILL","is_daily":false,"chose_seed":false,"campfire_upgraded":2,"win_rate":0.0,"timestamp":1609330829,"path_taken":["M","?","?","?","?","E","R","$","T","M","R","M","M","M","R","BOSS"],"items_purchased_type":[],"build_version":"2020-12-22","purchased_purges":1,"victory":false,"max_hp_per_floor":[65,65,65,65,65,65,65,65,65,65,65,65,65,65,65,65,65],"card_choices":[{"not_picked":["Chen:CatPunch","Chen:PentagramFlight"],"picked":"Chen:Deceitful","floor":1},{"not_picked":["Chen:Spray","Chen:Instinct"],"picked":"Chen:SurpriseAttack","floor":5},{"not_picked":["Chen:Scratch","Chen:Barrier","Chen:Sidestep"],"picked":"SKIP","floor":6},{"not_picked":["Chen:Sidestep","Chen:Copycat"],"picked":"Chen:Recuperate","floor":10},{"not_picked":["Chen:PentagramFlight","Chen:Copycat"],"picked":"Chen:Sweep","floor":12},{"not_picked":["Chen:Shot","Chen:Salvo"],"picked":"Chen:Unpredictable","floor":13},{"not_picked":["Chen:Barrier","Chen:Tear"],"picked":"Chen:ShikigamiForm","floor":14}],"player_experience":1646475,"relics_obtained":[{"floor":6,"key":"infinitespire:PuzzleCube"},{"floor":9,"key":"StuffTheSpire:OldFever"}],"event_choices":[],"is_beta":false,"boss_relics":[],"items_purged_floors":[8],"is_endless":false,"potions_floor_spawned":[6,10],"killed_by":"Hallownest:BossHornet","ascension_level":18}}