{"host":"ohysexhjt9sgbosk","time":1609309621,"event":{"mods":["BaseMod","Colored Map","Colored Powertips","Curses Come First","Evolution","Minty Spire (QoL Compilation)","Rare Cards Sparkle","StSLib"],"gold_per_floor":[118,138,155,175,175,209,209,244,244,244,2,41,41,76,76,201,201,226,239,96,120,144,180,194,228,228,228,264,282,282,31,31,157,157,177,196,196,257,282,313,328,328,377,377,415,440,479,494,494,494],"floor_reached":51,"playtime":4679,"items_purged":[],"score":941,"play_id":"fbf78d33-3274-4cc0-aa7e-06fe7b329052","local_time":"20201229232701","is_ascension_mode":true,"campfire_choices":[{"floor":7,"key":"REST"},{"floor":10,"key":"REST"},{"floor":15,"key":"REST"},{"floor":27,"key":"REST"},{"floor":32,"key":"REST"},{"floor":42,"key":"REST"},{"floor":49,"key":"REST"}],"circlet_count":0,"master_deck":["Thunderclap","Thunderclap","Thunderclap","Thunderclap","Thunderclap","Defend_R","Defend_R","Defend_R","Defend_R","Bash","Rage","Armaments","Combust","Pommel Strike","Combust","Thunderclap","Sword Boomerang","Headbutt","Body Slam","Clash","Cleave","Juggernaut","Flex+1","Cleave","Dropkick","Combust","Impervious","Pommel Strike","Body Slam+1","Iron Wave+1","Infernal Blade","Body Slam+1","Iron Wave+1","Barricade","Armaments","Anger","Dramatic Entrance","Secret Weapon","Dramatic Entrance","Infernal Blade","Infernal Blade","Rage+1","Dark Embrace","Pommel Strike","Fire Breathing","Thunderclap+1","Spot Weakness","Body Slam+1","Entrench+1","Sword Boomerang","Flex"],"relics":["Burning Blood","EVO:Axolotl","Golden Idol","Dream Catcher","Orichalcum","Shuriken","HornCleat","Charon\u0027s Ashes","Bottled Tornado","Runic Cube","Anchor","Toy Ornithopter","Bag of Preparation","CaptainsWheel","Self Forming Clay","White Beast Statue","Runic Pyramid","Lizard Tail","Bottled Flame","Blood Vial","Prayer Wheel","MealTicket","Regal Pillow"],"acts_visited":["Exordium","TheCity","TheBeyond"],"potions_floor_usage":[23,25,25,25,33,40,40,41,47,47,47,50],"damage_taken":[{"damage":10,"enemies":"Cultist","floor":1,"turns":4},{"damage":2,"enemies":"Small Slimes","floor":2,"turns":3},{"damage":3,"enemies":"Jaw Worm","floor":3,"turns":4},{"damage":9,"enemies":"3 Louse","floor":4,"turns":2},{"damage":24,"enemies":"3 Sentries","floor":6,"turns":4},{"damage":43,"enemies":"Lagavulin","floor":8,"turns":6},{"damage":7,"enemies":"3 Sentries","floor":12,"turns":3},{"damage":12,"enemies":"Gremlin Nob","floor":14,"turns":4},{"damage":42,"enemies":"Hexaghost","floor":16,"turns":8},{"damage":8,"enemies":"Chosen","floor":18,"turns":3},{"damage":18,"enemies":"Spheric Guardian","floor":19,"turns":4},{"damage":3,"enemies":"3 Cultists","floor":21,"turns":3},{"damage":19,"enemies":"Sentry and Sphere","floor":22,"turns":4},{"damage":17,"enemies":"Slavers","floor":23,"turns":4},{"damage":31,"enemies":"Cultist and Chosen","floor":24,"turns":5},{"damage":12,"enemies":"Gremlin Leader","floor":25,"turns":5},{"damage":26,"enemies":"Slavers","floor":28,"turns":3},{"damage":6,"enemies":"Snake Plant","floor":29,"turns":3},{"damage":59,"enemies":"Champ","floor":33,"turns":11},{"damage":8,"enemies":"3 Darklings","floor":35,"turns":3},{"damage":15,"enemies":"3 Shapes","floor":36,"turns":4},{"damage":15,"enemies":"2 Orb Walkers","floor":38,"turns":3},{"damage":14,"enemies":"Jaw Worm Horde","floor":39,"turns":2},{"damage":46,"enemies":"Giant Head","floor":40,"turns":8},{"damage":3,"enemies":"Transient","floor":41,"turns":5},{"damage":18,"enemies":"Nemesis","floor":45,"turns":4},{"damage":2,"enemies":"Sphere and 2 Shapes","floor":46,"turns":3},{"damage":29,"enemies":"Giant Head","floor":47,"turns":7},{"damage":15,"enemies":"Jaw Worm Horde","floor":48,"turns":3},{"damage":74,"enemies":"Time Eater","floor":50,"turns":8}],"seed_played":"-6428363369284431522","potions_obtained":[{"floor":1,"key":"DuplicationPotion"},{"floor":2,"key":"Fire Potion"},{"floor":4,"key":"BloodPotion"},{"floor":12,"key":"DistilledChaos"},{"floor":23,"key":"AttackPotion"},{"floor":25,"key":"BlessingOfTheForge"},{"floor":28,"key":"EssenceOfSteel"},{"floor":33,"key":"FairyPotion"},{"floor":35,"key":"ColorlessPotion"},{"floor":40,"key":"Fruit Juice"},{"floor":41,"key":"EssenceOfSteel"},{"floor":45,"key":"DistilledChaos"},{"floor":46,"key":"SkillPotion"},{"floor":47,"key":"PowerPotion"},{"floor":48,"key":"FairyPotion"}],"is_trial":false,"path_per_floor":["M","M","M","M","?","E","R","E","T","R","$","E","$","E","R","B",null,"M","M","$","M","M","E","M","E","T","R","E","M","?","$","R","B",null,"M","M","?","?","M","E","M","R","T","?","E","M","E","M","R","B",null],"character_chosen":"IRONCLAD","items_purchased":["HornCleat","Anchor","White Beast Statue"],"campfire_rested":7,"item_purchase_floors":[11,20,31],"current_hp_per_floor":[84,88,88,85,63,45,71,34,34,60,60,59,59,53,79,43,88,86,74,74,77,64,53,28,54,54,80,60,60,60,60,86,38,88,86,77,67,58,50,25,33,60,60,60,50,56,50,43,85,24],"gold":494,"neow_bonus":"TEN_PERCENT_HP_BONUS","is_daily":false,"chose_seed":false,"campfire_upgraded":0,"win_rate":0.0,"timestamp":1609309621,"path_taken":["M","M","M","M","?","E","R","E","T","R","$","E","$","E","R","BOSS","M","M","$","M","M","E","M","E","T","R","E","M","?","?","R","BOSS","M","M","?","?","?","E","M","R","T","?","E","?","E","M","R","BOSS"],"items_purchased_type":["Relic","Relic","Relic"],"build_version":"2020-12-22","purchased_purges":0,"victory":true,"max_hp_per_floor":[88,88,88,88,88,88,88,88,88,88,88,88,88,88,88,88,88,88,88,88,88,88,88,88,88,88,88,88,88,88,88,88,88,88,88,88,88,88,88,93,93,93,93,93,93,93,93,93,93,93],"card_choices":[{"not_picked":["Clash","Evolve"],"picked":"Rage","floor":1},{"not_picked":["Heavy Blade","Disarm"],"picked":"Armaments","floor":2},{"not_picked":["Fire Breathing","Seeing Red"],"picked":"Combust","floor":3},{"not_picked":["Second Wind","Twin Strike"],"picked":"Pommel Strike","floor":4},{"not_picked":["Searing Blow","Clothesline"],"picked":"Combust","floor":6},{"not_picked":["Heavy Blade","Power Through"],"picked":"Thunderclap","floor":7},{"not_picked":["Wild Strike","Fiend Fire"],"picked":"Sword Boomerang","floor":8},{"not_picked":["Sever Soul","Rampage"],"picked":"Headbutt","floor":10},{"not_picked":["Heavy Blade","Demon Form"],"picked":"Body Slam","floor":12},{"not_picked":["Reckless Charge","Brutality"],"picked":"Clash","floor":14},{"not_picked":["Searing Blow","Dark Embrace"],"picked":"Cleave","floor":15},{"not_picked":["Fiend Fire","Offering"],"picked":"Juggernaut","floor":16},{"not_picked":["Sword Boomerang","Pommel Strike"],"picked":"Flex+1","floor":18},{"not_picked":["Pommel Strike","Burning Pact"],"picked":"Cleave","floor":19},{"not_picked":["Power Through+1","Pommel Strike"],"picked":"Dropkick","floor":21},{"not_picked":["Clothesline","Second Wind"],"picked":"Combust","floor":22},{"not_picked":["Warcry+1","Hemokinesis"],"picked":"Impervious","floor":23},{"not_picked":["Disarm","Iron Wave+1"],"picked":"Pommel Strike","floor":24},{"not_picked":["Feel No Pain","Clash"],"picked":"Body Slam+1","floor":25},{"not_picked":["Searing Blow+1","Body Slam"],"picked":"Iron Wave+1","floor":27},{"not_picked":["Bloodletting","Limit Break"],"picked":"Infernal Blade","floor":28},{"not_picked":["Sever Soul","Pommel Strike+1"],"picked":"Body Slam+1","floor":29},{"not_picked":["Second Wind+1","Havoc+1"],"picked":"Iron Wave+1","floor":32},{"not_picked":["Impervious","Exhume"],"picked":"Barricade","floor":33},{"not_picked":["Perfected Strike","Heavy Blade"],"picked":"Armaments","floor":35},{"not_picked":["Sword Boomerang+1","Headbutt"],"picked":"Anger","floor":36},{"not_picked":["Mind Blast","Impatience"],"picked":"Dramatic Entrance","floor":37},{"not_picked":["Apotheosis","Mayhem"],"picked":"Secret Weapon","floor":37},{"not_picked":["Finesse","Deep Breath"],"picked":"Dramatic Entrance","floor":37},{"not_picked":["Pummel","Body Slam"],"picked":"Infernal Blade","floor":38},{"not_picked":["Perfected Strike+1","Clothesline+1"],"picked":"Infernal Blade","floor":39},{"not_picked":["Clash+1","Reckless Charge"],"picked":"Rage+1","floor":40},{"not_picked":["Wild Strike","Warcry"],"picked":"Dark Embrace","floor":41},{"not_picked":["Carnage","Disarm"],"picked":"Pommel Strike","floor":42},{"not_picked":["Ghostly Armor+1","Heavy Blade+1"],"picked":"Fire Breathing","floor":45},{"not_picked":["Power Through+1","Wild Strike"],"picked":"Thunderclap+1","floor":46},{"not_picked":["Wild Strike+1","Sentinel+1"],"picked":"Spot Weakness","floor":46},{"not_picked":["Carnage","Dual Wield"],"picked":"Body Slam+1","floor":47},{"not_picked":["Cleave","Limit Break"],"picked":"Entrench+1","floor":48},{"not_picked":["Clash+1","Shockwave+1"],"picked":"Sword Boomerang","floor":48},{"not_picked":["Warcry+1","Havoc"],"picked":"Flex","floor":49}],"player_experience":33618,"relics_obtained":[{"floor":6,"key":"Dream Catcher"},{"floor":8,"key":"Orichalcum"},{"floor":9,"key":"Shuriken"},{"floor":12,"key":"Charon\u0027s Ashes"},{"floor":14,"key":"Bottled Tornado"},{"floor":23,"key":"Toy Ornithopter"},{"floor":25,"key":"Bag of Preparation"},{"floor":26,"key":"CaptainsWheel"},{"floor":28,"key":"Self Forming Clay"},{"floor":38,"key":"Lizard Tail"},{"floor":40,"key":"Bottled Flame"},{"floor":43,"key":"Blood Vial"},{"floor":45,"key":"MealTicket"},{"floor":47,"key":"Regal Pillow"}],"event_choices":[{"damage_healed":0,"gold_gain":0,"player_choice":"Take Damage","damage_taken":22,"relics_obtained":["Golden Idol"],"max_hp_gain":0,"max_hp_loss":0,"event_name":"Golden Idol","floor":5,"gold_loss":0},{"damage_healed":0,"gold_gain":0,"player_choice":"Ignored","damage_taken":0,"max_hp_gain":0,"max_hp_loss":0,"event_name":"Beggar","floor":30,"gold_loss":0},{"damage_healed":0,"gold_gain":0,"player_choice":"Memory 3","damage_taken":10,"max_hp_gain":0,"max_hp_loss":0,"event_name":"SensoryStone","floor":37,"gold_loss":0},{"damage_healed":0,"gold_gain":0,"player_choice":"Fight","damage_taken":0,"max_hp_gain":0,"max_hp_loss":0,"event_name":"Mysterious Sphere","floor":38,"gold_loss":0},{"damage_healed":0,"gold_gain":0,"player_choice":"Gave Potion","damage_taken":0,"relics_obtained":["Prayer Wheel"],"max_hp_gain":0,"max_hp_loss":0,"event_name":"WeMeetAgain","floor":44,"gold_loss":0}],"is_beta":false,"boss_relics":[{"not_picked":["Cursed Key","Tiny House"],"picked":"Runic Cube"},{"not_picked":["Fusion Hammer","SlaversCollar"],"picked":"Runic Pyramid"}],"items_purged_floors":[],"is_endless":false,"potions_floor_spawned":[1,2,4,12,14,18,19,23,25,28,33,35,36,38,39,40,41,45,46,47,48],"ascension_level":1}}