{"host":"i0dqv19ybe2atd47","time":1609299871,"event":{"mods":["2.2 Compatiblity","AchievementEnabler","Act Like it!","BaseMod","Bestiary","BetterRewards","CapriCore","ChefMod","Colored Map","Conspire","Curses Come First","Downfall","FutureSeer","GungeonMod","Hallownest","Hermit","Kratos Character Expansion","Melee Mod","Minty Spire (QoL Compilation)","Quick Restart","Rare Cards Sparkle","Replay The Spire","Robot Space Explorer","StSLib","The Bug Knight","The Caster","The Cursed","The Disciple","The Dragon Tamer","The Jungle","The Marked","The Necromancer","The Runesmith","The Trickster","The Wild Card","TheLocksmith","TheVacant"],"gold_per_floor":[110,123,123,123,123,141,141,141,153,166,193,205,234,247,261,281,281,383,383,400,400,36,54,71,101,112,112,135,135,148,100,117,129,129,129,129],"floor_reached":35,"playtime":5928,"items_purged":[],"score":337,"play_id":"6f3706ad-1288-499f-ae89-503f1581158f","local_time":"20201229224431","is_ascension_mode":false,"campfire_choices":[{"data":"theWildCard:Metatron","floor":8,"key":"SMITH"},{"floor":17,"key":"REST"},{"floor":27,"key":"REST"},{"data":"theWildCard:Sakuya","floor":29,"key":"SMITH"},{"floor":34,"key":"REST"}],"circlet_count":0,"master_deck":["theWildCard:BasicStrike","theWildCard:BasicStrike","theWildCard:BasicStrike","theWildCard:BasicStrike","theWildCard:BasicDefend","theWildCard:BasicDefend","theWildCard:BasicDefend","theWildCard:BasicDefend","theWildCard:CallToAdventure","theWildCard:Arsene","theWildCard:BladeOfGenerations","theWildCard:MaskChange","theWildCard:SeveringSlash","theWildCard:Metatron+1","theWildCard:MagicMettle","theWildCard:ArcanaArtistry","theWildCard:Patience","theWildCard:MagicalMight","theWildCard:UnendingRitual","theWildCard:EnergizedStroke","theWildCard:IdentityTheft","theWildCard:Satanael","theWildCard:MagicMettle+1","expansioncontent:FaceSlap","theWildCard:PowerOfTheArcana","theWildCard:Sakuya+1","theWildCard:SeveringSlash","theWildCard:SacrificialStroke","theWildCard:ArcaneArts+1","theWildCard:MasterPlan","theWildCard:EnergyTheft+1","theWildCard:StalwartBlade","theWildCard:PaleRider","theWildCard:FinalHour","theWildCard:SacrificialStroke+1"],"relics":["theWildCard:VelvetContract","Replay:Rubber Ducky","Replay:Wax Seal","SlaversCollar","Strawberry","Ancient Tea Set","HollowMod:PaleOreRelic"],"acts_visited":["Exordium","Exordium"],"potions_floor_usage":[18,24,25,35,35,35],"damage_taken":[{"damage":6,"enemies":"Jaw Worm","floor":1,"turns":3},{"damage":1,"enemies":"Small Slimes","floor":2,"turns":3},{"damage":0,"enemies":"Cultist","floor":6,"turns":3},{"damage":10,"enemies":"conspire:2 RoseBushes","floor":9,"turns":1},{"damage":0,"enemies":"Blue Slaver","floor":10,"turns":4},{"damage":0,"enemies":"Looter","floor":12,"turns":3},{"damage":0,"enemies":"Replay:BlueRogue","floor":13,"turns":7},{"damage":0,"enemies":"Red Slaver","floor":14,"turns":4},{"damage":10,"enemies":"conspire:2 RoseBushes","floor":15,"turns":4},{"damage":0,"enemies":"Gremlin Gang","floor":16,"turns":1},{"damage":55,"enemies":"The Guardian","floor":18,"turns":17},{"damage":31,"enemies":"Shell Parasite","floor":20,"turns":11},{"damage":52,"enemies":"theJungle:Flameango_and_Byrd","floor":23,"turns":7},{"damage":40,"enemies":"Snake Plant","floor":24,"turns":6},{"damage":39,"enemies":"theJungle:Cassacara","floor":25,"turns":10},{"damage":0,"enemies":"theJungle:2_Snecko_Cultists","floor":26,"turns":2},{"damage":17,"enemies":"theJungle:SlimyTreeVines","floor":30,"turns":11},{"damage":21,"enemies":"theJungle:Lyon","floor":32,"turns":5},{"damage":17,"enemies":"theJungle:JungleHuntersEncounter","floor":33,"turns":5},{"damage":36,"enemies":"theJungle:TotemBoss","floor":35,"turns":4}],"seed_played":"4221677835311094215","potions_obtained":[{"floor":2,"key":"Dexterity Potion"},{"floor":12,"key":"DemoMod:LeadSkinPotion"},{"floor":13,"key":"SkillPotion"},{"floor":15,"key":"SteroidPotion"},{"floor":18,"key":"Fire Potion"},{"floor":24,"key":"Weak Potion"},{"floor":26,"key":"AttackPotion"}],"is_trial":false,"path_per_floor":["M","M","$","PTL","PTL","M","?","R","M","M","T","M","E","M","M","M","R","B",null,"M","?","$","M","M","E","M","R","T","R","M","$","M","M","R","B"],"character_chosen":"THE_WILD_CARD","items_purchased":["expansioncontent:FaceSlap","theWildCard:PowerOfTheArcana","theWildCard:Sakuya","Strawberry","theWildCard:SeveringSlash","theWildCard:PaleRider"],"campfire_rested":3,"item_purchase_floors":[22,22,22,22,22,31],"current_hp_per_floor":[60,59,59,59,59,59,59,59,49,49,49,49,49,49,39,39,58,3,66,35,35,42,35,31,19,19,40,40,40,38,38,17,15,36,0,0],"gold":129,"neow_bonus":"TEN_PERCENT_HP_BONUS","is_daily":false,"chose_seed":false,"campfire_upgraded":2,"win_rate":0.0,"timestamp":1609299871,"path_taken":["M","M","$","PTL","PTL","M","?","R","M","M","T","M","E","M","M","M","R","BOSS","M","?","$","M","?","E","M","R","T","R","M","$","M","M","R","BOSS"],"items_purchased_type":["Card","Card","Card","Relic","Card","Card"],"build_version":"2020-12-22","purchased_purges":0,"victory":false,"max_hp_per_floor":[66,66,66,66,66,66,66,66,66,66,66,66,66,66,66,66,66,66,66,66,66,73,73,73,73,73,73,73,73,73,73,73,73,73,73,73],"card_choices":[{"not_picked":["theWildCard:SacrificialStroke","theWildCard:EnergizedStroke"],"picked":"theWildCard:BladeOfGenerations","floor":1},{"not_picked":["theWildCard:ManOfManyFaces","theWildCard:StalwartBlade"],"picked":"theWildCard:MaskChange","floor":2},{"not_picked":["theWildCard:Michael","theWildCard:StalwartBlade"],"picked":"theWildCard:SeveringSlash","floor":6},{"not_picked":["theWildCard:Metatron","theWildCard:ArcanaArtistry"],"picked":"theWildCard:MagicMettle","floor":9},{"not_picked":["theWildCard:ArcaneArts","theWildCard:Attunement"],"picked":"theWildCard:ArcanaArtistry","floor":10},{"not_picked":["theWildCard:MaskChange","theWildCard:SeveringSlash"],"picked":"theWildCard:Patience","floor":12},{"not_picked":["theWildCard:Impatience","theWildCard:SacrificialStroke"],"picked":"theWildCard:MagicalMight","floor":13},{"not_picked":["theWildCard:SeveringSlash","theWildCard:Patience"],"picked":"theWildCard:UnendingRitual","floor":14},{"not_picked":["theWildCard:ArcaneArts","theWildCard:BladeOfGenerations"],"picked":"theWildCard:EnergizedStroke","floor":15},{"not_picked":["theWildCard:LadyLuck","theWildCard:ArchaicAssault"],"picked":"theWildCard:IdentityTheft","floor":16},{"not_picked":["theWildCard:FinalHour","theWildCard:Deicide"],"picked":"theWildCard:Satanael","floor":18},{"not_picked":["theWildCard:Metatron","theWildCard:SeveringSlash+1"],"picked":"theWildCard:MagicMettle+1","floor":20},{"not_picked":["theWildCard:Proficiency","theWildCard:MasterPlan+1"],"picked":"theWildCard:SacrificialStroke","floor":23},{"not_picked":["theWildCard:ArcanaArtistry","theWildCard:ArchaicAssault"],"picked":"theWildCard:ArcaneArts+1","floor":24},{"not_picked":["theWildCard:ArcaneArts","theWildCard:Michael"],"picked":"theWildCard:MasterPlan","floor":25},{"not_picked":["theWildCard:Abstinence","theWildCard:Scathach"],"picked":"theWildCard:EnergyTheft+1","floor":26},{"not_picked":["theWildCard:Safeguard+1","theWildCard:Abstinence"],"picked":"theWildCard:StalwartBlade","floor":30},{"not_picked":["theWildCard:StingingStrike+1","theWildCard:LadyLuck"],"picked":"theWildCard:FinalHour","floor":32},{"not_picked":["theWildCard:Salvation","theWildCard:Proficiency"],"picked":"theWildCard:SacrificialStroke+1","floor":33}],"player_experience":16855,"relics_obtained":[{"floor":11,"key":"Replay:Rubber Ducky"},{"floor":13,"key":"Replay:Wax Seal"},{"floor":25,"key":"Ancient Tea Set"},{"floor":28,"key":"DemoMod:WeirdEgg"}],"event_choices":[{"cards_removed":["Bash"],"damage_healed":0,"gold_gain":0,"player_choice":"Took Card","damage_taken":0,"max_hp_gain":0,"max_hp_loss":0,"event_name":"NoteForYourself","floor":21,"gold_loss":0,"cards_obtained":["Bash"]}],"is_beta":false,"boss_relics":[{"not_picked":["SacredBark","Busted Crown"],"picked":"SlaversCollar"}],"items_purged_floors":[],"is_endless":false,"potions_floor_spawned":[2,12,13,15,16,18,24,26,33],"killed_by":"theJungle:TotemBoss","ascension_level":0}}