{"host":"6dq5cacqmvs00yuc","time":1609307538,"event":{"mods":["BaseMod","Colored Map","Downfall","Minty Spire (QoL Compilation)","Quick Restart","Replay The Spire","StSLib"],"gold_per_floor":[99,99,99,99,274,251,275,64,96,21,34,53,153,173,193,294,294,294,312,331,331,349,375,375,391,407,424,424,439,439,129,148,260,260,260,286,338,363,363,380,380,391,38,38,78,78,100,112,125,125],"floor_reached":51,"playtime":6376,"items_purged":["Doubt","hexamod:Strike"],"score":753,"play_id":"7c10a820-1947-4912-a94c-7d2373fe809f","local_time":"20201229235218","is_ascension_mode":false,"campfire_choices":[{"data":"hexamod:Sear","floor":1.0,"key":"SMITH"},{"data":"1","floor":10.0,"key":"LIFT"},{"data":"hexamod:FastForward","floor":18,"key":"SMITH"},{"floor":28,"key":"REST"},{"floor":30,"key":"REST"},{"floor":46,"key":"REST"}],"circlet_count":0,"master_deck":["hexamod:Strike+1","hexamod:Defend+1","hexamod:Defend","hexamod:Defend+1","hexamod:Sear+1","hexamod:Float+1","hexamod:SpectersWail+1","hexamod:AdvancingGuard+1","hexamod:GhostOfSpireFuture+1","hexamod:NightmareGuise","hexamod:NightmareStrike+1","hexamod:TimeWarp+1","hexamod:SixthSeal","hexamod:ThermalTransfer","hexamod:ThirdSeal","hexamod:NecessarySacrifice+1","hexamod:HeatMetal","hexamod:GhostflameBarrier+1","hexamod:SwordOfDarkness+1","hexamod:FastForward+1","hexamod:FifthSeal","hexamod:HauntingEcho","hexamod:FastForward+1","hexamod:GhostShield+1","hexamod:FirstSeal","hexamod:RadiantFlame","hexamod:FourthSeal","hexamod:ShieldOfDarkness","hexamod:SoulSteal+1","hexamod:FastForward+1","hexamod:Rewind+1","hexamod:ShieldOfDarkness+1","hexamod:SecondSeal","hexamod:WildfireWeapon","hexamod:PhantomFireball+1","hexamod:FirstSeal","hexamod:VolcanoVisage","hexamod:SkipABeat+1","hexamod:SwordOfDarkness+1","hexamod:Rewind+1","hexamod:VolcanoVisage","hexamod:ThermalTransfer+1","hexamod:DynamicBlow+1","expansioncontent:DecasProtection","hexamod:BurningTouch+1","hexamod:ShieldOfDarkness+1","hexamod:PhantomCloak+1","hexamod:Hexaguard+1","hexamod:ShieldOfDarkness+1","hexamod:Firestarter+1","hexamod:FirstSeal","hexamod:Hexaguard+1","hexamod:GhostLash+1"],"relics":["hexamod:SpiritBrand","downfall:HeartsMalice","Girya","Oddly Smooth Stone","White Beast Statue","downfall:HeartBlessingGreen","Painkiller Herb","Mummified Hand","Torii","SlaversCollar","Pet Ghost","ReplayTheSpireMod:Shallot","Pondfish Scales","Golden Egg"],"acts_visited":["Exordium","TheCity","TheBeyond"],"potions_floor_usage":[13,16,22,23,23,27,27,29,32,33,33,38,38,40,40,40,42,43,43,45,45,47,50,50],"damage_taken":[{"damage":0.0,"enemies":"2 Louse","floor":2.0,"turns":1.0},{"damage":0.0,"enemies":"Jaw Worm","floor":3.0,"turns":1.0},{"damage":0.0,"enemies":"downfall:FleeingMerchant","floor":6.0,"turns":1.0},{"damage":0.0,"enemies":"downfall:FleeingMerchant","floor":8.0,"turns":4.0},{"damage":0.0,"enemies":"Lagavulin","floor":9.0,"turns":6.0},{"damage":0.0,"enemies":"Small Slimes","floor":11.0,"turns":3.0},{"damage":5.0,"enemies":"Exordium Thugs","floor":12.0,"turns":3.0},{"damage":3,"enemies":"downfall:Heads","floor":13,"turns":6},{"damage":6,"enemies":"Red Slaver","floor":14,"turns":4},{"damage":0,"enemies":"3 Louse","floor":15,"turns":2},{"damage":13,"enemies":"downfall:Watcher","floor":16,"turns":8},{"damage":2,"enemies":"3 Byrds","floor":19,"turns":3},{"damage":26,"enemies":"Cultist and Chosen","floor":20,"turns":6},{"damage":8,"enemies":"Snecko","floor":22,"turns":6},{"damage":36,"enemies":"Slavers","floor":23,"turns":6},{"damage":1,"enemies":"Centurion and Healer","floor":25,"turns":7},{"damage":1,"enemies":"Snake Plant","floor":26,"turns":4},{"damage":0,"enemies":"Cultist and Chosen","floor":27,"turns":5},{"damage":11,"enemies":"Centurion and Healer","floor":29,"turns":9},{"damage":0,"enemies":"downfall:FleeingMerchant","floor":31,"turns":4},{"damage":20,"enemies":"Sentry and Sphere","floor":32,"turns":5},{"damage":53,"enemies":"downfall:Silent","floor":33,"turns":10},{"damage":0,"enemies":"Orb Walker","floor":36,"turns":4},{"damage":9,"enemies":"3 Darklings","floor":38,"turns":6},{"damage":0,"enemies":"Transient","floor":40,"turns":5},{"damage":7,"enemies":"4 Shapes","floor":42,"turns":5},{"damage":3,"enemies":"downfall:FleeingMerchant","floor":43,"turns":4},{"damage":30,"enemies":"Giant Head","floor":45,"turns":10},{"damage":22,"enemies":"Maw","floor":47,"turns":8},{"damage":2,"enemies":"Sphere and 2 Shapes","floor":48,"turns":7},{"damage":1,"enemies":"3 Darklings","floor":49,"turns":6},{"damage":28,"enemies":"downfall:Ironclad","floor":50,"turns":10}],"seed_played":"2581037427199826155","potions_obtained":[{"floor":9.0,"key":"SteroidPotion"},{"floor":11.0,"key":"Explosive Potion"},{"floor":12.0,"key":"SneckoOil"},{"floor":14,"key":"Toxic Potion"},{"floor":15,"key":"champ:CounterPotion"},{"floor":16,"key":"Regen Potion"},{"floor":20,"key":"AttackPotion"},{"floor":22,"key":"SpeedPotion"},{"floor":23,"key":"Flashbang"},{"floor":25,"key":"hexamod:DoubleChargePotion"},{"floor":26,"key":"Fire Potion"},{"floor":27,"key":"SmokeBomb"},{"floor":27,"key":"BlessingOfTheForge"},{"floor":29,"key":"Venom Potion"},{"floor":31,"key":"sneckomod:MuddlingPotion"},{"floor":31,"key":"Regen Potion"},{"floor":32,"key":"PowerPotion"},{"floor":32,"key":"ColorlessPotion"},{"floor":33,"key":"EntropicBrew"},{"floor":33,"key":"Ancient Potion"},{"floor":36,"key":"AttackPotion"},{"floor":38,"key":"SteroidPotion"},{"floor":38,"key":"AttackPotion"},{"floor":40,"key":"Explosive Potion"},{"floor":42,"key":"Adrenaline Potion"},{"floor":43,"key":"sneckomod:MuddlingPotion"},{"floor":45,"key":"Weak Potion"},{"floor":47,"key":"Explosive Potion"},{"floor":47,"key":"Strength Potion"},{"floor":49,"key":"LiquidMemories"}],"is_trial":false,"path_per_floor":["R","M","M","?","?","$","T","$","E","R","M","M","?","M","M","B",null,"T","?","?","?","?","E","T","?","?","?","T","?","T","T","?","B",null,"T","?","T","?","?","?","T","?","T","?","E","T","?","?","?","B",null],"character_chosen":"THE_SPIRIT","items_purchased":["hexamod:NightmareGuise","hexamod:TimeWarp+1","hexamod:VolcanoVisage","hexamod:SkipABeat+1","Pondfish Scales","Adrenaline Potion"],"campfire_rested":3,"item_purchase_floors":[6,8,31,31,43,43],"current_hp_per_floor":[70,70,70,67,67,67,67,67,67,67,67,62,59,53,53,40,70,70,68,42,42,41,5,5,11,10,17,38,34,55,55,56,17,70,70,70,70,68,68,68,68,61,65,57,41,62,54,66,70,56],"gold":125,"neow_bonus":"THREE_ENEMY_KILL","is_daily":false,"chose_seed":false,"campfire_upgraded":2,"win_rate":0.0,"timestamp":1609307538,"path_taken":["R","M","M","?","?","?","T","$","E","R","M","M","?","M","M","BOSS","T","?","?","?","?","E","T","?","?","?","T","?","T","T","?","BOSS","T","?","?","?","?","?","T","?","?","?","E","T","?","?","?","BOSS"],"items_purchased_type":["Card","Card","Card","Card","Relic","Potion"],"build_version":"2020-12-22","purchased_purges":2,"victory":true,"max_hp_per_floor":[70,70,70,70,70,70,70,70,70,70,70,70,70,70,70,70,70,70,70,70,70,70,70,70,70,70,70,70,70,70,70,70,70,70,70,70,70,70,70,70,70,70,70,70,70,70,70,70,70,70],"card_choices":[{"not_picked":["hexamod:PhantomCloak","hexamod:FirstSeal"],"picked":"hexamod:SpectersWail","floor":2.0},{"not_picked":["hexamod:RecurringNightmare","hexamod:InspiringFlames"],"picked":"hexamod:AdvancingGuard","floor":3.0},{"not_picked":["hexamod:ShieldOfDarkness","hexamod:BacktrackSmack"],"picked":"hexamod:GhostOfSpireFuture","floor":6.0},{"not_picked":["hexamod:InspiringFlames","hexamod:ShieldOfDarkness"],"picked":"hexamod:NightmareStrike","floor":8.0},{"not_picked":["hexamod:GhostLash","hexamod:ThirdSeal"],"picked":"hexamod:SixthSeal","floor":9.0},{"not_picked":["hexamod:GhostOfSpirePast","hexamod:SecondSeal"],"picked":"hexamod:ThermalTransfer","floor":11.0},{"not_picked":["hexamod:NightmareStrike","hexamod:ShieldOfDarkness"],"picked":"hexamod:ThirdSeal","floor":12.0},{"not_picked":["hexamod:Firestarter","hexamod:SpectersWail"],"picked":"hexamod:HeatMetal","floor":13},{"not_picked":["hexamod:EmpoweredFlame","hexamod:GhostShield"],"picked":"hexamod:GhostflameBarrier","floor":13},{"not_picked":["hexamod:RetreatToShadows","hexamod:SecondSeal","hexamod:RainOfEmbers"],"picked":"SKIP","floor":14},{"not_picked":["hexamod:ParanormalForm","hexamod:InspiringFlames"],"picked":"hexamod:SwordOfDarkness","floor":15},{"not_picked":["hexamod:Haunt","hexamod:Hexaguard"],"picked":"hexamod:FastForward","floor":15},{"not_picked":["hexamod:CrushingStance","hexamod:TimeOfNeed"],"picked":"hexamod:FifthSeal","floor":16},{"not_picked":["hexamod:ShieldOfDarkness","hexamod:SpectralAdrenaline"],"picked":"hexamod:HauntingEcho","floor":19},{"not_picked":["hexamod:AdvancingGuard+1","hexamod:PhantomCloak+1"],"picked":"hexamod:FastForward+1","floor":19},{"not_picked":["hexamod:GhostflameBarrier","hexamod:RetreatToShadows"],"picked":"hexamod:GhostShield+1","floor":20},{"not_picked":["hexamod:ThirdSeal","hexamod:SixthSeal"],"picked":"hexamod:FirstSeal","floor":20},{"not_picked":["hexamod:InspiringFlames","hexamod:HeatShield+1"],"picked":"hexamod:RadiantFlame","floor":20},{"not_picked":["hexamod:GhostOfSpireFuture","hexamod:BacktrackSmack"],"picked":"hexamod:ShieldOfDarkness","floor":22},{"not_picked":["hexamod:ThirdSeal","hexamod:FirstSeal","hexamod:FourthSeal"],"picked":"SKIP","floor":22},{"not_picked":["hexamod:TurnItUp","hexamod:RainOfEmbers","hexamod:GhostLash+1"],"picked":"SKIP","floor":22},{"not_picked":["hexamod:RetreatToShadows","hexamod:HauntingEcho"],"picked":"hexamod:SoulSteal+1","floor":23},{"not_picked":["hexamod:NightmareStrike+1","hexamod:InspiringFlames"],"picked":"hexamod:FastForward","floor":23},{"not_picked":["hexamod:HeatCrush+1","hexamod:RainOfEmbers"],"picked":"hexamod:Rewind","floor":25},{"not_picked":["hexamod:SixthSeal","hexamod:FirstSeal","hexamod:FourthSeal"],"picked":"SKIP","floor":25},{"not_picked":["hexamod:GhostLash","hexamod:RainOfEmbers+1","hexamod:HauntingEcho"],"picked":"SKIP","floor":25},{"not_picked":["hexamod:HauntingEcho","hexamod:GhostShield"],"picked":"hexamod:ShieldOfDarkness+1","floor":26},{"not_picked":["hexamod:ThermalTransfer","hexamod:FirstSeal","hexamod:HexaLevel"],"picked":"SKIP","floor":27},{"not_picked":["hexamod:FirstSeal","hexamod:ThirdSeal"],"picked":"hexamod:SecondSeal","floor":29},{"not_picked":["hexamod:SkipABeat","hexamod:Hexaguard"],"picked":"hexamod:WildfireWeapon","floor":29},{"not_picked":["hexamod:RainOfEmbers","hexamod:GhostOfSpirePresent+1","hexamod:GhostShield"],"picked":"SKIP","floor":29},{"not_picked":["hexamod:Rewind","hexamod:InspiringFlames"],"picked":"hexamod:PhantomFireball","floor":31},{"not_picked":["hexamod:Firestarter","hexamod:BacktrackSmack"],"picked":"hexamod:FirstSeal","floor":31},{"not_picked":["hexamod:GhostOfSpirePresent","hexamod:DynamicBlow"],"picked":"hexamod:SwordOfDarkness+1","floor":32},{"not_picked":["hexamod:ThermalTransfer+1","hexamod:SpectersWail"],"picked":"hexamod:Rewind+1","floor":32},{"not_picked":["hexamod:WildfireWeapon","hexamod:TurnItUp"],"picked":"hexamod:VolcanoVisage","floor":33},{"not_picked":["hexamod:NightmareGuise","hexamod:GhostLash+1"],"picked":"hexamod:ThermalTransfer+1","floor":36},{"not_picked":["hexamod:GhostflameInferno","hexamod:GhostLash+1"],"picked":"hexamod:DynamicBlow","floor":38},{"not_picked":["hexamod:FourthSeal","hexamod:SecondSeal","hexamod:FirstSeal"],"picked":"SKIP","floor":38},{"not_picked":["expansioncontent:SlimeTackle","expansioncontent:TimeRipple"],"picked":"expansioncontent:DecasProtection","floor":39},{"not_picked":["hexamod:Again","hexamod:HeatCrush+1"],"picked":"hexamod:BurningTouch+1","floor":40},{"not_picked":["hexamod:Firestarter","hexamod:NightmareGuise+1"],"picked":"hexamod:ShieldOfDarkness+1","floor":42},{"not_picked":["hexamod:DynamicBlow+1","hexamod:ThirdSeal"],"picked":"hexamod:PhantomCloak+1","floor":42},{"not_picked":["hexamod:SecondSeal","hexamod:ThirdSeal","hexamod:FirstSeal"],"picked":"SKIP","floor":42},{"not_picked":["hexamod:NightmareStrike","hexamod:TurnItUp"],"picked":"hexamod:Hexaguard","floor":43},{"not_picked":["hexamod:NightmareGuise","hexamod:InspiringFlames+1"],"picked":"hexamod:ShieldOfDarkness+1","floor":43},{"not_picked":["hexamod:RadiantFlame","hexamod:FirstSeal"],"picked":"hexamod:Firestarter+1","floor":45},{"not_picked":["hexamod:Hexaguard","hexamod:InspiringFlames"],"picked":"hexamod:FirstSeal","floor":45},{"not_picked":["hexamod:FirstSeal","hexamod:SixthSeal","hexamod:SecondSeal"],"picked":"SKIP","floor":45},{"not_picked":["hexamod:ShieldOfDarkness","hexamod:BurningTouch","hexamod:SpectersWail"],"picked":"SKIP","floor":47},{"not_picked":["hexamod:SpectersWail+1","hexamod:NecessarySacrifice"],"picked":"hexamod:Hexaguard+1","floor":48},{"not_picked":["hexamod:NightmareGuise","hexamod:FirstSeal"],"picked":"hexamod:GhostLash+1","floor":49}],"player_experience":738226,"relics_obtained":[{"floor":7.0,"key":"Oddly Smooth Stone"},{"floor":9.0,"key":"White Beast Statue"},{"floor":23,"key":"Mummified Hand"},{"floor":24,"key":"Torii"},{"floor":37,"key":"Pet Ghost"},{"floor":41,"key":"ReplayTheSpireMod:Shallot"},{"floor":45,"key":"Golden Egg"}],"event_choices":[{"damage_healed":0.0,"max_hp_gain":0.0,"max_hp_loss":0.0,"gold_gain":0.0,"event_name":"Scrap Ooze","player_choice":"Success","floor":4.0,"gold_loss":0.0,"damage_taken":3.0,"relics_obtained":["Girya"]}],"is_beta":false,"boss_relics":[{"not_picked":["Velvet Choker","Coffee Dripper"],"picked":"Painkiller Herb"},{"not_picked":["Replay:Ancient Bell","Runic Dome"],"picked":"SlaversCollar"}],"items_purged_floors":[8,31],"is_endless":false,"potions_floor_spawned":[9,11,12,14,15,16,19,20,22,26,27,31,32,33,36,38,40,43,47,48,49],"ascension_level":0}}