{"host":"0ydzwspkajt4brzd","time":1609310213,"event":{"mods":["AchievementEnabler","BaseMod","Colored Map","DeckTracker","Googly Eyes","Highlight Path","Minty Spire (QoL Compilation)","Quick Restart","Random Character Button","Rare Cards Sparkle"],"gold_per_floor":[112,123,135,135,135,135,166,166,191,191,218,229,229,115,115,241,241,266,141,164,39,39,70,170,170,170,186,222,245,269,292,292,423,423,442,775,791,810,164,164,164,164,187,187,187],"floor_reached":44,"playtime":2881,"items_purged":["Strike_B","Defend_B","Defend_B","Strike_B"],"score":527,"play_id":"f56e5aa8-c05c-44ab-a405-6b338d6427a1","local_time":"20201229223653","is_ascension_mode":true,"campfire_choices":[{"data":"Sunder","floor":6,"key":"SMITH"},{"data":"Fusion","floor":10,"key":"SMITH"},{"floor":15,"key":"REST"},{"floor":25,"key":"REST"},{"floor":32,"key":"REST"},{"floor":41,"key":"REST"}],"circlet_count":0,"master_deck":["Strike_B+1","Defend_B","Defend_B","Zap","Dualcast","Compile Driver","Sunder+1","Melter+1","Fusion+1","Streamline","Reinforced Body","Loop","Doom and Gloom","Creative AI","Beam Cell+1","Stack","Cold Snap+1","Aggregate","Leap","Darkness","Turbo+1","Defragment","Apotheosis","Stack"],"relics":["Cracked Core","Potion Belt","Nunchaku","Symbiotic Virus","Busted Crown","Enchiridion","Strawberry","Ginger","Darkstone Periapt","Sozu","Pantograph","Boot"],"acts_visited":["Exordium","TheCity","TheBeyond"],"potions_floor_usage":[18,18,18,18,18,23,27,28,31,31,33,34],"damage_taken":[{"damage":7,"enemies":"Jaw Worm","floor":1,"turns":3},{"damage":0,"enemies":"2 Louse","floor":2,"turns":1},{"damage":7,"enemies":"Small Slimes","floor":3,"turns":3},{"damage":33,"enemies":"3 Sentries","floor":7,"turns":5},{"damage":13,"enemies":"Lagavulin","floor":11,"turns":5},{"damage":2,"enemies":"3 Louse","floor":12,"turns":3},{"damage":24,"enemies":"The Guardian","floor":16,"turns":8},{"damage":3,"enemies":"3 Byrds","floor":18,"turns":4},{"damage":28,"enemies":"Chosen","floor":20,"turns":5},{"damage":20,"enemies":"Slavers","floor":23,"turns":3},{"damage":19,"enemies":"Centurion and Healer","floor":27,"turns":4},{"damage":11,"enemies":"Book of Stabbing","floor":28,"turns":4},{"damage":7,"enemies":"Cultist and Chosen","floor":29,"turns":4},{"damage":0,"enemies":"Snecko","floor":30,"turns":4},{"damage":15,"enemies":"Shelled Parasite and Fungi","floor":31,"turns":3},{"damage":15,"enemies":"Collector","floor":33,"turns":7},{"damage":30,"enemies":"3 Darklings","floor":35,"turns":4},{"damage":7,"enemies":"3 Shapes","floor":37,"turns":3},{"damage":25,"enemies":"3 Darklings","floor":38,"turns":4},{"damage":52,"enemies":"Nemesis","floor":44,"turns":2}],"seed_played":"6995179955551989464","potions_obtained":[{"floor":3,"key":"FocusPotion"},{"floor":7,"key":"Weak Potion"},{"floor":16,"key":"EntropicBrew"},{"floor":23,"key":"DuplicationPotion"},{"floor":29,"key":"FocusPotion"},{"floor":30,"key":"DistilledChaos"},{"floor":31,"key":"SpeedPotion"},{"floor":33,"key":"Fruit Juice"}],"is_trial":false,"path_per_floor":["M","M","M","?","?","R","E","?","T","R","E","M","?","$","R","B",null,"M","$","M","$","?","E","?","R","T","M","E","M","M","M","R","B",null,"M","?","M","M","$","?","R","?","T","E"],"character_chosen":"DEFECT","items_purchased":["Doom and Gloom","Stack","Apotheosis","Stack","Pantograph"],"campfire_rested":4,"item_purchase_floors":[14,19,39,39,39],"current_hp_per_floor":[68,68,61,46,71,71,38,31,31,31,18,16,16,16,36,12,69,66,66,38,38,22,9,9,31,31,12,1,16,16,1,23,8,81,51,51,44,19,19,19,42,42,42,0,0],"gold":187,"neow_bonus":"THREE_CARDS","is_daily":false,"chose_seed":false,"campfire_upgraded":2,"win_rate":0.0,"timestamp":1609310213,"path_taken":["M","M","M","?","?","R","E","?","T","R","E","M","?","?","R","BOSS","M","$","M","$","?","E","?","R","T","M","E","?","M","M","R","BOSS","M","?","M","M","$","?","R","?","T","E"],"items_purchased_type":["Card","Card","Card","Card","Relic"],"build_version":"2020-12-22","purchased_purges":4,"victory":false,"max_hp_per_floor":[75,75,75,75,75,75,75,75,75,75,75,75,69,69,69,69,69,69,69,69,69,69,76,76,76,76,76,76,76,76,76,76,76,81,81,81,81,81,81,77,77,77,77,77,77],"card_choices":[{"not_picked":["Chill","Sweeping Beam"],"picked":"Compile Driver","floor":0},{"not_picked":["Cold Snap","Beam Cell"],"picked":"Sunder","floor":1},{"not_picked":["Streamline","Hologram"],"picked":"Melter","floor":2},{"not_picked":["Turbo","Capacitor"],"picked":"Fusion","floor":3},{"not_picked":["Auto Shields","Compile Driver"],"picked":"Streamline","floor":7},{"not_picked":["Streamline","Heatsinks"],"picked":"Reinforced Body","floor":11},{"not_picked":["Genetic Algorithm","Redo"],"picked":"Loop","floor":12},{"not_picked":["Meteor Strike","All For One"],"picked":"Creative AI","floor":16},{"not_picked":[],"picked":"Beam Cell+1","floor":18},{"not_picked":["Barrage"],"picked":"SKIP","floor":20},{"not_picked":[],"picked":"Cold Snap+1","floor":23},{"not_picked":[],"picked":"Aggregate","floor":27},{"not_picked":[],"picked":"Leap","floor":28},{"not_picked":["Go for the Eyes"],"picked":"SKIP","floor":29},{"not_picked":["Steam"],"picked":"SKIP","floor":30},{"not_picked":["Beam Cell"],"picked":"SKIP","floor":31},{"not_picked":[],"picked":"Darkness","floor":35},{"not_picked":[],"picked":"Turbo+1","floor":37},{"not_picked":[],"picked":"Defragment","floor":38}],"player_experience":395386,"relics_obtained":[{"floor":7,"key":"Potion Belt"},{"floor":9,"key":"Nunchaku"},{"floor":11,"key":"Symbiotic Virus"},{"floor":22,"key":"Enchiridion"},{"floor":23,"key":"Strawberry"},{"floor":26,"key":"Ginger"},{"floor":28,"key":"Darkstone Periapt"},{"floor":43,"key":"Boot"}],"event_choices":[{"damage_healed":0,"gold_gain":0,"player_choice":"Entered Light","damage_taken":15,"max_hp_gain":0,"max_hp_loss":0,"event_name":"Shining Light","floor":4,"gold_loss":0,"cards_upgraded":["Strike_B","Melter"]},{"damage_healed":25,"gold_gain":0,"player_choice":"Banana","damage_taken":0,"max_hp_gain":0,"max_hp_loss":0,"event_name":"Big Fish","floor":5,"gold_loss":0},{"cards_removed":["Strike_B"],"damage_healed":0,"gold_gain":0,"player_choice":"Card Removal","damage_taken":7,"max_hp_gain":0,"max_hp_loss":0,"event_name":"Golden Wing","floor":8,"gold_loss":0},{"damage_healed":0,"gold_gain":0,"player_choice":"Lose Max HP","damage_taken":0,"relics_obtained":["Golden Idol"],"max_hp_gain":0,"max_hp_loss":6,"event_name":"Golden Idol","floor":13,"gold_loss":0},{"damage_healed":0,"gold_gain":0,"player_choice":"Obtained Book","damage_taken":16,"max_hp_gain":0,"max_hp_loss":0,"event_name":"Cursed Tome","floor":22,"gold_loss":0},{"damage_healed":0,"gold_gain":100,"player_choice":"Pray","damage_taken":0,"max_hp_gain":0,"max_hp_loss":0,"event_name":"Golden Shrine","floor":24,"gold_loss":0},{"damage_healed":0,"gold_gain":333,"player_choice":"Gave Idol","damage_taken":0,"max_hp_gain":0,"max_hp_loss":0,"event_name":"The Moai Head","floor":36,"relics_lost":["Golden Idol"],"gold_loss":0},{"damage_healed":0,"gold_gain":0,"player_choice":"Max HP","damage_taken":0,"max_hp_gain":0,"max_hp_loss":4,"event_name":"Winding Halls","floor":40,"gold_loss":0},{"damage_healed":0,"gold_gain":0,"player_choice":"Memory 1","damage_taken":0,"max_hp_gain":0,"max_hp_loss":0,"event_name":"SensoryStone","floor":42,"gold_loss":0}],"is_beta":false,"boss_relics":[{"not_picked":["Runic Pyramid","Astrolabe"],"picked":"Busted Crown"},{"not_picked":["Calling Bell","Pandora\u0027s Box"],"picked":"Sozu"}],"items_purged_floors":[14,19,21,39],"is_endless":false,"potions_floor_spawned":[3,7,16,23,29,30,31,33,37],"killed_by":"Nemesis","ascension_level":2}}