{"host":"eemx8njkng76fu5x","time":1609342395,"event":{"mods":["2.2 Compatiblity","BaseMod","Downfall","Minty Spire (QoL Compilation)","Permanent Neow","StSLib","Unceasing Turn Reminder"],"gold_per_floor":[99,116,134,153,173,200,200,50,85,104,104,104,39,139,151,246,246,171,186,197,213,225,225,273,286,150,185,185,195,195,224,236,339,339,339,356,367,387,412,432,432,444,479,491,503,515,552,564,591,603,615,656,138,138,138],"floor_reached":56,"playtime":3481,"items_purged":["champ:Execute","champ:Strike","champ:Strike","champ:Strike"],"score":2122,"play_id":"b6dc2a95-2014-4a98-8e34-8d7feed66c73","local_time":"20201230233315","is_ascension_mode":true,"campfire_choices":[{"floor":1.0,"key":"RECALL"},{"data":"champ:Duel","floor":8.0,"key":"SMITH"},{"data":"champ:TornadoPunch","floor":18.0,"key":"SMITH"},{"data":"champ:Duel","floor":23.0,"key":"SMITH"},{"data":"champ:Lariat","floor":30.0,"key":"SMITH"},{"data":"champ:Lariat","floor":35.0,"key":"SMITH"},{"data":"champ:Improvising","floor":44,"key":"SMITH"},{"data":"champ:ArenaPreparation","floor":46,"key":"SMITH"},{"data":"champ:ViciousMockery","floor":54,"key":"SMITH"}],"circlet_count":0,"master_deck":["champ:Defend","champ:Defend","champ:Defend","champ:Defend","champ:Taunt+1","champ:Duel+1","champ:BringItOn","champ:Balance","champ:TornadoPunch+1","champ:SkillfulDodge","champ:Lariat+1","champ:Circumvent","champ:Improvising+1","champ:TornadoPunch+1","champ:Lariat+1","champ:Duel+1","champ:MurderStrike","champ:Lariat+1","champ:ArenaPreparation+1","champ:BringItOn","champ:RapidStrikes","champ:MurderStrike","champ:DefensiveShout","champ:ShieldSlam","champ:Lariat+1","champ:ShieldSigil+1","champ:DefensiveStyle+1","champ:ViciousMockery+1"],"relics":["champ:ChampionCrown","Smiling Mask","Guardian:PocketSentry","downfall:HeartBlessingGreen","downfall:HeartBlessingRed","Pen Nib","downfall:ShatteredFragment","Potion Belt","Philosopher\u0027s Stone","downfall:HeartBlessingBlue","PreservedInsect","Meat on the Bone","champ:DuelingGlove","Coffee Dripper","champ:SpectersHand","Ornamental Fan","MawBank","champ:FightingForDummies","Bag of Marbles","InkBottle","Bronze Scales"],"acts_visited":["TheCity","TheBeyond","TheEnding"],"potions_floor_usage":[52,55,55,55,55],"damage_taken":[{"damage":18.0,"enemies":"Jaw Worm","floor":2.0,"turns":4.0},{"damage":8.0,"enemies":"Small Slimes","floor":3.0,"turns":4.0},{"damage":5.0,"enemies":"Cultist","floor":4.0,"turns":3.0},{"damage":12.0,"enemies":"2 Fungi Beasts","floor":5.0,"turns":4.0},{"damage":21.0,"enemies":"Gremlin Nob","floor":6.0,"turns":4.0},{"damage":9.0,"enemies":"Lagavulin","floor":9.0,"turns":6.0},{"damage":2.0,"enemies":"Lots of Slimes","floor":10.0,"turns":3.0},{"damage":5.0,"enemies":"downfall:FleeingMerchant","floor":13.0,"turns":4.0},{"damage":0.0,"enemies":"downfall:LadyInBlue","floor":14.0,"turns":5.0},{"damage":0.0,"enemies":"Gremlin Gang","floor":15.0,"turns":1.0},{"damage":4.0,"enemies":"downfall:Silent","floor":16.0,"turns":8.0},{"damage":0.0,"enemies":"3 Byrds","floor":19.0,"turns":2.0},{"damage":9.0,"enemies":"Chosen","floor":20.0,"turns":3.0},{"damage":0.0,"enemies":"Centurion and Healer","floor":21.0,"turns":6.0},{"damage":0.0,"enemies":"Cultist and Chosen","floor":22.0,"turns":3.0},{"damage":8.0,"enemies":"3 Cultists","floor":25.0,"turns":2.0},{"damage":0.0,"enemies":"downfall:FleeingMerchant","floor":26.0,"turns":4.0},{"damage":17.0,"enemies":"Gremlin Leader","floor":27.0,"turns":3.0},{"damage":20.0,"enemies":"Snecko","floor":29.0,"turns":2.0},{"damage":9.0,"enemies":"Slavers","floor":31.0,"turns":4.0},{"damage":0.0,"enemies":"Snake Plant","floor":32.0,"turns":3.0},{"damage":5.0,"enemies":"downfall:Defect","floor":33.0,"turns":4.0},{"damage":0.0,"enemies":"Orb Walker","floor":36.0,"turns":2.0},{"damage":13.0,"enemies":"3 Shapes","floor":37.0,"turns":3.0},{"damage":5.0,"enemies":"Writhing Mass","floor":38.0,"turns":3.0},{"damage":0.0,"enemies":"downfall:FleeingMerchant","floor":39.0,"turns":2.0},{"damage":0.0,"enemies":"Sphere and 2 Shapes","floor":40.0,"turns":3.0},{"damage":6.0,"enemies":"3 Darklings","floor":42.0,"turns":3.0},{"damage":20,"enemies":"Reptomancer","floor":43,"turns":3},{"damage":5,"enemies":"Nemesis","floor":47,"turns":3},{"damage":18,"enemies":"Jaw Worm Horde","floor":49,"turns":3},{"damage":5,"enemies":"downfall:Watcher","floor":50,"turns":5},{"damage":0,"enemies":"downfall:CharBossMerchant","floor":52,"turns":5},{"damage":15,"enemies":"downfall:NeowBoss","floor":55,"turns":21}],"seed_played":"-4521027956989174179","potions_obtained":[{"floor":3.0,"key":"Explosive Potion"},{"floor":4.0,"key":"SkillPotion"},{"floor":6.0,"key":"SmokeBomb"},{"floor":9.0,"key":"sneckomod:MuddlingPotion"},{"floor":14.0,"key":"Guardian:BlockOnCardUsePotion"},{"floor":14.0,"key":"Strength Potion"},{"floor":14.0,"key":"BlessingOfTheForge"},{"floor":15.0,"key":"AttackPotion"},{"floor":16.0,"key":"Block Potion"},{"floor":19.0,"key":"Swift Potion"},{"floor":25.0,"key":"Fruit Juice"},{"floor":29.0,"key":"Energy Potion"},{"floor":32.0,"key":"DuplicationPotion"},{"floor":33.0,"key":"champ:TechniquePotion"},{"floor":40.0,"key":"SpeedPotion"},{"floor":43,"key":"champ:OpenerPotion"},{"floor":47,"key":"Dexterity Potion"},{"floor":49,"key":"BlessingOfTheForge"}],"is_trial":false,"path_per_floor":["R","M","M","M","M","E","T","R","E","M","?","T","$","?","M","B",null,"R","M","M","M","M","R","T","M","$","E","?","M","R","E","M","B",null,"R","M","M","M","$","M","T","M","E","R","?","R","E","?","M","B",null,"E","$","R","B",null],"character_chosen":"THE_CHAMP","items_purchased":["champ:ArenaPreparation","champ:SpectersHand","InkBottle","champ:ViciousMockery","Bronze Scales"],"campfire_rested":0,"item_purchase_floors":[26,39,53,53,53],"current_hp_per_floor":[90,82,79,79,72,56,56,56,47,45,18,18,18,18,18,14,90,100,100,100,100,100,100,100,100,100,97,62,79,79,75,75,75,105,105,105,92,92,92,92,92,91,91,91,91,91,91,91,73,73,105,105,105,105,100],"gold":138,"neow_bonus":"UPGRADE_CARD","is_daily":false,"chose_seed":false,"campfire_upgraded":8,"win_rate":0.0,"timestamp":1609342395,"path_taken":["R","M","M","M","M","E","T","R","E","M","?","?","$","?","M","BOSS","R","M","M","?","M","R","T","M","$","E","?","M","R","E","M","BOSS","R","M","M","?","$","M","T","M","E","R","?","R","E","?","M","BOSS","E","$","R","BOSS"],"items_purchased_type":["Card","Relic","Relic","Card","Relic"],"build_version":"2020-12-22","purchased_purges":4,"victory":true,"max_hp_per_floor":[90,90,90,90,90,90,90,90,90,90,90,90,90,90,90,90,90,100,100,100,100,100,100,100,100,100,100,100,105,105,105,105,105,105,105,105,105,105,105,105,105,105,105,105,105,105,105,105,105,105,105,105,105,105,105],"card_choices":[{"not_picked":["champ:EnGarde","champ:DefensiveShout"],"picked":"champ:Duel","floor":2.0},{"not_picked":["champ:Backstep","champ:CrookedStrike"],"picked":"champ:BringItOn","floor":3.0},{"not_picked":["champ:ShieldWall","champ:FlashCut"],"picked":"champ:Balance","floor":4.0},{"not_picked":["champ:GutPunch","champ:FalseCounter"],"picked":"champ:TornadoPunch","floor":5.0},{"not_picked":["champ:StanceDance","champ:DeathBlow","champ:GutPunch"],"picked":"SKIP","floor":6.0},{"not_picked":["champ:StrikeOfGenius","champ:BerserkersShout","champ:Backstep"],"picked":"SKIP","floor":9.0},{"not_picked":["champ:BladeFlurry","champ:ShieldSigil"],"picked":"champ:SkillfulDodge","floor":10.0},{"not_picked":["champ:Backstep","champ:ShieldWall","champ:RageSigil"],"picked":"SKIP","floor":13.0},{"not_picked":["champ:AdrenalArmor","champ:GladiatorsShout"],"picked":"champ:Lariat","floor":14.0},{"not_picked":["champ:FlashCut","champ:LastStand"],"picked":"champ:Circumvent","floor":15.0},{"not_picked":["champ:SteelEdge","champ:DancingMaster"],"picked":"champ:Improvising","floor":16.0},{"not_picked":["champ:StanceDance","champ:FanOfKnives+1"],"picked":"champ:TornadoPunch+1","floor":19.0},{"not_picked":["champ:DefensiveShout","champ:ShieldSigil+1"],"picked":"champ:Lariat+1","floor":20.0},{"not_picked":["champ:TornadoPunch","champ:Haymaker"],"picked":"champ:Duel","floor":21.0},{"not_picked":["champ:FocusedBerserking","champ:StanceDance"],"picked":"champ:MurderStrike","floor":22.0},{"not_picked":["champ:BerserkerStyle+1","champ:GutPunch","champ:EnragedBash"],"picked":"SKIP","floor":25.0},{"not_picked":["champ:TornadoPunch","champ:Backstep"],"picked":"champ:Lariat","floor":26.0},{"not_picked":["champ:FlashCut","champ:ShieldThrow"],"picked":"champ:BringItOn","floor":27.0},{"not_picked":["champ:EnGarde","champ:Aggression","champ:RapidStrikes"],"picked":"SKIP","floor":29.0},{"not_picked":["champ:EnGarde","champ:Aggression"],"picked":"champ:RapidStrikes","floor":29.0},{"not_picked":["champ:FanOfKnives","champ:GladiatorsShout","champ:ArenaPreparation"],"picked":"SKIP","floor":31.0},{"not_picked":["champ:FaceSlap","champ:TornadoPunch","champ:Backstep"],"picked":"SKIP","floor":32.0},{"not_picked":["champ:SteelEdge","champ:ShieldSlam"],"picked":"champ:MurderStrike","floor":33.0},{"not_picked":["champ:RageSigil","champ:BladeFlurry","champ:CrookedStrike"],"picked":"SKIP","floor":36.0},{"not_picked":["champ:GutPunch+1","champ:RageSigil"],"picked":"champ:DefensiveShout","floor":37.0},{"not_picked":["champ:TornadoPunch","champ:EnGarde","champ:GladiatorsShout+1"],"picked":"SKIP","floor":38.0},{"not_picked":["champ:BerserkersShout","champ:FanOfKnives+1"],"picked":"champ:ShieldSlam","floor":39.0},{"not_picked":["champ:PerfectedStrike","champ:FaceSlap"],"picked":"champ:Lariat+1","floor":40.0},{"not_picked":["champ:AdrenalArmor","champ:Haymaker+1","champ:SwordSigil"],"picked":"SKIP","floor":42.0},{"not_picked":["champ:SkillfulDodge+1","champ:BladeFlurry","champ:Riposte"],"picked":"SKIP","floor":43},{"not_picked":["champ:FocusedGladiator","champ:EnragedBash+1","champ:TornadoPunch+1"],"picked":"SKIP","floor":47},{"not_picked":["champ:EnGarde","champ:HeartStrike"],"picked":"champ:ShieldSigil+1","floor":49},{"not_picked":["champ:GladiatorStyle","champ:Devastate"],"picked":"champ:DefensiveStyle+1","floor":52}],"player_experience":409498,"relics_obtained":[{"floor":6.0,"key":"Smiling Mask"},{"floor":7.0,"key":"Guardian:PocketSentry"},{"floor":9.0,"key":"Pen Nib"},{"floor":14.0,"key":"Potion Belt"},{"floor":24.0,"key":"PreservedInsect"},{"floor":27.0,"key":"Meat on the Bone"},{"floor":31.0,"key":"champ:DuelingGlove"},{"floor":41.0,"key":"Ornamental Fan"},{"floor":43,"key":"MawBank"},{"floor":47,"key":"champ:FightingForDummies"},{"floor":52,"key":"Bag of Marbles"}],"event_choices":[{"cards_removed":["champ:Strike"],"damage_healed":0,"gold_gain":0,"player_choice":"Purged","damage_taken":0,"max_hp_gain":0,"max_hp_loss":0,"event_name":"Purifier","floor":48,"gold_loss":0}],"is_beta":false,"boss_relics":[{"not_picked":["Runic Pyramid","SlaversCollar"],"picked":"Philosopher\u0027s Stone"},{"not_picked":["Busted Crown","Fusion Hammer"],"picked":"Coffee Dripper"}],"items_purged_floors":[13,26,39,53],"is_endless":false,"potions_floor_spawned":[3,4,6,9,15,16,19,25,29,31,32,33,40,43,47,49],"ascension_level":1}}