{"host":"sav7uxregyirlf69","time":1609292928,"event":{"mods":["AchievementEnabler","BaseMod","Colored Map","DeckTracker","Keyboard Shortcuts","Minty Spire (QoL Compilation)","READ ME - Guardian Mod","StSLib","SuperFastMode"],"gold_per_floor":[12,12,27,50,50,50,88,107,153,153,173,173,16,16,16,16,16],"floor_reached":16,"playtime":248,"items_purged":[],"score":180,"play_id":"12a957b3-fee5-4a3a-be26-6ecb9a3f5514","local_time":"20201230104848","is_ascension_mode":true,"campfire_choices":[{"data":"Choke","floor":6,"key":"SMITH"},{"floor":10,"key":"REST"},{"data":"Crippling Poison","floor":12,"key":"SMITH"},{"floor":15,"key":"REST"}],"circlet_count":0,"master_deck":["AscendersBane","Strike_G","Strike_G","Strike_G","Defend_G","Defend_G","Defend_G","Defend_G","Defend_G","Survivor","Neutralize","Choke+1","Heel Hook","Deflect","Calculated Gamble","Crippling Poison+1"],"relics":["Ring of the Snake","Golden Idol","Odd Mushroom","Anchor","Art of War","Nunchaku"],"acts_visited":["Exordium"],"potions_floor_usage":[16],"damage_taken":[{"damage":4,"enemies":"Small Slimes","floor":1,"turns":5},{"damage":0,"enemies":"Jaw Worm","floor":3,"turns":4},{"damage":0,"enemies":"2 Louse","floor":4,"turns":2},{"damage":42,"enemies":"The Mushroom Lair","floor":7,"turns":7},{"damage":4,"enemies":"Exordium Wildlife","floor":8,"turns":5},{"damage":0,"enemies":"Blue Slaver","floor":11,"turns":4},{"damage":41,"enemies":"Slime Boss","floor":16,"turns":8}],"seed_played":"-4405760575465219682","potions_obtained":[{"floor":3,"key":"Ancient Potion"},{"floor":4,"key":"BlessingOfTheForge"}],"is_trial":false,"path_per_floor":["M","?","M","M","?","R","?","M","T","R","M","R","$","?","R","B"],"character_chosen":"THE_SILENT","items_purchased":["Art of War"],"campfire_rested":2,"item_purchase_floors":[13],"current_hp_per_floor":[55,55,55,55,55,55,13,9,9,27,27,27,27,22,40,0,0],"gold":16,"neow_bonus":"TRANSFORM_TWO_CARDS","is_daily":false,"chose_seed":false,"campfire_upgraded":2,"win_rate":0.0,"timestamp":1609292928,"path_taken":["M","?","M","M","?","R","?","?","T","R","M","R","$","?","R","BOSS"],"items_purchased_type":["Relic"],"build_version":"2020-12-22","purchased_purges":0,"victory":false,"max_hp_per_floor":[66,60,60,60,60,60,60,60,60,60,60,60,60,60,60,60,60],"card_choices":[{"not_picked":["Poisoned Stab","Dodge and Roll"],"picked":"Deflect","floor":1},{"not_picked":["Eviscerate","PiercingWail","Sucker Punch"],"picked":"SKIP","floor":3},{"not_picked":["Tools of the Trade","Accuracy"],"picked":"Calculated Gamble","floor":4},{"not_picked":["Expertise","Acrobatics"],"picked":"Crippling Poison","floor":7},{"not_picked":["Cloak And Dagger","Acrobatics","Dash"],"picked":"SKIP","floor":8},{"not_picked":["Crippling Poison","Dodge and Roll","Accuracy"],"picked":"SKIP","floor":11}],"player_experience":1059150,"relics_obtained":[{"floor":7,"key":"Odd Mushroom"},{"floor":9,"key":"Anchor"}],"event_choices":[{"damage_healed":0,"gold_gain":0,"player_choice":"Lose Max HP","damage_taken":0,"relics_obtained":["Golden Idol"],"max_hp_gain":0,"max_hp_loss":6,"event_name":"Golden Idol","floor":2,"gold_loss":0},{"damage_healed":0,"gold_gain":0,"player_choice":"Ignored","damage_taken":0,"max_hp_gain":0,"max_hp_loss":0,"event_name":"Liars Game","floor":5,"gold_loss":0},{"damage_healed":0,"gold_gain":0,"player_choice":"Fought Mushrooms","damage_taken":0,"max_hp_gain":0,"max_hp_loss":0,"event_name":"Mushrooms","floor":7,"gold_loss":0},{"damage_healed":0,"gold_gain":0,"player_choice":"Success","damage_taken":5,"relics_obtained":["Nunchaku"],"max_hp_gain":0,"max_hp_loss":0,"event_name":"Scrap Ooze","floor":14,"gold_loss":0}],"is_beta":false,"boss_relics":[],"items_purged_floors":[],"is_endless":false,"potions_floor_spawned":[3,4],"killed_by":"Slime Boss","ascension_level":20}}