{"host":"bzg9y3flbaqjj1j7","time":1609347215,"event":{"mods":["AchievementEnabler","Act Like it!","Aspiration","BaseMod","Better Third Choice","Challenge The Spire","Gensokyo","Hallownest","Hubris","Hyrulean Relics","Infinite Spire","Lobotomy","LobotomyExtend","Marisa????????","Marked Mod","Minty Spire (QoL Compilation)","Nova Terra(??·??)","Permanent Neow","Quick Restart","Rare Cards Sparkle","Reimu??????","Remilia??????","Shop Mod","Spicy Shops","StSLib","The Administrix","The Alterego","The Blue Laboratory","The Fake Hero","Waifu the Spire","vexMod"],"gold_per_floor":[117,132,132,132,146,146,160,173,448,448,448],"floor_reached":4,"playtime":1937,"items_purged":[],"score":30,"play_id":"9cb730d6-b75b-47f5-b16f-39b7227181d3","local_time":"20201230132335","is_ascension_mode":false,"campfire_choices":[{"floor":6,"key":"REST"}],"circlet_count":0,"master_deck":["SpecialBullet","SpecialBullet","SpecialBullet","SpecialBullet","SpecialBullet","SpecialBullet","SpecialBullet","SpecialBullet","DisciplinaryCode","SecurityCode","ExtractionCode","Laetitia","Hypocrisy","CherryBlossom","PunishingBird","Noise","InTheNameOfLoveAndHate","Christmas","VoidDream","FrostShard","Soda","Regret_ego","Woodsman","Regret"],"relics":["CogitoBucket","aspiration:Nostalgia","Ring of the Snake","RabbitCall","Hallownest:DreamNailRelic","Heaven_r","LetterFromLob"],"acts_visited":["Exordium"],"potions_floor_usage":[],"damage_taken":[{"damage":12,"enemies":"Hallownest:2_MossCreeps","floor":1,"turns":4},{"damage":26,"enemies":"2_ Uuma","floor":2,"turns":4},{"damage":34,"enemies":"Hallownest:monsterHuskGuard","floor":5,"turns":4},{"damage":15,"enemies":"Hallownest:Guard_and_Warrior","floor":7,"turns":8},{"damage":50,"enemies":"Hallownest:Guard_and_Warrior","floor":7,"turns":5},{"damage":65,"enemies":"Jaw Worm","floor":1,"turns":15},{"damage":15,"enemies":"2 Louse","floor":2,"turns":3},{"damage":20,"enemies":"Cultist","floor":4,"turns":4}],"seed_played":"-9083833671879767666","potions_obtained":[],"is_trial":false,"path_per_floor":["M","M","?","?","M","R","M","M","M","?","M"],"character_chosen":"Angela","items_purchased":[],"campfire_rested":1,"item_purchase_floors":[],"current_hp_per_floor":[66,48,39,39,16,37,19,18,18,0,0],"gold":448,"neow_bonus":"NOSTALGIA","is_daily":false,"chose_seed":false,"campfire_upgraded":0,"win_rate":0.0,"timestamp":1609347215,"path_taken":["M","?","?","?","?","R","M","M","M","?","M"],"items_purchased_type":[],"build_version":"2020-12-22","purchased_purges":0,"victory":false,"max_hp_per_floor":[70,70,70,70,70,70,70,70,70,70,70],"card_choices":[{"not_picked":["PunishingBird","VoidDream"],"picked":"Laetitia","floor":1},{"not_picked":["Lantern"],"picked":"Hypocrisy","floor":1},{"not_picked":["Beak","SomewhereSpear"],"picked":"SKIP","floor":1},{"not_picked":["Lantern"],"picked":"CherryBlossom","floor":2},{"not_picked":["DreamingCurrent","MeatLantern"],"picked":"PunishingBird","floor":2},{"not_picked":["BlackSwan_ego","Beak"],"picked":"SKIP","floor":2},{"not_picked":["Horn"],"picked":"Noise","floor":5},{"not_picked":["Soda"],"picked":"InTheNameOfLoveAndHate","floor":5},{"not_picked":["LongBird","Scorched"],"picked":"CherryBlossoms","floor":5},{"not_picked":["Harvest"],"picked":"Christmas","floor":1},{"not_picked":["ShyLook","CrumblingArmor"],"picked":"VoidDream","floor":1},{"not_picked":["CrimsonScar"],"picked":"FrostShard","floor":1},{"not_picked":["Lantern","TodaysExpression"],"picked":"Soda","floor":2},{"not_picked":["BloodyDesire","Adoration"],"picked":"Regret_ego","floor":2},{"not_picked":["WallGazer","UniverseFragment"],"picked":"Woodsman","floor":2}],"player_experience":147525,"relics_obtained":[{"floor":1,"key":"LetterFromLob"},{"floor":1,"key":"LetterFromLob"}],"event_choices":[{"damage_healed":0,"gold_gain":275,"player_choice":"Desecrate","damage_taken":0,"max_hp_gain":0,"max_hp_loss":0,"event_name":"Golden Shrine","floor":3,"gold_loss":0,"cards_obtained":["Regret"]}],"is_beta":false,"boss_relics":[],"items_purged_floors":[],"is_endless":false,"potions_floor_spawned":[7],"killed_by":"Cultist","ascension_level":0}}