{"host":"15dd7v8o90xso62x","time":1609338249,"event":{"mods":["BaseMod","Minty Spire (QoL Compilation)","Quick Restart","StSLib","SuperFastMode"],"gold_per_floor":[12,12,162,173,58,58,93,93,93,127,137,152,170,181,181,259,259,276,251,270,270,270,270,270],"floor_reached":23,"playtime":735,"items_purged":["Doubt"],"score":456,"play_id":"87b62102-df05-4483-a8d1-86f5717f54ad","local_time":"20201230232409","is_ascension_mode":true,"campfire_choices":[{"data":"Demon Form","floor":6.0,"key":"SMITH"},{"data":"Heavy Blade","floor":8.0,"key":"SMITH"},{"floor":15.0,"key":"REST"}],"circlet_count":0,"master_deck":["AscendersBane","Strike_R","Strike_R","Strike_R","Strike_R","Defend_R","Defend_R","Defend_R","Bash","Demon Form+1","Heavy Blade+1","Whirlwind","Heavy Blade","Fire Breathing","Pommel Strike","Ghostly Armor+1","Warcry+1","Armaments+1","Power Through+1","Barricade","Headbutt+1","Power Through+1","Second Wind+1","Decay","Writhe"],"relics":["Burning Blood","Bird Faced Urn","Matryoshka","Toxic Egg 2","Mark of Pain","MealTicket"],"acts_visited":["Exordium","TheCity"],"potions_floor_usage":[],"damage_taken":[{"damage":6.0,"enemies":"Cultist","floor":1.0,"turns":3.0},{"damage":7.0,"enemies":"Small Slimes","floor":4.0,"turns":5.0},{"damage":40.0,"enemies":"Lagavulin","floor":7.0,"turns":7.0},{"damage":25.0,"enemies":"3 Sentries","floor":10.0,"turns":4.0},{"damage":2.0,"enemies":"Jaw Worm","floor":11.0,"turns":3.0},{"damage":8.0,"enemies":"Blue Slaver","floor":12.0,"turns":3.0},{"damage":8.0,"enemies":"Red Slaver","floor":13.0,"turns":3.0},{"damage":19.0,"enemies":"Large Slime","floor":14.0,"turns":6.0},{"damage":9.0,"enemies":"Hexaghost","floor":16.0,"turns":7.0},{"damage":30.0,"enemies":"Shell Parasite","floor":18.0,"turns":4.0},{"damage":6.0,"enemies":"2 Thieves","floor":19.0,"turns":4.0},{"damage":31,"enemies":"Cultist and Chosen","floor":20,"turns":5},{"damage":18,"enemies":"Book of Stabbing","floor":23,"turns":5}],"seed_played":"-5776350067186400534","potions_obtained":[{"floor":7.0,"key":"ElixirPotion"},{"floor":10.0,"key":"HeartOfIron"},{"floor":12.0,"key":"AttackPotion"}],"is_trial":false,"path_per_floor":["M","$","?","M","$","R","E","R","T","E","M","M","M","M","R","B",null,"M","M","M","?","?","E"],"character_chosen":"IRONCLAD","items_purchased":["Fire Breathing"],"campfire_rested":1,"item_purchase_floors":[5],"current_hp_per_floor":[68,68,68,67,67,67,33,33,33,18,22,20,20,11,33,34,65,45,47,24,24,24,8,8],"gold":270,"neow_bonus":"TRANSFORM_TWO_CARDS","is_daily":false,"chose_seed":false,"campfire_upgraded":2,"win_rate":0.0,"timestamp":1609338249,"path_taken":["M","?","?","M","$","R","E","R","T","E","M","M","M","M","R","BOSS","M","M","M","?","?","E"],"items_purchased_type":["Card"],"build_version":"2020-12-22","purchased_purges":1,"victory":false,"max_hp_per_floor":[75,75,75,75,75,75,75,75,75,75,75,75,75,75,75,75,75,75,75,75,75,75,75,75],"card_choices":[{"not_picked":["Thunderclap","Armaments"],"picked":"Whirlwind","floor":1.0},{"not_picked":["Iron Wave","Thunderclap"],"picked":"Heavy Blade","floor":4.0},{"not_picked":["Sever Soul","Whirlwind"],"picked":"Pommel Strike","floor":7.0},{"not_picked":["Flex+1","Brutality"],"picked":"Ghostly Armor+1","floor":10.0},{"not_picked":["Sword Boomerang","Dark Embrace"],"picked":"Warcry+1","floor":11.0},{"not_picked":["Anger","Clash","Whirlwind"],"picked":"SKIP","floor":12.0},{"not_picked":["Cleave","Whirlwind"],"picked":"Armaments+1","floor":13.0},{"not_picked":["Battle Trance+1","Pommel Strike"],"picked":"Power Through+1","floor":14.0},{"not_picked":["Brutality","Exhume+1"],"picked":"Barricade","floor":16.0},{"not_picked":["Spot Weakness+1","Blood for Blood"],"picked":"Headbutt+1","floor":18.0},{"not_picked":["Dropkick","Sword Boomerang"],"picked":"Power Through+1","floor":19.0},{"not_picked":["Pummel","Headbutt"],"picked":"Second Wind+1","floor":20}],"player_experience":969201,"relics_obtained":[{"floor":7.0,"key":"Bird Faced Urn"},{"floor":9.0,"key":"Matryoshka"},{"floor":10.0,"key":"Toxic Egg 2"}],"event_choices":[{"damage_healed":0.0,"max_hp_gain":0.0,"max_hp_loss":0.0,"gold_gain":150.0,"event_name":"Liars Game","player_choice":"AGREE","floor":3.0,"gold_loss":0.0,"damage_taken":0.0,"cards_obtained":["Doubt"]},{"damage_healed":0,"gold_gain":0,"player_choice":"Smashed Altar","damage_taken":0,"max_hp_gain":0,"max_hp_loss":0,"event_name":"Forgotten Altar","floor":21,"gold_loss":0,"cards_obtained":["Decay"]},{"damage_healed":0,"gold_gain":0,"player_choice":"Opened","damage_taken":0,"relics_obtained":["MealTicket"],"max_hp_gain":0,"max_hp_loss":0,"event_name":"The Mausoleum","floor":22,"gold_loss":0,"cards_obtained":["Writhe"]}],"is_beta":false,"boss_relics":[{"not_picked":["Philosopher\u0027s Stone","Runic Cube"],"picked":"Mark of Pain"}],"items_purged_floors":[5],"is_endless":false,"potions_floor_spawned":[7,10,12],"killed_by":"Book of Stabbing","ascension_level":20}}