{"host":"wha9hktbkslqvblg","time":1609328145,"event":{"mods":["BaseMod","Colored Map","Minty Spire (QoL Compilation)","Relic Stats","SuperFastMode","everything is the same but u backflip on backflip"],"gold_per_floor":[112,112,37,37,52,84,84,100,100,57,57,57,90,104,104,178,178,198,113,13,13,33,65,65,91,91,101,101,115,165,191,191,191,191],"floor_reached":33,"playtime":695,"items_purged":["Strike_R","Strike_R"],"score":722,"play_id":"eb11c145-69ab-4185-bb41-609af5f14bf4","local_time":"20201230203545","is_ascension_mode":true,"campfire_choices":[{"data":"Blood for Blood","floor":7.0,"key":"SMITH"},{"data":"Blood for Blood","floor":12.0,"key":"SMITH"},{"data":"Uppercut","floor":15.0,"key":"SMITH"},{"floor":24.0,"key":"RECALL"},{"floor":32.0,"key":"REST"}],"circlet_count":0,"master_deck":["AscendersBane","Strike_R+1","Defend_R+1","Defend_R+1","Defend_R+1","Defend_R+1","Bash","Blood for Blood+1","Shrug It Off","Blood for Blood+1","Uppercut+1","Brutality","Fire Breathing","Dark Embrace+1","Power Through"],"relics":["Burning Blood","Magic Flower","Eternal Feather","Mummified Hand","Black Star","Pear","Pen Nib","Bottled Tornado","Juzu Bracelet","Centennial Puzzle","Charon\u0027s Ashes","Nloth\u0027s Gift","Letter Opener","Incense Burner"],"acts_visited":["Exordium","TheCity"],"potions_floor_usage":[],"damage_taken":[{"damage":0.0,"enemies":"2 Louse","floor":1.0,"turns":1.0},{"damage":0.0,"enemies":"Jaw Worm","floor":5.0,"turns":1.0},{"damage":0.0,"enemies":"Lagavulin","floor":6.0,"turns":1.0},{"damage":6.0,"enemies":"Cultist","floor":8.0,"turns":3.0},{"damage":27.0,"enemies":"3 Sentries","floor":13.0,"turns":9.0},{"damage":22.0,"enemies":"Exordium Wildlife","floor":14.0,"turns":4.0},{"damage":20.0,"enemies":"The Guardian","floor":16.0,"turns":8.0},{"damage":25.0,"enemies":"Spheric Guardian","floor":18.0,"turns":4.0},{"damage":26.0,"enemies":"2 Thieves","floor":22.0,"turns":3.0},{"damage":46.0,"enemies":"Book of Stabbing","floor":23.0,"turns":5.0},{"damage":17.0,"enemies":"Slavers","floor":25.0,"turns":5.0},{"damage":22.0,"enemies":"Centurion and Healer","floor":27.0,"turns":4.0},{"damage":25.0,"enemies":"Cultist and Chosen","floor":29.0,"turns":4.0},{"damage":4.0,"enemies":"Gremlin Leader","floor":31.0,"turns":6.0},{"damage":28,"enemies":"Collector","floor":33,"turns":7}],"seed_played":"2610071055292180922","potions_obtained":[{"floor":1.0,"key":"SpeedPotion"},{"floor":5.0,"key":"SneckoOil"},{"floor":16.0,"key":"BloodPotion"},{"floor":18.0,"key":"Regen Potion"},{"floor":22.0,"key":"Strength Potion"},{"floor":29.0,"key":"CultistPotion"}],"is_trial":false,"path_per_floor":["M","?","$","?","M","E","R","M","T","$","?","R","E","M","R","B",null,"M","?","$","?","M","E","R","E","T","M","?","M","?","E","R","B"],"character_chosen":"IRONCLAD","items_purchased":["Blood for Blood"],"campfire_rested":1,"item_purchase_floors":[10],"current_hp_per_floor":[74,74,74,74,75,75,75,75,75,75,68,74,56,43,49,38,66,50,60,60,60,60,45,51,43,43,30,30,14,14,19,53,25,25],"gold":191,"neow_bonus":"THREE_ENEMY_KILL","is_daily":false,"chose_seed":false,"campfire_upgraded":3,"win_rate":0.0,"timestamp":1609328145,"path_taken":["M","?","?","?","?","E","R","M","T","$","?","R","E","M","R","BOSS","M","?","$","?","M","E","R","E","T","M","?","M","?","E","R","BOSS"],"items_purchased_type":["Card"],"build_version":"2020-12-22","purchased_purges":2,"victory":false,"max_hp_per_floor":[75,75,75,75,75,75,75,75,75,75,75,75,75,75,75,75,75,75,85,85,85,85,85,85,85,85,85,85,85,85,85,85,85,85],"relic_stats":{"counters":[15,65],"Magic Flower":[38],"Eternal Feather":27,"Pen Nib":[4],"Charon\u0027s Ashes":[30],"Juzu Bracelet":1,"Letter Opener":[30],"Burning Blood":103,"Centennial Puzzle":[12],"Mummified Hand":[35],"Black Star":3,"Nloth\u0027s Gift":1,"obtain_stats":[{"Pear":19,"NeowsBlessing":0,"Magic Flower":6,"Eternal Feather":9,"Pen Nib":23,"Charon\u0027s Ashes":26,"Juzu Bracelet":25,"Incense Burner":31,"Letter Opener":31,"Bottled Tornado":23,"Burning Blood":0,"Centennial Puzzle":25,"Mummified Hand":13,"Black Star":17,"Nloth\u0027s Gift":28},{"Pear":8,"NeowsBlessing":0,"Magic Flower":3,"Eternal Feather":4,"Pen Nib":10,"Charon\u0027s Ashes":11,"Juzu Bracelet":11,"Incense Burner":14,"Letter Opener":14,"Bottled Tornado":10,"Burning Blood":0,"Centennial Puzzle":11,"Mummified Hand":5,"Black Star":7,"Nloth\u0027s Gift":12},{"Pear":31,"NeowsBlessing":0,"Magic Flower":3,"Eternal Feather":6,"Pen Nib":39,"Charon\u0027s Ashes":44,"Juzu Bracelet":44,"Incense Burner":58,"Letter Opener":58,"Bottled Tornado":39,"Burning Blood":0,"Centennial Puzzle":44,"Mummified Hand":15,"Black Star":27,"Nloth\u0027s Gift":48}]},"card_choices":[{"not_picked":["Burning Pact","Searing Blow","Armaments"],"picked":"SKIP","floor":1.0},{"not_picked":["Headbutt","Rage"],"picked":"Blood for Blood","floor":5.0},{"not_picked":["Clothesline","Warcry","Sword Boomerang"],"picked":"SKIP","floor":6.0},{"not_picked":["Headbutt","Clothesline"],"picked":"Shrug It Off","floor":8.0},{"not_picked":["Havoc","Reckless Charge","Fiend Fire"],"picked":"SKIP","floor":13.0},{"not_picked":["Wild Strike","Clothesline"],"picked":"Uppercut","floor":14.0},{"not_picked":["Bludgeon","Barricade"],"picked":"Brutality","floor":16.0},{"not_picked":["Thunderclap+1","Sword Boomerang"],"picked":"Fire Breathing","floor":18.0},{"not_picked":["Warcry","Clash"],"picked":"Dark Embrace+1","floor":22.0},{"not_picked":["Thunderclap+1","Twin Strike","Armaments+1"],"picked":"SKIP","floor":23.0},{"not_picked":["Headbutt","Iron Wave"],"picked":"Power Through","floor":25.0},{"not_picked":["Warcry","Body Slam","Headbutt"],"picked":"SKIP","floor":27.0},{"not_picked":["Immolate","Exhume","Warcry"],"picked":"SKIP","floor":29.0},{"not_picked":["Shockwave","Sentinel","Twin Strike"],"picked":"SKIP","floor":31.0}],"player_experience":910843,"relics_obtained":[{"floor":6.0,"key":"Magic Flower"},{"floor":9.0,"key":"Eternal Feather"},{"floor":13.0,"key":"Mummified Hand"},{"floor":23.0,"key":"Pen Nib"},{"floor":23.0,"key":"Bottled Tornado"},{"floor":25.0,"key":"Juzu Bracelet"},{"floor":25.0,"key":"Centennial Puzzle"},{"floor":26.0,"key":"Charon\u0027s Ashes"},{"floor":31.0,"key":"Letter Opener"},{"floor":31.0,"key":"Incense Burner"}],"event_choices":[{"damage_healed":0.0,"max_hp_gain":0.0,"max_hp_loss":0.0,"gold_gain":0.0,"event_name":"Liars Game","player_choice":"Ignored","floor":2.0,"gold_loss":0.0,"damage_taken":0.0},{"cards_removed":["Strike_R"],"damage_healed":0.0,"max_hp_gain":0.0,"max_hp_loss":0.0,"gold_gain":0.0,"event_name":"Purifier","player_choice":"Purged","floor":4.0,"gold_loss":0.0,"damage_taken":0.0},{"cards_removed":["Strike_R"],"damage_healed":0.0,"max_hp_gain":0.0,"max_hp_loss":0.0,"gold_gain":0.0,"event_name":"Golden Wing","player_choice":"Card Removal","floor":11.0,"gold_loss":0.0,"damage_taken":7.0},{"damage_healed":0.0,"max_hp_gain":0.0,"max_hp_loss":0.0,"gold_gain":0.0,"event_name":"Addict","player_choice":"Obtained Relic","floor":19.0,"gold_loss":85.0,"damage_taken":0.0,"relics_obtained":["Pear"]},{"damage_healed":0.0,"max_hp_gain":0.0,"max_hp_loss":0.0,"gold_gain":0.0,"event_name":"Back to Basics","player_choice":"Simplicity","floor":21.0,"gold_loss":0.0,"damage_taken":0.0,"cards_upgraded":["Strike_R","Defend_R","Defend_R","Defend_R","Defend_R"]},{"damage_healed":0.0,"max_hp_gain":0.0,"max_hp_loss":0.0,"gold_gain":0.0,"event_name":"N\u0027loth","player_choice":"Traded Relic","floor":28.0,"relics_lost":["NeowsBlessing"],"gold_loss":0.0,"damage_taken":0.0,"relics_obtained":["Nloth\u0027s Gift"]},{"damage_healed":0.0,"max_hp_gain":0.0,"max_hp_loss":0.0,"gold_gain":50.0,"event_name":"Nest","player_choice":"Stole From Cult","floor":30.0,"gold_loss":0.0,"damage_taken":0.0}],"is_beta":false,"boss_relics":[{"not_picked":["Black Blood","Runic Dome"],"picked":"Black Star"}],"items_purged_floors":[3,20],"is_endless":false,"potions_floor_spawned":[1,5,16,18,22,29],"killed_by":"Collector","ascension_level":20}}