{"host":"ydujlihd8f5px9gp","time":1609363133,"event":{"mods":["AchievementEnabler","BaseMod","Block Reminder","Colored Map","Minty Spire (QoL Compilation)","ojb\u0027s Info Mod"],"gold_per_floor":[110,125,144,164,180,206,206,235,235,251,251,262,262,278,278,381,381,391,406,419,436,436,436],"floor_reached":22,"playtime":1228,"items_purged":[],"score":204,"play_id":"1484fedd-8550-461d-a674-993145fa2ee6","local_time":"20201230191853","is_ascension_mode":false,"campfire_choices":[{"data":"Dark Embrace","floor":11,"key":"SMITH"},{"data":"Rampage","floor":15,"key":"SMITH"}],"circlet_count":0,"master_deck":["Strike_R","Strike_R","Strike_R","Strike_R","Strike_R","Defend_R","Defend_R","Defend_R","Bash+1","Iron Wave","Anger","Shrug It Off","Rampage+1","Cleave","Dark Embrace+1","Seeing Red","Warcry","Impervious","Pommel Strike","Havoc+1","Dual Wield","Rampage"],"relics":["Burning Blood","Orichalcum","Peace Pipe","White Beast Statue","Paper Frog","Mark of Pain"],"acts_visited":["Exordium","TheCity"],"potions_floor_usage":[6,12,16,19,20,21,22,22],"damage_taken":[{"damage":11,"enemies":"Jaw Worm","floor":1,"turns":3},{"damage":1,"enemies":"2 Louse","floor":2,"turns":3},{"damage":0,"enemies":"Small Slimes","floor":3,"turns":3},{"damage":1,"enemies":"Exordium Wildlife","floor":4,"turns":3},{"damage":2,"enemies":"Looter","floor":5,"turns":3},{"damage":15,"enemies":"Gremlin Nob","floor":6,"turns":4},{"damage":12,"enemies":"3 Sentries","floor":8,"turns":8},{"damage":2,"enemies":"2 Fungi Beasts","floor":10,"turns":3},{"damage":2,"enemies":"Red Slaver","floor":12,"turns":3},{"damage":7,"enemies":"Blue Slaver","floor":14,"turns":4},{"damage":34,"enemies":"The Guardian","floor":16,"turns":9},{"damage":0,"enemies":"3 Byrds","floor":18,"turns":6},{"damage":16,"enemies":"Spheric Guardian","floor":19,"turns":4},{"damage":23,"enemies":"Centurion and Healer","floor":20,"turns":7},{"damage":36,"enemies":"Sentry and Sphere","floor":21,"turns":7},{"damage":29,"enemies":"3 Cultists","floor":22,"turns":4}],"seed_played":"1004562896245929349","potions_obtained":[{"floor":2,"key":"Weak Potion"},{"floor":3,"key":"Dexterity Potion"},{"floor":5,"key":"SpeedPotion"},{"floor":10,"key":"Block Potion"},{"floor":12,"key":"PowerPotion"},{"floor":14,"key":"BlessingOfTheForge"},{"floor":16,"key":"DuplicationPotion"},{"floor":19,"key":"Energy Potion"},{"floor":20,"key":"LiquidMemories"},{"floor":21,"key":"SteroidPotion"}],"is_trial":false,"path_per_floor":["M","M","M","M","M","E","?","E","T","M","R","M","?","M","R","B",null,"M","M","M","M","M"],"character_chosen":"IRONCLAD","items_purchased":[],"campfire_rested":0,"item_purchase_floors":[],"current_hp_per_floor":[75,80,80,80,80,71,68,62,62,66,66,70,63,62,62,34,80,80,70,53,23,0,0],"gold":436,"neow_bonus":"UPGRADE_CARD","is_daily":false,"chose_seed":false,"campfire_upgraded":2,"win_rate":0.0,"timestamp":1609363133,"path_taken":["M","M","M","M","M","E","?","E","T","M","R","M","?","M","R","BOSS","M","M","M","M","M"],"items_purchased_type":[],"build_version":"2020-12-22","purchased_purges":0,"victory":false,"max_hp_per_floor":[80,80,80,80,80,80,80,80,80,80,80,80,80,80,80,80,80,80,80,80,80,80,80],"card_choices":[{"not_picked":["Twin Strike","Reckless Charge"],"picked":"Iron Wave","floor":1},{"not_picked":["Infernal Blade","Thunderclap"],"picked":"Anger","floor":2},{"not_picked":["Fire Breathing","Rampage"],"picked":"Shrug It Off","floor":3},{"not_picked":["Headbutt","Body Slam","Perfected Strike"],"picked":"SKIP","floor":4},{"not_picked":["Flex","Carnage"],"picked":"Rampage","floor":5},{"not_picked":["Iron Wave","Pummel"],"picked":"Cleave","floor":6},{"not_picked":["Power Through","Armaments","Iron Wave"],"picked":"SKIP","floor":8},{"not_picked":["Warcry","Second Wind"],"picked":"Dark Embrace","floor":10},{"not_picked":["Flex","Flame Barrier"],"picked":"Seeing Red","floor":12},{"not_picked":["Clash","Armaments"],"picked":"Warcry","floor":14},{"not_picked":["Feed","Limit Break"],"picked":"Impervious","floor":16},{"not_picked":["Shrug It Off","Cleave"],"picked":"Pommel Strike","floor":18},{"not_picked":["Cleave+1","Armaments"],"picked":"Havoc+1","floor":19},{"not_picked":["Sword Boomerang","Blood for Blood"],"picked":"Dual Wield","floor":20},{"not_picked":["Heavy Blade","Pommel Strike"],"picked":"Rampage","floor":21}],"player_experience":71276,"relics_obtained":[{"floor":6,"key":"Orichalcum"},{"floor":8,"key":"White Beast Statue"},{"floor":9,"key":"Paper Frog"}],"event_choices":[{"damage_healed":0,"gold_gain":0,"player_choice":"Success","damage_taken":3,"relics_obtained":["Peace Pipe"],"max_hp_gain":0,"max_hp_loss":0,"event_name":"Scrap Ooze","floor":7,"gold_loss":0},{"cards_removed":["Defend_R"],"damage_healed":0,"gold_gain":0,"player_choice":"Card Removal","damage_taken":7,"max_hp_gain":0,"max_hp_loss":0,"event_name":"Golden Wing","floor":13,"gold_loss":0}],"is_beta":false,"boss_relics":[{"not_picked":["Black Star","Tiny House"],"picked":"Mark of Pain"}],"items_purged_floors":[],"is_endless":false,"potions_floor_spawned":[2,3,5,10,12,14,16,18,19,20,21],"killed_by":"3 Cultists","ascension_level":0}}