{"host":"ye7dkdlypz0ka1od","time":1609304412,"event":{"mods":["Act Like it!","Aspiration","BaseMod","Better Third Choice","Downfall","Gensokyo","Hallownest","Hubris","Infinite Spire","Minty Spire (QoL Compilation)","StSLib","The Exalted"],"gold_per_floor":[110,60,0,0,17,17,44,44,68,68,68,83,100,100,100,198,198,212,212,224,224,237,237,262,36,36,36,36,53,73,89,89,191,191,204,224,274,289,335,335,351,351,351,351,351,351,364,375,375,375,375],"floor_reached":50,"playtime":2871,"items_purged":["Bromod:Strike_Bro","Bromod:Defend_Bro","Bromod:Defend_Bro"],"score":487,"play_id":"87289519-96e4-4257-91d1-d275765e50ab","local_time":"20201230000012","is_ascension_mode":false,"campfire_choices":[{"data":"Bromod:HeatedCharge","floor":6,"key":"SMITH"},{"data":"Enlightenment","floor":8,"key":"SMITH"},{"data":"Bromod:SlashDash","floor":10,"key":"SMITH"},{"floor":15,"key":"REST"},{"data":"Bromod:Vitality","floor":23,"key":"SMITH"},{"data":"Bromod:ReflexCoil","floor":28,"key":"SMITH"},{"floor":32,"key":"REST"},{"data":"Bromod:ExaltedBlade","floor":40,"key":"SMITH"},{"data":"Bromod:Vitality","floor":42,"key":"SMITH"},{"data":"Bromod:Stormbringer","floor":44,"key":"SMITH"},{"data":"infinitespire:Collect","floor":46,"key":"SMITH"},{"floor":49,"key":"REST"}],"circlet_count":0,"master_deck":["Bromod:Defend_Bro","Bromod:Defend_Bro","Bromod:SlashDash+1","Bromod:SlashDash","Bromod:SlashDash+1","Bromod:SlashDash+1","Enlightenment+1","Bromod:HeatedCharge+1","Bromod:EnergySiphon","Bromod:HornetStrike","Bromod:QuickThinking+1","Bromod:Vitality+1","Bromod:FastHands+1","Bromod:ConditionOverload","Bromod:ToxicBarrage","Bromod:ReflexCoil+1","infinitespire:Collect+1","Bromod:ContagiousSpread","Bromod:ShatteringImpact+1","Bromod:Provoked+1","Bromod:ExaltedBlade+1","Bromod:Stormbringer+1","Bromod:SlashDash+1","Bromod:Vitality+1","Bromod:Serration+1","Bromod:SteelCharge","Bromod:Vitality"],"relics":["Bromod:Ordis","Bromod:AscarisDevice","Toy Ornithopter","Bag of Preparation","aspiration:RunicSpoon","Bottled Flame","infinitespire:PuzzleCube","Bag of Marbles","aspiration:SecretTechniqueScroll","Prayer Wheel","Bromod:ArcaneAegis","StrikeDummy","ClockworkSouvenir","Black Star"],"acts_visited":["Exordium","TheCity","TheBeyond"],"potions_floor_usage":[7,16,24,38,39,39,39,50],"damage_taken":[{"damage":2,"enemies":"Small Slimes","floor":1,"turns":3},{"damage":0,"enemies":"2 Louse","floor":5,"turns":2},{"damage":31,"enemies":"Lagavulin","floor":7,"turns":8},{"damage":0,"enemies":"Cultist","floor":12,"turns":2},{"damage":1,"enemies":"Exordium Wildlife","floor":13,"turns":3},{"damage":35,"enemies":"Hexaghost","floor":16,"turns":8},{"damage":5,"enemies":"Spheric Guardian","floor":18,"turns":3},{"damage":4,"enemies":"3 Byrds","floor":20,"turns":3},{"damage":7,"enemies":"Centurion and Healer","floor":22,"turns":6},{"damage":20,"enemies":"Gremlin Leader","floor":24,"turns":6},{"damage":16,"enemies":"Snake Plant","floor":29,"turns":3},{"damage":8,"enemies":"3 Cultists","floor":30,"turns":3},{"damage":0,"enemies":"Snecko","floor":31,"turns":3},{"damage":6,"enemies":"Champ","floor":33,"turns":5},{"damage":0,"enemies":"Orb Walker","floor":35,"turns":1},{"damage":3,"enemies":"3 Shapes","floor":36,"turns":3},{"damage":3,"enemies":"Mind Bloom Boss Battle","floor":37,"turns":4},{"damage":8,"enemies":"Spire Growth","floor":38,"turns":4},{"damage":28,"enemies":"2 Orb Walkers","floor":39,"turns":3},{"damage":0,"enemies":"Maw","floor":41,"turns":5},{"damage":18,"enemies":"Transient","floor":47,"turns":5},{"damage":29,"enemies":"Sphere and 2 Shapes","floor":48,"turns":5},{"damage":44,"enemies":"infinitespire:MassOfShapes","floor":50,"turns":4}],"seed_played":"1178042357176931120","potions_obtained":[{"floor":5,"key":"hexamod:EctoCoolerPotion"},{"floor":7,"key":"SneckoOil"},{"floor":20,"key":"Block Potion"},{"floor":30,"key":"Guardian:BlockOnCardUsePotion"},{"floor":33,"key":"FearPotion"},{"floor":35,"key":"Block Potion"},{"floor":36,"key":"EssenceOfSteel"},{"floor":38,"key":"Bromod:Endo"},{"floor":39,"key":"SpeedPotion"}],"is_trial":false,"path_per_floor":["M","?","?","?","M","R","E","R","T","R","$","M","M","?","R","B",null,"M","?","M","?","M","R","E","$","T","AVR","R","M","M","M","R","B",null,"M","M","?","M","?","R","M","R","T","R","AVR","R","M","M","R","B"],"character_chosen":"THE_EXALTED","items_purchased":["Bromod:ToxicBarrage","Bromod:ReflexCoil"],"campfire_rested":3,"item_purchase_floors":[25,25],"current_hp_per_floor":[80,80,86,86,86,86,55,55,55,55,55,55,54,36,62,32,88,83,83,79,79,72,72,57,57,57,57,57,41,33,33,59,53,88,88,85,82,79,60,60,60,60,60,60,60,60,42,13,39,0,0],"gold":375,"neow_bonus":"TEN_PERCENT_HP_BONUS","is_daily":false,"chose_seed":false,"campfire_upgraded":9,"win_rate":0.0,"timestamp":1609304412,"path_taken":["M","?","?","?","M","R","E","R","T","R","$","M","?","?","R","BOSS","M","?","M","?","M","R","E","$","T","AVR","R","?","M","M","R","BOSS","M","M","?","M","?","R","M","R","T","R","AVR","R","M","M","R","BOSS"],"items_purchased_type":["Card","Card"],"build_version":"2020-12-22","purchased_purges":3,"victory":false,"max_hp_per_floor":[82,82,88,88,88,88,88,88,88,88,88,88,88,88,88,88,88,88,88,88,88,88,88,88,88,88,88,88,88,88,88,88,88,88,88,88,88,88,88,88,88,88,88,88,88,88,88,88,88,88,88],"card_choices":[{"not_picked":["Bromod:KillingBlow","Bromod:RadialBlind"],"picked":"Bromod:SlashDash","floor":1},{"not_picked":["Bromod:PressurePoint","Bromod:Maglev"],"picked":"Bromod:HeatedCharge","floor":5},{"not_picked":["Bromod:BodyCount","Bromod:NorthWind"],"picked":"Bromod:EnergySiphon","floor":7},{"not_picked":["Bromod:Stormbringer","Bromod:BodyCount","Bromod:Redirection"],"picked":"SKIP","floor":12},{"not_picked":["Bromod:PointBlank","Bromod:EnergySiphon"],"picked":"Bromod:HornetStrike","floor":13},{"not_picked":["Bromod:Blaze","Bromod:ThermiteRounds"],"picked":"Bromod:QuickThinking","floor":16},{"not_picked":["Bromod:TacticalPump","Bromod:Redirection"],"picked":"Bromod:Vitality","floor":18},{"not_picked":["Bromod:PointStrike","Bromod:TargetCracker","Bromod:OrganShatter"],"picked":"SKIP","floor":20},{"not_picked":["Bromod:RelentlessCombination","Bromod:PointStrike+1"],"picked":"Bromod:FastHands+1","floor":22},{"not_picked":["Bromod:ShatteringImpact","Bromod:FastHands"],"picked":"Bromod:ConditionOverload","floor":24},{"not_picked":["Bromod:Reflection","Bromod:TacticalPump+1"],"picked":"Bromod:ContagiousSpread","floor":29},{"not_picked":["Bromod:SeismicWave","Bromod:Rejuvenation"],"picked":"Bromod:ShatteringImpact+1","floor":30},{"not_picked":["Bromod:BodyCount","Bromod:RelentlessCombination+1"],"picked":"Bromod:Provoked+1","floor":31},{"not_picked":["Bromod:Flow","Bromod:ThermiteRounds"],"picked":"Bromod:ExaltedBlade","floor":33},{"not_picked":["Bromod:TargetCracker","Bromod:PressurePoint+1"],"picked":"Bromod:Stormbringer","floor":35},{"not_picked":["Bromod:SlipMagazine","Bromod:HornetStrike","Bromod:SteelFiber+1"],"picked":"SKIP","floor":36},{"not_picked":["Bromod:PressurePoint","Bromod:Provoked+1"],"picked":"Bromod:SlashDash+1","floor":38},{"not_picked":["Bromod:Maglev+1","Bromod:PressurePoint","Bromod:Foundry+1"],"picked":"SKIP","floor":38},{"not_picked":["Bromod:VoltaicStrike","Bromod:Serration+1"],"picked":"Bromod:Vitality","floor":39},{"not_picked":["Bromod:BulletJump+1","Bromod:Patagium","Bromod:FormaBlueprint+1"],"picked":"SKIP","floor":41},{"not_picked":["Bromod:RadialBlind","Bromod:SlipMagazine+1","Bromod:BulletJump"],"picked":"SKIP","floor":41},{"not_picked":["Bromod:RadialBlind+1","Bromod:TacticalPump+1"],"picked":"Bromod:Serration+1","floor":47},{"not_picked":["Bromod:SpeedTrigger+1","Bromod:SlipMagazine","Bromod:HeatedCharge"],"picked":"SKIP","floor":47},{"not_picked":["Bromod:SlipMagazine+1","Bromod:ShatteringImpact+1"],"picked":"Bromod:SteelCharge","floor":48},{"not_picked":["Bromod:Fury","Bromod:BulletJump"],"picked":"Bromod:Vitality","floor":48}],"player_experience":1432758,"relics_obtained":[{"floor":7,"key":"Toy Ornithopter"},{"floor":9,"key":"Bag of Preparation"},{"floor":24,"key":"Bottled Flame"},{"floor":26,"key":"infinitespire:PuzzleCube"},{"floor":37,"key":"Prayer Wheel"},{"floor":39,"key":"Bromod:ArcaneAegis"},{"floor":43,"key":"StrikeDummy"}],"event_choices":[{"cards_removed":["Bromod:Strike_Bro"],"damage_healed":0,"gold_gain":0,"player_choice":"Card Removal","damage_taken":0,"max_hp_gain":0,"max_hp_loss":0,"event_name":"The Cleric","floor":2,"gold_loss":50},{"damage_healed":0,"gold_gain":0,"player_choice":"RENOUNCE","damage_taken":60,"max_hp_gain":0,"max_hp_loss":0,"event_name":"betterThird:BetterSerpent","floor":3,"gold_loss":60,"cards_obtained":["Enlightenment"]},{"cards_removed":["Bromod:Strike_Bro"],"damage_healed":0,"gold_gain":0,"player_choice":"Purged","damage_taken":0,"max_hp_gain":0,"max_hp_loss":0,"event_name":"Purifier","floor":4,"gold_loss":0},{"damage_healed":54,"gold_gain":0,"player_choice":"Upgrade","damage_taken":18,"max_hp_gain":0,"max_hp_loss":88,"event_name":"betterThird:BetterShining","floor":14,"gold_loss":0,"cards_upgraded":["Bromod:SlashDash","Bromod:SlashDash"]},{"damage_healed":0,"gold_gain":0,"player_choice":"Fight","damage_taken":0,"max_hp_gain":0,"max_hp_loss":0,"event_name":"MindBloom","floor":37,"gold_loss":0},{"damage_healed":0,"gold_gain":0,"player_choice":"Fight","damage_taken":0,"max_hp_gain":0,"max_hp_loss":0,"event_name":"Mysterious Sphere","floor":39,"gold_loss":0}],"is_beta":false,"boss_relics":[{"not_picked":["aspiration:IroncladSkillbook","hubris:HollowSoul"],"picked":"aspiration:RunicSpoon"},{"not_picked":["hubris:BlackHole","Busted Crown"],"picked":"aspiration:SecretTechniqueScroll"}],"items_purged_floors":[25,27,45],"is_endless":false,"potions_floor_spawned":[5,7,20,30,33,35,36,38,39],"killed_by":"infinitespire:MassOfShapes","ascension_level":0}}