{"host":"xxhtr116qcwgg7n8","time":1609362299,"event":{"mods":["BaseMod","Minty Spire (QoL Compilation)","StSLib","Waifu the Spire"],"gold_per_floor":[114,114,124,12,187,187,213,213,265,265,265,278,293,293,293,397,397,409,423,476,490,415,446,446,446,446],"floor_reached":25,"playtime":1208,"items_purged":["Strike_P"],"score":256,"play_id":"0a765073-4bf5-41b8-a16a-7f04d9bdafbc","local_time":"20201231050459","is_ascension_mode":true,"campfire_choices":[{"data":"Eruption","floor":6,"key":"SMITH"},{"floor":8,"key":"RECALL"},{"data":"CarveReality","floor":10,"key":"SMITH"},{"data":"Perseverance","floor":15,"key":"SMITH"},{"floor":24,"key":"REST"}],"circlet_count":0,"master_deck":["Strike_P","Strike_P","Defend_P","Defend_P","Eruption+1","Vigilance","EmptyFist","Prostrate","EmptyMind","Doubt","CarveReality+1","SignatureMove","Perseverance+1","MasterReality","InnerPeace","Consecrate","CrushJoints+1"],"relics":["PureWater","NeowsBlessing","Bag of Preparation","Damaru","Busted Crown","Red Mask","Calipers"],"acts_visited":["Exordium","TheCity"],"potions_floor_usage":[16,19,19,20,23,25],"damage_taken":[{"damage":0,"enemies":"Cultist","floor":1,"turns":1},{"damage":0,"enemies":"2 Louse","floor":3,"turns":1},{"damage":0,"enemies":"3 Sentries","floor":7,"turns":1},{"damage":0,"enemies":"Small Slimes","floor":12,"turns":1},{"damage":0,"enemies":"2 Fungi Beasts","floor":13,"turns":1},{"damage":49,"enemies":"Hexaghost","floor":16,"turns":9},{"damage":5,"enemies":"3 Byrds","floor":18,"turns":4},{"damage":0,"enemies":"Shell Parasite","floor":19,"turns":2},{"damage":9,"enemies":"Masked Bandits","floor":20,"turns":3},{"damage":2,"enemies":"Centurion and Healer","floor":21,"turns":3},{"damage":47,"enemies":"Gremlin Leader","floor":23,"turns":4},{"damage":34,"enemies":"Book of Stabbing","floor":25,"turns":4}],"seed_played":"6936149083463030759","potions_obtained":[{"floor":1,"key":"Block Potion"},{"floor":3,"key":"SteroidPotion"},{"floor":13,"key":"LiquidMemories"},{"floor":16,"key":"ColorlessPotion"},{"floor":19,"key":"ColorlessPotion"},{"floor":23,"key":"AttackPotion"}],"is_trial":false,"path_per_floor":["M","?","M","$","?","R","E","R","T","R","?","M","M","?","R","B",null,"M","M","?","M","?","E","R","E"],"character_chosen":"WATCHER","items_purchased":["EmptyMind"],"campfire_rested":1,"item_purchase_floors":[4],"current_hp_per_floor":[72,72,72,72,72,72,72,72,72,72,72,72,72,65,65,16,72,67,67,58,56,56,9,30,0,0],"gold":446,"neow_bonus":"THREE_ENEMY_KILL","is_daily":false,"chose_seed":false,"campfire_upgraded":3,"win_rate":0.0,"timestamp":1609362299,"path_taken":["M","?","?","$","?","R","E","R","T","R","?","M","M","?","R","BOSS","M","M","?","M","?","E","R","E"],"items_purchased_type":["Card"],"build_version":"2020-12-22","purchased_purges":1,"victory":false,"max_hp_per_floor":[72,72,72,72,72,72,72,72,72,72,72,72,72,72,72,72,72,72,72,72,72,72,72,72,72,72],"card_choices":[{"not_picked":["MentalFortress","CarveReality"],"picked":"EmptyFist","floor":1},{"not_picked":["Weave","TalkToTheHand"],"picked":"Prostrate","floor":3},{"not_picked":["Protect","JustLucky"],"picked":"CarveReality","floor":7},{"not_picked":["SignatureMove","Halt","Evaluate"],"picked":"SKIP","floor":12},{"not_picked":["EmptyMind","Wireheading"],"picked":"Perseverance","floor":13},{"not_picked":["Blasphemy","Devotion"],"picked":"MasterReality","floor":16},{"not_picked":[],"picked":"InnerPeace","floor":18},{"not_picked":[],"picked":"Consecrate","floor":19},{"not_picked":[],"picked":"CrushJoints+1","floor":21},{"not_picked":["ConjureBlade"],"picked":"SKIP","floor":23}],"player_experience":165247,"relics_obtained":[{"floor":7,"key":"Bag of Preparation"},{"floor":9,"key":"Damaru"},{"floor":20,"key":"Red Mask"},{"floor":23,"key":"Calipers"}],"event_choices":[{"damage_healed":0,"gold_gain":0,"player_choice":"Bought 0 Potions","damage_taken":0,"max_hp_gain":0,"max_hp_loss":0,"event_name":"The Woman in Blue","floor":2,"gold_loss":0},{"damage_healed":0,"gold_gain":175,"player_choice":"AGREE","damage_taken":0,"max_hp_gain":0,"max_hp_loss":0,"event_name":"Liars Game","floor":5,"gold_loss":0,"cards_obtained":["Doubt"]},{"damage_healed":0,"gold_gain":0,"cards_transformed":["Defend_P"],"player_choice":"Change","damage_taken":0,"max_hp_gain":0,"max_hp_loss":0,"event_name":"Living Wall","floor":11,"gold_loss":0,"cards_obtained":["SignatureMove"]},{"cards_removed":["Defend_P"],"damage_healed":0,"gold_gain":0,"player_choice":"Card Removal","damage_taken":7,"max_hp_gain":0,"max_hp_loss":0,"event_name":"Golden Wing","floor":14,"gold_loss":0},{"damage_healed":0,"gold_gain":0,"player_choice":"Fought Bandits","damage_taken":0,"max_hp_gain":0,"max_hp_loss":0,"event_name":"Masked Bandits","floor":20,"gold_loss":0},{"cards_removed":["Strike_P"],"damage_healed":0,"gold_gain":0,"player_choice":"Gave Gold","damage_taken":0,"max_hp_gain":0,"max_hp_loss":0,"event_name":"Beggar","floor":22,"gold_loss":75}],"is_beta":false,"boss_relics":[{"not_picked":["Runic Dome","Coffee Dripper"],"picked":"Busted Crown"}],"items_purged_floors":[4],"is_endless":false,"potions_floor_spawned":[1,3,13,16,19,23],"killed_by":"Book of Stabbing","ascension_level":1}}