{"host":"n3vqtvx9hbigdfc4","time":1609317822,"event":{"mods":["AchievementEnabler","BaseMod","Better Third Choice","Block Reminder","Colored Map","Colored Powertips","Downfall","Minty Spire (QoL Compilation)","Permanent Neow","Rare Cards Sparkle","Relic Stats","Replay The Spire","Shop Mod","StSLib"],"gold_per_floor":[112,125,141,152,165,165,192,192,238,238,252,286,236,190,190,286,286,300,312,312,312,326,360,360,388,388,388,388,388,418,444,444,547,547,547,134,153,168,188,217,0,28,28,28,78,96,145,165,165,165],"floor_reached":51,"playtime":3555,"items_purged":["Strike_R"],"score":1588,"play_id":"e92b48d5-9deb-47bb-9cf4-42a79821796e","local_time":"20201230024342","is_ascension_mode":true,"campfire_choices":[{"data":"Armaments","floor":6,"key":"SMITH"},{"data":"Feel No Pain","floor":8,"key":"SMITH"},{"floor":15,"key":"DIG"},{"data":"Juggernaut","floor":24,"key":"SMITH"},{"data":"Body Slam","floor":27,"key":"SMITH"},{"floor":32,"key":"REST"},{"data":"Exhume","floor":44,"key":"SMITH"},{"data":"Seeing Red","floor":49,"key":"SMITH"}],"circlet_count":0,"master_deck":["AscendersBane","Strike_R","Strike_R","Strike_R","Defend_R","Defend_R","Defend_R","Defend_R","Bash","Iron Wave+1","Iron Wave+1","Armaments+1","Body Slam+1","Feel No Pain+1","Iron Wave+1","Delirium","Spot Weakness","Abandon","Juggernaut+1","Disarm","Seeing Red+1","ReplayTheSpireMod:Stacked","Havoc","Pot Of Greed","Pot Of Greed","Pot Of Greed","Armaments+1","Bloodletting","Exhume+1","Anger","Rampage","Fire Breathing","Carnage+1","Pommel Strike","Iron Wave+1","Anger+1","Twin Strike+1","Sever Soul","Pot Of Greed","Searing Blow+1"],"relics":["Runic Pyramid","Replay:Bottled Eggs","Tiny Chest","Ring of Searing","Ring of Peace","HornCleat","betterThird:SlimedRelic","King of Hearts","Philosopher\u0027s Stone","Gambling Chip","Nilry\u0027s Codex","Pondfish Scales","Grinning Jar","Replay:Kaleidoscope","Replay:Ringing Soul","Magic Flower","Red Skull","SlaversCollar","Replay:Rubber Ducky","Incense Burner","Red Mask","Ginger","Paper Frog","StoneCalendar","ReplayTheSpireMod:Spearhead"],"acts_visited":["Exordium","TheCity","TheBeyond"],"potions_floor_usage":[7,22,23,35,36,39,40,50,50,50],"damage_taken":[{"damage":1,"enemies":"Cultist","floor":1,"turns":3},{"damage":2,"enemies":"Jaw Worm","floor":2,"turns":5},{"damage":1,"enemies":"Small Slimes","floor":3,"turns":4},{"damage":5,"enemies":"Exordium Wildlife","floor":4,"turns":6},{"damage":7,"enemies":"3 Louse","floor":5,"turns":6},{"damage":10,"enemies":"3 Sentries","floor":7,"turns":9},{"damage":5,"enemies":"Looter","floor":11,"turns":4},{"damage":0,"enemies":"Gremlin Nob","floor":12,"turns":4},{"damage":30,"enemies":"Slime Boss","floor":16,"turns":12},{"damage":5,"enemies":"Spheric Guardian","floor":18,"turns":4},{"damage":0,"enemies":"Chosen","floor":19,"turns":4},{"damage":0,"enemies":"Shelled Parasite and Fungi","floor":22,"turns":5},{"damage":9,"enemies":"Book of Stabbing","floor":23,"turns":5},{"damage":0,"enemies":"Gremlin Leader","floor":25,"turns":5},{"damage":0,"enemies":"Slavers","floor":30,"turns":4},{"damage":0,"enemies":"Champ","floor":33,"turns":7},{"damage":0,"enemies":"3 Shapes","floor":35,"turns":1},{"damage":15,"enemies":"3 Darklings","floor":37,"turns":5},{"damage":8,"enemies":"Sphere and 2 Shapes","floor":38,"turns":6},{"damage":0,"enemies":"Maw","floor":39,"turns":6},{"damage":0,"enemies":"Reptomancer","floor":40,"turns":5},{"damage":0,"enemies":"Giant Head","floor":42,"turns":6},{"damage":0,"enemies":"Mind Bloom Boss Battle","floor":45,"turns":4},{"damage":0,"enemies":"Transient","floor":46,"turns":5},{"damage":0,"enemies":"Sphere and 2 Shapes","floor":48,"turns":4},{"damage":22,"enemies":"Awakened One","floor":50,"turns":7}],"seed_played":"-2002465564006223676","potions_obtained":[{"floor":4,"key":"Regen Potion"},{"floor":7,"key":"Doom Potion"},{"floor":22,"key":"Dexterity Potion"},{"floor":30,"key":"SmokeBomb"},{"floor":33,"key":"Ancient Potion"},{"floor":37,"key":"SpeedPotion"},{"floor":38,"key":"Milkshake"},{"floor":42,"key":"Regen Potion"},{"floor":46,"key":"LiquidMemories"}],"is_trial":false,"path_per_floor":["M","M","M","M","M","R","E","R","T","?","M","E","?","?","R_BF","B",null,"M","M","T","?","M","E","R","E","T","R","?","T","E","T","R","B",null,"M","$","M","M","M","E","?","E","T","R","?","M","T","M","R","B",null],"character_chosen":"IRONCLAD","items_purchased":["Replay:Rubber Ducky","Anger","Fruit Juice","Rampage"],"campfire_rested":1,"item_purchase_floors":[36,36,36,36],"current_hp_per_floor":[71,69,68,63,56,56,61,61,61,61,56,56,56,45,45,15,64,59,59,59,43,43,34,34,34,34,34,19,19,22,22,48,51,81,81,89,77,72,75,78,78,81,81,81,84,87,87,90,90,90],"gold":165,"neow_bonus":"BOSS_RELIC","is_daily":false,"chose_seed":false,"campfire_upgraded":6,"win_rate":0.0,"timestamp":1609317822,"path_taken":["M","M","M","M","M","R","E","R","T","?","M","E","?","?","R_BF","BOSS","M","M","?","?","M","E","R","E","T","R","?","?","E","?","R","BOSS","M","$","M","?","M","E","?","E","T","R","?","M","?","M","R","BOSS"],"items_purchased_type":["Relic","Card","Potion","Card"],"build_version":"2020-12-22","purchased_purges":1,"victory":true,"max_hp_per_floor":[80,80,80,80,80,80,80,80,80,80,80,80,80,80,80,80,80,80,80,80,80,80,80,80,80,80,80,85,85,88,88,88,91,91,91,99,102,105,108,111,111,114,114,114,117,120,120,123,123,123],"relic_stats":{"counters":[26,136],"Gambling Chip":[23],"Magic Flower":[8],"Tiny Chest":3,"StoneCalendar":[52],"Ginger":[12],"obtain_stats":[{"Nilry\u0027s Codex":21,"Magic Flower":30,"StoneCalendar":45,"King of Hearts":15,"Incense Burner":40,"Ginger":42,"Burning Blood":0,"Ring of Searing":10,"Replay:Rubber Ducky":36,"Replay:Ringing Soul":29,"HornCleat":12,"Ring of Peace":10,"Gambling Chip":20,"Tiny Chest":9,"Philosopher\u0027s Stone":17,"Red Mask":41,"Replay:Bottled Eggs":7,"Red Skull":31,"Runic Pyramid":0,"Paper Frog":43,"Replay:Kaleidoscope":26,"SlaversCollar":34,"Pondfish Scales":23,"ReplayTheSpireMod:Spearhead":47,"betterThird:SlimedRelic":14,"Grinning Jar":25},{"Nilry\u0027s Codex":11,"Magic Flower":15,"StoneCalendar":23,"King of Hearts":8,"Incense Burner":21,"Ginger":22,"Burning Blood":0,"Ring of Searing":6,"Replay:Rubber Ducky":17,"Replay:Ringing Soul":14,"HornCleat":8,"Ring of Peace":6,"Gambling Chip":11,"Tiny Chest":6,"Philosopher\u0027s Stone":9,"Red Mask":21,"Replay:Bottled Eggs":6,"Red Skull":15,"Runic Pyramid":0,"Paper Frog":22,"Replay:Kaleidoscope":14,"SlaversCollar":16,"Pondfish Scales":13,"ReplayTheSpireMod:Spearhead":24,"betterThird:SlimedRelic":8,"Grinning Jar":14},{"Nilry\u0027s Codex":61,"Magic Flower":80,"StoneCalendar":120,"King of Hearts":41,"Incense Burner":110,"Ginger":116,"Burning Blood":0,"Ring of Searing":33,"Replay:Rubber Ducky":88,"Replay:Ringing Soul":76,"HornCleat":41,"Ring of Peace":33,"Gambling Chip":61,"Tiny Chest":33,"Philosopher\u0027s Stone":53,"Red Mask":110,"Replay:Bottled Eggs":33,"Red Skull":80,"Runic Pyramid":0,"Paper Frog":116,"Replay:Kaleidoscope":76,"SlaversCollar":87,"Pondfish Scales":71,"ReplayTheSpireMod:Spearhead":125,"betterThird:SlimedRelic":41,"Grinning Jar":76}]},"card_choices":[{"not_picked":["Run Through","Warcry"],"picked":"Iron Wave","floor":1},{"not_picked":["Sword Boomerang","Twin Strike"],"picked":"Iron Wave","floor":2},{"not_picked":["Clothesline","Thunderclap"],"picked":"Armaments","floor":3},{"not_picked":["Replay:Undeath\u0027s Touch","Cleave"],"picked":"Body Slam","floor":4},{"not_picked":["Evolve","Thunderclap"],"picked":"Feel No Pain","floor":5},{"not_picked":["Replay:Undeath\u0027s Touch","Life Link"],"picked":"Iron Wave","floor":7},{"not_picked":["Clothesline","Shrug It Off"],"picked":"Spot Weakness","floor":11},{"not_picked":["Headbutt","Perfected Strike"],"picked":"Abandon","floor":12},{"not_picked":["Immolate","Offering"],"picked":"Juggernaut","floor":16},{"not_picked":["Hemokinesis+1","Heavy Blade"],"picked":"Disarm","floor":18},{"not_picked":["Flex","Dark Embrace"],"picked":"Seeing Red","floor":19},{"not_picked":["Carnage+1","Cleave+1"],"picked":"ReplayTheSpireMod:Stacked","floor":22},{"not_picked":["Twin Strike","ReplayTheSpireMod:Corrosion Curse"],"picked":"Havoc","floor":23},{"not_picked":["Juggernaut","Dropkick"],"picked":"Armaments+1","floor":25},{"not_picked":["Clash","Hemokinesis"],"picked":"Bloodletting","floor":30},{"not_picked":["Demonic Infusion","Limit Break"],"picked":"Exhume","floor":33},{"not_picked":["Heavy Blade+1","Wild Strike+1"],"picked":"Fire Breathing","floor":37},{"not_picked":["ReplayTheSpireMod:LeadingStrike","Fire Breathing+1"],"picked":"Carnage+1","floor":38},{"not_picked":["Havoc+1","ReplayReversal+1"],"picked":"Pommel Strike","floor":39},{"not_picked":["Hemokinesis+1","Feel No Pain"],"picked":"Iron Wave+1","floor":40},{"not_picked":["Headbutt+1","Perfected Strike+1"],"picked":"Anger+1","floor":42},{"not_picked":["Anger","Replay:Many Hands"],"picked":"Twin Strike+1","floor":45},{"not_picked":["Clothesline","Cleave+1"],"picked":"Sever Soul","floor":46},{"not_picked":["Heavy Blade","Pummel"],"picked":"Searing Blow+1","floor":48}],"player_experience":487839,"relics_obtained":[{"floor":7,"key":"Replay:Bottled Eggs"},{"floor":9,"key":"Tiny Chest"},{"floor":10,"key":"Ring of Searing"},{"floor":10,"key":"Ring of Peace"},{"floor":12,"key":"HornCleat"},{"floor":15,"key":"King of Hearts"},{"floor":20,"key":"Gambling Chip"},{"floor":21,"key":"Nilry\u0027s Codex"},{"floor":23,"key":"Pondfish Scales"},{"floor":25,"key":"Grinning Jar"},{"floor":26,"key":"Replay:Kaleidoscope"},{"floor":29,"key":"Replay:Ringing Soul"},{"floor":30,"key":"Magic Flower"},{"floor":31,"key":"Red Skull"},{"floor":40,"key":"Incense Burner"},{"floor":42,"key":"Ginger"},{"floor":43,"key":"Paper Frog"},{"floor":45,"key":"StoneCalendar"},{"floor":47,"key":"ReplayTheSpireMod:Spearhead"}],"event_choices":[{"cards_removed":["Strike_R"],"damage_healed":0,"gold_gain":0,"player_choice":"Card Removal","damage_taken":0,"max_hp_gain":0,"max_hp_loss":0,"event_name":"The Cleric","floor":13,"gold_loss":50},{"damage_healed":0,"gold_gain":0,"player_choice":"Slimed","damage_taken":11,"max_hp_gain":0,"max_hp_loss":0,"event_name":"betterThird:BetterGoop","floor":14,"gold_loss":46},{"damage_healed":0,"gold_gain":0,"player_choice":"Obtained Book","damage_taken":16,"max_hp_gain":0,"max_hp_loss":0,"event_name":"Cursed Tome","floor":21,"gold_loss":0},{"damage_healed":0,"gold_gain":0,"player_choice":"Shed Blood","damage_taken":20,"max_hp_gain":5,"max_hp_loss":0,"event_name":"Forgotten Altar","floor":28,"gold_loss":0},{"damage_healed":0,"gold_gain":0,"player_choice":"Paid","damage_taken":0,"relics_obtained":["Red Mask"],"max_hp_gain":0,"max_hp_loss":0,"event_name":"Tomb of Lord Red Mask","floor":41,"gold_loss":217},{"damage_healed":0,"gold_gain":0,"player_choice":"Fight","damage_taken":0,"max_hp_gain":0,"max_hp_loss":0,"event_name":"MindBloom","floor":45,"gold_loss":0}],"is_beta":false,"boss_relics":[{"not_picked":["Electric Blood","Snecko Eye"],"picked":"Philosopher\u0027s Stone"},{"not_picked":["Fusion Hammer","Empty Cage"],"picked":"SlaversCollar"}],"items_purged_floors":[36],"is_endless":false,"potions_floor_spawned":[4,7,22,30,33,37,38,42,46],"ascension_level":10}}