{"host":"s9oaroyyjdd3e4af","time":1609338981,"event":{"mods":["BaseMod","Colored Powertips","Minty Spire (QoL Compilation)"],"gold_per_floor":[114,5,25,25,25,53,66,66,66,77,77,77,77,90,90,209,209,227,227,227,252,22,22,22,22],"floor_reached":24,"playtime":949,"items_purged":[],"score":194,"play_id":"12baf546-6c00-456d-a192-5234aa38f895","local_time":"20201230093621","is_ascension_mode":false,"campfire_choices":[{"floor":12.0,"key":"REST"},{"data":"Hello World","floor":15,"key":"SMITH"},{"floor":23,"key":"REST"}],"circlet_count":0,"master_deck":["Strike_B","Strike_B","Strike_B","Strike_B","Defend_B","Defend_B","Defend_B","Defend_B","Zap","Dualcast","Static Discharge","Hello World+1","Melter","Static Discharge","Rebound","Beam Cell","Beam Cell","Melter","Double Energy","Auto Shields","Reboot","Force Field","Leap","Defragment","Aggregate","Reinforced Body"],"relics":["Cracked Core","Prayer Wheel","Singing Bowl","Juzu Bracelet","Golden Idol","SacredBark","Regal Pillow","Tiny Chest"],"acts_visited":["Exordium","TheCity"],"potions_floor_usage":[],"damage_taken":[{"damage":1.0,"enemies":"Cultist","floor":1.0,"turns":3.0},{"damage":2.0,"enemies":"2 Louse","floor":3.0,"turns":3.0},{"damage":21.0,"enemies":"Lagavulin","floor":6.0,"turns":5.0},{"damage":5.0,"enemies":"Small Slimes","floor":7.0,"turns":3.0},{"damage":12.0,"enemies":"Exordium Wildlife","floor":10.0,"turns":2.0},{"damage":8.0,"enemies":"3 Louse","floor":14.0,"turns":3.0},{"damage":36,"enemies":"Hexaghost","floor":16,"turns":8},{"damage":34,"enemies":"Shell Parasite","floor":18,"turns":4},{"damage":10,"enemies":"3 Byrds","floor":21,"turns":2},{"damage":88,"enemies":"Cultist and Chosen","floor":24,"turns":6}],"seed_played":"5663511913232797611","potions_obtained":[{"floor":0.0,"key":"SteroidPotion"},{"floor":0.0,"key":"EntropicBrew"},{"floor":0.0,"key":"Block Potion"}],"is_trial":false,"path_per_floor":["M","$","M","$","$","E","M","?","T","M","?","R","?","M","R","B",null,"M","?","?","M","$","R","M"],"character_chosen":"DEFECT","items_purchased":["Hello World","Melter","Tiny Chest","Reinforced Body"],"campfire_rested":2,"item_purchase_floors":[2,2,22,22],"current_hp_per_floor":[74,74,72,72,72,51,46,71,71,61,54,77,71,63,63,27,71,37,37,37,27,27,63,0,0],"gold":22,"neow_bonus":"THREE_SMALL_POTIONS","is_daily":false,"chose_seed":false,"campfire_upgraded":1,"win_rate":0.0,"timestamp":1609338981,"path_taken":["M","?","?","?","$","E","M","?","T","M","?","R","?","M","R","BOSS","M","?","?","M","$","R","M"],"items_purchased_type":["Card","Card","Relic","Card"],"build_version":"2020-12-22","purchased_purges":0,"victory":false,"max_hp_per_floor":[75,75,75,75,75,75,75,75,75,77,77,77,71,71,71,71,71,71,71,71,71,71,71,71,71],"card_choices":[{"not_picked":["Redo","Steam"],"picked":"Static Discharge","floor":1.0},{"not_picked":["Barrage","Beam Cell"],"picked":"Static Discharge","floor":3.0},{"not_picked":["Self Repair","Hologram"],"picked":"Rebound","floor":6.0},{"not_picked":["Sweeping Beam","Coolheaded"],"picked":"Beam Cell","floor":7.0},{"not_picked":["Steam","Buffer"],"picked":"Beam Cell","floor":7.0},{"not_picked":["Aggregate","Turbo"],"picked":"Melter","floor":10.0},{"not_picked":["Cold Snap","Streamline","Fusion"],"picked":"Singing Bowl","floor":10.0},{"not_picked":["Reprogram","Conserve Battery"],"picked":"Double Energy","floor":14},{"not_picked":["Conserve Battery","Barrage"],"picked":"Auto Shields","floor":14},{"not_picked":["Thunder Strike","Meteor Strike"],"picked":"Reboot","floor":16},{"not_picked":["Redo","Chill"],"picked":"Force Field","floor":18},{"not_picked":["Redo","Undo"],"picked":"Leap","floor":18},{"not_picked":["Fusion","Rebound"],"picked":"Defragment","floor":21},{"not_picked":["Steam","Biased Cognition"],"picked":"Aggregate","floor":21}],"player_experience":706657,"relics_obtained":[{"floor":6.0,"key":"Prayer Wheel"},{"floor":9.0,"key":"Singing Bowl"}],"event_choices":[{"damage_healed":25.0,"max_hp_gain":0.0,"max_hp_loss":0.0,"gold_gain":0.0,"event_name":"Big Fish","player_choice":"Banana","floor":8.0,"gold_loss":0.0,"damage_taken":0.0},{"damage_healed":0.0,"max_hp_gain":0.0,"max_hp_loss":0.0,"gold_gain":0.0,"event_name":"Scrap Ooze","player_choice":"Success","floor":11.0,"gold_loss":0.0,"damage_taken":7.0,"relics_obtained":["Juzu Bracelet"]},{"damage_healed":0.0,"max_hp_gain":0.0,"max_hp_loss":6.0,"gold_gain":0.0,"event_name":"Golden Idol","player_choice":"Lose Max HP","floor":13.0,"gold_loss":0.0,"damage_taken":0.0,"relics_obtained":["Golden Idol"]},{"damage_healed":0,"gold_gain":0,"player_choice":"Ignored","damage_taken":0,"max_hp_gain":0,"max_hp_loss":0,"event_name":"Vampires","floor":19,"gold_loss":0},{"damage_healed":0,"gold_gain":0,"player_choice":"Opened","damage_taken":0,"relics_obtained":["Regal Pillow"],"max_hp_gain":0,"max_hp_loss":0,"event_name":"The Mausoleum","floor":20,"gold_loss":0}],"is_beta":false,"boss_relics":[{"not_picked":["Cursed Key","Runic Pyramid"],"picked":"SacredBark"}],"items_purged_floors":[],"is_endless":false,"potions_floor_spawned":[3,6,7,21],"killed_by":"Cultist and Chosen","ascension_level":0}}