{"host":"sgwqwgbtco1nn2mb","time":1609333012,"event":{"mods":["ATMod(°¢èªMod)","Act Like it!","BaseMod","Gensokyo","KinomotoSakuraMod(Ä¾Ö®±¾Ó£)","Lobotomy","LobotomyExtend","Marisa£¨ìFÓê¡¡Ä§ÀíÉ³£©","Minty Spire (QoL Compilation)","MostiFishMod","Quick Restart","Replay The Spire","RumiaBox-Â¶Ã×æ«µÄÉñÃØºÐ×Ó","StSLib","¡¾¹¦ÄÜMod¡¿»ìãçÖ®»·ÐÞ¸´²¹¶¡","¡¾ÒÅÎï¿¨ÅÆ¡¿REMEMod"],"gold_per_floor":[115,290,290,300,300,300,333,333,358,412,443,428,356,351,351,412,412,412,412,460,460,460,460,518,481,481,481,481,481,481,485,485,362,362,402,402,315,315,200,200,167,67,67,113,113,113,155,175,175,29,29],"floor_reached":52,"playtime":3743,"items_purged":["Doubt","Backstab","AT_DiedThrough","ClowCardTheSong","ClowCardTheBubbles","ClowCardTheFight"],"score":1083,"play_id":"8e075977-d277-43da-a216-0d0280ba818c","local_time":"20201230205652","is_ascension_mode":true,"campfire_choices":[{"data":"SpellCardSeal","floor":6.0,"key":"SMITH"},{"floor":15.0,"key":"REST"},{"data":"REME_AllRoundStrike","floor":23.0,"key":"SMITH"},{"data":"ClowCardTheMove","floor":27,"key":"SMITH"},{"floor":32,"key":"REST"},{"data":"ClowCardTheMist","floor":40,"key":"SMITH"},{"floor":45,"key":"REST"},{"data":"ClowCardTheSword","floor":49,"key":"SMITH"}],"circlet_count":0,"master_deck":["SakuraCardTheJump+","SakuraCardTheLight+","ClowCardTheSword+1","ClowCardTheSword","ClowCardTheSword","ClowCardTheSword","ClowCardTheShield","ClowCardTheShield","ClowCardTheShield+1","ClowCardTheShield","SpellCardSeal+1","SpellCardRelease","ClowCardTheMist+1","ClowCardTheJump","REME_AllRoundStrike+1","ClowCardTheMove+1","ClowCardTheFly","Midas Touch+1","ClowCardTheArrow","ClowCardTheBubbles+1","ClowCardTheFlower+1","ClowCardTheThrough+1","ClowCardTheWood+1","ClowCardTheFly","ClowCardTheSweet","ClowCardTheSweet+1"],"relics":["KSMOD_SealedBook","KSMOD_StarWand","DaveBox","AT_ATBox","REME_ComplimentaryCards","DiscerningMonocle","NeowsBlessing","SynthV:TestCard","LetterFromLob","Kunai","Lantern","Lee\u0027s Waffle","KSMOD_TouyasBicycle","Replay:Bandana","REME_OnlineShoppingPlatform","AT_GuinsooRageblade","Toy Ornithopter","Singing Bowl","AT_ChloranthyRing","ReplayTheSpireMod:DimensionalGlitch","MutagenicStrength","Meat on the Bone","Replay:Rubber Ducky","Strange Spoon","GodSword7","ClockworkSouvenir","Art of War","AT_PhaseBoots","Replay:Bottled Snecko","MagicDraw3","OriginationStaff","Frozen Eye","CatCart","KSMOD_Yue","Thread and Needle","Unceasing Top","Ancient Tea Set","ReplayTheSpireMod:TigerMarble","Guide Book","Bottled Flame"],"acts_visited":["Exordium","TheCity","TheBeyond"],"potions_floor_usage":[25,25,25,25,31,31,33,33,33,33,33,33,33,33,33,33,33,33,33,33,33,37,37,37,37,37,37,39,39,39,39,39,39,39,39,39,41,41,41,41,41,42,42,42,42,42,42,42,42,42,48,48,50,50,50,50,50,50,50,50,50,50,50,50],"damage_taken":[{"damage":0.0,"enemies":"Small Slimes","floor":1.0,"turns":1.0},{"damage":0.0,"enemies":"Jaw Worm","floor":4.0,"turns":1.0},{"damage":0.0,"enemies":"3 Sentries","floor":7.0,"turns":1.0},{"damage":24.0,"enemies":"Replay:BlueRogue","floor":10.0,"turns":5.0},{"damage":15.0,"enemies":"Cultist","floor":11.0,"turns":4.0},{"damage":11.0,"enemies":"Blue Slaver","floor":12.0,"turns":1.0},{"damage":46.0,"enemies":"Lagavulin","floor":13.0,"turns":7.0},{"damage":8.0,"enemies":"Exordium Wildlife","floor":14.0,"turns":2.0},{"damage":56.0,"enemies":"Fading Forest","floor":16.0,"turns":11.0},{"damage":22.0,"enemies":"Spheric Guardian","floor":20.0,"turns":4.0},{"damage":22.0,"enemies":"3 Byrds","floor":24.0,"turns":6.0},{"damage":93,"enemies":"Centurion and Healer","floor":25,"turns":10},{"damage":8,"enemies":"Sentry and Sphere","floor":31,"turns":3},{"damage":0,"enemies":"Pondfish","floor":33,"turns":8},{"damage":89,"enemies":"3 Shapes","floor":35,"turns":6},{"damage":11,"enemies":"Orb Walker","floor":37,"turns":2},{"damage":0,"enemies":"Orin","floor":39,"turns":9},{"damage":11,"enemies":"2 Orb Walkers","floor":41,"turns":2},{"damage":55,"enemies":"Reptomancer","floor":42,"turns":5},{"damage":15,"enemies":"Maw","floor":44,"turns":6},{"damage":0,"enemies":"3 Darklings","floor":47,"turns":1},{"damage":6,"enemies":"4 Shapes","floor":48,"turns":5},{"damage":0,"enemies":"Donu and Deca","floor":50,"turns":3}],"seed_played":"7552333859490561917","potions_obtained":[{"floor":4.0,"key":"BlessingOfTheForge"}],"is_trial":false,"path_per_floor":["M","?","?","M","$","R","E","$","T","E","M","M","E","M","R","B",null,"M","?","M","?","$","R","M","M","T","R","?","$","?","M","R","B",null,"M","?","M","$","?","R","?","E","T","M","R","$","M","M","R","B",null,null],"character_chosen":"KINOMOTOSAKURA","items_purchased":["Kunai","Lantern","Lee\u0027s Waffle","Fruit Juice","Energy Potion","SpeedPotion","REME_AllRoundStrike","ClowCardTheMove","AT_PowerWithin","Replay:Bandana","REME_OnlineShoppingPlatform","AT_GuinsooRageblade","ClowCardTheBubbles","Meat on the Bone","Replay:Rubber Ducky","Strange Spoon","Midas Touch","ClowCardTheArrow","ClockworkSouvenir","Art of War","AT_SpeedBoots","MagicDraw3","OriginationStaff","Frozen Eye","ReplayTheSpireMod:TigerMarble","Guide Book","Bottled Flame","ClowCardTheFly","ClowCardTheSweet"],"campfire_rested":3,"item_purchase_floors":[5,5,5,5,5,5,5,5,5,8,8,8,8,22,22,22,22,22,29,29,29,38,38,38,46,46,46,46,46],"current_hp_per_floor":[70,70,70,70,82,82,82,82,82,60,45,46,32,34,60,53,93,93,93,74,95,95,95,73,21,21,21,21,21,21,27,57,102,102,22,22,38,38,65,65,71,53,53,45,78,78,81,93,93,125,125],"gold":29,"neow_bonus":"THREE_ENEMY_KILL","is_daily":false,"chose_seed":false,"campfire_upgraded":5,"win_rate":0.0,"timestamp":1609333012,"path_taken":["M","?","?","M","$","R","E","$","T","E","M","M","E","M","R","BOSS","M","?","M","?","$","R","M","?","T","R","?","$","?","M","R","BOSS","M","?","?","$","?","R","?","E","T","M","R","$","M","M","R","BOSS"],"items_purchased_type":["Relic","Card","Relic","Potion","Potion","Potion","Card","Card","Card","Relic","Relic","Relic","Card","Relic","Relic","Relic","Card","Card","Relic","Relic","Relic","Relic","Relic","Relic","Relic","Relic","Relic","Card","Card"],"build_version":"2020-12-22","purchased_purges":6,"victory":true,"max_hp_per_floor":[70,70,70,70,82,82,82,82,82,84,84,86,88,88,88,93,93,93,93,95,95,95,95,95,100,100,100,100,100,100,102,102,102,102,104,104,109,109,109,109,111,113,113,113,113,113,113,115,115,125,125],"card_choices":[{"not_picked":["ClowCardTheWatery","ClowCardTheFreeze"],"picked":"ClowCardTheMist","floor":1.0},{"not_picked":["ClowCardTheErase","ClowCardTheMirror","ClowCardTheVoice","ClowCardTheRain"],"picked":"ClowCardTheJump","floor":4.0},{"not_picked":["ClowCardTheDream","ClowCardThePower","ClowCardTheMirror","ClowCardTheSweet"],"picked":"ClowCardTheSong","floor":7.0},{"not_picked":["ClowCardTheWood","ClowCardTheShadow","ClowCardTheErase","ClowCardTheMirror","ClowCardTheSilent"],"picked":"Singing Bowl","floor":10.0},{"not_picked":["ClowCardTheBig","ClowCardTheIllusion","ClowCardTheMaze","ClowCardTheMist"],"picked":"ClowCardTheLight","floor":11.0},{"not_picked":["ClowCardTheSand","ClowCardTheCloud","ClowCardTheMist","ClowCardTheGlow","ClowCardTheVoice"],"picked":"Singing Bowl","floor":12.0},{"not_picked":["ClowCardTheWatery","ClowCardTheSnow","ClowCardTheSong","ClowCardTheDream","ClowCardTheCloud"],"picked":"Singing Bowl","floor":13.0},{"not_picked":["ClowCardTheTime","ClowCardTheLoop","ClowCardTheShot","ClowCardTheMove"],"picked":"ClowCardTheFly","floor":14.0},{"not_picked":["ClowCardTheThrough","ClowCardTheLight","ClowCardTheCreate","ClowCardTheDash"],"picked":"ClowCardTheFight","floor":16.0},{"not_picked":["ClowCardTheWood","ClowCardThePower+1","ClowCardTheLock+1","ClowCardTheSilent","ClowCardTheRain"],"picked":"Singing Bowl","floor":20.0},{"not_picked":["ClowCardTheCloud+1","ClowCardThePower","ClowCardTheFlower","ClowCardTheWave"],"picked":"ClowCardTheBubbles+1","floor":24.0},{"not_picked":["ClowCardTheLoop","ClowCardTheVoice","ClowCardTheWindy+1","ClowCardTheMirror"],"picked":"ClowCardTheJump+1","floor":25},{"not_picked":["ClowCardTheWatery","ClowCardTheEarthy","ClowCardTheShot","ClowCardTheVoice","ClowCardTheTime"],"picked":"Singing Bowl","floor":31},{"not_picked":["ClowCardTheLight","ClowCardTheReturn","ClowCardTheTime","ClowCardTheFight"],"picked":"ClowCardTheCreate","floor":33},{"not_picked":["ClowCardThePower+1","ClowCardTheGlow","ClowCardTheSilent","ClowCardTheWindy","ClowCardTheSong"],"picked":"Singing Bowl","floor":35},{"not_picked":["ClowCardTheMaze+1","ClowCardTheChange+1","ClowCardTheDream+1","ClowCardTheGlow"],"picked":"ClowCardTheFlower+1","floor":37},{"not_picked":["ClowCardTheErase","ClowCardThePower","ClowCardTheIllusion","ClowCardTheCloud+1"],"picked":"ClowCardTheThrough","floor":39},{"not_picked":["ClowCardTheSleep+1","ClowCardTheFloat","ClowCardTheMist","ClowCardTheStorm","ClowCardTheArrow+1"],"picked":"Singing Bowl","floor":41},{"not_picked":["ClowCardTheLock+1","ClowCardTheVoice+1","ClowCardTheMove","ClowCardTheFight","ClowCardTheSand+1"],"picked":"Singing Bowl","floor":42},{"not_picked":["ClowCardTheDream","ClowCardThePower","ClowCardTheFirey+1","ClowCardTheVoice+1"],"picked":"ClowCardTheWood+1","floor":44},{"not_picked":["ClowCardTheSleep","ClowCardTheRain","ClowCardTheGlow+1","ClowCardTheFirey"],"picked":"ClowCardTheSweet+1","floor":47},{"not_picked":["ClowCardTheFight","ClowCardTheIllusion","ClowCardTheLock+1","ClowCardTheMirror","ClowCardTheMist+1"],"picked":"Singing Bowl","floor":48}],"player_experience":499325,"relics_obtained":[{"floor":1.0,"key":"SynthV:TestCard"},{"floor":4.0,"key":"LetterFromLob"},{"floor":7.0,"key":"KSMOD_TouyasBicycle"},{"floor":9.0,"key":"Toy Ornithopter"},{"floor":10.0,"key":"Singing Bowl"},{"floor":13.0,"key":"AT_ChloranthyRing"},{"floor":26,"key":"GodSword7"},{"floor":37,"key":"Replay:Bottled Snecko"},{"floor":39,"key":"CatCart"},{"floor":39,"key":"KSMOD_Yue"},{"floor":41,"key":"Thread and Needle"},{"floor":42,"key":"Unceasing Top"},{"floor":43,"key":"Ancient Tea Set"}],"event_choices":[{"damage_healed":0.0,"max_hp_gain":0.0,"max_hp_loss":0.0,"gold_gain":175.0,"event_name":"Liars Game","player_choice":"AGREE","floor":2.0,"gold_loss":0.0,"damage_taken":0.0,"cards_obtained":["Doubt"]},{"damage_healed":0.0,"max_hp_gain":0.0,"max_hp_loss":0.0,"gold_gain":0.0,"event_name":"Drug Dealer","player_choice":"Inject Mutagens","floor":19.0,"gold_loss":0.0,"damage_taken":0.0,"relics_obtained":["MutagenicStrength"]},{"cards_removed":["AT_PowerWithin"],"damage_healed":21.0,"max_hp_gain":0.0,"max_hp_loss":0.0,"gold_gain":0.0,"event_name":"Bonfire Elementals","player_choice":"Offered Uncommon","floor":21.0,"gold_loss":0.0,"damage_taken":0.0},{"damage_healed":0,"gold_gain":0,"player_choice":"Bought 0 Potions","damage_taken":0,"max_hp_gain":0,"max_hp_loss":0,"event_name":"The Woman in Blue","floor":30,"gold_loss":0},{"damage_healed":0,"gold_gain":0,"player_choice":"Copied","damage_taken":0,"max_hp_gain":0,"max_hp_loss":0,"event_name":"Duplicator","floor":36,"gold_loss":0,"cards_obtained":["ClowCardTheCreate"]},{"damage_healed":0,"gold_gain":0,"player_choice":"Fight","damage_taken":0,"max_hp_gain":0,"max_hp_loss":0,"event_name":"OrinTheCat","floor":39,"gold_loss":0},{"damage_healed":0,"gold_gain":0,"player_choice":"Fight","damage_taken":0,"max_hp_gain":0,"max_hp_loss":0,"event_name":"Mysterious Sphere","floor":41,"gold_loss":0}],"is_beta":false,"boss_relics":[{"not_picked":["TimeKeys","AddBug"],"picked":"ReplayTheSpireMod:DimensionalGlitch"},{"not_picked":["Sozu","MoonlightInvasionPlan"],"picked":"KSMOD_StarWand"}],"items_purged_floors":[5,8,22,29,38,46],"is_endless":false,"potions_floor_spawned":[4,11,16,24,25,35,39,42,47],"ascension_level":4}}