{"host":"sav7uxregyirlf69","time":1609301890,"event":{"mods":["AchievementEnabler","BaseMod","Colored Map","DeckTracker","Keyboard Shortcuts","Minty Spire (QoL Compilation)","READ ME - Guardian Mod","StSLib","SuperFastMode"],"gold_per_floor":[117,117,192,20,20,63,87,87,87,101,101,101,116,150,150,246,246,265,265,190,217,217,217,47,80,132,145,145,145,181,205,205,205,205],"floor_reached":33,"playtime":646,"items_purged":["Defend_G"],"score":728,"play_id":"f81253db-7e23-4702-900e-71dd0edc5d71","local_time":"20201230131810","is_ascension_mode":true,"campfire_choices":[{"data":"Cloak And Dagger","floor":8,"key":"SMITH"},{"data":"Neutralize","floor":12,"key":"SMITH"},{"data":"Deadly Poison","floor":15,"key":"SMITH"},{"data":"Corpse Explosion","floor":23,"key":"SMITH"},{"data":"Tactician","floor":29,"key":"SMITH"},{"data":"Leg Sweep","floor":32,"key":"SMITH"}],"circlet_count":0,"master_deck":["AscendersBane","Strike_G","Strike_G","Defend_G","Defend_G","Defend_G","Defend_G","Survivor","Neutralize+1","Cloak And Dagger+1","Leg Sweep+1","Poisoned Stab","Flechettes","Deadly Poison+1","Deadly Poison","Corpse Explosion+1","Backflip","Deflect","Slice","Flash of Steel","Calculated Gamble","Tactician+1","Acrobatics","PiercingWail"],"relics":["Ring of the Snake","NeowsBlessing","Golden Idol","TheAbacus","Boot","Meat on the Bone","Juzu Bracelet","Coffee Dripper","MealTicket","Tiny Chest","Smiling Mask"],"acts_visited":["Exordium","TheCity"],"potions_floor_usage":[10,13,16,31,33],"damage_taken":[{"damage":0,"enemies":"Jaw Worm","floor":1,"turns":1},{"damage":0,"enemies":"Lagavulin","floor":6,"turns":1},{"damage":0,"enemies":"2 Louse","floor":7,"turns":1},{"damage":0,"enemies":"Small Slimes","floor":10,"turns":4},{"damage":12,"enemies":"Exordium Wildlife","floor":13,"turns":4},{"damage":37,"enemies":"Gremlin Nob","floor":14,"turns":5},{"damage":1,"enemies":"The Guardian","floor":16,"turns":9},{"damage":1,"enemies":"3 Byrds","floor":18,"turns":4},{"damage":35,"enemies":"Slavers","floor":25,"turns":6},{"damage":5,"enemies":"2 Thieves","floor":27,"turns":3},{"damage":0,"enemies":"Gremlin Leader","floor":30,"turns":6},{"damage":23,"enemies":"Shelled Parasite and Fungi","floor":31,"turns":6},{"damage":33,"enemies":"Automaton","floor":33,"turns":8}],"seed_played":"420831086135571204","potions_obtained":[{"floor":1,"key":"Fruit Juice"},{"floor":7,"key":"Regen Potion"},{"floor":10,"key":"SkillPotion"},{"floor":14,"key":"GhostInAJar"},{"floor":18,"key":"LiquidMemories"}],"is_trial":false,"path_per_floor":["M","?","?","$","?","E","M","R","T","M","?","R","M","E","R","B",null,"M","?","?","T","?","R","$","E","T","M","?","R","E","M","R","B"],"character_chosen":"THE_SILENT","items_purchased":["TheAbacus","Flash of Steel"],"campfire_rested":0,"item_purchase_floors":[4,24],"current_hp_per_floor":[59,36,25,25,30,30,30,30,30,47,47,47,47,22,22,48,69,68,68,68,68,68,68,68,45,45,40,40,40,40,29,29,0,0],"gold":205,"neow_bonus":"THREE_ENEMY_KILL","is_daily":false,"chose_seed":false,"campfire_upgraded":6,"win_rate":0.0,"timestamp":1609301890,"path_taken":["M","?","?","$","?","E","M","R","T","M","?","R","M","E","R","BOSS","M","?","?","?","?","R","$","E","T","M","?","R","E","M","R","BOSS"],"items_purchased_type":["Relic","Card"],"build_version":"2020-12-22","purchased_purges":1,"victory":false,"max_hp_per_floor":[66,66,66,66,71,71,71,71,71,76,76,76,76,76,76,76,76,76,76,76,76,76,76,76,76,76,76,76,76,76,76,76,76,76],"card_choices":[{"not_picked":["All Out Attack","Finisher"],"picked":"Cloak And Dagger","floor":1},{"not_picked":["PiercingWail","Outmaneuver"],"picked":"Leg Sweep","floor":6},{"not_picked":["Dodge and Roll","Bane"],"picked":"Poisoned Stab","floor":7},{"not_picked":["Deadly Poison","Backstab"],"picked":"Flechettes","floor":10},{"not_picked":["Masterful Stab","Escape Plan"],"picked":"Deadly Poison","floor":13},{"not_picked":["Bane","PiercingWail"],"picked":"Deadly Poison","floor":14},{"not_picked":["Doppelganger","Tools of the Trade"],"picked":"Corpse Explosion","floor":16},{"not_picked":["Outmaneuver","Deflect"],"picked":"Backflip","floor":18},{"not_picked":["Flying Knee","Bouncing Flask"],"picked":"Calculated Gamble","floor":25},{"not_picked":["Sucker Punch","Calculated Gamble","Cloak And Dagger"],"picked":"SKIP","floor":27},{"not_picked":["Setup","Deflect"],"picked":"Acrobatics","floor":30},{"not_picked":["Infinite Blades","Phantasmal Killer"],"picked":"PiercingWail","floor":31}],"player_experience":1064697,"relics_obtained":[{"floor":6,"key":"Boot"},{"floor":9,"key":"Meat on the Bone"},{"floor":14,"key":"Juzu Bracelet"},{"floor":25,"key":"MealTicket"},{"floor":26,"key":"Tiny Chest"},{"floor":30,"key":"Smiling Mask"}],"event_choices":[{"damage_healed":0,"gold_gain":0,"player_choice":"Take Damage","damage_taken":23,"relics_obtained":["Golden Idol"],"max_hp_gain":0,"max_hp_loss":0,"event_name":"Golden Idol","floor":2,"gold_loss":0},{"damage_healed":0,"gold_gain":75,"player_choice":"Gather Gold","damage_taken":11,"max_hp_gain":0,"max_hp_loss":0,"event_name":"World of Goop","floor":3,"gold_loss":0},{"damage_healed":0,"gold_gain":0,"player_choice":"Donut","damage_taken":0,"max_hp_gain":5,"max_hp_loss":0,"event_name":"Big Fish","floor":5,"gold_loss":0},{"damage_healed":0,"gold_gain":0,"player_choice":"Ignored","damage_taken":0,"max_hp_gain":0,"max_hp_loss":0,"event_name":"Liars Game","floor":11,"gold_loss":0},{"damage_healed":0,"gold_gain":0,"cards_transformed":["Strike_G","Strike_G"],"player_choice":"Became Test Subject","damage_taken":0,"max_hp_gain":0,"max_hp_loss":0,"event_name":"Drug Dealer","floor":19,"gold_loss":0,"cards_obtained":["Deflect","Slice"]},{"cards_removed":["Strike_G"],"damage_healed":0,"gold_gain":0,"player_choice":"Gave Gold","damage_taken":0,"max_hp_gain":0,"max_hp_loss":0,"event_name":"Beggar","floor":20,"gold_loss":75},{"damage_healed":0,"gold_gain":0,"player_choice":"Ignored","damage_taken":0,"max_hp_gain":0,"max_hp_loss":0,"event_name":"Ghosts","floor":22,"gold_loss":0},{"damage_healed":0,"gold_gain":0,"player_choice":"Read","damage_taken":0,"max_hp_gain":0,"max_hp_loss":0,"event_name":"The Library","floor":28,"gold_loss":0,"cards_obtained":["Tactician"]}],"is_beta":false,"boss_relics":[{"not_picked":["Ectoplasm","Snecko Eye"],"picked":"Coffee Dripper"}],"items_purged_floors":[24],"is_endless":false,"potions_floor_spawned":[1,7,10,14,18,25],"killed_by":"Automaton","ascension_level":20}}