{"host":"cm56dopeulr50jn0","time":1609368699,"event":{"mods":["BaseMod","Bestiary","Better Match","Better Third Choice","Downfall","Minty Spire (QoL Compilation)","Relic Stats","StSLib"],"gold_per_floor":[114,132,132,142,158,258,258,287,305,322,422,422,439,467,467,568,568,568,568,568,568,568,568,568,568,568,31,31,31,31,31,31,31,31,31,31,31,31,16,16,16,16,16,16,16,16,16,16,16,16,16,16,16,16,16],"floor_reached":56,"playtime":4655,"items_purged":[],"score":1420,"play_id":"f78b49c6-bdbf-4815-8038-a98615492fe2","local_time":"20201230145139","is_ascension_mode":true,"campfire_choices":[{"data":"champ:PerfectedStrike","floor":12,"key":"SMITH"},{"floor":15,"key":"REST"},{"floor":23,"key":"REST"},{"data":"champ:StrikeOfGenius","floor":26,"key":"SMITH"},{"floor":32,"key":"REST"},{"floor":40,"key":"RECALL"},{"data":"champ:PerfectForm","floor":45,"key":"SMITH"},{"floor":47,"key":"REST"},{"data":"expansioncontent:StudyTheSpire","floor":49,"key":"SMITH"},{"data":"champ:CrookedStrike","floor":54,"key":"SMITH"}],"circlet_count":0,"master_deck":["champ:Strike","champ:Strike","champ:Strike","champ:Defend","champ:Defend","champ:Defend","champ:Defend","champ:Execute","champ:Taunt","champ:CrookedStrike+1","champ:BringItOn","champ:PerfectedStrike+1","champ:PerfectedStrike+1","champ:Backstep","champ:EnchantSword","champ:PerfectedStrike","champ:Aggression+1","champ:GladiatorsShout+1","champ:StrikeOfGenius+1","champ:Improvising","champ:BerserkersShout+1","champ:StanceDance+1","champ:SwordSigil+1","champ:DefensiveShout+1","champ:RapidStrikes","expansioncontent:StudyTheSpire+1","champ:Backstep+1","champ:PerfectForm+1","CurseOfTheBell","champ:IronFortress+1","champ:RisingSlash+1","champ:HoldFirm+1","champ:RisingSlash+1"],"relics":["Runic Dome","InkBottle","Toxic Egg 2","Ancient Tea Set","Letter Opener","downfall:Hecktoplasm","Singing Bowl","downfall:HeartBlessingBlue","Bronze Scales","White Beast Statue","PreservedInsect","Calling Bell","Guardian:PocketSentry","Darkstone Periapt","WingedGreaves","Mercury Hourglass","Vajra","Turnip","downfall:HeartBlessingRed","TungstenRod","downfall:HeartBlessingGreen","StrikeDummy"],"acts_visited":["Exordium","TheCity","TheBeyond","TheEnding"],"potions_floor_usage":[25,30,38,55,55,55],"damage_taken":[{"damage":5,"enemies":"Cultist","floor":1,"turns":4},{"damage":0,"enemies":"2 Louse","floor":2,"turns":2},{"damage":6,"enemies":"Small Slimes","floor":4,"turns":3},{"damage":9,"enemies":"Exordium Thugs","floor":5,"turns":2},{"damage":31,"enemies":"downfall:Heads","floor":6,"turns":5},{"damage":9,"enemies":"Gremlin Nob","floor":8,"turns":3},{"damage":2,"enemies":"Large Slime","floor":9,"turns":4},{"damage":11,"enemies":"Exordium Wildlife","floor":10,"turns":2},{"damage":0,"enemies":"Large Slime","floor":13,"turns":2},{"damage":25,"enemies":"Lagavulin","floor":14,"turns":4},{"damage":29,"enemies":"downfall:Watcher","floor":16,"turns":5},{"damage":1,"enemies":"Shell Parasite","floor":18,"turns":4},{"damage":1,"enemies":"Snecko","floor":19,"turns":4},{"damage":36,"enemies":"Shelled Parasite and Fungi","floor":20,"turns":4},{"damage":44,"enemies":"Chosen and Byrds","floor":22,"turns":6},{"damage":31,"enemies":"Book of Stabbing","floor":25,"turns":6},{"damage":14,"enemies":"downfall:FleeingMerchant","floor":27,"turns":4},{"damage":28,"enemies":"Slavers","floor":29,"turns":4},{"damage":17,"enemies":"Snake Plant","floor":30,"turns":4},{"damage":52,"enemies":"downfall:Silent","floor":33,"turns":6},{"damage":20,"enemies":"3 Darklings","floor":35,"turns":4},{"damage":33,"enemies":"3 Shapes","floor":36,"turns":5},{"damage":41,"enemies":"Transient","floor":37,"turns":5},{"damage":25,"enemies":"Writhing Mass","floor":38,"turns":4},{"damage":20,"enemies":"downfall:FleeingMerchant","floor":39,"turns":4},{"damage":12,"enemies":"Spire Growth","floor":42,"turns":4},{"damage":12,"enemies":"2 Orb Walkers","floor":44,"turns":4},{"damage":40,"enemies":"Reptomancer","floor":46,"turns":4},{"damage":43,"enemies":"downfall:Ironclad","floor":50,"turns":6},{"damage":21,"enemies":"downfall:CharBossMerchant","floor":52,"turns":6},{"damage":85,"enemies":"downfall:NeowBoss","floor":55,"turns":18}],"seed_played":"417315204440657937","potions_obtained":[{"floor":2,"key":"Strength Potion"},{"floor":8,"key":"GamblersBrew"},{"floor":9,"key":"SpeedPotion"},{"floor":13,"key":"PowerPotion"},{"floor":22,"key":"DuplicationPotion"},{"floor":29,"key":"Block Potion"},{"floor":30,"key":"ColorlessPotion"},{"floor":36,"key":"Regen Potion"},{"floor":38,"key":"champ:OpenerPotion"},{"floor":42,"key":"EntropicBrew"}],"is_trial":false,"path_per_floor":["M","M","?","M","M","?","T","E","M","M","?","R","M","E","R","B",null,"M","M","M","?","M","R","T","E","R","$","T","E","M","?","R","B",null,"M","M","M","M","$","R","T","M","?","?","R","E","R","?","R","B",null,"E","$","R","B",null],"character_chosen":"THE_CHAMP","items_purchased":["champ:SwordSigil+1","champ:DefensiveShout+1","champ:RapidStrikes","Bronze Scales","expansioncontent:StudyTheSpire"],"campfire_rested":4,"item_purchase_floors":[27,27,27,27,27],"current_hp_per_floor":[90,90,90,89,85,69,69,65,63,57,57,57,57,37,64,48,90,89,88,61,61,28,55,55,41,51,53,53,38,35,35,66,44,106,94,88,88,83,83,83,83,85,85,75,75,62,96,96,96,101,114,116,116,116,116],"gold":16,"neow_bonus":"BOSS_RELIC","is_daily":false,"chose_seed":false,"campfire_upgraded":5,"win_rate":0.0,"timestamp":1609368699,"path_taken":["M","M","?","M","M","?","T","E","M","M","?","R","M","E","R","BOSS","M","M","M","?","M","R","T","E","R","$","?","E","M","?","R","BOSS","M","M","M","M","$","R","T","M","?","?","R","E","R","?","R","BOSS","E","$","R","BOSS"],"items_purchased_type":["Card","Card","Card","Relic","Card"],"build_version":"2020-12-22","purchased_purges":0,"victory":true,"max_hp_per_floor":[90,90,90,90,90,90,90,90,90,90,90,90,90,90,90,90,90,90,90,90,90,90,90,90,92,102,104,104,106,106,106,106,106,106,108,108,108,110,110,110,110,112,112,114,114,114,114,114,114,114,114,116,116,116,116],"relic_stats":{"Darkstone Periapt":0,"Singing Bowl":16,"counters":[31,140],"Bronze Scales":[172],"PreservedInsect":157,"Turnip":[2],"Letter Opener":[359],"obtain_stats":[{"Darkstone Periapt":34,"Singing Bowl":25,"downfall:HeartBlessingRed":45,"Vajra":43,"champ:ChampionCrown":0,"downfall:HeartBlessingGreen":47,"PreservedInsect":29,"Guardian:PocketSentry":34,"Letter Opener":14,"Ancient Tea Set":8,"White Beast Statue":28,"Mercury Hourglass":41,"Calling Bell":34,"Runic Dome":0,"downfall:HeartBlessingBlue":26,"Bronze Scales":27,"WingedGreaves":34,"Turnip":44,"downfall:Hecktoplasm":17,"Toxic Egg 2":7,"StrikeDummy":52,"InkBottle":3,"TungstenRod":46},{"Darkstone Periapt":20,"Singing Bowl":16,"downfall:HeartBlessingRed":27,"Vajra":26,"champ:ChampionCrown":0,"downfall:HeartBlessingGreen":28,"PreservedInsect":18,"Guardian:PocketSentry":20,"Letter Opener":10,"Ancient Tea Set":6,"White Beast Statue":17,"Mercury Hourglass":25,"Calling Bell":20,"Runic Dome":0,"downfall:HeartBlessingBlue":16,"Bronze Scales":17,"WingedGreaves":20,"Turnip":27,"downfall:Hecktoplasm":11,"Toxic Egg 2":5,"StrikeDummy":30,"InkBottle":2,"TungstenRod":28},{"Darkstone Periapt":78,"Singing Bowl":60,"downfall:HeartBlessingRed":106,"Vajra":103,"champ:ChampionCrown":0,"downfall:HeartBlessingGreen":110,"PreservedInsect":68,"Guardian:PocketSentry":78,"Letter Opener":31,"Ancient Tea Set":19,"White Beast Statue":64,"Mercury Hourglass":100,"Calling Bell":78,"Runic Dome":0,"downfall:HeartBlessingBlue":60,"Bronze Scales":64,"WingedGreaves":78,"Turnip":106,"downfall:Hecktoplasm":36,"Toxic Egg 2":16,"StrikeDummy":122,"InkBottle":6,"TungstenRod":110}],"InkBottle":[64],"TungstenRod":54,"Mercury Hourglass":[102]},"card_choices":[{"not_picked":["champ:Aggression","champ:ShieldSigil"],"picked":"champ:CrookedStrike","floor":1},{"not_picked":["champ:IronFortress","champ:FightOn"],"picked":"champ:BringItOn","floor":2},{"not_picked":["champ:AdrenalArmor","champ:BladeFlurry"],"picked":"champ:PerfectedStrike","floor":4},{"not_picked":["champ:CrookedStrike","champ:FocusedDefense"],"picked":"champ:PerfectedStrike","floor":5},{"not_picked":["champ:FightOn","champ:FlashCut"],"picked":"champ:Backstep","floor":6},{"not_picked":["champ:RisingSlash","champ:Balance+1"],"picked":"champ:PerfectedStrike","floor":8},{"not_picked":["champ:BerserkerStyle","champ:TornadoPunch"],"picked":"champ:Aggression+1","floor":9},{"not_picked":["champ:Circumvent+1","champ:Devastate"],"picked":"champ:GladiatorsShout+1","floor":10},{"not_picked":["champ:RecklessLeap","champ:FlashCut","champ:GutPunch"],"picked":"SKIP","floor":13},{"not_picked":["champ:BerserkerStyle","champ:HeartStrike"],"picked":"champ:StrikeOfGenius","floor":14},{"not_picked":["champ:Devastate","champ:MurderStrike"],"picked":"champ:Improvising","floor":16},{"not_picked":["champ:BringItOn+1","champ:HeartStrike+1","champ:SkillfulDodge+1"],"picked":"SKIP","floor":18},{"not_picked":["champ:Backstep+1","champ:EndlessRage+1"],"picked":"champ:BerserkersShout+1","floor":19},{"not_picked":["champ:Encircle","champ:BladeFlurry+1"],"picked":"champ:StanceDance+1","floor":20},{"not_picked":["champ:Haymaker","champ:GladiatorsShout+1","champ:BladeFlurry"],"picked":"SKIP","floor":22},{"not_picked":["champ:EnGarde+1","champ:Duel","champ:ViciousMockery+1"],"picked":"Singing Bowl","floor":25},{"not_picked":["champ:ShieldSigil+1","champ:BerserkersShout+1","champ:BerserkerStyle"],"picked":"Singing Bowl","floor":27},{"not_picked":["champ:BringItOn+1","champ:Haymaker","champ:SwordThrow"],"picked":"Singing Bowl","floor":29},{"not_picked":["champ:FanOfKnives","champ:BladeFlurry"],"picked":"champ:Backstep+1","floor":30},{"not_picked":["champ:StrikeOfGenius","champ:CheapShot"],"picked":"champ:PerfectForm","floor":33},{"not_picked":["champ:FanOfKnives+1","champ:BladeFlurry","champ:FaceSlap"],"picked":"Singing Bowl","floor":35},{"not_picked":["champ:ShieldWall+1","champ:BladeFlurry+1"],"picked":"champ:IronFortress+1","floor":36},{"not_picked":["champ:ShieldThrow","champ:Shatter"],"picked":"champ:RisingSlash+1","floor":37},{"not_picked":["champ:DeathBlow","champ:RageSigil+1","champ:Circumvent+1"],"picked":"Singing Bowl","floor":38},{"not_picked":["champ:CrookedStrike","champ:AdrenalArmor+1"],"picked":"champ:HoldFirm+1","floor":39},{"not_picked":["champ:FaceSlap+1","champ:GladiatorsShout+1","champ:BringItOn+1"],"picked":"Singing Bowl","floor":42},{"not_picked":["champ:StanceDance+1","champ:GladiatorsShout+1","champ:Encircle"],"picked":"Singing Bowl","floor":44},{"not_picked":["champ:SteelEdge","champ:BringItOn+1"],"picked":"champ:RisingSlash+1","floor":46},{"not_picked":["champ:BringItOn+1","champ:AdrenalArmor+1","champ:Backstep+1"],"picked":"Singing Bowl","floor":52}],"player_experience":1399302,"relics_obtained":[{"floor":7,"key":"Toxic Egg 2"},{"floor":8,"key":"Ancient Tea Set"},{"floor":14,"key":"Letter Opener"},{"floor":25,"key":"Singing Bowl"},{"floor":28,"key":"White Beast Statue"},{"floor":29,"key":"PreservedInsect"},{"floor":34,"key":"Guardian:PocketSentry"},{"floor":34,"key":"Darkstone Periapt"},{"floor":34,"key":"WingedGreaves"},{"floor":41,"key":"Mercury Hourglass"},{"floor":43,"key":"Vajra"},{"floor":44,"key":"Turnip"},{"floor":46,"key":"TungstenRod"},{"floor":52,"key":"StrikeDummy"}],"event_choices":[{"damage_healed":0,"gold_gain":0,"player_choice":"Box","damage_taken":0,"relics_obtained":["InkBottle"],"max_hp_gain":0,"max_hp_loss":0,"event_name":"Big Fish","floor":3,"gold_loss":0,"cards_obtained":["Regret"]},{"damage_healed":0,"gold_gain":0,"player_choice":"Fight","damage_taken":0,"max_hp_gain":0,"max_hp_loss":0,"event_name":"Mysterious Sphere","floor":44,"gold_loss":0}],"is_beta":false,"boss_relics":[{"not_picked":["Tiny House","SacredBark"],"picked":"downfall:Hecktoplasm"},{"not_picked":["Runic Pyramid","Cursed Key"],"picked":"Calling Bell"}],"items_purged_floors":[],"is_endless":false,"potions_floor_spawned":[2,8,9,13,16,22,29,30,33,35,36,37,38,39,42,44,46,52],"ascension_level":4}}