{"host":"y76clbnovzmw9ubx","time":1609346398,"event":{"mods":["AchievementEnabler","BaseMod","Minty Spire (QoL Compilation)","Permanent Neow","Relic Stats"],"gold_per_floor":[111,122,135,151,171,171,204,219,245,245,276,276,276,289,289,363,363,283,317,333,352,352,352,385,385,466,466,478,478,478],"floor_reached":29,"playtime":2299,"items_purged":[],"score":510,"play_id":"e94d5528-0cf6-4bae-b6f0-9495f9d2dfa8","local_time":"20201230113958","is_ascension_mode":true,"campfire_choices":[{"data":"Caltrops","floor":6,"key":"SMITH"},{"data":"Caltrops","floor":12,"key":"SMITH"},{"data":"Blur","floor":15,"key":"SMITH"},{"data":"Footwork","floor":23,"key":"SMITH"},{"data":"Wraith Form v2","floor":25,"key":"SMITH"},{"data":"Backflip","floor":27,"key":"SMITH"}],"circlet_count":0,"master_deck":["AscendersBane","Strike_G","Strike_G","Strike_G","Strike_G","Strike_G","Defend_G","Defend_G","Defend_G","Defend_G","Defend_G","Survivor","Neutralize+1","Caltrops+1","Caltrops+1","All Out Attack","Backstab","Backflip+1","PiercingWail","Crippling Poison","Blur+1","Bullet Time","Cloak And Dagger","Dagger Spray+1","Footwork+1","Decay","Wraith Form v2+1","Noxious Fumes"],"relics":["Ring of the Snake","Meat on the Bone","Smiling Mask","Coffee Dripper","Red Mask","Centennial Puzzle","Gremlin Horn"],"acts_visited":["Exordium","TheCity"],"potions_floor_usage":[7,16,19,24,28,29],"damage_taken":[{"damage":1,"enemies":"Cultist","floor":1,"turns":4},{"damage":0,"enemies":"Jaw Worm","floor":2,"turns":6},{"damage":4,"enemies":"2 Louse","floor":3,"turns":4},{"damage":0,"enemies":"Blue Slaver","floor":4,"turns":5},{"damage":6,"enemies":"Exordium Wildlife","floor":5,"turns":3},{"damage":25,"enemies":"Gremlin Nob","floor":7,"turns":5},{"damage":0,"enemies":"3 Louse","floor":8,"turns":3},{"damage":22,"enemies":"3 Sentries","floor":11,"turns":6},{"damage":7,"enemies":"Looter","floor":14,"turns":4},{"damage":5,"enemies":"Hexaghost","floor":16,"turns":10},{"damage":15,"enemies":"2 Thieves","floor":18,"turns":4},{"damage":21,"enemies":"Masked Bandits","floor":19,"turns":5},{"damage":2,"enemies":"Chosen","floor":20,"turns":6},{"damage":14,"enemies":"Centurion and Healer","floor":21,"turns":11},{"damage":33,"enemies":"Slavers","floor":24,"turns":4},{"damage":11,"enemies":"Snake Plant","floor":28,"turns":5},{"damage":51,"enemies":"Gremlin Leader","floor":29,"turns":8}],"seed_played":"-7267253879418254102","potions_obtained":[{"floor":1,"key":"Explosive Potion"},{"floor":4,"key":"SpeedPotion"},{"floor":5,"key":"Ancient Potion"},{"floor":11,"key":"FearPotion"},{"floor":16,"key":"CultistPotion"},{"floor":20,"key":"Block Potion"},{"floor":24,"key":"Regen Potion"},{"floor":28,"key":"SkillPotion"}],"is_trial":false,"path_per_floor":["M","M","M","M","M","R","E","M","T","?","E","R","?","M","R","B",null,"M","?","M","M","?","R","E","R","T","R","M","E"],"character_chosen":"THE_SILENT","items_purchased":[],"campfire_rested":0,"item_purchase_floors":[],"current_hp_per_floor":[58,58,54,54,48,48,23,35,35,35,25,25,25,30,30,37,59,44,35,45,43,43,43,22,22,22,22,38,0,0],"gold":478,"neow_bonus":"UPGRADE_CARD","is_daily":false,"chose_seed":false,"campfire_upgraded":6,"win_rate":0.0,"timestamp":1609346398,"path_taken":["M","?","M","M","M","R","E","M","T","?","E","R","?","M","R","BOSS","M","?","M","M","?","R","E","R","T","R","M","E"],"items_purchased_type":[],"build_version":"2020-12-22","purchased_purges":0,"victory":false,"max_hp_per_floor":[66,66,66,66,66,66,66,66,66,66,66,66,66,66,66,66,66,66,66,66,66,66,66,66,66,66,66,66,66,66],"relic_stats":{"Centennial Puzzle":[6],"Gremlin Horn":[7,7],"counters":[17,93],"Smiling Mask":0,"obtain_stats":[{"Centennial Puzzle":24,"Gremlin Horn":26,"Coffee Dripper":17,"Red Mask":19,"Smiling Mask":11,"Ring of the Snake":0,"Meat on the Bone":7},{"Centennial Puzzle":15,"Gremlin Horn":15,"Coffee Dripper":10,"Red Mask":12,"Smiling Mask":8,"Ring of the Snake":0,"Meat on the Bone":6},{"Centennial Puzzle":80,"Gremlin Horn":80,"Coffee Dripper":50,"Red Mask":59,"Smiling Mask":36,"Ring of the Snake":0,"Meat on the Bone":27}],"Ring of the Snake":[34],"Meat on the Bone":108},"card_choices":[{"not_picked":["Calculated Gamble","Poisoned Stab"],"picked":"Caltrops","floor":1},{"not_picked":["Flying Knee","Dagger Spray"],"picked":"Caltrops","floor":2},{"not_picked":["Underhanded Strike","Outmaneuver"],"picked":"All Out Attack","floor":3},{"not_picked":["Masterful Stab","Crippling Poison"],"picked":"Backstab","floor":4},{"not_picked":["Prepared","Calculated Gamble"],"picked":"Backflip","floor":5},{"not_picked":["All Out Attack","Masterful Stab","Concentrate"],"picked":"SKIP","floor":7},{"not_picked":["Eviscerate","Concentrate"],"picked":"PiercingWail","floor":8},{"not_picked":["A Thousand Cuts","Endless Agony"],"picked":"Crippling Poison","floor":11},{"not_picked":["Finisher","Dagger Spray"],"picked":"Blur","floor":14},{"not_picked":["A Thousand Cuts","Die Die Die"],"picked":"Bullet Time","floor":16},{"not_picked":["Distraction","Flying Knee","Prepared"],"picked":"SKIP","floor":18},{"not_picked":["Expertise","Catalyst"],"picked":"Cloak And Dagger","floor":19},{"not_picked":["All Out Attack","Predator"],"picked":"Dagger Spray+1","floor":20},{"not_picked":["Cloak And Dagger","Skewer"],"picked":"Footwork","floor":21},{"not_picked":["Cloak And Dagger","Choke"],"picked":"Wraith Form v2","floor":24},{"not_picked":["Crippling Poison","Cloak And Dagger"],"picked":"Noxious Fumes","floor":28}],"player_experience":3017528,"relics_obtained":[{"floor":7,"key":"Meat on the Bone"},{"floor":11,"key":"Smiling Mask"},{"floor":19,"key":"Red Mask"},{"floor":24,"key":"Centennial Puzzle"},{"floor":26,"key":"Gremlin Horn"}],"event_choices":[{"damage_healed":0,"gold_gain":0,"player_choice":"Ignored","damage_taken":0,"max_hp_gain":0,"max_hp_loss":0,"event_name":"Liars Game","floor":10,"gold_loss":0},{"damage_healed":0,"gold_gain":0,"player_choice":"Fled","damage_taken":0,"max_hp_gain":0,"max_hp_loss":0,"event_name":"Scrap Ooze","floor":13,"gold_loss":0},{"damage_healed":0,"gold_gain":0,"player_choice":"Fought Bandits","damage_taken":0,"max_hp_gain":0,"max_hp_loss":0,"event_name":"Masked Bandits","floor":19,"gold_loss":0},{"damage_healed":0,"gold_gain":0,"player_choice":"Smashed Altar","damage_taken":0,"max_hp_gain":0,"max_hp_loss":0,"event_name":"Forgotten Altar","floor":22,"gold_loss":0,"cards_obtained":["Decay"]}],"is_beta":false,"boss_relics":[{"not_picked":["Ring of the Serpent","Busted Crown"],"picked":"Coffee Dripper"}],"items_purged_floors":[],"is_endless":false,"potions_floor_spawned":[1,4,5,11,16,20,24,28],"killed_by":"Gremlin Leader","ascension_level":20}}