{"host":"cbnfbo28eyz4xcn1","time":1609341660,"event":{"mods":["BaseMod","Colored Map","Colored Powertips","Infinite Spire","Minty Spire (QoL Compilation)","Replay The Spire","StSLib"],"gold_per_floor":[368,368,32,52,52,64,64,74,74,405,405,416,416,430,430,506,506,521,521,534,554,567,592,612,612,636,648,667,685,699,717,717,791,791,811,831,195,213,228,228,238,238,261,281,281,281,6,34,34,34,34],"floor_reached":50,"playtime":3380,"items_purged":["Delirium"],"score":1047,"play_id":"756bcac1-642e-40c9-9dbf-7d2f13a3426a","local_time":"20201230162100","is_ascension_mode":true,"campfire_choices":[{"data":"Thunderclap","floor":7.0,"key":"SMITH"},{"data":"Flex","floor":11.0,"key":"SMITH"},{"data":"Searing Blow","floor":13.0,"key":"SMITH"},{"data":"Armaments","floor":15.0,"key":"SMITH"},{"floor":25.0,"key":"REST"},{"data":"Double Tap","floor":32.0,"key":"SMITH"},{"data":"Armaments","floor":40.0,"key":"SMITH"},{"data":"True Grit","floor":42.0,"key":"SMITH"},{"floor":49.0,"key":"REST"}],"circlet_count":0,"master_deck":["AscendersBane","Strike_R","Strike_R","Strike_R","Strike_R","Defend_R","Defend_R","Defend_R","Defend_R","Bash","Defend_G","Strike_G","Pommel Strike+1","Flex+1","Run Through","Thunderclap+1","Bash","Searing Blow+1","Twin Strike","Fire Breathing","Shrug It Off","Armaments+1","Double Tap+1","ReplayTheSpireMod:LeadingStrike","infinitespire:FinalStrike","Cleave","Wild Strike","Shrug It Off","Pummel","Voices","Cleave","Inflame","Anger","True Grit+1","Wild Strike","Demon Form","Clash","Armaments+1","Wild Strike","Perfected Strike","Run Through+1","Replay:Hysterical Blindness","Pot Of Greed","Pot Of Greed","Pot Of Greed","Pot Of Greed","Juggernaut","Languid","Replay:Bootleg Shield Generator","Replay:Bootleg Shield Generator","Metallicize","Pot Of Greed","Inflame"],"relics":["Black Blood","ReplayTheSpireMod:Shallot","infinitespire:WardingShard","Old Coin","Cursed Key","Darkstone Periapt","CaptainsWheel","infinitespire:PuzzleCube","infinitespire:Lucky Rock","Meat on the Bone","Singing Bowl","Grinning Jar","Blue Doll","Anchor","King of Hearts"],"acts_visited":["Exordium","TheCity","TheBeyond"],"potions_floor_usage":[50],"damage_taken":[{"damage":19.0,"enemies":"Small Slimes","floor":1.0,"turns":5.0},{"damage":0.0,"enemies":"2 Louse","floor":4.0,"turns":3.0},{"damage":0.0,"enemies":"Cultist","floor":6.0,"turns":3.0},{"damage":3.0,"enemies":"3 Louse","floor":8.0,"turns":3.0},{"damage":10.0,"enemies":"Gremlin Nob","floor":10.0,"turns":3.0},{"damage":1.0,"enemies":"Large Slime","floor":12.0,"turns":6.0},{"damage":0.0,"enemies":"2 Fungi Beasts","floor":14.0,"turns":3.0},{"damage":16.0,"enemies":"Slime Boss","floor":16.0,"turns":8.0},{"damage":0.0,"enemies":"Chosen","floor":18.0,"turns":3.0},{"damage":8.0,"enemies":"2 Thieves","floor":20.0,"turns":2.0},{"damage":20.0,"enemies":"3 Cultists","floor":21.0,"turns":5.0},{"damage":26.0,"enemies":"Nightmare","floor":23.0,"turns":7.0},{"damage":0.0,"enemies":"Cultist and Chosen","floor":24.0,"turns":4.0},{"damage":0.0,"enemies":"Snecko","floor":27.0,"turns":4.0},{"damage":13.0,"enemies":"Shelled Parasite and Fungi","floor":28.0,"turns":5.0},{"damage":0.0,"enemies":"Snake Plant","floor":29.0,"turns":2.0},{"damage":0.0,"enemies":"Cultist and Chosen","floor":30.0,"turns":4.0},{"damage":16.0,"enemies":"Snecko","floor":31.0,"turns":5.0},{"damage":43.0,"enemies":"Automaton","floor":33.0,"turns":6.0},{"damage":25.0,"enemies":"Orb Walker","floor":35.0,"turns":4.0},{"damage":12.0,"enemies":"3 Shapes","floor":36.0,"turns":3.0},{"damage":22.0,"enemies":"3 Darklings","floor":38.0,"turns":5.0},{"damage":12.0,"enemies":"Maw","floor":39.0,"turns":6.0},{"damage":7.0,"enemies":"Spire Growth","floor":41.0,"turns":4.0},{"damage":18.0,"enemies":"3 Darklings","floor":44.0,"turns":6.0},{"damage":34.0,"enemies":"Nemesis","floor":48.0,"turns":7.0},{"damage":94,"enemies":"Replay:Hell Engine","floor":50,"turns":8}],"seed_played":"-7636654095775528545","potions_obtained":[{"floor":4.0,"key":"PowerPotion"},{"floor":6.0,"key":"Energy Potion"},{"floor":10.0,"key":"Weak Potion"},{"floor":14.0,"key":"BlessingOfTheForge"},{"floor":18.0,"key":"Explosive Potion"},{"floor":20.0,"key":"Fire Potion"},{"floor":31.0,"key":"Dexterity Potion"},{"floor":36.0,"key":"EssenceOfSteel"},{"floor":41.0,"key":"Venom Potion"},{"floor":44.0,"key":"Block Potion"}],"is_trial":false,"path_per_floor":["M","?","$","M","?","M","R","M","T","E","R","M","R","M","R","B",null,"M","AVR","M","M","?","NM","M","R","T","M","M","M","M","M","R","B",null,"M","M","$","M","M","R","M","R","T","M","?","T","$","E","R","B"],"character_chosen":"IRONCLAD","items_purchased":["ReplayTheSpireMod:Shallot","Flex","Run Through","Meat on the Bone","Singing Bowl","FearPotion","Anchor","Replay:Bootleg Shield Generator","Metallicize"],"campfire_rested":2,"item_purchase_floors":[3,3,3,37,37,37,47,47,47],"current_hp_per_floor":[55,55,55,61,61,67,67,70,70,66,66,71,71,75,75,65,73,75,75,73,59,65,45,51,75,81,87,80,86,87,77,77,40,75,62,62,62,64,64,64,69,69,75,69,69,75,75,65,94,0,0],"gold":34,"neow_bonus":"TWO_FIFTY_GOLD","is_daily":false,"chose_seed":false,"campfire_upgraded":7,"win_rate":0.0,"timestamp":1609341660,"path_taken":["M","?","$","M","?","M","R","M","T","E","R","M","R","M","R","BOSS","M","AVR","M","?","?","NM","M","R","T","M","M","M","M","M","R","BOSS","M","M","$","M","M","R","M","R","T","M","?","?","?","E","R","BOSS"],"items_purchased_type":["Relic","Card","Card","Relic","Relic","Potion","Relic","Card","Card"],"build_version":"2020-12-22","purchased_purges":1,"victory":false,"max_hp_per_floor":[75,75,75,75,75,75,75,75,75,75,75,75,75,75,75,75,75,75,75,75,75,81,81,81,81,87,87,87,87,87,87,87,87,87,87,87,87,87,87,87,87,87,93,93,93,99,99,99,99,99,99],"card_choices":[{"not_picked":["Iron Wave","Sword Boomerang"],"picked":"Pommel Strike","floor":1.0},{"not_picked":["Iron Wave","Burning Pact"],"picked":"Thunderclap","floor":4.0},{"not_picked":["ReplayReversal","Abandon"],"picked":"Searing Blow","floor":6.0},{"not_picked":["Dual Wield","Headbutt"],"picked":"Twin Strike","floor":8.0},{"not_picked":["Sever Soul","Clothesline"],"picked":"Fire Breathing","floor":10.0},{"not_picked":["Clash","ReplayTheSpireMod:Strike From Hell"],"picked":"Shrug It Off","floor":12.0},{"not_picked":["Shrug It Off","Life Link"],"picked":"Armaments","floor":14.0},{"not_picked":["Barricade","Feed"],"picked":"Double Tap","floor":16.0},{"not_picked":["Body Slam","Blood for Blood"],"picked":"ReplayTheSpireMod:LeadingStrike","floor":18.0},{"not_picked":["Perfected Strike","Sword Boomerang"],"picked":"Cleave","floor":20.0},{"not_picked":["Rage","Feed"],"picked":"Wild Strike","floor":21.0},{"not_picked":["Blood for Blood","Heavy Blade"],"picked":"Shrug It Off","floor":22.0},{"not_picked":["Havoc","Clash"],"picked":"Pummel","floor":23.0},{"not_picked":["Blood for Blood+1","Abandon","Heavy Blade"],"picked":"SKIP","floor":24.0},{"not_picked":["Second Wind","Heavy Blade"],"picked":"Cleave","floor":27.0},{"not_picked":["Havoc","Clothesline+1"],"picked":"Inflame","floor":28.0},{"not_picked":["Clothesline","Armaments"],"picked":"Anger","floor":29.0},{"not_picked":["Headbutt","Sword Boomerang"],"picked":"True Grit","floor":30.0},{"not_picked":["Abandon+1","ReplayTheSpireMod:Muscle Training"],"picked":"Wild Strike","floor":31.0},{"not_picked":["Bludgeon","Eclipse"],"picked":"Demon Form","floor":33.0},{"not_picked":["Havoc","Sword Boomerang"],"picked":"Clash","floor":35.0},{"not_picked":["ReplayTheSpireMod:Corrosion Curse+1","Heavy Blade"],"picked":"Armaments","floor":36.0},{"not_picked":["Combust+1","Dropkick+1"],"picked":"Wild Strike","floor":38.0},{"not_picked":["Wild Strike","Thunderclap"],"picked":"Perfected Strike","floor":39.0},{"not_picked":["Hemokinesis","ReplayTheSpireMod:Corrosion Curse"],"picked":"Run Through+1","floor":41.0},{"not_picked":["Shrug It Off","Clothesline"],"picked":"Juggernaut","floor":44.0},{"not_picked":["Run Through","Body Slam"],"picked":"Inflame","floor":48.0}],"player_experience":478237,"relics_obtained":[{"floor":9.0,"key":"infinitespire:WardingShard"},{"floor":10.0,"key":"Old Coin"},{"floor":22.0,"key":"CaptainsWheel"},{"floor":23.0,"key":"infinitespire:PuzzleCube"},{"floor":26.0,"key":"infinitespire:Lucky Rock"},{"floor":43.0,"key":"Grinning Jar"},{"floor":46.0,"key":"Blue Doll"},{"floor":48.0,"key":"King of Hearts"}],"event_choices":[{"damage_healed":0.0,"max_hp_gain":0.0,"max_hp_loss":0.0,"gold_gain":0.0,"event_name":"Living Wall","player_choice":"Grow","floor":2.0,"gold_loss":0.0,"damage_taken":0.0,"cards_upgraded":["Pommel Strike"]},{"damage_healed":0.0,"max_hp_gain":0.0,"max_hp_loss":0.0,"gold_gain":0.0,"event_name":"Match and Keep!","player_choice":"1 cards matched","floor":5.0,"gold_loss":0.0,"damage_taken":0.0,"cards_obtained":["Bash"]},{"cards_removed":["Strike_R"],"damage_healed":0.0,"max_hp_gain":0.0,"max_hp_loss":0.0,"gold_gain":0.0,"event_name":"Falling","player_choice":"Removed Attack","floor":45.0,"gold_loss":0.0,"damage_taken":0.0}],"is_beta":false,"boss_relics":[{"not_picked":["Fusion Hammer","Snecko Eye"],"picked":"Cursed Key"},{"not_picked":["Replay:Bronze Core","Mark of Pain"],"picked":"Black Blood"}],"items_purged_floors":[37],"is_endless":true,"potions_floor_spawned":[4,6,10,14,18,20,21,31,36,41,44],"killed_by":"Replay:Hell Engine","ascension_level":15}}