{"host":"873t0y8ybyo38pfq","time":1609348889,"event":{"mods":["BaseMod","Bestiary","Colored Map","Colored Powertips","Highlight Path","Minty Spire (QoL Compilation)","Quick Restart","RNG Fix","Rare Cards Sparkle","Relic Stats","StSLib"],"gold_per_floor":[218,2,2,15,15,15,15,15],"floor_reached":7,"playtime":137,"items_purged":[],"score":78,"play_id":"4ee8e53f-7124-44e3-aeff-e8b8b3032b0c","local_time":"20201230122129","is_ascension_mode":true,"campfire_choices":[{"data":"Backstab","floor":6,"key":"SMITH"}],"circlet_count":0,"master_deck":["AscendersBane","Strike_G","Strike_G","Strike_G","Strike_G","Strike_G","Defend_G","Defend_G","Defend_G","Defend_G","Defend_G","Survivor","Neutralize","Backstab+1","Cloak And Dagger+1","Deflect"],"relics":["Ring of the Snake","PrismaticShard"],"acts_visited":["Exordium"],"potions_floor_usage":[],"damage_taken":[{"damage":0,"enemies":"Cultist","floor":1,"turns":4},{"damage":1,"enemies":"Jaw Worm","floor":4,"turns":4},{"damage":42,"enemies":"Lagavulin","floor":7,"turns":8}],"seed_played":"6432016846012740200","potions_obtained":[],"is_trial":false,"path_per_floor":["M","$","?","M","?","R","E"],"character_chosen":"THE_SILENT","items_purchased":["PrismaticShard","Cloak And Dagger"],"campfire_rested":0,"item_purchase_floors":[2,2],"current_hp_per_floor":[59,59,59,58,63,63,21,21],"gold":15,"neow_bonus":"HUNDRED_GOLD","is_daily":false,"chose_seed":false,"campfire_upgraded":1,"win_rate":0.0,"timestamp":1609348889,"path_taken":["M","$","?","M","?","R","E"],"items_purchased_type":["Relic","Card"],"build_version":"2020-12-22","purchased_purges":0,"victory":false,"max_hp_per_floor":[66,66,66,66,71,71,71,71],"relic_stats":{"counters":[3,16],"obtain_stats":[{"PrismaticShard":2,"Ring of the Snake":0},{"PrismaticShard":1,"Ring of the Snake":0},{"PrismaticShard":4,"Ring of the Snake":0}],"Ring of the Snake":[6]},"card_choices":[{"not_picked":["Backflip","Sucker Punch"],"picked":"Backstab","floor":1},{"not_picked":["WreathOfFlame","Compile Driver"],"picked":"Deflect","floor":4}],"player_experience":1422412,"relics_obtained":[],"event_choices":[{"damage_healed":0,"gold_gain":0,"player_choice":"Upgraded","damage_taken":0,"max_hp_gain":0,"max_hp_loss":0,"event_name":"Upgrade Shrine","floor":3,"gold_loss":0,"cards_upgraded":["Cloak And Dagger"]},{"damage_healed":0,"gold_gain":0,"player_choice":"Donut","damage_taken":0,"max_hp_gain":5,"max_hp_loss":0,"event_name":"Big Fish","floor":5,"gold_loss":0}],"is_beta":false,"boss_relics":[],"items_purged_floors":[],"is_endless":false,"potions_floor_spawned":[],"killed_by":"Lagavulin","ascension_level":20}}