{"host":"h77azxdx0evtsxw5","time":1609292907,"event":{"mods":["AchievementEnabler","BaseMod","Better Vampires","Minty Spire (QoL Compilation)","Quick Restart","Rare Cards Sparkle","Relic Stats"],"gold_per_floor":[110,185,185,185,205,205,27,27,53,53,83,83,258,275,275,275,275],"floor_reached":16,"playtime":306,"items_purged":["Strike_G"],"score":121,"play_id":"8d87783f-ebf3-4167-9d3d-4d12cf0816ea","local_time":"20201229204827","is_ascension_mode":false,"campfire_choices":[{"data":"Cloak And Dagger","floor":6,"key":"SMITH"},{"data":"Accuracy","floor":8,"key":"SMITH"},{"data":"Neutralize","floor":12,"key":"SMITH"},{"data":"Blur","floor":15,"key":"SMITH"}],"circlet_count":0,"master_deck":["Strike_G","Strike_G","Strike_G","Strike_G","Defend_G","Defend_G","Defend_G","Defend_G","Defend_G","Survivor","Neutralize+1","Cloak And Dagger+1","Accuracy+1","Deflect","Parasite","Doubt","Blur+1"],"relics":["Ring of the Snake","NeowsBlessing","Strawberry","Vajra","Question Card"],"acts_visited":["Exordium"],"potions_floor_usage":[],"damage_taken":[{"damage":0,"enemies":"Jaw Worm","floor":1,"turns":1},{"damage":0,"enemies":"2 Louse","floor":5,"turns":1},{"damage":0,"enemies":"Gremlin Nob","floor":11,"turns":1},{"damage":5,"enemies":"Small Slimes","floor":14,"turns":3},{"damage":15,"enemies":"The Guardian","floor":16,"turns":11}],"seed_played":"6875503255743784291","potions_obtained":[{"floor":1,"key":"LiquidMemories"}],"is_trial":false,"path_per_floor":["M","?","?","?","M","R","$","R","T","?","E","R","?","M","R","B"],"character_chosen":"THE_SILENT","items_purchased":["Accuracy","Deflect"],"campfire_rested":0,"item_purchase_floors":[7,7],"current_hp_per_floor":[70,59,64,38,38,38,38,38,38,58,58,58,58,53,53,38,38],"gold":275,"neow_bonus":"THREE_ENEMY_KILL","is_daily":false,"chose_seed":false,"campfire_upgraded":4,"win_rate":0.0,"timestamp":1609292907,"path_taken":["M","?","?","?","M","R","$","R","T","?","E","R","?","M","R","BOSS"],"items_purchased_type":["Card","Card"],"build_version":"2020-12-22","purchased_purges":1,"victory":false,"max_hp_per_floor":[70,70,75,82,82,82,82,82,82,82,82,82,82,82,82,82,82],"relic_stats":{"counters":[5,17],"Question Card":1,"obtain_stats":[{"NeowsBlessing":0,"Strawberry":4,"Vajra":9,"Question Card":11,"Ring of the Snake":0},{"NeowsBlessing":0,"Strawberry":1,"Vajra":2,"Question Card":3,"Ring of the Snake":0},{"NeowsBlessing":0,"Strawberry":1,"Vajra":2,"Question Card":3,"Ring of the Snake":0}],"Ring of the Snake":[10]},"card_choices":[{"not_picked":["Eviscerate","All Out Attack"],"picked":"Cloak And Dagger","floor":1},{"not_picked":["Flechettes","Dagger Throw","Quick Slash"],"picked":"SKIP","floor":5},{"not_picked":["Escape Plan","Crippling Poison","All Out Attack"],"picked":"SKIP","floor":11},{"not_picked":["Bouncing Flask","Dodge and Roll","Dagger Spray"],"picked":"Blur","floor":14}],"player_experience":265460,"relics_obtained":[{"floor":9,"key":"Vajra"},{"floor":11,"key":"Question Card"}],"event_choices":[{"damage_healed":0,"gold_gain":75,"player_choice":"Gather Gold","damage_taken":11,"max_hp_gain":0,"max_hp_loss":0,"event_name":"World of Goop","floor":2,"gold_loss":0},{"damage_healed":0,"gold_gain":0,"player_choice":"Donut","damage_taken":0,"max_hp_gain":5,"max_hp_loss":0,"event_name":"Big Fish","floor":3,"gold_loss":0},{"damage_healed":0,"gold_gain":0,"player_choice":"Success","damage_taken":33,"relics_obtained":["Strawberry"],"max_hp_gain":0,"max_hp_loss":0,"event_name":"Scrap Ooze","floor":4,"gold_loss":0},{"damage_healed":20,"gold_gain":0,"player_choice":"Healed and dodged fight","damage_taken":0,"max_hp_gain":0,"max_hp_loss":0,"event_name":"Mushrooms","floor":10,"gold_loss":0,"cards_obtained":["Parasite"]},{"damage_healed":0,"gold_gain":175,"player_choice":"AGREE","damage_taken":0,"max_hp_gain":0,"max_hp_loss":0,"event_name":"Liars Game","floor":13,"gold_loss":0,"cards_obtained":["Doubt"]}],"is_beta":false,"boss_relics":[],"items_purged_floors":[7],"is_endless":false,"potions_floor_spawned":[1],"killed_by":"The Guardian","ascension_level":0}}