{"host":"sc0o2qwpf9j16a4i","time":1609369149,"event":{"mods":["AchievementEnabler","BaseMod","BetterRewards","Block Reminder","Colored Map","Colored Powertips","Custom Start","Highlight Path","Minty Spire (QoL Compilation)","Relic Stats"],"gold_per_floor":[115,115,115,131,56,56,81,100,151,180,190,190,29,60,60,137,137,150,150,150],"floor_reached":19,"playtime":501,"items_purged":[],"score":470,"play_id":"f772d9b3-b99f-4694-9568-d2f509afaba3","local_time":"20201231005909","is_ascension_mode":true,"campfire_choices":[{"data":"Buffer","floor":6,"key":"SMITH"},{"data":"Zap","floor":12,"key":"SMITH"},{"data":"Compile Driver","floor":15,"key":"SMITH"}],"circlet_count":0,"master_deck":["AscendersBane","Strike_B","Strike_B+1","Strike_B","Defend_B+1","Defend_B","Defend_B","Defend_B","Zap+1","Dualcast","Compile Driver+1","Buffer+1","Leap","Echo Form"],"relics":["Cracked Core","NeowsBlessing","Toy Ornithopter","Tiny Chest","DataDisk","Oddly Smooth Stone","Dead Branch","Busted Crown"],"acts_visited":["Exordium","TheCity"],"potions_floor_usage":[10,14,19],"damage_taken":[{"damage":0,"enemies":"Jaw Worm","floor":1,"turns":1},{"damage":0,"enemies":"Small Slimes","floor":4,"turns":1},{"damage":0,"enemies":"Lagavulin","floor":7,"turns":1},{"damage":0,"enemies":"2 Louse","floor":8,"turns":2},{"damage":35,"enemies":"3 Sentries","floor":10,"turns":10},{"damage":0,"enemies":"Looter","floor":11,"turns":4},{"damage":0,"enemies":"Gremlin Nob","floor":14,"turns":4},{"damage":5,"enemies":"The Guardian","floor":16,"turns":13},{"damage":4,"enemies":"Shell Parasite","floor":18,"turns":6},{"damage":79,"enemies":"Masked Bandits","floor":19,"turns":4}],"seed_played":"-5810871556799822425","potions_obtained":[{"floor":1,"key":"FearPotion"},{"floor":4,"key":"Regen Potion"},{"floor":11,"key":"Explosive Potion"},{"floor":16,"key":"PotionOfCapacity"}],"is_trial":false,"path_per_floor":["M","?","?","M","?","R","E","M","T","E","M","R","$","E","R","B",null,"M","?"],"character_chosen":"DEFECT","items_purchased":["Oddly Smooth Stone"],"campfire_rested":0,"item_purchase_floors":[13],"current_hp_per_floor":[64,43,66,66,66,66,66,66,66,48,48,48,48,53,53,48,65,61,0,0],"gold":150,"neow_bonus":"THREE_ENEMY_KILL","is_daily":false,"chose_seed":false,"campfire_upgraded":3,"win_rate":0.0,"timestamp":1609369149,"path_taken":["M","?","?","M","?","R","E","M","T","E","M","R","?","E","R","BOSS","M","?"],"items_purchased_type":["Relic"],"build_version":"2020-12-22","purchased_purges":0,"victory":false,"max_hp_per_floor":[71,71,71,71,71,71,71,71,71,71,71,71,71,71,71,71,71,71,71,71],"relic_stats":{"Busted Crown":2,"counters":[10,46],"Dead Branch":[3],"Tiny Chest":0,"obtain_stats":[{"DataDisk":10,"Busted Crown":17,"NeowsBlessing":0,"Dead Branch":14,"Oddly Smooth Stone":13,"Tiny Chest":9,"Cracked Core":0,"Toy Ornithopter":7},{"DataDisk":5,"Busted Crown":8,"NeowsBlessing":0,"Dead Branch":7,"Oddly Smooth Stone":6,"Tiny Chest":4,"Cracked Core":0,"Toy Ornithopter":3},{"DataDisk":15,"Busted Crown":36,"NeowsBlessing":0,"Dead Branch":23,"Oddly Smooth Stone":19,"Tiny Chest":5,"Cracked Core":0,"Toy Ornithopter":3}],"Toy Ornithopter":15},"card_choices":[{"not_picked":["Barrage","Beam Cell"],"picked":"Compile Driver","floor":1},{"not_picked":["Go for the Eyes","Recycle"],"picked":"Buffer","floor":4},{"not_picked":["Hologram","Consume"],"picked":"Leap","floor":7},{"not_picked":["Compile Driver","Rebound","Sweeping Beam"],"picked":"SKIP","floor":8},{"not_picked":["Aggregate","Steam","Gash"],"picked":"SKIP","floor":10},{"not_picked":["Hologram","Stack","Capacitor"],"picked":"SKIP","floor":11},{"not_picked":["Doom and Gloom","Skim","Compile Driver"],"picked":"SKIP","floor":14},{"not_picked":["Amplify","Core Surge"],"picked":"Echo Form","floor":16},{"not_picked":["Compile Driver+1"],"picked":"SKIP","floor":18}],"player_experience":460883,"relics_obtained":[{"floor":7,"key":"Toy Ornithopter"},{"floor":9,"key":"Tiny Chest"},{"floor":10,"key":"DataDisk"},{"floor":14,"key":"Dead Branch"}],"event_choices":[{"damage_healed":0,"gold_gain":0,"player_choice":"Entered Light","damage_taken":21,"max_hp_gain":0,"max_hp_loss":0,"event_name":"Shining Light","floor":2,"gold_loss":0,"cards_upgraded":["Defend_B","Strike_B"]},{"damage_healed":23,"gold_gain":0,"player_choice":"Banana","damage_taken":0,"max_hp_gain":0,"max_hp_loss":0,"event_name":"Big Fish","floor":3,"gold_loss":0},{"cards_removed":["Strike_B"],"damage_healed":0,"gold_gain":0,"player_choice":"Card Removal","damage_taken":0,"max_hp_gain":0,"max_hp_loss":0,"event_name":"The Cleric","floor":5,"gold_loss":75},{"damage_healed":0,"gold_gain":0,"player_choice":"Fought Bandits","damage_taken":0,"max_hp_gain":0,"max_hp_loss":0,"event_name":"Masked Bandits","floor":19,"gold_loss":0}],"is_beta":false,"boss_relics":[{"not_picked":["Nuclear Battery","Sozu"],"picked":"Busted Crown"}],"items_purged_floors":[],"is_endless":false,"potions_floor_spawned":[1,4,11,16,18],"killed_by":"Masked Bandits","ascension_level":20}}