{"host":"sav7uxregyirlf69","time":1609294222,"event":{"mods":["AchievementEnabler","BaseMod","Colored Map","DeckTracker","Keyboard Shortcuts","Minty Spire (QoL Compilation)","READ ME - Guardian Mod","StSLib","SuperFastMode"],"gold_per_floor":[112,132,147,164,164,164,164,164,176,188,200,244,256,47,47,146,146,167,167,167,217,232,232,265,20,45,45,45],"floor_reached":27,"playtime":453,"items_purged":["Strike_G","Storm of Steel"],"score":504,"play_id":"c0f437fa-6d1a-4651-b12f-3872a1b0a501","local_time":"20201230111022","is_ascension_mode":true,"campfire_choices":[{"data":"Poisoned Stab","floor":6,"key":"SMITH"},{"floor":10,"key":"REST"},{"data":"Caltrops","floor":15,"key":"SMITH"},{"floor":23,"key":"REST"}],"circlet_count":0,"master_deck":["AscendersBane","Survivor","Neutralize","Flying Knee","Poisoned Stab+1","Dagger Throw+1","Caltrops+1","Grand Finale","Grand Finale","Phantasmal Killer","Concentrate","Reflex","Envenom","Tactician","Heel Hook","Footwork"],"relics":["Ring of the Snake","MawBank","Lantern","Mummified Hand","Bloody Idol","Pandora\u0027s Box","Boot","Pen Nib"],"acts_visited":["Exordium","TheCity"],"potions_floor_usage":[16,16,24,27],"damage_taken":[{"damage":6,"enemies":"Cultist","floor":1,"turns":5},{"damage":0,"enemies":"2 Louse","floor":2,"turns":2},{"damage":0,"enemies":"Small Slimes","floor":3,"turns":2},{"damage":9,"enemies":"Blue Slaver","floor":4,"turns":3},{"damage":22,"enemies":"3 Sentries","floor":12,"turns":9},{"damage":22,"enemies":"The Guardian","floor":16,"turns":13},{"damage":36,"enemies":"2 Thieves","floor":18,"turns":3},{"damage":3,"enemies":"Spheric Guardian","floor":22,"turns":3},{"damage":35,"enemies":"Gremlin Leader","floor":24,"turns":3},{"damage":19,"enemies":"Centurion and Healer","floor":27,"turns":1}],"seed_played":"8398372934055689653","potions_obtained":[{"floor":1,"key":"SteroidPotion"},{"floor":2,"key":"Weak Potion"},{"floor":16,"key":"Dexterity Potion"},{"floor":22,"key":"PowerPotion"}],"is_trial":false,"path_per_floor":["M","M","M","M","?","R","?","T","T","R","?","E","?","$","R","B",null,"M","?","?","?","M","R","E","$","T","M"],"character_chosen":"THE_SILENT","items_purchased":["Caltrops","Dexterity Potion","PowerPotion","Footwork"],"campfire_rested":2,"item_purchase_floors":[14,14,25,25],"current_hp_per_floor":[53,53,53,44,24,24,24,24,24,43,48,26,26,26,26,4,49,13,13,13,18,20,39,9,9,14,0,0],"gold":45,"neow_bonus":"TRANSFORM_CARD","is_daily":false,"chose_seed":false,"campfire_upgraded":2,"win_rate":0.0,"timestamp":1609294222,"path_taken":["M","M","M","?","?","R","?","?","T","R","?","E","?","?","R","BOSS","M","?","?","?","M","R","E","$","T","?"],"items_purchased_type":["Card","Potion","Potion","Card"],"build_version":"2020-12-22","purchased_purges":2,"victory":false,"max_hp_per_floor":[66,66,66,66,66,66,66,66,66,66,71,71,64,64,64,64,64,64,64,64,64,64,64,64,64,64,64,64],"card_choices":[{"not_picked":["Eviscerate","Riddle With Holes"],"picked":"Poisoned Stab","floor":1},{"not_picked":["Terror","Expertise"],"picked":"Dagger Throw","floor":2},{"not_picked":["Blade Dance","Catalyst","Outmaneuver"],"picked":"SKIP","floor":3},{"not_picked":["Flying Knee","Concentrate","Quick Slash"],"picked":"SKIP","floor":4},{"not_picked":["All Out Attack","Concentrate","Accuracy"],"picked":"SKIP","floor":12},{"not_picked":["Envenom","Die Die Die"],"picked":"Grand Finale","floor":16},{"not_picked":["Endless Agony","Skewer","Dagger Spray+1"],"picked":"SKIP","floor":18},{"not_picked":["Masterful Stab","Dash","Deflect"],"picked":"SKIP","floor":22},{"not_picked":["Dodge and Roll","Tools of the Trade","Choke"],"picked":"SKIP","floor":24}],"player_experience":1060159,"relics_obtained":[{"floor":8,"key":"MawBank"},{"floor":9,"key":"Lantern"},{"floor":12,"key":"Mummified Hand"},{"floor":24,"key":"Boot"},{"floor":26,"key":"Pen Nib"}],"event_choices":[{"damage_healed":0,"gold_gain":0,"player_choice":"Entered Light","damage_taken":20,"max_hp_gain":0,"max_hp_loss":0,"event_name":"Shining Light","floor":5,"gold_loss":0,"cards_upgraded":["Strike_G","Dagger Throw"]},{"damage_healed":0,"gold_gain":0,"player_choice":"Searched \u00270\u0027 times","damage_taken":0,"max_hp_gain":0,"max_hp_loss":0,"event_name":"Dead Adventurer","floor":7,"gold_loss":0},{"damage_healed":0,"gold_gain":0,"player_choice":"Donut","damage_taken":0,"max_hp_gain":5,"max_hp_loss":0,"event_name":"Big Fish","floor":11,"gold_loss":0},{"damage_healed":0,"gold_gain":0,"player_choice":"Lose Max HP","damage_taken":0,"relics_obtained":["Golden Idol"],"max_hp_gain":0,"max_hp_loss":7,"event_name":"Golden Idol","floor":13,"gold_loss":0},{"damage_healed":0,"gold_gain":0,"player_choice":"Ignored","damage_taken":0,"max_hp_gain":0,"max_hp_loss":0,"event_name":"The Mausoleum","floor":19,"gold_loss":0},{"damage_healed":0,"gold_gain":0,"player_choice":"Gave Idol","damage_taken":0,"relics_obtained":["Bloody Idol"],"max_hp_gain":0,"max_hp_loss":0,"event_name":"Forgotten Altar","floor":20,"relics_lost":["Golden Idol"],"gold_loss":0},{"damage_healed":0,"gold_gain":50,"player_choice":"Pray","damage_taken":0,"max_hp_gain":0,"max_hp_loss":0,"event_name":"Golden Shrine","floor":21,"gold_loss":0}],"is_beta":false,"boss_relics":[{"not_picked":["Sozu","Ectoplasm"],"picked":"Pandora\u0027s Box"}],"items_purged_floors":[14,25],"is_endless":false,"potions_floor_spawned":[1,2,16,22],"killed_by":"Centurion and Healer","ascension_level":20}}