{"host":"jkgg7n5hn1slsm35","time":1609319002,"event":{"mods":["Aspiration","BaseMod","BetterRewards","Conspire","Googly Eyes","Gremlin Skip","Halation","Highlight Path","Hubris","Infinite Spire","Minty Spire (QoL Compilation)","Permanent Neow","StSLib","SuperFastMode","vexMod"],"gold_per_floor":[117,127,127,146,24,24,35,45,45,45,45],"floor_reached":10,"playtime":192,"items_purged":["Dualcast"],"score":99,"play_id":"9fb1c705-4f76-468d-9514-c89bae39770c","local_time":"20201230100322","is_ascension_mode":true,"campfire_choices":[{"data":"White Noise","floor":6,"key":"SMITH"}],"circlet_count":0,"master_deck":["AscendersBane","Strike_B","Strike_B","Strike_B","Strike_B","Defend_B","Defend_B","Defend_B","Defend_B","Zap","White Noise+1","Glacier","Gash","Gash","Conserve Battery"],"relics":["Cracked Core","NeowsBlessing","InkBottle"],"acts_visited":["Exordium"],"potions_floor_usage":[10,10],"damage_taken":[{"damage":0,"enemies":"Small Slimes","floor":1,"turns":1},{"damage":0,"enemies":"Cultist","floor":2,"turns":1},{"damage":0,"enemies":"Jaw Worm","floor":4,"turns":1},{"damage":25,"enemies":"Gremlin Gang","floor":7,"turns":7},{"damage":13,"enemies":"Blue Slaver","floor":8,"turns":3},{"damage":34,"enemies":"Gremlin Nob","floor":10,"turns":4}],"seed_played":"2760296179516685409","potions_obtained":[{"floor":7,"key":"Explosive Potion"},{"floor":8,"key":"DistilledChaos"}],"is_trial":false,"path_per_floor":["M","M","?","M","$","R","M","M","T","E"],"character_chosen":"DEFECT","items_purchased":["Gash"],"campfire_rested":0,"item_purchase_floors":[5],"current_hp_per_floor":[68,68,68,68,68,68,43,30,30,0,0],"gold":45,"neow_bonus":"THREE_ENEMY_KILL","is_daily":false,"chose_seed":false,"campfire_upgraded":1,"win_rate":0.0,"timestamp":1609319002,"path_taken":["M","M","?","M","$","R","M","?","T","E"],"items_purchased_type":["Card"],"build_version":"2020-12-22","purchased_purges":1,"victory":false,"max_hp_per_floor":[75,75,75,75,75,75,75,75,75,75,75],"card_choices":[{"not_picked":["Scrape","Leap"],"picked":"White Noise","floor":1},{"not_picked":["Stack","hubris:Ukulele","Barrage"],"picked":"SKIP","floor":2},{"not_picked":["conspire:SharedLibrary","Hologram"],"picked":"Glacier","floor":4},{"not_picked":["Skim","Steam"],"picked":"Gash","floor":7},{"not_picked":["Go for the Eyes","Reboot"],"picked":"Conserve Battery","floor":8}],"player_experience":1803025,"relics_obtained":[{"floor":9,"key":"InkBottle"}],"event_choices":[{"damage_healed":0,"gold_gain":0,"player_choice":"Bought 0 Potions","damage_taken":0,"max_hp_gain":0,"max_hp_loss":0,"event_name":"The Woman in Blue","floor":3,"gold_loss":0}],"is_beta":false,"boss_relics":[],"items_purged_floors":[5],"is_endless":false,"potions_floor_spawned":[7,8],"killed_by":"Gremlin Nob","ascension_level":13}}