{"host":"cyiefo55v5hz1ih5","time":1609357102,"event":{"mods":["2.2 Compatiblity","AchievementEnabler","BaseMod","GifTheSpireLib","Hubris","Minty Spire (QoL Compilation)","Replay The Spire","Spicy Shops","StSLib","The Marked"],"gold_per_floor":[113,113,127,52,127,156,56,74,74,87,117,132,132,144,144,247,247,266,299,97,12,12,12],"floor_reached":22,"playtime":1334,"items_purged":["theMarked:Strike","theMarked:Strike","theMarked:Strike"],"score":194,"play_id":"75166d7e-4a10-4b5e-80d2-c95ff77de99c","local_time":"20201230143822","is_ascension_mode":false,"campfire_choices":[{"floor":13,"key":"REST"},{"floor":15,"key":"REST"}],"circlet_count":0,"master_deck":["theMarked:Strike","theMarked:Defend","theMarked:Defend","theMarked:Defend","theMarked:Defend","theMarked:SoldierOfQuellstein","theMarked:ChainLightning","theMarked:Electrocute","theMarked:ElementalBlade","theMarked:MagicAdept","theMarked:Parry+1","theMarked:GodGivenPower","theMarked:Overcharge"],"relics":["theMarked:ArtifactOfAir","Potion Belt","Question Card","Simple Rune","theMarked:Eyepatch","Red Mask","hubris:Zylophone"],"acts_visited":["Exordium","TheCity"],"potions_floor_usage":[6,6,19,22],"damage_taken":[{"damage":1,"enemies":"Jaw Worm","floor":1,"turns":3},{"damage":1,"enemies":"Cultist","floor":3,"turns":3},{"damage":31,"enemies":"Lagavulin","floor":6,"turns":5},{"damage":0,"enemies":"Small Slimes","floor":8,"turns":2},{"damage":4,"enemies":"Blue Slaver","floor":10,"turns":3},{"damage":26,"enemies":"Gremlin Nob","floor":11,"turns":5},{"damage":0,"enemies":"2 Fungi Beasts","floor":12,"turns":3},{"damage":1,"enemies":"Large Slime","floor":14,"turns":4},{"damage":40,"enemies":"The Guardian","floor":16,"turns":14},{"damage":15,"enemies":"Shell Parasite","floor":18,"turns":7},{"damage":50,"enemies":"Masked Bandits","floor":19,"turns":6},{"damage":0,"enemies":"3 Byrds","floor":22,"turns":3}],"seed_played":"-2206922593699613493","potions_obtained":[{"floor":1,"key":"BlessingOfTheForge"},{"floor":3,"key":"Regen Potion"},{"floor":11,"key":"LiquidBronze"},{"floor":19,"key":"Weak Potion"}],"is_trial":false,"path_per_floor":["M","?","M","$","?","E","$","M","T","M","E","M","R","M","R","B",null,"M","?","$","?","M"],"character_chosen":"THE_DEFAULT","items_purchased":["theMarked:Overcharge"],"campfire_rested":2,"item_purchase_floors":[20],"current_hp_per_floor":[69,62,61,61,50,33,33,33,33,29,3,3,24,23,44,4,70,55,5,5,5,5,5],"gold":12,"neow_bonus":"TRANSFORM_CARD","is_daily":false,"chose_seed":false,"campfire_upgraded":0,"win_rate":0.0,"timestamp":1609357102,"path_taken":["M","?","?","?","?","E","$","M","T","M","E","M","R","M","R","BOSS","M","?","$","?","M"],"items_purchased_type":["Card"],"build_version":"2020-12-22","purchased_purges":3,"victory":false,"max_hp_per_floor":[70,70,70,70,70,70,70,70,70,70,70,70,70,70,70,70,70,70,70,70,70,70,70],"card_choices":[{"not_picked":["theMarked:ComboAttacks","theMarked:RepellingDischarge"],"picked":"theMarked:Electrocute","floor":1},{"not_picked":["theMarked:WardOff","theMarked:Opportunist"],"picked":"theMarked:ElementalBlade","floor":3},{"not_picked":["theMarked:EnhancedHearing","theMarked:WardOff","theMarked:RepellingDischarge"],"picked":"SKIP","floor":6},{"not_picked":["theMarked:WardOff","theMarked:TwofoldDefense","theMarked:ResourceFulStrike"],"picked":"SKIP","floor":8},{"not_picked":["theMarked:ResourceFulStrike","theMarked:Seal","theMarked:HeightenedSenses","theMarked:MysticalArsenal"],"picked":"SKIP","floor":10},{"not_picked":["theMarked:Defy","theMarked:WardOff","theMarked:ChannelForce","theMarked:SwordAndMagic"],"picked":"SKIP","floor":11},{"not_picked":["theMarked:Panic","theMarked:HeritageOfTheMarked","theMarked:EmpowerWeapon","theMarked:WastefulDefense"],"picked":"SKIP","floor":12},{"not_picked":["theMarked:WardOff","theMarked:Overthink","theMarked:Frustration","theMarked:Parry"],"picked":"SKIP","floor":14},{"not_picked":["theMarked:ChannelForce","theMarked:Abjuration","theMarked:Defy"],"picked":"theMarked:MagicAdept","floor":16},{"not_picked":["theMarked:BanishingStrike","theMarked:HeightenedSenses","theMarked:MysticalArsenal"],"picked":"theMarked:Parry+1","floor":18},{"not_picked":["theMarked:ShockingTouch","theMarked:PowerFlow","theMarked:EmpowerWeapon"],"picked":"theMarked:GodGivenPower","floor":19}],"player_experience":590716,"relics_obtained":[{"floor":6,"key":"Potion Belt"},{"floor":9,"key":"Question Card"},{"floor":11,"key":"Simple Rune"},{"floor":19,"key":"Red Mask"}],"event_choices":[{"damage_healed":0,"gold_gain":0,"player_choice":"Damaged","damage_taken":7,"max_hp_gain":0,"max_hp_loss":0,"event_name":"Wheel of Change","floor":2,"gold_loss":0},{"damage_healed":0,"gold_gain":75,"player_choice":"Gather Gold","damage_taken":11,"max_hp_gain":0,"max_hp_loss":0,"event_name":"World of Goop","floor":5,"gold_loss":0},{"damage_healed":0,"gold_gain":0,"player_choice":"Fought Bandits","damage_taken":0,"max_hp_gain":0,"max_hp_loss":0,"event_name":"Masked Bandits","floor":19,"gold_loss":0},{"damage_healed":0,"gold_gain":0,"player_choice":"Obtained Relic","damage_taken":0,"relics_obtained":["hubris:Zylophone"],"max_hp_gain":0,"max_hp_loss":0,"event_name":"Addict","floor":21,"gold_loss":85}],"is_beta":false,"boss_relics":[{"not_picked":["Black Star","hubris:CrackedHourglass"],"picked":"theMarked:Eyepatch"}],"items_purged_floors":[4,7,20],"is_endless":false,"potions_floor_spawned":[1,3,11,19],"killed_by":"3 Byrds","ascension_level":0}}