{"host":"6hzrz31j95f2y1pa","time":1609314116,"event":{"mods":["BaseMod","Colored Map","Downfall","Minty Spire (QoL Compilation)","StSLib"],"gold_per_floor":[99,549,62,77,77,89,89,106,121,148,148,173,192,234,256,341,341,266,291,314,335,89,89,160,10,10,31,31,65,65,86,107,107,107,107],"floor_reached":33,"playtime":1388,"items_purged":["Slimebound:Icky"],"score":505,"play_id":"9157d4ea-0acb-45e3-abdb-2f27766fbee8","local_time":"20201230024156","is_ascension_mode":true,"campfire_choices":[{"data":"hexamod:Float","floor":1,"key":"SMITH"},{"data":"hexamod:GhostOfSpirePast","floor":11,"key":"SMITH"},{"floor":18,"key":"RECALL"},{"floor":25,"key":"REST"},{"data":"hexamod:PhantomCloak","floor":28,"key":"SMITH"}],"circlet_count":0,"master_deck":["AscendersBane","hexamod:Defend","hexamod:Defend","hexamod:Defend","hexamod:Defend","hexamod:Sear","hexamod:Float+1","hexamod:Rewind","hexamod:SuperheatedStrike","Impatience","hexamod:ThermalTransfer","hexamod:SpectersWail","hexamod:SwordOfDarkness","hexamod:SecondSeal","hexamod:GhostOfSpirePast+1","hexamod:CrushingStance","hexamod:FastForward","hexamod:Hexaguard","hexamod:PhantomCloak+1","hexamod:SearingWound","Slimebound:Tackle+1","Slimebound:Tackle+1","Slimebound:Tackle+1","hexamod:Incineration"],"relics":["hexamod:SpiritBrand","Vajra","hexamod:InflammatoryLetter","hexamod:Sixitude","Kunai","Mummified Hand","Sozu","downfall:HeartBlessingGreen","Meat on the Bone","downfall:HeartBlessingRed","downfall:HeartBlessingBlue","Art of War"],"acts_visited":["Exordium","TheCity"],"potions_floor_usage":[16,29],"damage_taken":[{"damage":0,"enemies":"downfall:FleeingMerchant","floor":3,"turns":4},{"damage":3,"enemies":"Small Slimes","floor":4,"turns":4},{"damage":6,"enemies":"Jaw Worm","floor":6,"turns":2},{"damage":0,"enemies":"Cultist","floor":8,"turns":2},{"damage":0,"enemies":"Blue Slaver","floor":9,"turns":2},{"damage":9,"enemies":"Exordium Thugs","floor":10,"turns":4},{"damage":8,"enemies":"Lagavulin","floor":12,"turns":4},{"damage":0,"enemies":"Lots of Slimes","floor":13,"turns":2},{"damage":0,"enemies":"3 Sentries","floor":14,"turns":4},{"damage":3,"enemies":"Red Slaver","floor":15,"turns":2},{"damage":21,"enemies":"downfall:Defect","floor":16,"turns":5},{"damage":0,"enemies":"Spheric Guardian","floor":19,"turns":3},{"damage":14,"enemies":"3 Byrds","floor":20,"turns":3},{"damage":0,"enemies":"Snake Plant","floor":21,"turns":4},{"damage":15,"enemies":"downfall:FleeingMerchant","floor":22,"turns":4},{"damage":0,"enemies":"Sentry and Sphere","floor":27,"turns":3},{"damage":26,"enemies":"Book of Stabbing","floor":29,"turns":4},{"damage":0,"enemies":"Chosen and Byrds","floor":31,"turns":3},{"damage":31,"enemies":"Shelled Parasite and Fungi","floor":32,"turns":3},{"damage":31,"enemies":"downfall:Silent","floor":33,"turns":6}],"seed_played":"7419042099394569755","potions_obtained":[{"floor":4,"key":"sneckomod:MuddlingPotion"},{"floor":6,"key":"hexamod:DoubleChargePotion"},{"floor":15,"key":"LiquidBronze"}],"is_trial":false,"path_per_floor":["R","?","$","M","?","M","T","M","M","M","R","E","M","E","M","B",null,"R","M","M","M","$","?","T","R","?","M","R","E","?","M","M","B"],"character_chosen":"THE_SPIRIT","items_purchased":["hexamod:InflammatoryLetter","hexamod:SuperheatedStrike","Impatience","Meat on the Bone"],"campfire_rested":1,"item_purchase_floors":[3,3,3,22],"current_hp_per_floor":[63,63,63,60,60,54,54,54,54,45,45,37,37,37,34,13,56,56,56,42,42,27,27,27,61,61,61,61,47,47,47,28,0,0,0],"gold":107,"neow_bonus":"RANDOM_COMMON_RELIC","is_daily":false,"chose_seed":false,"campfire_upgraded":3,"win_rate":0.0,"timestamp":1609314116,"path_taken":["R","?","$","M","?","M","T","M","M","M","R","E","M","E","M","BOSS","R","M","M","M","$","?","T","R","?","M","R","E","?","M","M","BOSS"],"items_purchased_type":["Relic","Card","Card","Relic"],"build_version":"2020-12-22","purchased_purges":1,"victory":false,"max_hp_per_floor":[70,70,70,70,70,70,70,70,70,70,70,70,70,70,70,70,70,70,70,70,70,70,70,70,80,80,80,80,80,80,80,80,80,80,80],"card_choices":[{"not_picked":["hexamod:BacktrackSmack","hexamod:NightmareGuise"],"picked":"hexamod:Rewind","floor":3},{"not_picked":["hexamod:PhantomFireball","hexamod:SoulSteal"],"picked":"hexamod:ThermalTransfer","floor":4},{"not_picked":["hexamod:RetreatToShadows","hexamod:BurningTouch"],"picked":"hexamod:SpectersWail","floor":6},{"not_picked":["hexamod:AdvancingGuard","hexamod:InspiringFlames"],"picked":"hexamod:SwordOfDarkness","floor":8},{"not_picked":["hexamod:AdvancingGuard","hexamod:RadiantFlame"],"picked":"hexamod:SecondSeal","floor":9},{"not_picked":["hexamod:BacktrackSmack","hexamod:InspiringFlames"],"picked":"hexamod:GhostOfSpirePast","floor":10},{"not_picked":["hexamod:SpectralSpark","hexamod:BacktrackSmack"],"picked":"hexamod:CrushingStance","floor":12},{"not_picked":["hexamod:BurningTouch","hexamod:InspiringFlames"],"picked":"hexamod:FastForward","floor":13},{"not_picked":["hexamod:DynamicBlow","hexamod:InspiringFlames"],"picked":"hexamod:Hexaguard","floor":14},{"not_picked":["hexamod:GhostOfSpirePresent","hexamod:SpectersWail"],"picked":"hexamod:PhantomCloak","floor":15},{"not_picked":["hexamod:Toasty","hexamod:GiftsFromTheDead"],"picked":"hexamod:SearingWound","floor":16},{"not_picked":["hexamod:FourthSeal","hexamod:HeatCrush","hexamod:SwordOfDarkness"],"picked":"SKIP","floor":19},{"not_picked":["hexamod:NightmareStrike","hexamod:RainOfEmbers+1","hexamod:HauntingEcho"],"picked":"SKIP","floor":20},{"not_picked":["hexamod:GhostLash","hexamod:BacktrackSmack","hexamod:NightmareStrike"],"picked":"SKIP","floor":21},{"not_picked":["hexamod:PowerFromBeyond","hexamod:ThermalTransfer","hexamod:RetreatToShadows"],"picked":"SKIP","floor":22},{"not_picked":["hexamod:BurningTouch","hexamod:DynamicBlow","hexamod:AdvancingGuard"],"picked":"SKIP","floor":27},{"not_picked":["hexamod:SpectersWail","hexamod:SearingWound","hexamod:Firestarter"],"picked":"SKIP","floor":29},{"not_picked":["hexamod:PowerFromBeyond","hexamod:ThermalTransfer","hexamod:Incineration"],"picked":"SKIP","floor":31},{"not_picked":["hexamod:PowerFromBeyond","hexamod:ThermalTransfer"],"picked":"hexamod:Incineration","floor":31},{"not_picked":["hexamod:NightmareStrike+1","hexamod:RainOfEmbers","hexamod:FourthSeal"],"picked":"SKIP","floor":32}],"player_experience":1264337,"relics_obtained":[{"floor":7,"key":"hexamod:Sixitude"},{"floor":12,"key":"Kunai"},{"floor":14,"key":"Mummified Hand"},{"floor":29,"key":"Art of War"}],"event_choices":[{"cards_removed":["Slimebound:Icky"],"damage_healed":0,"gold_gain":0,"player_choice":"Card Removal","damage_taken":0,"max_hp_gain":0,"max_hp_loss":0,"event_name":"The Cleric","floor":5,"gold_loss":0},{"cards_removed":["Slimebound:Icky"],"damage_healed":0,"gold_gain":0,"player_choice":"Elegance","damage_taken":0,"max_hp_gain":0,"max_hp_loss":0,"event_name":"Back to Basics","floor":26,"gold_loss":0}],"is_beta":false,"boss_relics":[{"not_picked":["SlaversCollar","Astrolabe"],"picked":"Sozu"}],"items_purged_floors":[3],"is_endless":false,"potions_floor_spawned":[4,6,12,13,15,19,27,31,32],"killed_by":"downfall:Silent","ascension_level":13}}