{"host":"cwp0xoxch9uxtnfk","time":1609371312,"event":{"mods":["AchievementEnabler","BaseMod","Bestiary","Colored Map","Colored Powertips","Highlight Path","Minty Spire (QoL Compilation)","Rare Cards Sparkle","Relic Stats","SuperFastMode"],"gold_per_floor":[111,111,111,132,153,193,217,68,68,84,100,119,155,35,35,154,154,173,208,208,227,246,246,256,256,283,283,297,316,316,216,216,321,321,336,353,353,353,1,1,15,28,28,28,38,49,67,67,67,67,67,67,67,96,96],"floor_reached":56,"playtime":4579,"items_purged":["Strike_R","Strike_R","Strike_R"],"score":1115,"play_id":"638f9827-ee56-4157-8919-c9901acc89b3","local_time":"20201230233512","is_ascension_mode":false,"campfire_choices":[{"floor":15,"key":"REST"},{"data":"1","floor":23,"key":"LIFT"},{"data":"2","floor":25,"key":"LIFT"},{"data":"3","floor":27,"key":"LIFT"},{"floor":32,"key":"RECALL"},{"floor":40,"key":"REST"},{"floor":49,"key":"REST"},{"floor":52,"key":"REST"}],"circlet_count":0,"master_deck":["Strike_R","Strike_R","Defend_R","Defend_R","Defend_R","Defend_R+1","Bash+1","Headbutt","Headbutt","Iron Wave","Cleave","Impervious","Cleave","Clothesline","Shrug It Off","Exhume","Shrug It Off","Uppercut+1","Battle Trance","Disarm","Spot Weakness+1","True Grit+1","Clothesline+1","Necronomicurse","Berserk","Warcry+1","Pummel","Limit Break"],"relics":["Burning Blood","Bloody Idol","Vajra","Red Skull","Girya","Fusion Hammer","Red Mask","Bag of Preparation","Necronomicon","Mark of Pain","Orichalcum","Strawberry","InkBottle","Toy Ornithopter"],"acts_visited":["Exordium","TheCity","TheBeyond","TheEnding"],"potions_floor_usage":[16,33,55,55,55],"damage_taken":[{"damage":6,"enemies":"Jaw Worm","floor":1,"turns":3},{"damage":2,"enemies":"Small Slimes","floor":4,"turns":3},{"damage":0,"enemies":"Cultist","floor":5,"turns":3},{"damage":26,"enemies":"3 Sentries","floor":6,"turns":7},{"damage":14,"enemies":"Gremlin Gang","floor":7,"turns":5},{"damage":0,"enemies":"Lots of Slimes","floor":10,"turns":1},{"damage":7,"enemies":"2 Fungi Beasts","floor":11,"turns":2},{"damage":0,"enemies":"3 Louse","floor":12,"turns":1},{"damage":8,"enemies":"Lagavulin","floor":13,"turns":5},{"damage":22,"enemies":"Slime Boss","floor":16,"turns":11},{"damage":10,"enemies":"3 Byrds","floor":18,"turns":5},{"damage":40,"enemies":"Masked Bandits","floor":19,"turns":5},{"damage":1,"enemies":"Chosen","floor":21,"turns":4},{"damage":15,"enemies":"3 Cultists","floor":22,"turns":5},{"damage":0,"enemies":"Cultist and Chosen","floor":24,"turns":3},{"damage":9,"enemies":"Sentry and Sphere","floor":28,"turns":5},{"damage":1,"enemies":"Centurion and Healer","floor":29,"turns":4},{"damage":12,"enemies":"Champ","floor":33,"turns":8},{"damage":0,"enemies":"3 Darklings","floor":35,"turns":3},{"damage":0,"enemies":"Orb Walker","floor":36,"turns":2},{"damage":9,"enemies":"4 Shapes","floor":41,"turns":4},{"damage":3,"enemies":"Maw","floor":42,"turns":5},{"damage":6,"enemies":"3 Darklings","floor":45,"turns":4},{"damage":12,"enemies":"4 Shapes","floor":46,"turns":3},{"damage":5,"enemies":"Jaw Worm Horde","floor":47,"turns":3},{"damage":54,"enemies":"Time Eater","floor":50,"turns":10},{"damage":31,"enemies":"Shield and Spear","floor":54,"turns":5},{"damage":95,"enemies":"The Heart","floor":55,"turns":7}],"seed_played":"-7135016964213270821","potions_obtained":[{"floor":7,"key":"SpeedPotion"},{"floor":10,"key":"SneckoOil"},{"floor":12,"key":"Weak Potion"},{"floor":13,"key":"Strength Potion"},{"floor":24,"key":"Regen Potion"},{"floor":33,"key":"Weak Potion"},{"floor":36,"key":"BloodPotion"},{"floor":42,"key":"BlessingOfTheForge"},{"floor":47,"key":"Dexterity Potion"}],"is_trial":false,"path_per_floor":["M","?","?","M","M","E","M","$","T","M","M","M","E","$","R","B",null,"M","?","?","M","M","R","M","R","T","R","M","M","?","$","R","B",null,"M","M","?","?","$","R","M","M","T","?","M","M","M","$","R","B",null,"R","$","E","B",null],"character_chosen":"IRONCLAD","items_purchased":["Red Skull","Shrug It Off","Pummel","Orichalcum"],"campfire_rested":4,"item_purchase_floors":[8,14,39,39],"current_hp_per_floor":[80,64,44,48,54,34,26,26,26,32,31,37,35,35,59,43,80,76,42,42,52,48,48,59,59,64,64,66,76,60,60,60,74,80,80,80,80,80,80,80,80,80,87,87,87,86,87,87,87,39,87,87,87,67,10],"gold":96,"neow_bonus":"THREE_CARDS","is_daily":false,"chose_seed":false,"campfire_upgraded":0,"win_rate":0.0,"timestamp":1609371312,"path_taken":["M","?","?","M","M","E","M","?","T","?","?","M","E","?","R","BOSS","M","?","?","M","M","R","M","R","T","R","M","M","?","?","R","BOSS","M","M","?","?","$","R","?","M","T","?","M","M","M","?","R","BOSS","R","$","E","BOSS"],"items_purchased_type":["Relic","Card","Card","Relic"],"build_version":"2020-12-22","purchased_purges":3,"victory":true,"max_hp_per_floor":[80,80,80,80,80,80,80,80,80,80,80,80,80,80,80,80,80,80,80,80,80,80,80,80,80,80,80,80,80,80,80,80,80,80,80,80,80,80,80,80,80,80,87,87,87,87,87,87,87,87,87,87,87,87,87],"relic_stats":{"counters":[28,126],"Bloody Idol":48,"Bag of Preparation":[26],"Necronomicon":[39],"Orichalcum":[30],"obtain_stats":[{"Girya":13,"Golden Idol":3,"Vajra":6,"Bag of Preparation":26,"Orichalcum":39,"Burning Blood":0,"Bloody Idol":20,"Strawberry":43,"Fusion Hammer":17,"Mark of Pain":34,"Red Mask":19,"Necronomicon":30,"Red Skull":8,"InkBottle":44,"Toy Ornithopter":54},{"Girya":9,"Golden Idol":1,"Vajra":4,"Bag of Preparation":15,"Orichalcum":20,"Burning Blood":0,"Bloody Idol":12,"Strawberry":22,"Fusion Hammer":10,"Mark of Pain":18,"Red Mask":12,"Necronomicon":17,"Red Skull":5,"InkBottle":22,"Toy Ornithopter":27},{"Girya":30,"Golden Idol":3,"Vajra":16,"Bag of Preparation":63,"Orichalcum":85,"Burning Blood":0,"Bloody Idol":51,"Strawberry":94,"Fusion Hammer":41,"Mark of Pain":80,"Red Mask":51,"Necronomicon":72,"Red Skull":21,"InkBottle":94,"Toy Ornithopter":119}],"Burning Blood":153,"InkBottle":[11],"Toy Ornithopter":15},"card_choices":[{"not_picked":["Burning Pact","Iron Wave"],"picked":"Headbutt","floor":0},{"not_picked":["Perfected Strike","Intimidate"],"picked":"Headbutt","floor":1},{"not_picked":["Havoc","Thunderclap"],"picked":"Iron Wave","floor":4},{"not_picked":["Thunderclap","Havoc"],"picked":"Cleave","floor":5},{"not_picked":["Burning Pact","Havoc"],"picked":"Impervious","floor":6},{"not_picked":["Anger","Perfected Strike"],"picked":"Cleave","floor":7},{"not_picked":["Dropkick","Body Slam","Seeing Red"],"picked":"SKIP","floor":10},{"not_picked":["Whirlwind","Heavy Blade"],"picked":"Clothesline","floor":11},{"not_picked":["Heavy Blade","Iron Wave"],"picked":"Corruption","floor":12},{"not_picked":["Anger","Blood for Blood","Heavy Blade"],"picked":"SKIP","floor":13},{"not_picked":["Offering","Fiend Fire"],"picked":"Exhume","floor":16},{"not_picked":["Warcry","Dark Embrace+1"],"picked":"Shrug It Off","floor":18},{"not_picked":["Anger","Seeing Red"],"picked":"Uppercut+1","floor":19},{"not_picked":["Headbutt+1","Clothesline"],"picked":"Battle Trance","floor":21},{"not_picked":["Flex","Anger+1"],"picked":"Disarm","floor":22},{"not_picked":["Armaments","Rampage"],"picked":"Spot Weakness+1","floor":24},{"not_picked":["Sentinel","Combust"],"picked":"True Grit+1","floor":28},{"not_picked":["Clash","Seeing Red"],"picked":"Clothesline+1","floor":29},{"not_picked":["Fiend Fire","Feed"],"picked":"Berserk","floor":33},{"not_picked":["Heavy Blade","Twin Strike","Wild Strike+1"],"picked":"SKIP","floor":35},{"not_picked":["Rupture","Flex+1"],"picked":"Warcry+1","floor":36},{"not_picked":["Exhume","Shockwave+1","Pommel Strike"],"picked":"SKIP","floor":41},{"not_picked":["Reckless Charge+1","Wild Strike","Pommel Strike"],"picked":"SKIP","floor":42},{"not_picked":["Wild Strike","Flex","Cleave"],"picked":"SKIP","floor":45},{"not_picked":["Inflame","Perfected Strike","Clothesline+1"],"picked":"SKIP","floor":46},{"not_picked":["Sentinel","Twin Strike+1","Sword Boomerang"],"picked":"SKIP","floor":47},{"not_picked":["Sentinel","Battle Trance+1"],"picked":"Limit Break","floor":54}],"player_experience":118614,"relics_obtained":[{"floor":6,"key":"Vajra"},{"floor":13,"key":"Girya"},{"floor":19,"key":"Red Mask"},{"floor":26,"key":"Bag of Preparation"},{"floor":30,"key":"Necronomicon"},{"floor":43,"key":"Strawberry"},{"floor":54,"key":"Toy Ornithopter"}],"event_choices":[{"damage_healed":0,"gold_gain":0,"player_choice":"Entered Light","damage_taken":16,"max_hp_gain":0,"max_hp_loss":0,"event_name":"Shining Light","floor":2,"gold_loss":0,"cards_upgraded":["Defend_R","Bash"]},{"damage_healed":0,"gold_gain":0,"player_choice":"Take Damage","damage_taken":20,"relics_obtained":["Golden Idol"],"max_hp_gain":0,"max_hp_loss":0,"event_name":"Golden Idol","floor":3,"gold_loss":0},{"damage_healed":0,"gold_gain":0,"player_choice":"Fought Bandits","damage_taken":0,"max_hp_gain":0,"max_hp_loss":0,"event_name":"Masked Bandits","floor":19,"gold_loss":0},{"damage_healed":0,"gold_gain":0,"player_choice":"Gave Idol","damage_taken":0,"relics_obtained":["Bloody Idol"],"max_hp_gain":0,"max_hp_loss":0,"event_name":"Forgotten Altar","floor":20,"relics_lost":["Golden Idol"],"gold_loss":0},{"damage_healed":0,"gold_gain":0,"player_choice":"Obtained Book","damage_taken":16,"max_hp_gain":0,"max_hp_loss":0,"event_name":"Cursed Tome","floor":30,"gold_loss":0},{"cards_removed":["Corruption"],"damage_healed":0,"gold_gain":0,"player_choice":"Removed Power","damage_taken":0,"max_hp_gain":0,"max_hp_loss":0,"event_name":"Falling","floor":37,"gold_loss":0},{"damage_healed":0,"gold_gain":0,"player_choice":"Ignored","damage_taken":0,"max_hp_gain":0,"max_hp_loss":0,"event_name":"NoteForYourself","floor":38,"gold_loss":0},{"damage_healed":0,"gold_gain":0,"player_choice":"Gave Potion","damage_taken":0,"relics_obtained":["InkBottle"],"max_hp_gain":0,"max_hp_loss":0,"event_name":"WeMeetAgain","floor":44,"gold_loss":0}],"is_beta":false,"boss_relics":[{"not_picked":["Busted Crown","Astrolabe"],"picked":"Fusion Hammer"},{"not_picked":["Coffee Dripper","SacredBark"],"picked":"Mark of Pain"}],"items_purged_floors":[14,31,39],"is_endless":false,"potions_floor_spawned":[7,10,12,13,24,28,29,33,36,42,47],"ascension_level":0}}