{"host":"3a1ypf1irl30q4k8","time":1609367992,"event":{"mods":["AchievementEnabler","BaseMod","Bestiary","Colored Map","Minty Spire (QoL Compilation)","Relic Stats"],"gold_per_floor":[17,32,49,60,60,60,89,89,89,89,103,128,128,55,55,150,150,163,181,36,36,50,77,77,77,77,77,91,91,108,127,127,224,224,241,260,0,350,362,362,379,405,405,405,430,440,69,88,88,88,88,88,13,46,46,46],"floor_reached":55,"playtime":4076,"items_purged":["Strike_R","Strike_R","Strike_R"],"score":894,"play_id":"7485f1b5-7b96-44fe-9bc1-a43d2db13d0e","local_time":"20201230223952","is_ascension_mode":true,"campfire_choices":[{"data":"Iron Wave","floor":6.0,"key":"SMITH"},{"data":"Dark Embrace","floor":8.0,"key":"SMITH"},{"data":"Sever Soul","floor":10.0,"key":"SMITH"},{"data":"Corruption","floor":13.0,"key":"SMITH"},{"data":"Shockwave","floor":15.0,"key":"SMITH"},{"data":"Feed","floor":24.0,"key":"SMITH"},{"floor":29,"key":"REST"},{"data":"Feel No Pain","floor":32,"key":"SMITH"},{"floor":40,"key":"REST"},{"floor":49,"key":"RECALL"},{"data":"Feel No Pain","floor":52,"key":"SMITH"}],"circlet_count":0,"master_deck":["Strike_R","Defend_R","Defend_R","Defend_R","Defend_R","Bash","Corruption+1","Sever Soul+1","Dark Embrace+1","Iron Wave+1","Burning Pact","Ghostly Armor","Shockwave+1","Power Through","Feel No Pain+1","Feed+1","Clothesline","Spot Weakness","Feel No Pain+1","Infernal Blade","Inflame","Wild Strike+1","Cleave+1","Offering","Dual Wield","Fire Breathing","Dark Shackles","Body Slam+1","Havoc+1","Clumsy","Writhe","Shockwave","Fire Breathing","Infernal Blade+1"],"relics":["Burning Blood","Boot","Bird Faced Urn","Ornamental Fan","Orichalcum","Cursed Key","Champion Belt","Sozu","Old Coin","Calipers","InkBottle","Shuriken","Bag of Preparation"],"acts_visited":["Exordium","TheCity","TheBeyond","TheEnding"],"potions_floor_usage":[30,33,33,55],"damage_taken":[{"damage":8.0,"enemies":"Jaw Worm","floor":1.0,"turns":6.0},{"damage":6.0,"enemies":"Cultist","floor":2.0,"turns":3.0},{"damage":0.0,"enemies":"Small Slimes","floor":3.0,"turns":3.0},{"damage":14.0,"enemies":"Blue Slaver","floor":4.0,"turns":4.0},{"damage":17.0,"enemies":"Gremlin Nob","floor":7.0,"turns":4.0},{"damage":6.0,"enemies":"Exordium Thugs","floor":11.0,"turns":5.0},{"damage":20.0,"enemies":"3 Sentries","floor":12.0,"turns":9.0},{"damage":54.0,"enemies":"Hexaghost","floor":16.0,"turns":13.0},{"damage":5.0,"enemies":"Shell Parasite","floor":18.0,"turns":7.0},{"damage":2.0,"enemies":"Chosen","floor":19.0,"turns":8.0},{"damage":6.0,"enemies":"Snecko","floor":22.0,"turns":6.0},{"damage":49.0,"enemies":"Slavers","floor":23.0,"turns":8.0},{"damage":26.0,"enemies":"Snake Plant","floor":28.0,"turns":5.0},{"damage":1,"enemies":"Centurion and Healer","floor":30,"turns":5},{"damage":0,"enemies":"Snecko","floor":31,"turns":4},{"damage":45,"enemies":"Automaton","floor":33,"turns":12},{"damage":25,"enemies":"3 Darklings","floor":35,"turns":5},{"damage":11,"enemies":"3 Shapes","floor":36,"turns":7},{"damage":37,"enemies":"Mind Bloom Boss Battle","floor":38,"turns":6},{"damage":39,"enemies":"Spire Growth","floor":39,"turns":5},{"damage":6,"enemies":"Maw","floor":41,"turns":7},{"damage":39,"enemies":"Giant Head","floor":42,"turns":8},{"damage":60,"enemies":"Nemesis","floor":45,"turns":7},{"damage":11,"enemies":"Sphere and 2 Shapes","floor":46,"turns":4},{"damage":18,"enemies":"3 Darklings","floor":48,"turns":5},{"damage":33,"enemies":"Donu and Deca","floor":50,"turns":6},{"damage":71,"enemies":"Shield and Spear","floor":54,"turns":7},{"damage":73,"enemies":"The Heart","floor":55,"turns":6}],"seed_played":"-8412792134890636522","potions_obtained":[{"floor":1.0,"key":"AttackPotion"},{"floor":2.0,"key":"Dexterity Potion"},{"floor":11.0,"key":"SpeedPotion"},{"floor":16.0,"key":"Strength Potion"},{"floor":18.0,"key":"SkillPotion"},{"floor":23.0,"key":"Swift Potion"},{"floor":28.0,"key":"FearPotion"},{"floor":31,"key":"Energy Potion"},{"floor":33,"key":"Strength Potion"}],"is_trial":false,"path_per_floor":["M","M","M","M","?","R","E","R","T","R","M","E","R","$","R","B",null,"M","M","$","?","M","E","R","?","T","?","M","R","M","M","R","B",null,"M","M","$","?","M","R","M","E","T","?","E","M","$","M","R","B",null,"R","$","E","B"],"character_chosen":"IRONCLAD","items_purchased":["Feel No Pain","Feel No Pain","Fire Breathing","Dark Shackles","Shuriken","Fire Breathing"],"campfire_rested":2,"item_purchase_floors":[14,20,37,37,47,53],"current_hp_per_floor":[78,78,80,72,72,72,61,61,61,61,65,55,55,55,55,13,80,80,83,83,83,86,50,50,33,33,33,23,51,70,90,90,61,102,93,98,98,81,60,91,105,77,77,105,63,70,70,66,66,55,114,114,114,57,0,0],"gold":46,"neow_bonus":"THREE_RARE_CARDS","is_daily":false,"chose_seed":false,"campfire_upgraded":8,"win_rate":0.0,"timestamp":1609367992,"path_taken":["M","M","M","M","?","R","E","R","T","R","M","E","R","$","R","BOSS","M","M","$","?","M","E","R","?","T","?","M","R","M","?","R","BOSS","M","M","$","?","M","R","M","E","T","?","E","M","$","M","R","BOSS","R","$","E","BOSS"],"items_purchased_type":["Card","Card","Card","Card","Relic","Card"],"build_version":"2020-12-22","purchased_purges":3,"victory":false,"max_hp_per_floor":[80,80,80,80,80,80,80,80,80,80,80,80,80,80,80,80,80,80,83,83,83,86,89,89,94,94,94,94,94,98,102,102,102,102,102,102,102,106,106,106,110,110,110,110,110,110,110,110,110,114,114,114,114,114,114,114],"relic_stats":{"counters":[28,175],"Bag of Preparation":[2],"Orichalcum":[90],"Boot":[35],"Cursed Key":1,"Burning Blood":143,"Sozu":4,"Ornamental Fan":[120],"Shuriken":[7],"Bird Faced Urn":[191],"Champion Belt":[44],"obtain_stats":[{"Calipers":42,"Bag of Preparation":54,"Orichalcum":12,"Boot":5,"Cursed Key":17,"Burning Blood":0,"Old Coin":38,"Sozu":34,"Ornamental Fan":9,"Shuriken":47,"Bird Faced Urn":7,"Champion Belt":23,"InkBottle":45},{"Calipers":22,"Bag of Preparation":27,"Orichalcum":7,"Boot":4,"Cursed Key":8,"Burning Blood":0,"Old Coin":19,"Sozu":16,"Ornamental Fan":5,"Shuriken":24,"Bird Faced Urn":5,"Champion Belt":12,"InkBottle":23},{"Calipers":140,"Bag of Preparation":169,"Orichalcum":34,"Boot":16,"Cursed Key":47,"Burning Blood":0,"Old Coin":120,"Sozu":102,"Ornamental Fan":20,"Shuriken":151,"Bird Faced Urn":20,"Champion Belt":76,"InkBottle":147}],"InkBottle":[14]},"card_choices":[{"not_picked":["Berserk","Limit Break"],"picked":"Corruption","floor":0.0},{"not_picked":["Metallicize","Flex"],"picked":"Sever Soul","floor":1.0},{"not_picked":["Warcry","Armaments"],"picked":"Dark Embrace","floor":2.0},{"not_picked":["Wild Strike","Dark Embrace"],"picked":"Iron Wave","floor":3.0},{"not_picked":["Sword Boomerang","Rage"],"picked":"Burning Pact","floor":4.0},{"not_picked":["Infernal Blade","Clothesline"],"picked":"Ghostly Armor","floor":7.0},{"not_picked":["Clothesline","Flex"],"picked":"Shockwave","floor":11.0},{"not_picked":["Intimidate","Pommel Strike"],"picked":"Power Through","floor":12.0},{"not_picked":["Barricade","Corruption"],"picked":"Feed","floor":16.0},{"not_picked":["Reckless Charge","Havoc+1"],"picked":"Clothesline","floor":18.0},{"not_picked":["Sever Soul+1","Clash+1"],"picked":"Spot Weakness","floor":19.0},{"not_picked":["Clash","Iron Wave"],"picked":"Infernal Blade","floor":22.0},{"not_picked":["Body Slam","Headbutt","Clothesline"],"picked":"SKIP","floor":23.0},{"not_picked":["Seeing Red","Anger"],"picked":"Wild Strike+1","floor":28.0},{"not_picked":["Double Tap","Flex","Wild Strike+1"],"picked":"SKIP","floor":30},{"not_picked":["Sword Boomerang+1","Bloodletting"],"picked":"Cleave+1","floor":31},{"not_picked":["Corruption","Demon Form"],"picked":"Offering","floor":33},{"not_picked":["Anger+1","Shrug It Off","Wild Strike+1"],"picked":"SKIP","floor":35},{"not_picked":["Headbutt","Flex+1"],"picked":"Dual Wield","floor":36},{"not_picked":["Perfected Strike+1","Headbutt","Heavy Blade+1"],"picked":"SKIP","floor":39},{"not_picked":["Heavy Blade+1","Berserk"],"picked":"Body Slam+1","floor":41},{"not_picked":["Flex+1","Armaments"],"picked":"Havoc+1","floor":42},{"not_picked":["Corruption","Heavy Blade+1"],"picked":"Shockwave","floor":45},{"not_picked":["Hemokinesis+1","Pommel Strike+1","Havoc"],"picked":"SKIP","floor":46},{"not_picked":["Twin Strike","Pommel Strike","Cleave+1"],"picked":"SKIP","floor":48},{"not_picked":["Sword Boomerang","Seeing Red"],"picked":"Infernal Blade+1","floor":54}],"player_experience":913434,"relics_obtained":[{"floor":7.0,"key":"Bird Faced Urn"},{"floor":9.0,"key":"Ornamental Fan"},{"floor":12.0,"key":"Orichalcum"},{"floor":23.0,"key":"Champion Belt"},{"floor":38,"key":"Old Coin"},{"floor":42,"key":"Calipers"},{"floor":45,"key":"InkBottle"},{"floor":54,"key":"Bag of Preparation"}],"event_choices":[{"damage_healed":0.0,"max_hp_gain":0.0,"max_hp_loss":0.0,"gold_gain":0.0,"event_name":"WeMeetAgain","player_choice":"Gave Potion","floor":5.0,"gold_loss":0.0,"damage_taken":0.0,"relics_obtained":["Boot"]},{"cards_removed":["Strike_R"],"damage_healed":0.0,"max_hp_gain":0.0,"max_hp_loss":0.0,"gold_gain":0.0,"event_name":"Back to Basics","player_choice":"Elegance","floor":21.0,"gold_loss":0.0,"damage_taken":0.0},{"damage_healed":0.0,"max_hp_gain":5.0,"max_hp_loss":0.0,"gold_gain":0.0,"event_name":"Forgotten Altar","player_choice":"Shed Blood","floor":25.0,"gold_loss":0.0,"damage_taken":22.0},{"damage_healed":0.0,"max_hp_gain":0.0,"max_hp_loss":0.0,"gold_gain":0.0,"event_name":"The Library","player_choice":"Read","floor":27.0,"gold_loss":0.0,"damage_taken":0.0,"cards_obtained":["Inflame"]},{"damage_healed":0,"gold_gain":0,"player_choice":"Fight","damage_taken":0,"max_hp_gain":0,"max_hp_loss":0,"event_name":"MindBloom","floor":38,"gold_loss":0},{"damage_healed":28,"gold_gain":0,"player_choice":"Writhe","damage_taken":0,"max_hp_gain":0,"max_hp_loss":0,"event_name":"Winding Halls","floor":44,"gold_loss":0,"cards_obtained":["Writhe"]}],"is_beta":false,"boss_relics":[{"not_picked":["Black Star","Philosopher\u0027s Stone"],"picked":"Cursed Key"},{"not_picked":["Runic Pyramid","Coffee Dripper"],"picked":"Sozu"}],"items_purged_floors":[20,37,47],"is_endless":false,"potions_floor_spawned":[1,2,11,16,18,23,28,31,33,36,38,45,54],"killed_by":"The Heart","ascension_level":3}}