{"host":"kny6rlsosrqfanvr","time":1609364544,"event":{"mods":["AchievementEnabler","BaseMod","Colored Map","Highlight Path","Minty Spire (QoL Compilation)","Quick Restart","StSLib","SuperFastMode"],"gold_per_floor":[114,114,264,264,18,56,56,95,395,430,430,451,482,505,505,595,595,620,620,620,641,27,27,63,81,106,106,106],"floor_reached":27,"playtime":2427,"items_purged":["Doubt"],"score":553,"play_id":"54d7df9a-0300-4c59-b4e9-44a592277640","local_time":"20201230214224","is_ascension_mode":true,"campfire_choices":[{"data":"Terror","floor":7,"key":"SMITH"},{"floor":11,"key":"REST"},{"data":"Caltrops","floor":15,"key":"SMITH"},{"floor":23,"key":"REST"}],"circlet_count":0,"master_deck":["AscendersBane","Strike_G+1","Strike_G+1","Strike_G+1","Strike_G+1","Strike_G+1","Defend_G+1","Defend_G+1","Defend_G+1","Defend_G+1","Defend_G+1","Survivor","Neutralize","Terror+1","Caltrops+1","Slice","Skewer","Flying Knee","Cloak And Dagger","Quick Slash","Phantasmal Killer","Distraction","Noxious Fumes","Footwork","Envenom","Blade Dance"],"relics":["Ring of the Snake","NeowsBlessing","Golden Idol","FaceOfCleric","ClockworkSouvenir","Smiling Mask","Bottled Lightning","Old Coin","Tingsha","Gremlin Horn","SlaversCollar","Shuriken","Bottled Tornado","Vajra","Pen Nib"],"acts_visited":["Exordium","TheCity"],"potions_floor_usage":[13],"damage_taken":[{"damage":0,"enemies":"Jaw Worm","floor":1,"turns":1},{"damage":0,"enemies":"3 Sentries","floor":6,"turns":1},{"damage":0,"enemies":"Lagavulin","floor":8,"turns":1},{"damage":30,"enemies":"Gremlin Nob","floor":10,"turns":4},{"damage":0,"enemies":"Small Slimes","floor":12,"turns":2},{"damage":7,"enemies":"3 Sentries","floor":13,"turns":4},{"damage":0,"enemies":"Cultist","floor":14,"turns":3},{"damage":37,"enemies":"Hexaghost","floor":16,"turns":9},{"damage":18,"enemies":"3 Byrds","floor":18,"turns":4},{"damage":4,"enemies":"Chosen","floor":21,"turns":3},{"damage":13,"enemies":"Gremlin Leader","floor":24,"turns":6},{"damage":24,"enemies":"Snake Plant","floor":25,"turns":4},{"damage":19,"enemies":"Centurion and Healer","floor":27,"turns":2}],"seed_played":"7347949151017246731","potions_obtained":[{"floor":1,"key":"SpeedPotion"},{"floor":6,"key":"SteroidPotion"},{"floor":13,"key":"ColorlessPotion"},{"floor":24,"key":"FearPotion"}],"is_trial":false,"path_per_floor":["M","?","?","?","$","E","R","E","T","E","R","M","E","M","R","B",null,"M","?","?","M","$","R","E","M","T","M"],"character_chosen":"THE_SILENT","items_purchased":["ClockworkSouvenir","Caltrops","Shuriken","Bottled Tornado"],"campfire_rested":2,"item_purchase_floors":[5,5,22,22],"current_hp_per_floor":[59,59,59,59,59,60,60,61,61,32,50,51,45,46,46,10,53,36,36,36,33,33,53,41,18,18,0,0],"gold":106,"neow_bonus":"THREE_ENEMY_KILL","is_daily":false,"chose_seed":false,"campfire_upgraded":2,"win_rate":0.0,"timestamp":1609364544,"path_taken":["M","?","?","?","$","E","R","E","T","E","R","?","E","?","R","BOSS","M","?","?","M","$","R","E","M","T","M"],"items_purchased_type":["Relic","Card","Relic","Relic"],"build_version":"2020-12-22","purchased_purges":1,"victory":false,"max_hp_per_floor":[66,60,60,60,60,61,61,62,62,63,63,64,65,66,66,67,67,68,68,68,69,69,69,70,71,71,71,71],"card_choices":[{"not_picked":["Prepared","Slice"],"picked":"Terror","floor":1},{"not_picked":["Underhanded Strike","Prepared"],"picked":"Slice","floor":6},{"not_picked":["Concentrate","Prepared"],"picked":"Skewer","floor":8},{"not_picked":["Deflect","Dagger Throw"],"picked":"Flying Knee","floor":10},{"not_picked":["Choke","Masterful Stab","Prepared"],"picked":"SKIP","floor":12},{"not_picked":["Wraith Form v2","Prepared"],"picked":"Cloak And Dagger","floor":13},{"not_picked":["Concentrate","Catalyst"],"picked":"Quick Slash","floor":14},{"not_picked":["Storm of Steel","Venomology"],"picked":"Phantasmal Killer","floor":16},{"not_picked":["Quick Slash","Accuracy"],"picked":"Distraction","floor":18},{"not_picked":["Riddle With Holes","Blade Dance"],"picked":"Footwork","floor":21},{"not_picked":["Slice","Outmaneuver"],"picked":"Envenom","floor":24},{"not_picked":["Underhanded Strike","Predator+1"],"picked":"Blade Dance","floor":25}],"player_experience":1262671,"relics_obtained":[{"floor":6,"key":"Smiling Mask"},{"floor":8,"key":"Bottled Lightning"},{"floor":9,"key":"Old Coin"},{"floor":10,"key":"Tingsha"},{"floor":13,"key":"Gremlin Horn"},{"floor":24,"key":"Vajra"},{"floor":26,"key":"Pen Nib"}],"event_choices":[{"damage_healed":0,"gold_gain":0,"player_choice":"Lose Max HP","damage_taken":0,"relics_obtained":["Golden Idol"],"max_hp_gain":0,"max_hp_loss":6,"event_name":"Golden Idol","floor":2,"gold_loss":0},{"damage_healed":0,"gold_gain":150,"player_choice":"AGREE","damage_taken":0,"max_hp_gain":0,"max_hp_loss":0,"event_name":"Liars Game","floor":3,"gold_loss":0,"cards_obtained":["Doubt"]},{"damage_healed":0,"gold_gain":0,"player_choice":"Trade","damage_taken":0,"relics_obtained":["FaceOfCleric"],"max_hp_gain":0,"max_hp_loss":0,"event_name":"FaceTrader","floor":4,"gold_loss":0},{"damage_healed":0,"gold_gain":0,"player_choice":"Simplicity","damage_taken":0,"max_hp_gain":0,"max_hp_loss":0,"event_name":"Back to Basics","floor":19,"gold_loss":0,"cards_upgraded":["Strike_G","Strike_G","Strike_G","Strike_G","Strike_G","Defend_G","Defend_G","Defend_G","Defend_G","Defend_G"]},{"damage_healed":0,"gold_gain":0,"player_choice":"Read","damage_taken":0,"max_hp_gain":0,"max_hp_loss":0,"event_name":"The Library","floor":20,"gold_loss":0,"cards_obtained":["Noxious Fumes"]}],"is_beta":false,"boss_relics":[{"not_picked":["Velvet Choker","Coffee Dripper"],"picked":"SlaversCollar"}],"items_purged_floors":[22],"is_endless":false,"potions_floor_spawned":[1,6,12,13,24],"killed_by":"Centurion and Healer","ascension_level":16}}