{"host":"Jedit","time":1609352355,"event":{"mods":["BaseMod","Minty Spire (QoL Compilation)","Relic Stats","StSLib"],"gold_per_floor":[112,126,141,9,28,28,28,57,57,57,92,57,57,69,69,148,148,165,4,4,4,4,4,35,35,82,92,108,33,33,76,76,162,162,186,22,32,32,32,32,53,76,76,76,76,0,24,52,52,52,52,52],"floor_reached":51,"playtime":1983,"items_purged":["Strike_G"],"score":1382,"play_id":"83d67518-1c02-465e-a64c-183f12892b36","local_time":"20201230181915","is_ascension_mode":true,"campfire_choices":[{"data":"Corpse Explosion","floor":6.0,"key":"SMITH"},{"data":"Finisher","floor":10.0,"key":"SMITH"},{"data":"Blade Dance","floor":13.0,"key":"SMITH"},{"data":"Catalyst","floor":15.0,"key":"SMITH"},{"data":"Leg Sweep","floor":23.0,"key":"SMITH"},{"data":"Bouncing Flask","floor":30.0,"key":"SMITH"},{"floor":32.0,"key":"REST"},{"floor":40.0,"key":"RECALL"},{"data":"Eviscerate","floor":45,"key":"SMITH"},{"data":"Finisher","floor":49,"key":"SMITH"}],"circlet_count":0,"master_deck":["AscendersBane","Strike_G","Strike_G","Defend_G","Defend_G","Defend_G","Survivor","Neutralize","Dagger Throw","PiercingWail","Underhanded Strike","Finisher+1","Blade Dance+1","Corpse Explosion+1","Flying Knee","Eviscerate","Reflex","Catalyst+1","Tools of the Trade","Leg Sweep+1","Eviscerate+1","Bouncing Flask+1","Underhanded Strike","Finisher+1","Noxious Fumes","Blur+1","Backflip+1","Reflex"],"relics":["Empty Cage","Anchor","Bag of Preparation","Ornamental Fan","Snecko Eye","Ice Cream","Orichalcum","CeramicFish","HoveringKite","Happy Flower","Red Mask","Potion Belt"],"acts_visited":["Exordium","TheCity","TheBeyond"],"potions_floor_usage":[51,51],"damage_taken":[{"damage":1.0,"enemies":"Cultist","floor":1.0,"turns":4.0},{"damage":1.0,"enemies":"Jaw Worm","floor":2.0,"turns":4.0},{"damage":3.0,"enemies":"2 Louse","floor":3.0,"turns":3.0},{"damage":0.0,"enemies":"Gremlin Gang","floor":5.0,"turns":5.0},{"damage":26.0,"enemies":"3 Sentries","floor":8.0,"turns":6.0},{"damage":22.0,"enemies":"Gremlin Nob","floor":11.0,"turns":4.0},{"damage":0.0,"enemies":"Large Slime","floor":14.0,"turns":4.0},{"damage":11.0,"enemies":"Hexaghost","floor":16.0,"turns":7.0},{"damage":0.0,"enemies":"Shell Parasite","floor":18.0,"turns":2.0},{"damage":0.0,"enemies":"Gremlin Leader","floor":24.0,"turns":4.0},{"damage":0.0,"enemies":"2 Thieves","floor":27.0,"turns":2.0},{"damage":0.0,"enemies":"Snake Plant","floor":28.0,"turns":2.0},{"damage":6.0,"enemies":"Slavers","floor":31.0,"turns":2.0},{"damage":6.0,"enemies":"Champ","floor":33.0,"turns":7.0},{"damage":0.0,"enemies":"3 Shapes","floor":35.0,"turns":4.0},{"damage":0.0,"enemies":"3 Darklings","floor":37.0,"turns":3.0},{"damage":16.0,"enemies":"Spire Growth","floor":41.0,"turns":3.0},{"damage":4.0,"enemies":"Writhing Mass","floor":42.0,"turns":3.0},{"damage":0,"enemies":"Transient","floor":48,"turns":6},{"damage":11,"enemies":"Donu and Deca","floor":50,"turns":4},{"damage":50,"enemies":"Time Eater","floor":51,"turns":7}],"seed_played":"6199149692792347673","potions_obtained":[{"floor":2.0,"key":"Ancient Potion"},{"floor":3.0,"key":"SkillPotion"},{"floor":5.0,"key":"Explosive Potion"},{"floor":18.0,"key":"Energy Potion"},{"floor":33.0,"key":"EssenceOfSteel"},{"floor":35.0,"key":"AttackPotion"},{"floor":42.0,"key":"DistilledChaos"}],"is_trial":false,"path_per_floor":["M","M","M","$","M","R","?","E","T","R","E","?","R","M","R","B",null,"M","$","?","?","$","R","E","?","T","M","M","?","R","E","R","B",null,"M","$","M","$","?","R","M","M","T","?","R","?","T","M","R","B","B"],"character_chosen":"THE_SILENT","items_purchased":["Finisher","Blade Dance","Eviscerate","Happy Flower"],"campfire_rested":1,"item_purchase_floors":[4,4,19,36],"current_hp_per_floor":[58,57,54,54,54,54,54,28,28,28,6,22,22,22,22,11,52,52,52,34,34,34,34,34,34,34,34,34,34,34,28,49,43,64,64,64,64,64,64,64,48,44,44,44,44,44,44,44,44,33,0,0],"gold":52,"neow_bonus":"BOSS_RELIC","is_daily":false,"chose_seed":false,"campfire_upgraded":8,"win_rate":0.0,"timestamp":1609352355,"path_taken":["M","M","M","$","M","R","?","E","T","R","E","?","R","M","R","BOSS","M","$","?","?","$","R","E","?","T","M","?","?","R","E","R","BOSS","M","$","M","$","?","R","M","M","T","?","R","?","?","M","R","BOSS","BOSS"],"items_purchased_type":["Card","Card","Card","Relic"],"build_version":"2020-12-18","purchased_purges":1,"victory":false,"max_hp_per_floor":[66,66,66,66,66,66,66,66,66,66,66,66,66,66,66,66,66,66,66,71,71,71,71,71,71,71,71,71,71,71,71,71,71,71,71,71,71,71,67,67,67,67,67,67,67,67,67,67,67,67,67,67],"relic_stats":{"Happy Flower":[8],"counters":[21,86],"Ornamental Fan":[164],"CeramicFish":54,"Snecko Eye":[109,98,100,91],"HoveringKite":[16],"Bag of Preparation":[32],"Orichalcum":[42],"obtain_stats":[{"Ice Cream":24,"Potion Belt":47,"Happy Flower":36,"CeramicFish":31,"HoveringKite":34,"Bag of Preparation":9,"Orichalcum":26,"Empty Cage":0,"Anchor":8,"Ornamental Fan":11,"Snecko Eye":17,"Red Mask":46,"Ring of the Snake":0},{"Ice Cream":10,"Potion Belt":18,"Happy Flower":15,"CeramicFish":13,"HoveringKite":14,"Bag of Preparation":5,"Orichalcum":10,"Empty Cage":0,"Anchor":5,"Ornamental Fan":6,"Snecko Eye":8,"Red Mask":18,"Ring of the Snake":0},{"Ice Cream":43,"Potion Belt":69,"Happy Flower":60,"CeramicFish":49,"HoveringKite":56,"Bag of Preparation":22,"Orichalcum":43,"Empty Cage":0,"Anchor":22,"Ornamental Fan":26,"Snecko Eye":37,"Red Mask":69,"Ring of the Snake":0}]},"card_choices":[{"not_picked":["Dodge and Roll","Setup"],"picked":"Dagger Throw","floor":1.0},{"not_picked":["Caltrops","Outmaneuver"],"picked":"PiercingWail","floor":2.0},{"not_picked":["Calculated Gamble","Dodge and Roll"],"picked":"Underhanded Strike","floor":3.0},{"not_picked":["Outmaneuver","Dagger Spray"],"picked":"Corpse Explosion","floor":5.0},{"not_picked":["Slice","Catalyst"],"picked":"Eviscerate","floor":8.0},{"not_picked":["Sucker Punch","Outmaneuver"],"picked":"Reflex","floor":11.0},{"not_picked":["Bouncing Flask","Quick Slash"],"picked":"Catalyst","floor":14.0},{"not_picked":["Unload","Wraith Form v2"],"picked":"Tools of the Trade","floor":16.0},{"not_picked":["Deadly Poison+1","Slice"],"picked":"Leg Sweep","floor":18.0},{"not_picked":["Setup","Footwork"],"picked":"Bouncing Flask","floor":24.0},{"not_picked":["Bane","Deadly Poison+1"],"picked":"Underhanded Strike","floor":27.0},{"not_picked":["Dagger Throw","Riddle With Holes"],"picked":"Deflect","floor":28.0},{"not_picked":["Expertise","Dagger Throw+1"],"picked":"Finisher","floor":31.0},{"not_picked":["Grand Finale","Storm of Steel"],"picked":"A Thousand Cuts","floor":33.0},{"not_picked":["Acrobatics","Escape Plan"],"picked":"Noxious Fumes","floor":35.0},{"not_picked":["Flying Knee+1","Deadly Poison","Infinite Blades"],"picked":"SKIP","floor":37.0},{"not_picked":["Deadly Poison","Bane"],"picked":"Blur+1","floor":41.0},{"not_picked":["Dodge and Roll","Flechettes"],"picked":"Backflip+1","floor":42.0},{"not_picked":["Acrobatics+1","Blade Dance"],"picked":"Reflex","floor":48}],"player_experience":3426987,"relics_obtained":[{"floor":8.0,"key":"Anchor"},{"floor":9.0,"key":"Bag of Preparation"},{"floor":11.0,"key":"Ornamental Fan"},{"floor":24.0,"key":"Ice Cream"},{"floor":26.0,"key":"Orichalcum"},{"floor":31.0,"key":"CeramicFish"},{"floor":47,"key":"Potion Belt"}],"event_choices":[{"damage_healed":0.0,"max_hp_gain":0.0,"max_hp_loss":0.0,"gold_gain":0.0,"cards_transformed":["Strike_G"],"event_name":"Living Wall","player_choice":"Change","floor":7.0,"gold_loss":0.0,"damage_taken":0.0,"cards_obtained":["Flying Knee"]},{"damage_healed":16.0,"max_hp_gain":0.0,"max_hp_loss":0.0,"gold_gain":0.0,"event_name":"The Cleric","player_choice":"Healed","floor":12.0,"gold_loss":35.0,"damage_taken":0.0},{"damage_healed":0.0,"max_hp_gain":5.0,"max_hp_loss":0.0,"gold_gain":0.0,"event_name":"Forgotten Altar","player_choice":"Shed Blood","floor":20.0,"gold_loss":0.0,"damage_taken":23.0},{"damage_healed":0.0,"max_hp_gain":0.0,"max_hp_loss":0.0,"gold_gain":0.0,"event_name":"Vampires","player_choice":"Ignored","floor":21.0,"gold_loss":0.0,"damage_taken":0.0},{"cards_removed":["Strike_G"],"damage_healed":0.0,"max_hp_gain":0.0,"max_hp_loss":0.0,"gold_gain":0.0,"event_name":"Purifier","player_choice":"Purged","floor":25.0,"gold_loss":0.0,"damage_taken":0.0},{"cards_removed":["Deflect"],"damage_healed":0.0,"max_hp_gain":0.0,"max_hp_loss":0.0,"gold_gain":0.0,"event_name":"Beggar","player_choice":"Gave Gold","floor":29.0,"gold_loss":75.0,"damage_taken":0.0},{"damage_healed":0.0,"max_hp_gain":0.0,"max_hp_loss":4.0,"gold_gain":0.0,"event_name":"Winding Halls","player_choice":"Max HP","floor":39.0,"gold_loss":0.0,"damage_taken":0.0},{"cards_removed":["A Thousand Cuts"],"damage_healed":0,"gold_gain":0,"player_choice":"Removed Power","damage_taken":0,"max_hp_gain":0,"max_hp_loss":0,"event_name":"Falling","floor":44,"gold_loss":0},{"damage_healed":0,"gold_gain":0,"player_choice":"Paid","damage_taken":0,"relics_obtained":["Red Mask"],"max_hp_gain":0,"max_hp_loss":0,"event_name":"Tomb of Lord Red Mask","floor":46,"gold_loss":76}],"is_beta":true,"boss_relics":[{"not_picked":["Astrolabe","Tiny House"],"picked":"Snecko Eye"},{"not_picked":["Coffee Dripper","Runic Pyramid"],"picked":"HoveringKite"}],"items_purged_floors":[19],"is_endless":false,"potions_floor_spawned":[2,3,5,18,33,35,42],"killed_by":"Time Eater","ascension_level":20}}