{"host":"ssbj2e5691x5ub3h","time":1609365538,"event":{"mods":["BaseMod","Duelist Mod","Minty Spire (QoL Compilation)","StSLib"],"gold_per_floor":[139,139,156,166,93,93,118,94,94,94,108,122,122,136,136,136,136],"floor_reached":16,"playtime":888,"items_purged":[],"score":222,"play_id":"95447d17-b456-45fb-b056-4056df81cb96","local_time":"20201230195858","is_ascension_mode":true,"campfire_choices":[{"data":"theDuelist:PoisonOldMan","floor":6,"key":"SMITH"},{"data":"theDuelist:Invigoration","floor":10,"key":"SMITH"},{"floor":13,"key":"REST"},{"data":"theDuelist:BeeListSoldier","floor":15,"key":"SMITH"}],"circlet_count":0,"master_deck":["AscendersBane","theDuelist:CastleWalls","theDuelist:CastleWalls","theDuelist:CrossSwordBeetle","theDuelist:EmpressMantis","theDuelist:InsectKnight","theDuelist:RazorLizard","theDuelist:RazorLizard","theDuelist:Sparks","theDuelist:Sparks","theDuelist:Sparks","theDuelist:BlockSpider","theDuelist:PoisonOldMan+1","theDuelist:Invigoration","theDuelist:Forest","theDuelist:BeakedSnake","theDuelist:Invigoration+1","theDuelist:InsectKing","theDuelist:PoisonFangs","theDuelist:BeeListSoldier+1"],"relics":["theDuelist:MillenniumPuzzle","theDuelist:CardPoolRelic","theDuelist:CardPoolBasicRelic","theDuelist:BoosterPackPoolRelic","theDuelist:CardPoolAddRelic","theDuelist:CardPoolMinusRelic","theDuelist:CardPoolSaveRelic","theDuelist:CardPoolOptionsRelic","theDuelist:BlessingAnubis","theDuelist:MetronomeRelicB"],"acts_visited":["Exordium"],"potions_floor_usage":[7,16],"damage_taken":[{"damage":0,"enemies":"Small Slimes","floor":1,"turns":3},{"damage":0,"enemies":"Cultist","floor":3,"turns":4},{"damage":0,"enemies":"2 Louse","floor":4,"turns":2},{"damage":0,"enemies":"Lagavulin","floor":7,"turns":2},{"damage":14,"enemies":"Blue Slaver","floor":11,"turns":3},{"damage":13,"enemies":"Large Slime","floor":12,"turns":2},{"damage":2,"enemies":"2 Fungi Beasts","floor":14,"turns":2},{"damage":62,"enemies":"Hexaghost","floor":16,"turns":6}],"seed_played":"698353140431660211","potions_obtained":[{"floor":1,"key":"theDuelist:SolderPotionB"},{"floor":2,"key":"theDuelist:FreezingPotion"},{"floor":7,"key":"AttackPotion"}],"is_trial":false,"path_per_floor":["M","?","M","M","$","R","E","$","T","R","M","M","R","M","R","B"],"character_chosen":"THE_DUELIST","items_purchased":["theDuelist:Forest","theDuelist:Invigoration"],"campfire_rested":1,"item_purchase_floors":[5,8],"current_hp_per_floor":[70,70,70,70,70,70,70,70,70,70,56,43,66,64,64,2,2],"gold":136,"neow_bonus":"TEN_PERCENT_HP_BONUS","is_daily":false,"chose_seed":false,"campfire_upgraded":3,"win_rate":0.0,"timestamp":1609365538,"path_taken":["M","?","M","M","$","R","E","?","T","R","M","M","R","M","R","BOSS"],"items_purchased_type":["Card","Card"],"build_version":"2020-12-22","purchased_purges":0,"victory":false,"max_hp_per_floor":[77,77,77,77,77,77,77,77,77,77,77,77,77,77,77,77,77],"card_choices":[{"not_picked":["theDuelist:NeoBug","theDuelist:InsectKnight","theDuelist:BasicInsect","theDuelist:PoisonMummy"],"picked":"theDuelist:BlockSpider","floor":1},{"not_picked":["theDuelist:GroundSpider","theDuelist:AtomicFirefly","theDuelist:ArsenalBug","theDuelist:PoisonousMayakashi"],"picked":"theDuelist:PoisonOldMan","floor":3},{"not_picked":["theDuelist:DragonDowser","theDuelist:HunterSpider","theDuelist:MetalArmoredBug","theDuelist:BrainCrusher"],"picked":"theDuelist:Invigoration","floor":4},{"not_picked":["theDuelist:MotherSpider","theDuelist:DigitalBug","theDuelist:Yazi","theDuelist:Inzektron"],"picked":"theDuelist:BeakedSnake","floor":7},{"not_picked":["theDuelist:SkullMarkLadybug","theDuelist:PoisonousMayakashi","theDuelist:GigaMantis","theDuelist:Denglong"],"picked":"theDuelist:InsectKing","floor":11},{"not_picked":["theDuelist:Zektkaliber","theDuelist:Zektahawk","theDuelist:PoisonOldMan","theDuelist:PoisonChain"],"picked":"theDuelist:PoisonFangs","floor":12},{"not_picked":["theDuelist:Yazi","theDuelist:HerculesBeetle","theDuelist:Grasschopper","theDuelist:Denglong"],"picked":"theDuelist:BeeListSoldier","floor":14}],"player_experience":282315,"relics_obtained":[{"floor":7,"key":"theDuelist:BlessingAnubis"},{"floor":9,"key":"theDuelist:MetronomeRelicB"}],"event_choices":[{"damage_healed":0,"gold_gain":0,"player_choice":"Got Potions","damage_taken":0,"max_hp_gain":0,"max_hp_loss":0,"event_name":"Lab","floor":2,"gold_loss":0}],"is_beta":false,"boss_relics":[],"items_purged_floors":[],"is_endless":false,"potions_floor_spawned":[1,7,11],"killed_by":"Hexaghost","ascension_level":15}}