{"host":"dhyczjm99amxd3qx","time":1609348939,"event":{"mods":["BaseMod","Colored Map","Googly Eyes","Highlight Path","Minty Spire (QoL Compilation)","Quick Restart","StSLib"],"gold_per_floor":[119,131,101,120,135,135,165,165,165,90,123,123,455,455,455,558,558,574,587,598,96,96,125,152,181,233,264,274,303,303,317,317,422,422,438,438,488,506,521,556,211,211,211],"floor_reached":42,"playtime":3698,"items_purged":["Strike_R","Strike_R","Reaper+1"],"score":736,"play_id":"9b7c51b9-3749-4263-aa55-bdbd824cff7a","local_time":"20201230122219","is_ascension_mode":true,"campfire_choices":[{"data":"Whirlwind","floor":6.0,"key":"SMITH"},{"data":"Bash","floor":8.0,"key":"SMITH"},{"data":"Metallicize","floor":15,"key":"SMITH"},{"data":"Limit Break","floor":30,"key":"SMITH"},{"data":"Offering","floor":32,"key":"SMITH"}],"circlet_count":0,"master_deck":["Defend_R","Defend_R","Defend_R","Bash+1","Thunderclap","Whirlwind+1","Shockwave","Clash+1","Disarm","Metallicize+1","Iron Wave+1","Limit Break+1","Metallicize+1","Bite+1","Bite+1","Bite+1","Bite+1","Bite+1","Iron Wave+1","Flex","Offering+1","Brutality","Inflame","Metallicize"],"relics":["Burning Blood","Molten Egg 2","Incense Burner","Pocketwatch","Old Coin","Runic Cube","Mercury Hourglass","DollysMirror","Anchor","Red Mask","Tiny Chest","Potion Belt","Pantograph","Bag of Preparation","Fusion Hammer","TungstenRod","Boot","Orichalcum"],"acts_visited":["Exordium","TheCity","TheBeyond"],"potions_floor_usage":[13,13,20,25,25,27,39,39,40,40],"damage_taken":[{"damage":6.0,"enemies":"2 Louse","floor":1.0,"turns":3.0},{"damage":1.0,"enemies":"Cultist","floor":2.0,"turns":3.0},{"damage":11.0,"enemies":"Small Slimes","floor":4.0,"turns":4.0},{"damage":12.0,"enemies":"Looter","floor":5.0,"turns":4.0},{"damage":26.0,"enemies":"Gremlin Nob","floor":7.0,"turns":4.0},{"damage":26.0,"enemies":"Lagavulin","floor":11.0,"turns":8.0},{"damage":17,"enemies":"3 Sentries","floor":13,"turns":5},{"damage":21,"enemies":"The Guardian","floor":16,"turns":9},{"damage":20,"enemies":"Spheric Guardian","floor":18,"turns":7},{"damage":8,"enemies":"Shell Parasite","floor":19,"turns":6},{"damage":3,"enemies":"Snake Plant","floor":20,"turns":6},{"damage":22,"enemies":"Book of Stabbing","floor":23,"turns":9},{"damage":56,"enemies":"Masked Bandits","floor":24,"turns":6},{"damage":0,"enemies":"Gremlin Leader","floor":25,"turns":6},{"damage":3,"enemies":"Book of Stabbing","floor":27,"turns":6},{"damage":0,"enemies":"Chosen and Byrds","floor":28,"turns":7},{"damage":13,"enemies":"Gremlin Leader","floor":29,"turns":7},{"damage":3,"enemies":"Shelled Parasite and Fungi","floor":31,"turns":5},{"damage":71,"enemies":"Automaton","floor":33,"turns":11},{"damage":12,"enemies":"3 Shapes","floor":35,"turns":2},{"damage":8,"enemies":"Mind Bloom Boss Battle","floor":37,"turns":3},{"damage":24,"enemies":"3 Darklings","floor":38,"turns":4},{"damage":9,"enemies":"Spire Growth","floor":39,"turns":4},{"damage":62,"enemies":"Nemesis","floor":40,"turns":7},{"damage":64,"enemies":"Giant Head","floor":42,"turns":7}],"seed_played":"-1541424615798897170","potions_obtained":[{"floor":2.0,"key":"DistilledChaos"},{"floor":3.0,"key":"ElixirPotion"},{"floor":3.0,"key":"LiquidMemories"},{"floor":7.0,"key":"Regen Potion"},{"floor":11.0,"key":"ColorlessPotion"},{"floor":13,"key":"SneckoOil"},{"floor":16,"key":"Ancient Potion"},{"floor":23,"key":"FearPotion"},{"floor":24,"key":"ElixirPotion"},{"floor":25,"key":"LiquidBronze"},{"floor":31,"key":"SmokeBomb"},{"floor":33,"key":"Swift Potion"},{"floor":37,"key":"DuplicationPotion"},{"floor":38,"key":"Swift Potion"}],"is_trial":false,"path_per_floor":["M","M","?","M","M","R","E","R","T","$","E","?","E","?","R","B",null,"M","M","M","$","?","E","?","E","T","E","M","E","R","M","R","B",null,"M","?","?","M","M","E","$","E"],"character_chosen":"IRONCLAD","items_purchased":["Mercury Hourglass","DollysMirror","Metallicize","Orichalcum"],"campfire_rested":0,"item_purchase_floors":[21,21,41,41],"current_hp_per_floor":[88,88,88,83,77,77,57,57,57,57,37,37,40,40,40,25,72,65,63,73,73,61,61,39,61,61,61,61,61,61,61,61,23,52,46,46,58,40,46,23,23,0,0],"gold":211,"neow_bonus":"TEN_PERCENT_HP_BONUS","is_daily":false,"chose_seed":false,"campfire_upgraded":5,"win_rate":0.0,"timestamp":1609348939,"path_taken":["M","M","?","M","?","R","E","R","T","?","E","?","E","?","R","BOSS","M","M","M","$","?","E","?","E","T","E","M","E","R","M","R","BOSS","M","?","?","?","M","E","$","E"],"items_purchased_type":["Relic","Relic","Card","Relic"],"build_version":"2020-12-22","purchased_purges":3,"victory":false,"max_hp_per_floor":[88,88,88,88,88,88,88,88,88,88,88,88,88,88,88,88,88,88,88,88,88,61,61,61,61,61,61,61,61,61,61,61,61,61,61,58,58,58,58,58,58,58,58],"card_choices":[{"not_picked":["Twin Strike","Perfected Strike","Pommel Strike"],"picked":"SKIP","floor":1.0},{"not_picked":["Armaments","Intimidate"],"picked":"Thunderclap","floor":2.0},{"not_picked":["Flame Barrier","Perfected Strike"],"picked":"Whirlwind","floor":4.0},{"not_picked":["Fiend Fire","Whirlwind"],"picked":"Shockwave","floor":5.0},{"not_picked":["Heavy Blade+1","Dark Embrace"],"picked":"Clash+1","floor":7.0},{"not_picked":["Evolve","Headbutt+1"],"picked":"Disarm","floor":11.0},{"not_picked":["Body Slam+1","Exhume"],"picked":"Metallicize","floor":13},{"not_picked":["Barricade","Bludgeon+1"],"picked":"Reaper+1","floor":16},{"not_picked":["Body Slam+1","Battle Trance+1"],"picked":"Iron Wave+1","floor":18},{"not_picked":["Perfected Strike+1","Wild Strike+1","Power Through+1"],"picked":"SKIP","floor":19},{"not_picked":["Uppercut+1","Armaments"],"picked":"Limit Break","floor":20},{"not_picked":["Pommel Strike+1","Clothesline+1","Warcry"],"picked":"SKIP","floor":23},{"not_picked":["Perfected Strike+1","Infernal Blade","Havoc"],"picked":"SKIP","floor":25},{"not_picked":["Impervious","Shrug It Off"],"picked":"Iron Wave+1","floor":27},{"not_picked":["Heavy Blade+1","Shrug It Off+1","Clash+1"],"picked":"SKIP","floor":28},{"not_picked":["Havoc+1","Evolve"],"picked":"Flex","floor":29},{"not_picked":["Twin Strike+1","Reckless Charge+1"],"picked":"Offering","floor":31},{"not_picked":["Reaper+1","Berserk"],"picked":"Brutality","floor":33},{"not_picked":["Headbutt+1","Thunderclap+1","Twin Strike+1"],"picked":"SKIP","floor":35},{"not_picked":["Perfected Strike+1","Pommel Strike+1"],"picked":"Inflame","floor":38},{"not_picked":["Headbutt+1","Body Slam+1","Feel No Pain"],"picked":"SKIP","floor":39},{"not_picked":["Dark Embrace","Immolate+1","True Grit"],"picked":"SKIP","floor":40}],"player_experience":213422,"relics_obtained":[{"floor":7.0,"key":"Molten Egg 2"},{"floor":9.0,"key":"Incense Burner"},{"floor":11.0,"key":"Pocketwatch"},{"floor":13,"key":"Old Coin"},{"floor":23,"key":"Anchor"},{"floor":24,"key":"Red Mask"},{"floor":25,"key":"Tiny Chest"},{"floor":26,"key":"Potion Belt"},{"floor":27,"key":"Pantograph"},{"floor":29,"key":"Bag of Preparation"},{"floor":37,"key":"TungstenRod"},{"floor":40,"key":"Boot"}],"event_choices":[{"damage_healed":0.0,"max_hp_gain":0.0,"max_hp_loss":0.0,"gold_gain":0.0,"event_name":"The Woman in Blue","player_choice":"Bought 2 Potions","floor":3.0,"gold_loss":0.0,"damage_taken":0.0},{"cards_removed":["Defend_R"],"damage_healed":0.0,"max_hp_gain":0.0,"max_hp_loss":0.0,"gold_gain":0.0,"event_name":"Living Wall","player_choice":"Forget","floor":12.0,"gold_loss":0.0,"damage_taken":0.0},{"damage_healed":0,"gold_gain":0,"player_choice":"Ignored","damage_taken":0,"max_hp_gain":0,"max_hp_loss":0,"event_name":"Transmorgrifier","floor":14,"gold_loss":0},{"damage_healed":0,"gold_gain":0,"player_choice":"Became a vampire","damage_taken":0,"max_hp_gain":0,"max_hp_loss":27,"event_name":"Vampires","floor":22,"gold_loss":0,"cards_obtained":["Bite","Bite","Bite","Bite","Bite"]},{"damage_healed":0,"gold_gain":0,"player_choice":"Fought Bandits","damage_taken":0,"max_hp_gain":0,"max_hp_loss":0,"event_name":"Masked Bandits","floor":24,"gold_loss":0},{"damage_healed":0,"gold_gain":0,"player_choice":"Max HP","damage_taken":0,"max_hp_gain":0,"max_hp_loss":3,"event_name":"Winding Halls","floor":36,"gold_loss":0},{"damage_healed":0,"gold_gain":0,"player_choice":"Fight","damage_taken":0,"max_hp_gain":0,"max_hp_loss":0,"event_name":"MindBloom","floor":37,"gold_loss":0}],"is_beta":false,"boss_relics":[{"not_picked":["Astrolabe","Empty Cage"],"picked":"Runic Cube"},{"not_picked":["Calling Bell","Velvet Choker"],"picked":"Fusion Hammer"}],"items_purged_floors":[10,21,41],"is_endless":false,"potions_floor_spawned":[2,7,11,13,16,23,24,25,31,33,37,38],"killed_by":"Giant Head","ascension_level":5}}