{"host":"6azrrw3tf7wb0f4b","time":1609307147,"event":{"mods":["BaseMod","DeckTracker","Minty Spire (QoL Compilation)","SuperFastMode"],"gold_per_floor":[114,134,145,156,221,221,221,221,244,244,259,284,284,299,299,412,412,441,463,205,234,234,234,234,263,272,291,291,309,309,323,323,427,454,480,497,515,372,372,372,114,143,152,172,82,57,57,26,26,26],"floor_reached":51,"playtime":924,"items_purged":["Strike_B","Defend_B"],"score":941,"play_id":"fbfab24a-707e-4b64-99c8-0c4245c67c18","local_time":"20201230144547","is_ascension_mode":true,"campfire_choices":[{"data":"Streamline","floor":6,"key":"SMITH"},{"data":"Electrodynamics","floor":8,"key":"SMITH"},{"data":"Dualcast","floor":10,"key":"SMITH"},{"floor":13,"key":"DIG"},{"floor":15,"key":"DIG"},{"data":"Apotheosis","floor":23,"key":"SMITH"},{"floor":28,"key":"REST"},{"floor":32,"key":"REST"},{"floor":40,"key":"DIG"},{"floor":47,"key":"DIG"},{"floor":49,"key":"REST"}],"circlet_count":0,"master_deck":["Defend_B+1","Dualcast+1","Electrodynamics+1","Reinforced Body","Leap","Blizzard","Streamline+1","Steam","FTL","Biased Cognition","Cold Snap","Coolheaded+1","Apotheosis+1","Chaos+1","Ball Lightning+1","Darkness+1","Chaos","Seek","Melter+1","Amplify+1","Loop+1","Panache","Bandage Up","Turbo","Self Repair","Injury","Go for the Eyes","Hello World","Defragment"],"relics":["Cracked Core","Bottled Tornado","Bag of Marbles","Shovel","Bronze Scales","CeramicFish","Cursed Key","Peace Pipe","Astrolabe","Blue Candle","Shuriken","Emotion Chip"],"acts_visited":["Exordium","TheCity","TheBeyond"],"potions_floor_usage":[12,16,16,33,33,41,42,44,44,44],"damage_taken":[{"damage":0,"enemies":"Small Slimes","floor":1,"turns":3},{"damage":7,"enemies":"Jaw Worm","floor":2,"turns":3},{"damage":0,"enemies":"Cultist","floor":3,"turns":4},{"damage":3,"enemies":"Blue Slaver","floor":4,"turns":4},{"damage":2,"enemies":"3 Louse","floor":11,"turns":2},{"damage":11,"enemies":"Lagavulin","floor":12,"turns":5},{"damage":0,"enemies":"Gremlin Gang","floor":14,"turns":1},{"damage":19,"enemies":"Hexaghost","floor":16,"turns":7},{"damage":0,"enemies":"Spheric Guardian","floor":18,"turns":3},{"damage":0,"enemies":"3 Byrds","floor":19,"turns":2},{"damage":18,"enemies":"Snecko","floor":21,"turns":4},{"damage":20,"enemies":"Cultist and Chosen","floor":25,"turns":6},{"damage":23,"enemies":"Centurion and Healer","floor":27,"turns":2},{"damage":5,"enemies":"Snake Plant","floor":31,"turns":3},{"damage":31,"enemies":"Champ","floor":33,"turns":10},{"damage":0,"enemies":"3 Shapes","floor":35,"turns":1},{"damage":20,"enemies":"3 Darklings","floor":36,"turns":2},{"damage":23,"enemies":"Maw","floor":42,"turns":7},{"damage":13,"enemies":"Transient","floor":44,"turns":5},{"damage":57,"enemies":"Donu and Deca","floor":50,"turns":8}],"seed_played":"-1641222452562040223","potions_obtained":[{"floor":2,"key":"SkillPotion"},{"floor":3,"key":"LiquidBronze"},{"floor":4,"key":"LiquidBronze"},{"floor":14,"key":"BlessingOfTheForge"},{"floor":27,"key":"EssenceOfDarkness"},{"floor":31,"key":"FocusPotion"},{"floor":33,"key":"FairyPotion"},{"floor":42,"key":"AttackPotion"}],"is_trial":false,"path_per_floor":["M","M","M","M","?","R","T","R","T","R","M","E","R","M","R","B",null,"M","M","$","M","?","R","?","M","T","M","R","?","?","M","R","B",null,"M","M","?","$","?","R","$","M","T","M","?","$","R","$","R","B",null],"character_chosen":"DEFECT","items_purchased":["Apotheosis","Turbo","Fruit Juice","AttackPotion","EntropicBrew","Hello World","Defragment"],"campfire_rested":3,"item_purchase_floors":[20,38,41,41,41,46,48],"current_hp_per_floor":[68,61,61,58,58,58,58,58,58,58,56,45,45,45,45,26,63,63,63,63,45,45,45,45,25,25,2,24,24,24,19,41,10,59,59,39,34,34,34,34,39,22,22,23,23,23,23,23,47,33],"gold":26,"neow_bonus":"ONE_RANDOM_RARE_CARD","is_daily":false,"chose_seed":false,"campfire_upgraded":4,"win_rate":0.0,"timestamp":1609307147,"path_taken":["M","M","M","M","?","R","?","R","T","R","M","E","R","?","R","BOSS","M","M","$","M","?","R","?","M","T","?","R","?","?","?","R","BOSS","M","M","?","$","?","R","?","M","T","?","?","$","R","?","R","BOSS"],"items_purchased_type":["Card","Card","Potion","Potion","Potion","Card","Card"],"build_version":"2020-12-22","purchased_purges":2,"victory":true,"max_hp_per_floor":[75,75,75,75,75,75,75,75,75,75,75,75,75,75,75,75,75,75,75,75,75,75,75,75,75,75,75,75,75,75,75,75,75,75,75,75,75,75,75,75,80,80,80,80,80,80,80,80,80,80],"card_choices":[{"not_picked":["Cold Snap","Hologram"],"picked":"Reinforced Body","floor":1},{"not_picked":["Self Repair","Force Field"],"picked":"Leap","floor":2},{"not_picked":["Hyperbeam","Beam Cell"],"picked":"Blizzard","floor":3},{"not_picked":["Leap","Conserve Battery"],"picked":"Streamline","floor":4},{"not_picked":["Double Energy","Reprogram"],"picked":"Steam","floor":11},{"not_picked":["Streamline","Barrage","Leap"],"picked":"SKIP","floor":12},{"not_picked":["Compile Driver","Blizzard"],"picked":"FTL","floor":14},{"not_picked":["Multi-Cast","Hyperbeam"],"picked":"Biased Cognition","floor":16},{"not_picked":["Compile Driver+1","Go for the Eyes"],"picked":"Cold Snap","floor":18},{"not_picked":["Beam Cell","Reprogram+1"],"picked":"Coolheaded+1","floor":19},{"not_picked":["Barrage","Creative AI"],"picked":"Melter+1","floor":21},{"not_picked":["Steam","Beam Cell"],"picked":"Chaos+1","floor":25},{"not_picked":["Genetic Algorithm","Rebound+1"],"picked":"Ball Lightning+1","floor":27},{"not_picked":["Streamline+1","Stack","Loop"],"picked":"SKIP","floor":31},{"not_picked":["Buffer","Machine Learning"],"picked":"Seek","floor":33},{"not_picked":["Aggregate","Beam Cell+1"],"picked":"Loop+1","floor":35},{"not_picked":["Streamline","Barrage+1","Gash+1"],"picked":"SKIP","floor":36},{"not_picked":["Swift Strike","Dark Shackles"],"picked":"Panache","floor":37},{"not_picked":["Forethought","Sadistic Nature"],"picked":"Bandage Up","floor":37},{"not_picked":["Genetic Algorithm+1","Leap"],"picked":"Self Repair","floor":42},{"not_picked":["Turbo","Self Repair+1"],"picked":"Go for the Eyes","floor":44}],"player_experience":650836,"relics_obtained":[{"floor":7,"key":"Bottled Tornado"},{"floor":9,"key":"Bag of Marbles"},{"floor":12,"key":"Shovel"},{"floor":13,"key":"Bronze Scales"},{"floor":15,"key":"CeramicFish"},{"floor":26,"key":"Peace Pipe"},{"floor":40,"key":"Blue Candle"},{"floor":43,"key":"Shuriken"},{"floor":47,"key":"Emotion Chip"}],"event_choices":[{"damage_healed":0,"gold_gain":65,"player_choice":"Gained Gold","damage_taken":0,"max_hp_gain":0,"max_hp_loss":0,"event_name":"Golden Wing","floor":5,"gold_loss":0},{"cards_removed":["Strike_B"],"damage_healed":0,"gold_gain":0,"player_choice":"Elegance","damage_taken":0,"max_hp_gain":0,"max_hp_loss":0,"event_name":"Back to Basics","floor":22,"gold_loss":0},{"damage_healed":0,"gold_gain":0,"player_choice":"Forge","damage_taken":0,"max_hp_gain":0,"max_hp_loss":0,"event_name":"Accursed Blacksmith","floor":24,"gold_loss":0,"cards_upgraded":["Defend_B"]},{"damage_healed":0,"gold_gain":0,"cards_transformed":["Strike_B","Strike_B"],"player_choice":"Became Test Subject","damage_taken":0,"max_hp_gain":0,"max_hp_loss":0,"event_name":"Drug Dealer","floor":29,"gold_loss":0,"cards_obtained":["Darkness","Chaos"]},{"cards_removed":["Normality"],"damage_healed":0,"gold_gain":0,"player_choice":"Purged","damage_taken":0,"max_hp_gain":0,"max_hp_loss":0,"event_name":"Purifier","floor":30,"gold_loss":0},{"damage_healed":0,"gold_gain":0,"player_choice":"Memory 2","damage_taken":5,"max_hp_gain":0,"max_hp_loss":0,"event_name":"SensoryStone","floor":37,"gold_loss":0},{"cards_removed":["Melter"],"damage_healed":0,"gold_gain":0,"player_choice":"Removed Attack","damage_taken":0,"max_hp_gain":0,"max_hp_loss":0,"event_name":"Falling","floor":39,"gold_loss":0},{"cards_removed":["Gash"],"damage_healed":0,"gold_gain":0,"player_choice":"Upgrade and Remove","damage_taken":0,"max_hp_gain":0,"max_hp_loss":0,"event_name":"Designer","floor":45,"gold_loss":90,"cards_upgraded":["Darkness"]}],"is_beta":false,"boss_relics":[{"not_picked":["SacredBark","Coffee Dripper"],"picked":"Cursed Key"},{"not_picked":["Empty Cage","Runic Pyramid"],"picked":"Astrolabe"}],"items_purged_floors":[20,38],"is_endless":false,"potions_floor_spawned":[2,3,4,14,27,31,33,42],"ascension_level":9}}