{"host":"bg8va46pgqgvtzim","time":1609334243,"event":{"mods":["BaseMod","Downfall","Minty Spire (QoL Compilation)","Quick Restart","StSLib","SuperFastMode"],"gold_per_floor":[99,118,135,135,135,135,135,148,148,161,180,196,196,196,209,304,304,304,324,83,102,102,115,140,140,140,140,153,173,184,69,89,190,190,190,205,224,429,479,479,554,554,554,581,597,610,610,610,621,621],"floor_reached":51,"playtime":2211,"items_purged":["hexamod:Strike","hexamod:Defend","hexamod:Defend"],"score":748,"play_id":"782f8c86-b3ba-4a77-ba73-e19c897ff5b1","local_time":"20201230211723","is_ascension_mode":false,"campfire_choices":[{"data":"hexamod:Float","floor":1.0,"key":"SMITH"},{"data":"hexamod:RainOfEmbers","floor":6.0,"key":"SMITH"},{"data":"hexamod:CatchUp","floor":9.0,"key":"SMITH"},{"data":"hexamod:EtherealExpedition","floor":13.0,"key":"SMITH"},{"data":"hexamod:Hexaguard","floor":18.0,"key":"SMITH"},{"floor":25.0,"key":"REST"},{"data":"hexamod:FastForward","floor":27.0,"key":"SMITH"},{"data":"hexamod:Defend","floor":35.0,"key":"SMITH"},{"data":"hexamod:TimeOfNeed","floor":40.0,"key":"SMITH"},{"data":"hexamod:Sear","floor":42.0,"key":"SMITH"},{"floor":47.0,"key":"RECALL"}],"circlet_count":0,"master_deck":["hexamod:Strike","hexamod:Strike","hexamod:Defend+1","hexamod:Sear+1","hexamod:Float+1","hexamod:EtherealExpedition+1","hexamod:RainOfEmbers+1","hexamod:CatchUp+1","hexamod:RadiantFlame+1","hexamod:ExtraCrispy+1","hexamod:Hexaguard+1","hexamod:FastForward+1","hexamod:GhostOfSpirePast+1","hexamod:Hexaguard+1","hexamod:TimeOfNeed+1","hexamod:RecurringNightmare+1","hexamod:Rewind+1","hexamod:ChargedBarrage+1","hexamod:FastForward+1","hexamod:HeatShield+1"],"relics":["hexamod:SpiritBrand","MealTicket","Frozen Egg 2","downfall:ShatteredFragment","Runic Dome","OrangePellets","Enchiridion","Lantern","hexamod:IceCube","Prayer Wheel","Question Card","StoneCalendar","Blue Candle"],"acts_visited":["Exordium","TheCity","TheBeyond"],"potions_floor_usage":[],"damage_taken":[{"damage":0.0,"enemies":"Jaw Worm","floor":2.0,"turns":3.0},{"damage":0.0,"enemies":"Cultist","floor":3.0,"turns":3.0},{"damage":6.0,"enemies":"Small Slimes","floor":8.0,"turns":3.0},{"damage":0.0,"enemies":"2 Fungi Beasts","floor":10.0,"turns":3.0},{"damage":5.0,"enemies":"Exordium Wildlife","floor":11.0,"turns":3.0},{"damage":4.0,"enemies":"Exordium Thugs","floor":12.0,"turns":4.0},{"damage":0.0,"enemies":"3 Louse","floor":15.0,"turns":2.0},{"damage":28.0,"enemies":"downfall:Defect","floor":16.0,"turns":6.0},{"damage":0.0,"enemies":"Chosen","floor":19.0,"turns":3.0},{"damage":0.0,"enemies":"downfall:FleeingMerchant","floor":20.0,"turns":4.0},{"damage":9.0,"enemies":"Centurion and Healer","floor":21.0,"turns":4.0},{"damage":8.0,"enemies":"Sentry and Sphere","floor":23.0,"turns":4.0},{"damage":1.0,"enemies":"3 Cultists","floor":28.0,"turns":4.0},{"damage":0.0,"enemies":"Cultist and Chosen","floor":29.0,"turns":4.0},{"damage":13.0,"enemies":"Centurion and Healer","floor":30.0,"turns":4.0},{"damage":0.0,"enemies":"downfall:FleeingMerchant","floor":31.0,"turns":4.0},{"damage":3.0,"enemies":"Shelled Parasite and Fungi","floor":32.0,"turns":5.0},{"damage":15.0,"enemies":"downfall:Silent","floor":33.0,"turns":6.0},{"damage":0.0,"enemies":"3 Darklings","floor":36.0,"turns":5.0},{"damage":0.0,"enemies":"Orb Walker","floor":37.0,"turns":3.0},{"damage":0.0,"enemies":"downfall:FleeingMerchant","floor":38.0,"turns":1.0},{"damage":2.0,"enemies":"Mind Bloom Boss Battle","floor":39.0,"turns":4.0},{"damage":0.0,"enemies":"Nemesis","floor":44.0,"turns":5.0},{"damage":0.0,"enemies":"Transient","floor":45.0,"turns":5.0},{"damage":0.0,"enemies":"Maw","floor":46.0,"turns":5.0},{"damage":0,"enemies":"Sphere and 2 Shapes","floor":49,"turns":4},{"damage":4,"enemies":"downfall:Ironclad","floor":50,"turns":8}],"seed_played":"-8551375114316561146","potions_obtained":[{"floor":2.0,"key":"Strength Potion"},{"floor":10.0,"key":"LiquidBronze"},{"floor":11.0,"key":"SteroidPotion"},{"floor":12.0,"key":"GamblersBrew"},{"floor":19.0,"key":"Weak Potion"},{"floor":29.0,"key":"Ancient Potion"},{"floor":30.0,"key":"champ:CounterPotion"},{"floor":33.0,"key":"Fire Potion"},{"floor":36.0,"key":"Swift Potion"},{"floor":46.0,"key":"PowerPotion"},{"floor":49,"key":"LiquidMemories"}],"is_trial":false,"path_per_floor":["R","M","M","?","?","R","T","M","R","M","M","M","R","?","M","B",null,"R","M","$","M","?","M","T","R","?","R","M","M","M","$","M","B",null,"R","M","M","$","?","R","T","R","T","E","M","M","R","?","M","B",null],"character_chosen":"THE_SPIRIT","items_purchased":["OrangePellets"],"campfire_rested":1,"item_purchase_floors":[20],"current_hp_per_floor":[70,70,70,70,70,70,70,64,64,64,59,55,55,34,34,6,70,70,70,70,61,45,37,37,58,58,58,57,57,44,59,56,41,70,70,70,70,70,68,68,68,68,68,68,68,68,68,68,68,64],"gold":621,"neow_bonus":"RANDOM_COMMON_RELIC","is_daily":false,"chose_seed":false,"campfire_upgraded":9,"win_rate":0.0,"timestamp":1609334243,"path_taken":["R","M","M","?","?","R","T","M","R","M","?","M","R","?","M","BOSS","R","M","$","M","?","M","T","R","?","R","M","M","M","$","M","BOSS","R","M","M","$","?","R","T","R","?","E","?","M","R","?","M","BOSS"],"items_purchased_type":["Relic"],"build_version":"2020-12-22","purchased_purges":3,"victory":true,"max_hp_per_floor":[70,70,70,70,70,70,70,70,70,70,70,70,70,70,70,70,70,70,70,70,70,70,70,70,70,70,70,70,70,70,70,70,70,70,70,70,70,70,70,70,70,70,70,70,70,70,70,70,70,70],"card_choices":[{"not_picked":["hexamod:ThermalTransfer","hexamod:NightmareStrike"],"picked":"hexamod:EtherealExpedition","floor":2.0},{"not_picked":["hexamod:Firestarter","hexamod:ShieldOfDarkness"],"picked":"hexamod:RainOfEmbers","floor":3.0},{"not_picked":["hexamod:BacktrackSmack","hexamod:Haunt"],"picked":"hexamod:CatchUp","floor":8.0},{"not_picked":["hexamod:ThermalTransfer","hexamod:SoulSteal"],"picked":"hexamod:RadiantFlame+1","floor":10.0},{"not_picked":["hexamod:GhostOfSpirePast+1","hexamod:ShieldOfDarkness","hexamod:NightmareGuise"],"picked":"SKIP","floor":11.0},{"not_picked":["hexamod:FastForward","hexamod:Haunt"],"picked":"hexamod:ExtraCrispy+1","floor":12.0},{"not_picked":["hexamod:RadiantFlame+1","hexamod:HauntingEcho"],"picked":"hexamod:Hexaguard","floor":15.0},{"not_picked":["hexamod:BurningTouch","hexamod:GhostShield","hexamod:GhostLash+1"],"picked":"SKIP","floor":19.0},{"not_picked":["hexamod:FirstSeal","hexamod:ThermalTransfer","hexamod:Incineration"],"picked":"SKIP","floor":20.0},{"not_picked":["hexamod:NightmareGuise","hexamod:BacktrackSmack+1","hexamod:Haunt+1"],"picked":"SKIP","floor":21.0},{"not_picked":["hexamod:ShieldOfDarkness","hexamod:GhostShield","hexamod:Firestarter"],"picked":"SKIP","floor":23.0},{"not_picked":["hexamod:SpectersWail","hexamod:NightmareGuise"],"picked":"hexamod:GhostOfSpirePast+1","floor":28.0},{"not_picked":["hexamod:CrushingStance","hexamod:Hexaguard","hexamod:NightmareGuise"],"picked":"SKIP","floor":29.0},{"not_picked":["hexamod:HauntingEcho","hexamod:ShieldOfDarkness","hexamod:SpectralAdrenaline"],"picked":"SKIP","floor":30.0},{"not_picked":["hexamod:ShieldOfDarkness","hexamod:AdvancingGuard+1","hexamod:RecurringNightmare"],"picked":"SKIP","floor":31.0},{"not_picked":["hexamod:SpectersWail","hexamod:SwordOfDarkness","hexamod:FirstSeal"],"picked":"SKIP","floor":32.0},{"not_picked":["hexamod:NightmareStrike","hexamod:Firestarter","hexamod:GhostOfSpirePast+1"],"picked":"SKIP","floor":36.0},{"not_picked":["hexamod:NightmareStrike","hexamod:Hexaguard+1","hexamod:NightmareGuise"],"picked":"SKIP","floor":37.0},{"not_picked":["hexamod:NightmareStrike","hexamod:NightmareGuise"],"picked":"hexamod:Hexaguard+1","floor":37.0},{"not_picked":["hexamod:AdvancingGuard+1","hexamod:GhostLash+1"],"picked":"hexamod:TimeOfNeed","floor":38.0},{"not_picked":["hexamod:SpectersWail+1","hexamod:Rewind"],"picked":"hexamod:RecurringNightmare+1","floor":39.0},{"not_picked":["hexamod:CrushingStance","hexamod:DynamicBlow+1","hexamod:RetreatToShadows","hexamod:GhostShield"],"picked":"SKIP","floor":44.0},{"not_picked":["hexamod:SpectersWail","hexamod:HeatMetal+1","hexamod:BurningTouch"],"picked":"hexamod:Rewind+1","floor":45.0},{"not_picked":["hexamod:RainOfEmbers","hexamod:GhostLash+1","hexamod:SpectersWail+1","hexamod:Rewind"],"picked":"SKIP","floor":45.0},{"not_picked":["hexamod:NightmareGuise+1","hexamod:InspiringFlames+1","hexamod:NightmareStrike+1"],"picked":"hexamod:ChargedBarrage+1","floor":46.0},{"not_picked":["hexamod:BacktrackSmack","hexamod:ThirdSeal","hexamod:NightmareStrike"],"picked":"hexamod:FastForward+1","floor":46.0},{"not_picked":["hexamod:GhostOfSpirePast+1","hexamod:RadiantFlame+1","hexamod:ShieldOfDarkness","hexamod:CrushingStance"],"picked":"SKIP","floor":49},{"not_picked":["hexamod:RainOfEmbers+1","hexamod:NightmareGuise","hexamod:HeatShield+1","hexamod:HauntingEcho"],"picked":"SKIP","floor":49},{"not_picked":["hexamod:RainOfEmbers+1","hexamod:NightmareGuise","hexamod:HauntingEcho"],"picked":"hexamod:HeatShield+1","floor":49},{"not_picked":["hexamod:GhostOfSpirePast+1","hexamod:RadiantFlame+1","hexamod:ShieldOfDarkness","hexamod:CrushingStance"],"picked":"SKIP","floor":49}],"player_experience":2224364,"relics_obtained":[{"floor":7.0,"key":"Frozen Egg 2"},{"floor":22.0,"key":"Enchiridion"},{"floor":24.0,"key":"Lantern"},{"floor":39.0,"key":"Prayer Wheel"},{"floor":41.0,"key":"Question Card"},{"floor":43.0,"key":"StoneCalendar"},{"floor":44.0,"key":"Blue Candle"}],"event_choices":[{"cards_removed":["hexamod:Strike"],"damage_healed":0.0,"max_hp_gain":0.0,"max_hp_loss":0.0,"gold_gain":0.0,"event_name":"The Cleric","player_choice":"Card Removal","floor":4.0,"gold_loss":0.0,"damage_taken":0.0},{"cards_removed":["hexamod:Defend"],"damage_healed":0.0,"max_hp_gain":0.0,"max_hp_loss":0.0,"gold_gain":0.0,"event_name":"Wheel of Change","player_choice":"Card Removal","floor":5.0,"gold_loss":0.0,"damage_taken":0.0},{"damage_healed":0.0,"max_hp_gain":0.0,"max_hp_loss":0.0,"gold_gain":0.0,"event_name":"The Library","player_choice":"Read","floor":26.0,"gold_loss":0.0,"damage_taken":0.0,"cards_obtained":["hexamod:FastForward"]},{"damage_healed":0,"gold_gain":0,"player_choice":"Ignored","damage_taken":0,"max_hp_gain":0,"max_hp_loss":0,"event_name":"Mysterious Sphere","floor":48,"gold_loss":0}],"is_beta":false,"boss_relics":[{"not_picked":["Snecko Eye","Runic Pyramid"],"picked":"Runic Dome"},{"not_picked":["Tiny House","Busted Crown"],"picked":"hexamod:IceCube"}],"items_purged_floors":[20,31,38],"is_endless":false,"potions_floor_spawned":[2,10,11,12,15,19,29,30,33,36,39,46,49],"ascension_level":0}}