{"host":"ft2xazkv7v30fddt","time":1609329431,"event":{"mods":["AchievementEnabler","Act Like it!","Aspiration","Astrologer","Bard","BaseMod","Better Altar","Better Match","Better Note","Better Sensory Stone","Better Skull","CapriCore","Chen","Colored Powertips","Downfall","Elementarium","Energized Spire","Gensokyo","GifTheSpireLib","Gremlin Mod","Hallownest","Hermit","Hubris","Infinite Spire","KinomotoSakuraMod(????)","Koishi","Marisa????????","Minty Spire (QoL Compilation)","Pale of the Ancients","Permanent Neow","Potionbrewer","Prisma Mod","Replay The Spire","StSLib","Stuff the Spire","The Blackbeard","The Bladedancer","The Construct","The Cursed","The Forsaken","The Gatherer","The Hayseed","The Immortal","The Runesmith","The Servant 0.9.4","The Showman","The Vixen","TheArtist","TheSwordswoman","Wandering Minibosses","thorton","vexMod"],"gold_per_floor":[111,111,2,22,33,33,44,44,68,88,115,128,128,128,128],"floor_reached":14,"playtime":475,"items_purged":[],"score":166,"play_id":"ed26c0fb-92ef-4a37-87d2-6d0021bf2f21","local_time":"20201230195711","is_ascension_mode":true,"campfire_choices":[{"data":"Chen:Sweep","floor":6,"key":"SMITH"},{"data":"Chen:Frivolous","floor":8,"key":"SMITH"}],"circlet_count":0,"master_deck":["AscendersBane","Chen:Strike","Chen:Strike","Chen:Strike","Chen:Strike","Chen:Defend","Chen:Defend","Chen:Defend","Chen:Defend","Chen:PounceTurnTail+1","Chen:GlitterPoke","Chen:CurlUp+1","Chen:Salvo","Chen:SurpriseAttack+1","Chen:Sweep+1","Chen:SelfConfidence","Chen:Frivolous+1","Chen:Fadeout","Chen:Assault","Chen:FollowUp"],"relics":["Chen:Catnip","hubris:TenFootPole","infinitespire:Beetle Shell"],"acts_visited":["Gensokyo:Gensokyo"],"potions_floor_usage":[14,14,14],"damage_taken":[{"damage":6,"enemies":"Gensokyo:2_Kodama","floor":1,"turns":4},{"damage":0,"enemies":"Gensokyo:3_Fairies","floor":4,"turns":3},{"damage":0,"enemies":"Gensokyo:Gryphon","floor":5,"turns":2},{"damage":4,"enemies":"Gensokyo:3_Kodama","floor":7,"turns":2},{"damage":0,"enemies":"Gensokyo:LivingMonolith","floor":10,"turns":3},{"damage":16,"enemies":"Gensokyo:Cirno","floor":11,"turns":5},{"damage":9,"enemies":"Gensokyo:Python_and_Kodama","floor":12,"turns":4},{"damage":10,"enemies":"Gensokyo:Mamizou","floor":14,"turns":5}],"seed_played":"-8807097711188281484","potions_obtained":[{"floor":1,"key":"Elixir"},{"floor":10,"key":"potionbrewer:SplittingPotion"}],"is_trial":false,"path_per_floor":["M","?","$","M","M","R","M","R","T","M","E","M","?","E"],"character_chosen":"CHEN","items_purchased":["Chen:SurpriseAttack+1","Chen:Sweep"],"campfire_rested":0,"item_purchase_floors":[3,3],"current_hp_per_floor":[53,32,32,32,32,32,28,28,28,28,12,3,3,0,0],"gold":128,"neow_bonus":"TRANSFORM_CARD","is_daily":false,"chose_seed":false,"campfire_upgraded":2,"win_rate":0.0,"timestamp":1609329431,"path_taken":["M","?","?","M","?","R","M","R","T","M","E","M","?","E"],"items_purchased_type":["Card","Card"],"build_version":"2020-12-22","purchased_purges":0,"victory":false,"max_hp_per_floor":[65,65,65,65,65,65,65,65,65,65,65,65,65,65,65],"card_choices":[{"not_picked":["Chen:CatPunch","Chen:Exploit"],"picked":"Chen:Salvo","floor":1},{"not_picked":["Chen:TauntHiss","Chen:PentagramFlight"],"picked":"Chen:SelfConfidence","floor":4},{"not_picked":["Chen:Adaptability","Chen:Fadeout","Chen:Lacerate"],"picked":"SKIP","floor":5},{"not_picked":["Chen:Rush","Chen:Scratch"],"picked":"Chen:Frivolous","floor":7},{"not_picked":["Chen:Mixup","Chen:Barrier"],"picked":"Chen:Fadeout","floor":10},{"not_picked":["Chen:Panic","Chen:Barrier"],"picked":"Chen:Assault","floor":11},{"not_picked":["Chen:Flicker","Chen:EvasiveFireShift"],"picked":"Chen:FollowUp","floor":12}],"player_experience":1646001,"relics_obtained":[{"floor":9,"key":"hubris:TenFootPole"},{"floor":11,"key":"infinitespire:Beetle Shell"}],"event_choices":[{"damage_healed":0,"gold_gain":0,"player_choice":"UP UP ","damage_taken":25,"relics_obtained":[],"max_hp_gain":0,"max_hp_loss":0,"event_name":"betterSkull:BetterSkull","floor":2,"gold_loss":0,"cards_upgraded":["Chen:CurlUp","Chen:PounceTurnTail"]}],"is_beta":false,"boss_relics":[],"items_purged_floors":[],"is_endless":false,"potions_floor_spawned":[1,10,12],"killed_by":"Gensokyo:Mamizou","ascension_level":18}}