{"host":"ixqzyafodex1tsi5","time":1609337775,"event":{"mods":["AchievementEnabler","Act Like it!","BaseMod","Gensokyo","GifTheSpireLib","Hallownest","KinomotoSakuraMod(木之本樱)","Lobotomy","LobotomyExtend","Minty Spire (QoL Compilation)","Relic Stats","Replay The Spire","RumiaBox-露米娅的神秘盒子","Spicy Shops","StSLib","The Bug Knight","[IsaacMod]以撒尖塔","【功能Mod】混沌之环修复补丁","【遗物卡牌】REMEMod"],"gold_per_floor":[118,148,155,210,135,349,394,401,401,449,479,486,486,486,486,728,728,781,818,846,936,151,151,79,131,131,131,131,197,221,96,96,301,301,333,333,333,340,411,505,542,542,593,721,480,529,597,636,636,783],"floor_reached":51,"playtime":3088,"items_purged":["Strike_G","Doubt","Strike_G"],"score":986,"play_id":"64821136-3c96-4782-8f8c-49c42bcaf0d8","local_time":"20201230221615","is_ascension_mode":true,"campfire_choices":[{"floor":13.0,"key":"REST"},{"data":"Infinite Blades","floor":15.0,"key":"SMITH"},{"data":"Replay:Many Hands","floor":23.0,"key":"SMITH"},{"data":"Dagger Spray","floor":28.0,"key":"SMITH"},{"data":"Glass Knife","floor":32.0,"key":"SMITH"},{"data":"Poisoned Stab","floor":49,"key":"SMITH"}],"circlet_count":0,"master_deck":["Strike_G+1","Strike_G","Strike_G+1","Defend_G","Defend_G","Defend_G","Defend_G","Survivor","Neutralize+1","Replay:Many Hands+1","Cloak And Dagger+1","DreamingCurrent","Dazed","Outmaneuver+1","Dagger Spray+1","Bane+1","Infinite Blades+1","BigBird","Flying Knee+1","Glass Knife+1","BlueStar","Quick Slash+1","Toxin Wave+1","BlueStar","RedShoes","Sucker Punch+1","Dazed","Poisoned Stab+1","Infinite Blades+1","LongBird","Prepared+1","GreedKing"],"relics":["REME_ComplimentaryCards","HushsDoor","SalivaCoin","CogitoBucket","LetterFromLob","REME_HourglassOfDeath","GodSword4","Golden Idol","GodSword7","Theresia","Sizzling Blood","SlaversCollar","BackwardClock","MoneyPower","DollysMirror","MagicDraw1","HollowMod:PaleOreRelic","Whetstone","Art of War","DeathBook","Pet Ghost","Replay:Grab Bag","ChewingGum","RottenBaby","Gaze_r","Amita_r","ChangeAnything","AtMidnight","ReplayTheSpireMod:Lightbulb","Vajra","Orichalcum","Snack Pack"],"acts_visited":["Exordium","TheCity","TheBeyond"],"potions_floor_usage":[50],"damage_taken":[{"damage":4.0,"enemies":"Jaw Worm","floor":1.0,"turns":2.0},{"damage":6.0,"enemies":"Small Slimes","floor":2.0,"turns":4.0},{"damage":32.0,"enemies":"2 Louse","floor":4.0,"turns":8.0},{"damage":176.0,"enemies":"3 Sentries","floor":6.0,"turns":26.0},{"damage":39.0,"enemies":"Exordium Thugs","floor":7.0,"turns":5.0},{"damage":23.0,"enemies":"Looter","floor":10.0,"turns":5.0},{"damage":10.0,"enemies":"2 Fungi Beasts","floor":11.0,"turns":3.0},{"damage":77.0,"enemies":"Hexaghost","floor":16.0,"turns":11.0},{"damage":33.0,"enemies":"Chosen","floor":18.0,"turns":4.0},{"damage":17.0,"enemies":"2 Thieves","floor":19.0,"turns":3.0},{"damage":61.0,"enemies":"Snake Plant","floor":21.0,"turns":4.0},{"damage":14.0,"enemies":"Slavers","floor":25.0,"turns":2.0},{"damage":11.0,"enemies":"3 Cultists","floor":29.0,"turns":4.0},{"damage":37.0,"enemies":"Automaton","floor":33.0,"turns":5.0},{"damage":1.0,"enemies":"3 Shapes","floor":35.0,"turns":2.0},{"damage":1,"enemies":"3 Shapes","floor":38,"turns":1},{"damage":28,"enemies":"Orb Walker","floor":39,"turns":11},{"damage":31,"enemies":"Reptomancer","floor":40,"turns":3},{"damage":12,"enemies":"Jaw Worm Horde","floor":41,"turns":2},{"damage":11,"enemies":"Giant Head","floor":44,"turns":3},{"damage":21,"enemies":"Writhing Mass","floor":46,"turns":3},{"damage":20,"enemies":"Transient","floor":47,"turns":5},{"damage":23,"enemies":"Jaw Worm Horde","floor":48,"turns":2},{"damage":99,"enemies":"Donu and Deca","floor":50,"turns":7},{"damage":40,"enemies":"Malkuth","floor":51,"turns":3},{"damage":75,"enemies":"Netzach","floor":51,"turns":4}],"seed_played":"-2398697321993838699","potions_obtained":[{"floor":10.0,"key":"BlessingOfTheForge"},{"floor":11.0,"key":"Poison Potion"},{"floor":16.0,"key":"Block Potion"},{"floor":25.0,"key":"Energy Potion"},{"floor":33.0,"key":"LifebloodPotion"},{"floor":35,"key":"BlessingOfTheForge"}],"is_trial":false,"path_per_floor":["M","M","?","M","$","E","M","?","T","M","M","?","R","?","R","B",null,"M","M","?","M","$","R","$","E","T","?","R","M","T","$","R","B",null,"M","?","?","?","M","E","M","T","T","E","$","M","M","M","R","B",null],"character_chosen":"THE_SILENT","items_purchased":["MoneyPower","DollysMirror","MagicDraw1","HollowMod:PaleOreRelic","Whetstone","RottenBaby","Snack Pack"],"campfire_rested":1,"item_purchase_floors":[22,22,22,22,24,34,45],"current_hp_per_floor":[66,60,57,67,67,43,28,11,11,18,26,12,33,37,37,30,74,63,68,52,13,13,13,13,15,15,15,15,32,32,32,32,29,58,58,58,58,58,65,50,54,54,54,64,64,71,72,61,61,24],"gold":860,"neow_bonus":"","is_daily":false,"chose_seed":false,"campfire_upgraded":5,"win_rate":0.0,"timestamp":1609337775,"path_taken":["M","M","?","M","$","E","M","?","T","M","M","?","R","?","R","BOSS","M","M","?","?","$","R","?","E","T","?","R","M","?","?","R","BOSS","M","?","?","?","M","E","M","?","T","E","$","?","?","M","R","BOSS"],"items_purchased_type":["Relic","Relic","Relic","Relic","Relic","Relic","Relic"],"build_version":"2020-12-22","purchased_purges":3,"victory":true,"max_hp_per_floor":[70,70,70,70,70,70,70,70,70,70,70,70,70,74,74,74,74,74,74,74,74,74,74,74,74,74,74,74,74,74,74,74,74,58,58,58,58,58,65,66,69,69,69,70,70,71,72,75,75,76],"relic_stats":{"counters":[31,138],"Golden Idol":149,"Art of War":[0],"Whetstone":["Strike_G","Neutralize"],"Orichalcum":[42],"obtain_stats":[{"Vajra":43,"Sizzling Blood":14,"Whetstone":24,"Pet Ghost":30,"Amita_r":39,"MagicDraw1":22,"DeathBook":26,"CogitoBucket":0,"DollysMirror":22,"HollowMod:PaleOreRelic":22,"Ring of the Snake":0,"KeepersGift":0,"BackwardClock":21,"Golden Idol":8,"Replay:Grab Bag":34,"RottenBaby":34,"MoneyPower":22,"Orichalcum":44,"Gaze_r":38,"SlaversCollar":17,"REME_HourglassOfDeath":3,"AtMidnight":39,"ChewingGum":34,"GodSword7":9,"SalivaCoin":0,"LetterFromLob":1,"Art of War":25,"Snack Pack":45,"GodSword4":6,"ChangeAnything":39,"HushsDoor":0,"Theresia":10,"ReplayTheSpireMod:Lightbulb":40,"REME_ComplimentaryCards":0},{"Vajra":22,"Sizzling Blood":8,"Whetstone":13,"Pet Ghost":15,"Amita_r":20,"MagicDraw1":13,"DeathBook":14,"CogitoBucket":0,"DollysMirror":13,"HollowMod:PaleOreRelic":13,"Ring of the Snake":0,"KeepersGift":0,"BackwardClock":13,"Golden Idol":5,"Replay:Grab Bag":16,"RottenBaby":16,"MoneyPower":13,"Orichalcum":23,"Gaze_r":18,"SlaversCollar":9,"REME_HourglassOfDeath":2,"AtMidnight":20,"ChewingGum":16,"GodSword7":5,"SalivaCoin":0,"LetterFromLob":1,"Art of War":14,"Snack Pack":23,"GodSword4":4,"ChangeAnything":20,"HushsDoor":0,"Theresia":7,"ReplayTheSpireMod:Lightbulb":21,"REME_ComplimentaryCards":0},{"Vajra":106,"Sizzling Blood":52,"Whetstone":75,"Pet Ghost":81,"Amita_r":96,"MagicDraw1":75,"DeathBook":77,"CogitoBucket":0,"DollysMirror":75,"HollowMod:PaleOreRelic":75,"Ring of the Snake":0,"KeepersGift":0,"BackwardClock":75,"Golden Idol":43,"Replay:Grab Bag":86,"RottenBaby":86,"MoneyPower":75,"Orichalcum":109,"Gaze_r":89,"SlaversCollar":63,"REME_HourglassOfDeath":6,"AtMidnight":101,"ChewingGum":86,"GodSword7":43,"SalivaCoin":0,"LetterFromLob":2,"Art of War":77,"Snack Pack":109,"GodSword4":39,"ChangeAnything":101,"HushsDoor":0,"Theresia":49,"ReplayTheSpireMod:Lightbulb":104,"REME_ComplimentaryCards":0}]},"card_choices":[{"not_picked":[],"picked":"ChaosCard","floor":0.0},{"not_picked":["ReplayTheSpireMod:Scrap Shanks","Replay:Poison Smokescreen"],"picked":"Cloak And Dagger","floor":1.0},{"not_picked":["HeroicMonk","PunishingBird","FairyFestival"],"picked":"Singing Bowl","floor":1.0},{"not_picked":["MHz","WallGazer"],"picked":"DreamingCurrent","floor":2.0},{"not_picked":["Dodge and Roll","Blade Dance"],"picked":"Tactician","floor":2.0},{"not_picked":["GalaxyChild","MHz","MeatLantern"],"picked":"Singing Bowl","floor":4.0},{"not_picked":["Backstab","Caltrops"],"picked":"Outmaneuver","floor":4.0},{"not_picked":["UniverseFragment","VoidDream","PunishingBird"],"picked":"Singing Bowl","floor":6.0},{"not_picked":["Underhanded Strike","Bane"],"picked":"Dagger Spray","floor":6.0},{"not_picked":["VoidDream","BigBadWolf","OSAHOGD"],"picked":"Singing Bowl","floor":7.0},{"not_picked":["Blade Dance","Dagger Throw"],"picked":"Bane","floor":7.0},{"not_picked":["PunishingBird","UniverseFragment","SpiderBud"],"picked":"Singing Bowl","floor":10.0},{"not_picked":["Sucker Punch","Replay:Poison Smokescreen"],"picked":"Infinite Blades","floor":10.0},{"not_picked":["ShyLook","HeroicMonk","BigBadWolf"],"picked":"Singing Bowl","floor":11.0},{"not_picked":["QueenOfHatred","BeautyBeast"],"picked":"BigBird","floor":11.0},{"not_picked":["ReplayTheSpireMod:Tripwire","Prepared"],"picked":"Flying Knee","floor":11.0},{"not_picked":["BlackSwan","SnowQueen","WallGazer"],"picked":"Singing Bowl","floor":16.0},{"not_picked":["Replay:Bag of Tricks","ReplayTheSpireMod:From All Sides"],"picked":"Glass Knife","floor":16.0},{"not_picked":["OldLady","Funeral","Wellcheers"],"picked":"Singing Bowl","floor":18.0},{"not_picked":["BigBadWolf","MeatLantern"],"picked":"BlueStar","floor":18.0},{"not_picked":["Hidden Blade","Heel Hook"],"picked":"Quick Slash","floor":18.0},{"not_picked":["Rudolta","ShyLook","SingingMachine"],"picked":"Singing Bowl","floor":19.0},{"not_picked":["Cloak And Dagger","Terror"],"picked":"Toxin Wave","floor":19.0},{"not_picked":["Laetitia","GalaxyChild","Wellcheers"],"picked":"Singing Bowl","floor":21.0},{"not_picked":["PiercingWail","Deadly Poison","Cloak And Dagger"],"picked":"SKIP","floor":21.0},{"not_picked":["UniverseFragment","BeautyBeast","SingingMachine"],"picked":"Singing Bowl","floor":25.0},{"not_picked":["Yin","OldLady"],"picked":"RedShoes","floor":25.0},{"not_picked":["Outmaneuver","Quick Slash+1","Dagger Spray"],"picked":"SKIP","floor":25.0},{"not_picked":["Porccubus","Scorched","LittleHelper"],"picked":"Singing Bowl","floor":29.0},{"not_picked":["All Out Attack","Leg Sweep","Riddle With Holes"],"picked":"SKIP","floor":29.0},{"not_picked":["HappyTeddy","MHz","Laetitia"],"picked":"Singing Bowl","floor":33.0},{"not_picked":["A Thousand Cuts","Night Terror"],"picked":"REME_ShadowForm","floor":33.0},{"not_picked":["Backflip+1","Cloak And Dagger"],"picked":"Sucker Punch+1","floor":35},{"not_picked":["GalaxyChild","Alriune","MeltingLove"],"picked":"Singing Bowl","floor":39},{"not_picked":["Underhanded Strike","Masterful Stab+1"],"picked":"Poisoned Stab","floor":39},{"not_picked":["SpiderBud","WhitesApple","Mercenary"],"picked":"Singing Bowl","floor":40},{"not_picked":["Poisoned Stab","Sucker Punch","Flying Knee"],"picked":"SKIP","floor":40},{"not_picked":["Night Terror","ReplayTheSpireMod:The Works+1"],"picked":"Infinite Blades+1","floor":41},{"not_picked":["HappyTeddy","GalaxyChild"],"picked":"LongBird","floor":41},{"not_picked":["Laetitia","VoidDream","Mercenary"],"picked":"Singing Bowl","floor":44},{"not_picked":["Backstab","Backflip+1"],"picked":"Prepared+1","floor":44},{"not_picked":["DespairKnight","Alriune","BlackArmy"],"picked":"Singing Bowl","floor":46},{"not_picked":["Poisoned Stab","ReplayTheSpireMod:Exploit Weakness","Heel Hook+1"],"picked":"SKIP","floor":46},{"not_picked":["BlackArmy","Funeral","Yin"],"picked":"Singing Bowl","floor":47},{"not_picked":["Dagger Throw","Accuracy","Caltrops"],"picked":"SKIP","floor":47},{"not_picked":["BlackArmy","Porccubus","Mercenary"],"picked":"Singing Bowl","floor":48},{"not_picked":["Mercenary","Laetitia"],"picked":"GreedKing","floor":48},{"not_picked":["Sneak Up+1","Deflect","ReplayTheSpireMod:Scrap Shanks+1"],"picked":"SKIP","floor":48}],"player_experience":154575,"relics_obtained":[{"floor":1.0,"key":"LetterFromLob"},{"floor":6.0,"key":"GodSword4"},{"floor":9.0,"key":"GodSword7"},{"floor":25.0,"key":"Art of War"},{"floor":26.0,"key":"DeathBook"},{"floor":30.0,"key":"Pet Ghost"},{"floor":39,"key":"AtMidnight"},{"floor":40,"key":"ReplayTheSpireMod:Lightbulb"},{"floor":43,"key":"Vajra"},{"floor":44,"key":"Orichalcum"}],"event_choices":[{"damage_healed":0.0,"max_hp_gain":0.0,"max_hp_loss":0.0,"gold_gain":0.0,"event_name":"Scrap Ooze","player_choice":"Success","floor":3.0,"gold_loss":0.0,"damage_taken":3.0,"relics_obtained":["REME_HourglassOfDeath"]},{"damage_healed":0.0,"max_hp_gain":0.0,"max_hp_loss":0.0,"gold_gain":0.0,"event_name":"Golden Idol","player_choice":"Take Damage","floor":8.0,"gold_loss":0.0,"damage_taken":17.0,"relics_obtained":["Golden Idol"]},{"damage_healed":0.0,"max_hp_gain":0.0,"max_hp_loss":0.0,"gold_gain":0.0,"event_name":"Shining Light","player_choice":"Entered Light","floor":12.0,"gold_loss":0.0,"damage_taken":14.0,"cards_upgraded":["Strike_G","Bane"]},{"damage_healed":0.0,"max_hp_gain":0.0,"max_hp_loss":0.0,"gold_gain":0.0,"event_name":"Cursed Tome","player_choice":"Obtained Book","floor":20.0,"gold_loss":0.0,"damage_taken":16.0},{"damage_healed":0,"gold_gain":0,"player_choice":"1 cards matched","damage_taken":0,"max_hp_gain":0,"max_hp_loss":0,"event_name":"Match and Keep!","floor":36,"gold_loss":0,"cards_obtained":["ReplayTheSpireMod:Private Reserves"]},{"cards_removed":["REME_ShadowForm"],"damage_healed":0,"gold_gain":0,"player_choice":"Removed Power","damage_taken":0,"max_hp_gain":0,"max_hp_loss":0,"event_name":"Falling","floor":37,"gold_loss":0}],"is_beta":false,"boss_relics":[{"not_picked":["Painkiller Herb","Sozu"],"picked":"SlaversCollar"},{"not_picked":[]},{"not_picked":["Runic Pyramid","Busted Crown"],"picked":"Replay:Grab Bag"},{"not_picked":["Philosopher\u0027s Stone","Cursed Key"],"picked":"ChewingGum"},{"not_picked":[]}],"items_purged_floors":[5,22,31],"is_endless":false,"potions_floor_spawned":[7,10,11,16,25,33,35,40,41,46],"ascension_level":3}}