{"host":"w5ovz9boloi14a0g","time":1609306792,"event":{"mods":["BaseMod","Googly Eyes","Minty Spire (QoL Compilation)","StSLib","SuperFastMode"],"gold_per_floor":[111,111,129,147,160,187,207,238,292,292,71,127,127,52,52,148,148,160,178,178,191,221,221,254,254,254,273,273,273,308,321,321,416,416,432,444,444,666,685,700,715,715,715,726,726,776,776,776],"floor_reached":47,"playtime":1038,"items_purged":["Doubt"],"score":525,"play_id":"9f6e93c4-1065-44c1-84a8-e59980b9b79c","local_time":"20201229233952","is_ascension_mode":true,"campfire_choices":[{"floor":10.0,"key":"REST"},{"floor":13.0,"key":"REST"},{"data":"Noxious Fumes","floor":15.0,"key":"SMITH"},{"floor":23.0,"key":"REST"},{"floor":25.0,"key":"REST"},{"floor":32.0,"key":"REST"},{"floor":42.0,"key":"REST"},{"floor":45,"key":"REST"}],"circlet_count":0,"master_deck":["Strike_G","Strike_G","Strike_G","Strike_G","Defend_G","Defend_G","Defend_G","Defend_G","Defend_G","Survivor","Neutralize","Deadly Poison","Die Die Die","Bane","Noxious Fumes+1","Flying Knee","Infinite Blades","Corpse Explosion","Bouncing Flask","Blur","Dagger Spray+1","Leg Sweep","After Image","Finisher+1"],"relics":["Cursed Key","Ninja Scroll","Shuriken","Pen Nib","HandDrill","White Beast Statue","Sozu","Red Mask","Juzu Bracelet","Toy Ornithopter","SlaversCollar","Shovel"],"acts_visited":["Exordium","TheCity","TheBeyond"],"potions_floor_usage":[47],"damage_taken":[{"damage":3.0,"enemies":"Small Slimes","floor":1.0,"turns":5.0},{"damage":0.0,"enemies":"Cultist","floor":3.0,"turns":4.0},{"damage":0.0,"enemies":"2 Louse","floor":4.0,"turns":3.0},{"damage":5.0,"enemies":"Red Slaver","floor":5.0,"turns":3.0},{"damage":23.0,"enemies":"Gremlin Nob","floor":6.0,"turns":5.0},{"damage":7.0,"enemies":"2 Fungi Beasts","floor":7.0,"turns":2.0},{"damage":11.0,"enemies":"Lagavulin","floor":8.0,"turns":5.0},{"damage":22.0,"enemies":"3 Sentries","floor":12.0,"turns":5.0},{"damage":26.0,"enemies":"Hexaghost","floor":16.0,"turns":6.0},{"damage":20.0,"enemies":"Shell Parasite","floor":18.0,"turns":3.0},{"damage":0.0,"enemies":"Chosen","floor":19.0,"turns":3.0},{"damage":31.0,"enemies":"Snecko","floor":21.0,"turns":4.0},{"damage":0.0,"enemies":"Masked Bandits","floor":22.0,"turns":2.0},{"damage":12.0,"enemies":"Gremlin Leader","floor":24.0,"turns":5.0},{"damage":3.0,"enemies":"Cultist and Chosen","floor":27.0,"turns":3.0},{"damage":8.0,"enemies":"Slavers","floor":30.0,"turns":2.0},{"damage":4.0,"enemies":"Chosen and Byrds","floor":31.0,"turns":4.0},{"damage":46.0,"enemies":"Collector","floor":33.0,"turns":8.0},{"damage":11.0,"enemies":"3 Darklings","floor":35.0,"turns":3.0},{"damage":9.0,"enemies":"Orb Walker","floor":36.0,"turns":3.0},{"damage":11.0,"enemies":"4 Shapes","floor":39.0,"turns":5.0},{"damage":29.0,"enemies":"Maw","floor":40.0,"turns":7.0},{"damage":9.0,"enemies":"Transient","floor":41.0,"turns":5.0},{"damage":0,"enemies":"Jaw Worm Horde","floor":44,"turns":2},{"damage":13,"enemies":"Mind Bloom Boss Battle","floor":46,"turns":6},{"damage":38,"enemies":"Spire Growth","floor":47,"turns":6}],"seed_played":"-646574192755589390","potions_obtained":[{"floor":3.0,"key":"Block Potion"},{"floor":6.0,"key":"Ancient Potion"},{"floor":7.0,"key":"Strength Potion"}],"is_trial":false,"path_per_floor":["M","?","M","M","M","E","M","E","T","R","$","?","R","$","R","B",null,"M","M","?","M","?","R","E","R","T","M","?","?","E","M","R","B",null,"M","M","?","?","M","M","M","R","T","M","R","?","M"],"character_chosen":"THE_SILENT","items_purchased":["Infinite Blades","HandDrill"],"campfire_rested":7,"item_purchase_floors":[11,11],"current_hp_per_floor":[67,67,67,67,62,39,32,21,21,42,42,20,41,41,41,15,70,50,50,50,19,19,40,28,49,49,46,46,46,38,34,55,9,70,59,50,50,50,39,10,1,22,22,22,43,30,0,0],"gold":776,"neow_bonus":"BOSS_RELIC","is_daily":false,"chose_seed":false,"campfire_upgraded":1,"win_rate":0.0,"timestamp":1609306792,"path_taken":["M","?","M","M","M","E","M","E","T","R","?","?","R","$","R","BOSS","M","M","?","M","?","R","E","R","T","M","?","?","E","M","R","BOSS","M","M","?","?","M","M","M","R","T","M","R","?","M"],"items_purchased_type":["Card","Relic"],"build_version":"2020-12-22","purchased_purges":1,"victory":false,"max_hp_per_floor":[70,70,70,70,70,70,70,70,70,70,70,70,70,70,70,70,70,70,70,70,70,70,70,70,70,70,70,70,70,70,70,70,70,70,70,70,70,70,70,70,70,70,70,70,70,70,70,70],"card_choices":[{"not_picked":["Tactician","Outmaneuver"],"picked":"Deadly Poison","floor":1.0},{"not_picked":["Catalyst","Outmaneuver","Dodge and Roll"],"picked":"SKIP","floor":3.0},{"not_picked":["All Out Attack","Backflip"],"picked":"Die Die Die","floor":4.0},{"not_picked":["Quick Slash","PiercingWail"],"picked":"Bane","floor":5.0},{"not_picked":["Malaise","Tactician"],"picked":"Noxious Fumes","floor":6.0},{"not_picked":["Cloak And Dagger","Quick Slash"],"picked":"Flying Knee","floor":7.0},{"not_picked":["Caltrops","Accuracy","All Out Attack"],"picked":"SKIP","floor":8.0},{"not_picked":["Doppelganger","Tools of the Trade"],"picked":"Corpse Explosion","floor":16.0},{"not_picked":["Prepared","Acrobatics+1","Accuracy"],"picked":"SKIP","floor":18.0},{"not_picked":["Dodge and Roll","Adrenaline"],"picked":"Bouncing Flask","floor":19.0},{"not_picked":["Accuracy","Catalyst","Tactician"],"picked":"SKIP","floor":21.0},{"not_picked":["Poisoned Stab+1","Venomology"],"picked":"Blur","floor":24.0},{"not_picked":["Prepared","Deadly Poison"],"picked":"Dagger Spray+1","floor":27.0},{"not_picked":["Backflip","Slice","Blade Dance"],"picked":"SKIP","floor":30.0},{"not_picked":["Underhanded Strike","Outmaneuver","Deflect"],"picked":"SKIP","floor":31.0},{"not_picked":["Doppelganger","Die Die Die"],"picked":"After Image","floor":33.0},{"not_picked":["Outmaneuver+1","Dodge and Roll","Catalyst+1"],"picked":"SKIP","floor":35.0},{"not_picked":["Poisoned Stab+1","Blade Dance+1"],"picked":"Finisher+1","floor":36.0},{"not_picked":["Deadly Poison","Quick Slash","Dodge and Roll"],"picked":"SKIP","floor":39.0},{"not_picked":["PiercingWail","Acrobatics+1","Wraith Form v2"],"picked":"SKIP","floor":40.0},{"not_picked":["Quick Slash+1","Endless Agony","Prepared"],"picked":"SKIP","floor":41.0},{"not_picked":["Well Laid Plans+1","Bouncing Flask+1","Masterful Stab+1"],"picked":"SKIP","floor":44}],"player_experience":43869,"relics_obtained":[{"floor":6.0,"key":"Ninja Scroll"},{"floor":8.0,"key":"Shuriken"},{"floor":9.0,"key":"Pen Nib"},{"floor":12.0,"key":"White Beast Statue"},{"floor":22.0,"key":"Red Mask"},{"floor":24.0,"key":"Juzu Bracelet"},{"floor":30.0,"key":"Toy Ornithopter"},{"floor":46,"key":"Shovel"}],"event_choices":[{"damage_healed":0.0,"max_hp_gain":0.0,"max_hp_loss":0.0,"gold_gain":0.0,"event_name":"The Woman in Blue","player_choice":"Bought 0 Potions","floor":2.0,"gold_loss":0.0,"damage_taken":0.0},{"damage_healed":0.0,"max_hp_gain":0.0,"max_hp_loss":0.0,"gold_gain":0.0,"event_name":"Dead Adventurer","player_choice":"Searched \u00271\u0027 times","floor":12.0,"gold_loss":0.0,"damage_taken":0.0},{"damage_healed":0.0,"max_hp_gain":0.0,"max_hp_loss":0.0,"gold_gain":0.0,"event_name":"Ghosts","player_choice":"Ignored","floor":20.0,"gold_loss":0.0,"damage_taken":0.0},{"damage_healed":0.0,"max_hp_gain":0.0,"max_hp_loss":0.0,"gold_gain":0.0,"event_name":"Masked Bandits","player_choice":"Fought Bandits","floor":22.0,"gold_loss":0.0,"damage_taken":0.0},{"damage_healed":0.0,"max_hp_gain":0.0,"max_hp_loss":0.0,"gold_gain":0.0,"event_name":"Match and Keep!","player_choice":"1 cards matched","floor":28.0,"gold_loss":0.0,"damage_taken":0.0,"cards_obtained":["Leg Sweep"]},{"damage_healed":0.0,"max_hp_gain":0.0,"max_hp_loss":0.0,"gold_gain":0.0,"event_name":"The Mausoleum","player_choice":"Ignored","floor":29.0,"gold_loss":0.0,"damage_taken":0.0},{"cards_removed":["Strike_G"],"damage_healed":0.0,"max_hp_gain":0.0,"max_hp_loss":0.0,"gold_gain":0.0,"event_name":"Falling","player_choice":"Removed Attack","floor":37.0,"gold_loss":0.0,"damage_taken":0.0},{"damage_healed":0.0,"max_hp_gain":0.0,"max_hp_loss":0.0,"gold_gain":222.0,"event_name":"Tomb of Lord Red Mask","player_choice":"Wore Mask","floor":38.0,"gold_loss":0.0,"damage_taken":0.0},{"damage_healed":0,"gold_gain":0,"player_choice":"Fight","damage_taken":0,"max_hp_gain":0,"max_hp_loss":0,"event_name":"MindBloom","floor":46,"gold_loss":0}],"is_beta":false,"boss_relics":[{"not_picked":["Philosopher\u0027s Stone","Velvet Choker"],"picked":"Sozu"},{"not_picked":["Astrolabe","Coffee Dripper"],"picked":"SlaversCollar"}],"items_purged_floors":[14],"is_endless":false,"potions_floor_spawned":[3,6,7,16,18,19,21,22,24,27,30,31,33,35,36,39,40,41,44,46],"killed_by":"Spire Growth","ascension_level":2}}