{"host":"5ezk7t18wcb10u1o","time":1609326158,"event":{"mods":["BaseMod","Bestiary","Colored Powertips","Minty Spire (QoL Compilation)","Relic Sorter"],"gold_per_floor":[114,124,274,199,214,214,243,262,262,262,4,39,39,55,55,55,55],"floor_reached":16,"playtime":719,"items_purged":["Doubt","Defend_B"],"score":209,"play_id":"b52722d9-6927-42b6-a01f-f696519dfc19","local_time":"20201230110238","is_ascension_mode":true,"campfire_choices":[{"data":"Zap","floor":6.0,"key":"SMITH"},{"floor":10.0,"key":"REST"},{"floor":13.0,"key":"REST"},{"data":"Go for the Eyes","floor":15.0,"key":"SMITH"}],"circlet_count":0,"master_deck":["AscendersBane","Strike_B","Strike_B","Strike_B","Strike_B","Defend_B","Defend_B","Defend_B","Zap+1","Dualcast","Conserve Battery","Leap","Go for the Eyes+1","Double Energy","Redo","Loop"],"relics":["Cracked Core","Mercury Hourglass","White Beast Statue","Regal Pillow","Bottled Flame"],"acts_visited":["Exordium"],"potions_floor_usage":[16,16],"damage_taken":[{"damage":2.0,"enemies":"Jaw Worm","floor":1.0,"turns":3.0},{"damage":1.0,"enemies":"Small Slimes","floor":2.0,"turns":4.0},{"damage":2.0,"enemies":"Cultist","floor":5.0,"turns":5.0},{"damage":42.0,"enemies":"3 Sentries","floor":7.0,"turns":12.0},{"damage":7.0,"enemies":"Exordium Wildlife","floor":8.0,"turns":4.0},{"damage":23.0,"enemies":"Lagavulin","floor":12.0,"turns":6.0},{"damage":14.0,"enemies":"Large Slime","floor":14.0,"turns":5.0},{"damage":52,"enemies":"The Guardian","floor":16,"turns":10}],"seed_played":"-1593651097021453540","potions_obtained":[{"floor":1.0,"key":"Energy Potion"},{"floor":7.0,"key":"Fire Potion"},{"floor":8.0,"key":"PowerPotion"},{"floor":12.0,"key":"FocusPotion"},{"floor":14.0,"key":"PowerPotion"}],"is_trial":false,"path_per_floor":["M","M","?","$","M","R","E","M","T","R","$","E","R","M","R","B"],"character_chosen":"DEFECT","items_purchased":["Regal Pillow"],"campfire_rested":2,"item_purchase_floors":[11],"current_hp_per_floor":[69,68,68,68,66,66,24,17,17,40,40,17,55,41,41,0,0],"gold":55,"neow_bonus":"TEN_PERCENT_HP_BONUS","is_daily":false,"chose_seed":false,"campfire_upgraded":2,"win_rate":0.0,"timestamp":1609326158,"path_taken":["M","M","?","$","M","R","E","M","T","R","$","E","R","M","R","BOSS"],"items_purchased_type":["Relic"],"build_version":"2020-12-22","purchased_purges":2,"victory":false,"max_hp_per_floor":[78,78,78,78,78,78,78,78,78,78,78,78,78,78,78,78,78],"card_choices":[{"not_picked":["Hello World","Turbo","Consume"],"picked":"SKIP","floor":1.0},{"not_picked":["Compile Driver","Hologram"],"picked":"Conserve Battery","floor":2.0},{"not_picked":["Gash","White Noise"],"picked":"Leap","floor":5.0},{"not_picked":["Double Energy","Undo"],"picked":"Go for the Eyes","floor":7.0},{"not_picked":["Ball Lightning","Compile Driver"],"picked":"Double Energy","floor":8.0},{"not_picked":["Heatsinks","Stack"],"picked":"Redo","floor":12.0},{"not_picked":["Beam Cell","Genetic Algorithm"],"picked":"Loop","floor":14.0}],"player_experience":1091316,"relics_obtained":[{"floor":7.0,"key":"Mercury Hourglass"},{"floor":9.0,"key":"White Beast Statue"},{"floor":12.0,"key":"Bottled Flame"}],"event_choices":[{"damage_healed":0.0,"max_hp_gain":0.0,"max_hp_loss":0.0,"gold_gain":150.0,"event_name":"Liars Game","player_choice":"AGREE","floor":3.0,"gold_loss":0.0,"damage_taken":0.0,"cards_obtained":["Doubt"]}],"is_beta":false,"boss_relics":[],"items_purged_floors":[4,11],"is_endless":false,"potions_floor_spawned":[1,7,8,12,14],"killed_by":"The Guardian","ascension_level":18}}