{"host":"64h6jdpsiwrne03s","time":1609321610,"event":{"mods":["Act Like it!","BaseMod","Bestiary","Colored Powertips","Gensokyo","Marisa£®ÏF”Í°°ƒß¿Ì…≥£©","Minty Spire (QoL Compilation)","Reimu£®≤©¿ˆ¡È√Œ£©","Remilia£®¿Ÿ√◊¿Ú—«£©","StSLib","The Servant 0.9.4","Youmu£®ªÍ∆«—˝√Œ£©"],"gold_per_floor":[119,44,44,44,62,88,88,88,88,88,18,62,77,77,77,190,190,210,229,129,150,150,150,150],"floor_reached":23,"playtime":1349,"items_purged":["Defend_Lin:ReiMu","Strike_Lin:ReiMu"],"score":366,"play_id":"8ce541d9-6872-40b0-91f6-95e54b6b4ff9","local_time":"20201230174650","is_ascension_mode":true,"campfire_choices":[{"data":"NB:ReiMu","floor":8,"key":"SMITH"},{"data":"ShadowOfCrow2:ReiMu","floor":15,"key":"SMITH"}],"circlet_count":0,"master_deck":["Strike_Lin:ReiMu","Strike_Lin:ReiMu","Strike_Lin:ReiMu","Defend_Lin:ReiMu","Defend_Lin:ReiMu","Defend_Lin:ReiMu+1","NB:ReiMu+1","Stagnation:ReiMu+1","RainPray2:ReiMu","ShadowOfCrow2:ReiMu+1","RainPray2:ReiMu","CleanRite:ReiMu","FoulBorder2:ReiMu+1","ShadowOfCrow2:ReiMu+1","SubAcupoint:ReiMu+1"],"relics":["FlyPower:ReiMu","NeowsBlessing","CrazyTorch:ReiMu","CeramicFish","Calipers","Blood Vial","Black Star","Gensokyo:UndefinedDarkness"],"acts_visited":["Gensokyo:Gensokyo","Gensokyo:Gensokyoer"],"potions_floor_usage":[23],"damage_taken":[{"damage":0.0,"enemies":"Gensokyo:Python","floor":1.0,"turns":1.0},{"damage":0,"enemies":"Gensokyo:2_Kodama","floor":5,"turns":1},{"damage":0,"enemies":"Gensokyo:Cirno","floor":6,"turns":2},{"damage":0,"enemies":"Gensokyo:Mamizou","floor":12,"turns":8},{"damage":2,"enemies":"Gensokyo:Gryphon","floor":13,"turns":3},{"damage":0,"enemies":"Gensokyo:Reimu","floor":16,"turns":8},{"damage":27,"enemies":"Gensokyo:Chomper","floor":18,"turns":7},{"damage":36,"enemies":"Gensokyo:3_Dogs","floor":19,"turns":6},{"damage":0,"enemies":"Gensokyo:3_Gloops","floor":21,"turns":4},{"damage":6,"enemies":"Gensokyo:Reisen","floor":23,"turns":3}],"seed_played":"-8420370225580148289","potions_obtained":[{"floor":5,"key":"Weak Potion"},{"floor":12,"key":"Swift Potion"},{"floor":19,"key":"MagicPotion:ReiMu"}],"is_trial":false,"path_per_floor":["M","$","?","$","M","E","?","R","T","T","?","E","M","$","R","B",null,"M","M","$","M","?","E"],"character_chosen":"REIMU","items_purchased":[],"campfire_rested":0,"item_purchase_floors":[],"current_hp_per_floor":[65,65,52,52,52,52,46,46,46,46,46,46,46,46,46,48,61,36,2,2,4,4,0,0],"gold":150,"neow_bonus":"THREE_ENEMY_KILL","is_daily":false,"chose_seed":false,"campfire_upgraded":2,"win_rate":0.0,"timestamp":1609321610,"path_taken":["M","$","?","?","M","E","?","R","T","?","?","E","?","?","R","BOSS","M","M","$","?","?","E"],"items_purchased_type":[],"build_version":"2020-12-22","purchased_purges":2,"victory":false,"max_hp_per_floor":[65,65,65,65,65,65,65,65,65,65,65,65,65,65,65,65,65,65,65,65,65,65,65,65],"card_choices":[{"not_picked":["EmergencyTakeOff:ReiMu","SubcavityInstant:ReiMu"],"picked":"RainPray2:ReiMu","floor":1.0},{"not_picked":["TightArray:ReiMu","DoubleButterfly:ReiMu"],"picked":"ShadowOfCrow2:ReiMu","floor":5},{"not_picked":["OrbThrow:ReiMu","Meditation:ReiMu","UniversalSpiritual:ReiMu"],"picked":"SKIP","floor":6},{"not_picked":["OrbThrow:ReiMu","Meditation:ReiMu","UniversalSpiritual:ReiMu"],"picked":"SKIP","floor":6},{"not_picked":["SubAcupoint:ReiMu","RunawayExorcism:ReiMu"],"picked":"RainPray2:ReiMu","floor":12},{"not_picked":["UniversalSpiritual:ReiMu","EmergencyTakeOff:ReiMu","LovePray:ReiMu"],"picked":"SKIP","floor":13},{"not_picked":["Determination:ReiMu","SubcavityFantasy:ReiMu"],"picked":"CleanRite:ReiMu","floor":16},{"not_picked":["PhosphorusFlame:ReiMu","EmergencyTakeOff:ReiMu"],"picked":"FoulBorder2:ReiMu+1","floor":18},{"not_picked":["MountainWay:ReiMu","AirStrike:ReiMu"],"picked":"ShadowOfCrow2:ReiMu+1","floor":19},{"not_picked":["PrepareRite:ReiMu","CleanRite:ReiMu"],"picked":"SubAcupoint:ReiMu+1","floor":21}],"player_experience":310962,"relics_obtained":[{"floor":6,"key":"CeramicFish"},{"floor":9,"key":"Calipers"},{"floor":12,"key":"Blood Vial"}],"event_choices":[],"is_beta":false,"boss_relics":[{"not_picked":["Astrolabe","Fusion Hammer"],"picked":"Black Star"}],"items_purged_floors":[2,20],"is_endless":false,"potions_floor_spawned":[5,12,19,21],"killed_by":"Gensokyo:Reisen","ascension_level":5}}