{"host":"zxkjcgzis4pm3za5","time":1609345065,"event":{"mods":["AchievementEnabler","BaseMod","Colored Map","Colored Powertips","Minty Spire (QoL Compilation)","Quick Restart","RNG Fix","Random Character Button","StSLib"],"gold_per_floor":[116,126,301,80,80,80,107,107,130,130,147,163,188,202,202,303,303,319,244,244,259,274,301,109,109,135,147,147,56,56,75,75,75,75],"floor_reached":33,"playtime":1317,"items_purged":["Doubt","Strike_B"],"score":426,"play_id":"5e8b14ba-537c-4011-98c8-8f204732f1b6","local_time":"20201230214745","is_ascension_mode":true,"campfire_choices":[{"data":"Defragment","floor":6.0,"key":"SMITH"},{"data":"Darkness","floor":8.0,"key":"SMITH"},{"data":"Zap","floor":10.0,"key":"SMITH"},{"floor":15,"key":"REST"},{"floor":25,"key":"REST"},{"data":"Biased Cognition","floor":28,"key":"SMITH"},{"floor":32,"key":"REST"}],"circlet_count":0,"master_deck":["AscendersBane","Defend_B","Defend_B","Defend_B","Defend_B","Zap+1","Dualcast","Darkness+1","Defragment+1","Swift Strike","Reboot","Steam","Hologram","Cold Snap","Biased Cognition+1","Reinforced Body","Undo","Turbo","Sweeping Beam","Go for the Eyes","Beam Cell","Good Instincts","Dramatic Entrance","Ball Lightning+1"],"relics":["Cracked Core","Emotion Chip","ClockworkSouvenir","Kunai","Omamori","Pocketwatch","Nuclear Battery","Matryoshka","Blood Vial","Darkstone Periapt"],"acts_visited":["Exordium","TheCity"],"potions_floor_usage":[13,18,23,33],"damage_taken":[{"damage":6.0,"enemies":"2 Louse","floor":1.0,"turns":3.0},{"damage":1.0,"enemies":"Cultist","floor":2.0,"turns":3.0},{"damage":20.0,"enemies":"Lagavulin","floor":7.0,"turns":5.0},{"damage":7.0,"enemies":"Jaw Worm","floor":11.0,"turns":3.0},{"damage":7.0,"enemies":"Large Slime","floor":12.0,"turns":4.0},{"damage":12,"enemies":"Gremlin Nob","floor":13,"turns":3},{"damage":11,"enemies":"Gremlin Gang","floor":14,"turns":3},{"damage":20,"enemies":"The Guardian","floor":16,"turns":11},{"damage":8,"enemies":"3 Byrds","floor":18,"turns":3},{"damage":0,"enemies":"Shell Parasite","floor":21,"turns":6},{"damage":4,"enemies":"Centurion and Healer","floor":22,"turns":7},{"damage":28,"enemies":"Gremlin Leader","floor":23,"turns":8},{"damage":0,"enemies":"Sentry and Sphere","floor":27,"turns":5},{"damage":9,"enemies":"3 Cultists","floor":31,"turns":5},{"damage":52,"enemies":"Automaton","floor":33,"turns":8}],"seed_played":"3424168065830732559","potions_obtained":[{"floor":7.0,"key":"AttackPotion"},{"floor":13,"key":"Swift Potion"},{"floor":14,"key":"CultistPotion"},{"floor":18,"key":"Explosive Potion"},{"floor":23,"key":"GamblersBrew"}],"is_trial":false,"path_per_floor":["M","M","?","$","?","R","E","R","T","R","M","M","E","M","R","B",null,"M","?","?","M","M","E","$","R","T","M","R","$","?","M","R","B"],"character_chosen":"DEFECT","items_purchased":["ClockworkSouvenir","Good Instincts","Dramatic Entrance"],"campfire_rested":3,"item_purchase_floors":[4,24,29],"current_hp_per_floor":[62,61,61,61,61,61,41,41,41,41,34,27,15,4,24,4,52,44,44,44,44,40,12,12,32,32,34,34,34,34,27,47,0,0],"gold":75,"neow_bonus":"ONE_RARE_RELIC","is_daily":false,"chose_seed":false,"campfire_upgraded":4,"win_rate":0.0,"timestamp":1609345065,"path_taken":["M","M","?","$","?","R","E","R","T","R","M","M","E","?","R","BOSS","M","?","?","M","M","E","$","R","T","?","R","?","?","M","R","BOSS"],"items_purchased_type":["Relic","Card","Card"],"build_version":"2020-12-22","purchased_purges":2,"victory":false,"max_hp_per_floor":[68,68,68,68,68,68,68,68,68,68,68,68,68,68,68,68,68,68,68,68,68,68,68,68,68,68,68,68,68,68,68,68,68,68],"card_choices":[{"not_picked":["Streamline","Steam"],"picked":"Darkness","floor":1.0},{"not_picked":["Conserve Battery","Cold Snap"],"picked":"Defragment","floor":2.0},{"not_picked":["Beam Cell","Self Repair"],"picked":"Reboot","floor":7.0},{"not_picked":["Rip and Tear","Heatsinks"],"picked":"Steam","floor":11.0},{"not_picked":["Streamline","Doom and Gloom"],"picked":"Hologram","floor":12.0},{"not_picked":["Turbo","Rebound","Hologram"],"picked":"SKIP","floor":13},{"not_picked":["Recycle","Rebound"],"picked":"Cold Snap","floor":14},{"not_picked":["Echo Form","Meteor Strike"],"picked":"Biased Cognition","floor":16},{"not_picked":["Streamline","Sweeping Beam+1"],"picked":"Reinforced Body","floor":18},{"not_picked":["Consume+1","Beam Cell"],"picked":"Sweeping Beam","floor":21},{"not_picked":["Ball Lightning","Barrage"],"picked":"Go for the Eyes","floor":22},{"not_picked":["Conserve Battery","Gash"],"picked":"Beam Cell","floor":23},{"not_picked":["Rebound","Sweeping Beam","White Noise"],"picked":"SKIP","floor":27},{"not_picked":["Redo","Aggregate+1"],"picked":"Ball Lightning+1","floor":31}],"player_experience":162765,"relics_obtained":[{"floor":7.0,"key":"Kunai"},{"floor":9.0,"key":"Omamori"},{"floor":13,"key":"Pocketwatch"},{"floor":23,"key":"Matryoshka"},{"floor":26,"key":"Blood Vial"},{"floor":26,"key":"Darkstone Periapt"}],"event_choices":[{"damage_healed":0.0,"max_hp_gain":0.0,"max_hp_loss":0.0,"gold_gain":175.0,"event_name":"Liars Game","player_choice":"AGREE","floor":3.0,"gold_loss":0.0,"damage_taken":0.0,"cards_obtained":["Doubt"]},{"damage_healed":0.0,"max_hp_gain":0.0,"max_hp_loss":0.0,"gold_gain":0.0,"event_name":"Match and Keep!","player_choice":"1 cards matched","floor":5.0,"gold_loss":0.0,"damage_taken":0.0,"cards_obtained":["Swift Strike"]},{"cards_removed":["Strike_B"],"damage_healed":0,"gold_gain":0,"player_choice":"Gave Gold","damage_taken":0,"max_hp_gain":0,"max_hp_loss":0,"event_name":"Beggar","floor":19,"gold_loss":75},{"damage_healed":0,"gold_gain":0,"cards_transformed":["Strike_B","Strike_B"],"player_choice":"Became Test Subject","damage_taken":0,"max_hp_gain":0,"max_hp_loss":0,"event_name":"Drug Dealer","floor":20,"gold_loss":0,"cards_obtained":["Undo","Turbo"]},{"damage_healed":0,"gold_gain":0,"player_choice":"Ignored","damage_taken":0,"max_hp_gain":0,"max_hp_loss":0,"event_name":"Ghosts","floor":30,"gold_loss":0}],"is_beta":false,"boss_relics":[{"not_picked":["Black Star","SacredBark"],"picked":"Nuclear Battery"}],"items_purged_floors":[4,24],"is_endless":false,"potions_floor_spawned":[7,13,14,16,18,23,27],"killed_by":"Automaton","ascension_level":11}}