{"host":"tmf10eeko6je6wes","time":1609371116,"event":{"mods":["AchievementEnabler","BaseMod","Colored Map","Colored Powertips","DeckTracker","Highlight Path","Minty Spire (QoL Compilation)","Permanent Neow","Quick Restart","Relic Sorter","Relic Stats","Shop Mod","StSLib","SuperFastMode","Synergy Search"],"gold_per_floor":[119,129,304,321,336,336,336,336,336,348,348,348,348],"floor_reached":12,"playtime":469,"items_purged":[],"score":70,"play_id":"d054151d-61c2-43af-9a12-42379fb6a389","local_time":"20201230183156","is_ascension_mode":false,"campfire_choices":[{"floor":6,"key":"REST"},{"data":"Wish","floor":8,"key":"SMITH"}],"circlet_count":0,"master_deck":["Strike_P","Strike_P","Strike_P","Strike_P","Defend_P","Defend_P","Defend_P","Defend_P","Eruption","Vigilance","Wish+1","EmptyFist","Wireheading","Doubt","Prostrate","InnerPeace","Consecrate"],"relics":["PureWater","Meat on the Bone","PreservedInsect"],"acts_visited":["Exordium"],"potions_floor_usage":[10,12],"damage_taken":[{"damage":1,"enemies":"Small Slimes","floor":1,"turns":8},{"damage":0,"enemies":"2 Louse","floor":2,"turns":3},{"damage":9,"enemies":"Jaw Worm","floor":4,"turns":6},{"damage":12,"enemies":"2 Fungi Beasts","floor":5,"turns":7},{"damage":26,"enemies":"Large Slime","floor":10,"turns":14},{"damage":55,"enemies":"Gremlin Nob","floor":12,"turns":4}],"seed_played":"3711008856571701734","potions_obtained":[{"floor":4,"key":"BottledMiracle"},{"floor":10,"key":"CultistPotion"}],"is_trial":false,"path_per_floor":["M","M","?","M","M","R","?","R","T","M","?","E"],"character_chosen":"WATCHER","items_purchased":[],"campfire_rested":1,"item_purchase_floors":[],"current_hp_per_floor":[71,71,71,62,50,71,71,71,71,45,38,0,0],"gold":348,"neow_bonus":"THREE_RARE_CARDS","is_daily":false,"chose_seed":false,"campfire_upgraded":1,"win_rate":0.0,"timestamp":1609371116,"path_taken":["M","M","?","M","M","R","?","R","T","M","?","E"],"items_purchased_type":[],"build_version":"2020-12-22","purchased_purges":0,"victory":false,"max_hp_per_floor":[72,72,72,72,72,72,72,72,72,72,72,72,72],"relic_stats":{"counters":[6,42],"PreservedInsect":21,"obtain_stats":[{"PreservedInsect":9,"PureWater":0,"Meat on the Bone":7},{"PreservedInsect":4,"PureWater":0,"Meat on the Bone":4},{"PreservedInsect":24,"PureWater":0,"Meat on the Bone":24}],"Meat on the Bone":0},"card_choices":[{"not_picked":["Ragnarok","Blasphemy"],"picked":"Wish","floor":0},{"not_picked":["Perseverance","ThirdEye"],"picked":"EmptyFist","floor":1},{"not_picked":["Evaluate","EmptyFist"],"picked":"Wireheading","floor":2},{"not_picked":["ClearTheMind","DeceiveReality"],"picked":"Prostrate","floor":4},{"not_picked":["BattleHymn","CrushJoints"],"picked":"InnerPeace","floor":5},{"not_picked":["Wish","BowlingBash"],"picked":"Consecrate","floor":10}],"player_experience":30805,"relics_obtained":[{"floor":9,"key":"PreservedInsect"}],"event_choices":[{"damage_healed":0,"gold_gain":175,"player_choice":"AGREE","damage_taken":0,"max_hp_gain":0,"max_hp_loss":0,"event_name":"Liars Game","floor":3,"gold_loss":0,"cards_obtained":["Doubt"]},{"damage_healed":0,"gold_gain":0,"player_choice":"Searched \u00272\u0027 times","damage_taken":0,"relics_obtained":["Meat on the Bone"],"max_hp_gain":0,"max_hp_loss":0,"event_name":"Dead Adventurer","floor":7,"gold_loss":0},{"cards_removed":["Shame"],"damage_healed":0,"gold_gain":0,"player_choice":"Card Removal","damage_taken":7,"max_hp_gain":0,"max_hp_loss":0,"event_name":"Golden Wing","floor":11,"gold_loss":0}],"is_beta":false,"boss_relics":[],"items_purged_floors":[],"is_endless":false,"potions_floor_spawned":[4,10],"killed_by":"Gremlin Nob","ascension_level":0}}