{"host":"atstxq8orq8kt1et","time":1609320566,"event":{"mods":["AchievementEnabler","BaseMod","Colored Map","Googly Eyes","Minty Spire (QoL Compilation)","Replay The Spire","StSLib","slay the spire mod where everything is the same but ironclad has a cowboy hat"],"gold_per_floor":[114,132,180,180,180,180,193,222,222,241,241,255,255,274,298,373,373,503,503,524,449,468,43,43,78,0,0,24,76,88,100,136,148,160,172,172],"floor_reached":35,"playtime":2853,"items_purged":["Strike_G"],"score":295,"play_id":"0f0961da-a4d3-4152-b6f6-18753ed6a1b7","local_time":"20201230012926","is_ascension_mode":false,"campfire_choices":[{"data":"Replay:Poison Smokescreen","floor":9,"key":"SMITH"},{"floor":17,"key":"REST"},{"floor":27,"key":"REST"},{"data":"Bandage Up","floor":31,"key":"SMITH"},{"floor":34,"key":"REST"}],"circlet_count":0,"master_deck":["Strike_G","Strike_G","Strike_G","Strike_G","Defend_G","Defend_G","Defend_G","Defend_G","Defend_G","Survivor","Neutralize","Hidden Blade","Dagger Throw","Predator","Skewer","Parasite","Skewer","Replay:Poison Smokescreen+1","Crippling Poison","Prepared","Flying Knee","Phantasmal Killer","Glass Knife","Endless Agony","Infinite Blades+1","Bandage Up+1","Sucker Punch+1","Backstab","Writhe","ReplayTheSpireMod:Necrosis","Necronomicurse"],"relics":["Ring of the Snake","NeowsBlessing","MealTicket","Ring of Panic","ReplayTheSpireMod:Ring of Exchange","Bird Faced Urn","Singing Bowl","Golden Idol","Ring of Chaos","Pantograph","Snake Skull","MawBank","Replay:Wax Seal","Replay:Bottled Steam","Necronomicon"],"acts_visited":["Exordium","TheCity"],"potions_floor_usage":[8,18,18,18,25,29,32],"damage_taken":[{"damage":0,"enemies":"Jaw Worm","floor":1,"turns":1},{"damage":0,"enemies":"Small Slimes","floor":2,"turns":1},{"damage":0,"enemies":"2 Louse","floor":7,"turns":1},{"damage":18,"enemies":"3 Sentries","floor":8,"turns":6},{"damage":9,"enemies":"Blue Slaver","floor":10,"turns":2},{"damage":0,"enemies":"Large Slime","floor":12,"turns":3},{"damage":0,"enemies":"Exordium Wildlife","floor":14,"turns":3},{"damage":0,"enemies":"Looter","floor":15,"turns":2},{"damage":29,"enemies":"Fading Forest","floor":18,"turns":11},{"damage":2,"enemies":"Shell Parasite","floor":20,"turns":3},{"damage":10,"enemies":"3 Byrds","floor":22,"turns":4},{"damage":45,"enemies":"Replay:Snechameleon","floor":25,"turns":9},{"damage":21,"enemies":"Book of Stabbing","floor":29,"turns":6},{"damage":12,"enemies":"Snake Plant","floor":32,"turns":4},{"damage":88,"enemies":"Automaton","floor":35,"turns":6}],"seed_played":"-4736021663676942838","potions_obtained":[{"floor":3,"key":"SteroidPotion"},{"floor":7,"key":"Toxic Potion"},{"floor":10,"key":"GamblersBrew"},{"floor":14,"key":"LiquidBronze"},{"floor":15,"key":"Poison Potion"},{"floor":18,"key":"Adrenaline Potion"},{"floor":25,"key":"Languid Potion"},{"floor":29,"key":"SkillPotion"}],"is_trial":false,"path_per_floor":["M","M","?","?","PTL","PTL","M","E","R","M","T","M","?","M","M","?","R","B",null,"M","?","M","$","?","E","$","R","T","E","?","R","M","?","R","B"],"character_chosen":"THE_SILENT","items_purchased":["Bandage Up","Pantograph","Backstab"],"campfire_rested":3,"item_purchase_floors":[23,23,26],"current_hp_per_floor":[70,70,70,70,70,70,70,52,52,43,43,43,43,43,43,32,53,34,70,68,68,58,70,70,29,44,65,65,52,52,52,48,32,53,0,0],"gold":172,"neow_bonus":"THREE_ENEMY_KILL","is_daily":false,"chose_seed":false,"campfire_upgraded":2,"win_rate":0.0,"timestamp":1609320566,"path_taken":["M","M","?","?","PTL","PTL","M","E","R","M","T","M","?","M","M","?","R","BOSS","M","?","M","$","?","E","?","R","T","E","?","R","M","?","R","BOSS"],"items_purchased_type":["Card","Relic","Card"],"build_version":"2020-12-22","purchased_purges":1,"victory":false,"max_hp_per_floor":[70,70,70,70,70,70,70,70,70,70,70,70,70,70,70,70,70,70,70,70,70,70,70,70,70,70,70,70,72,72,72,72,72,72,72,72],"card_choices":[{"not_picked":["Leg Sweep","Slice"],"picked":"Hidden Blade","floor":1},{"not_picked":["Underhanded Strike","Hidden Blade"],"picked":"Dagger Throw","floor":2},{"not_picked":["Backflip","PiercingWail"],"picked":"Predator","floor":3},{"not_picked":["All Out Attack","Riddle With Holes"],"picked":"Skewer","floor":3},{"not_picked":["Hidden Blade","Bane"],"picked":"Skewer","floor":7},{"not_picked":["Dagger Spray","Bane"],"picked":"Replay:Poison Smokescreen","floor":8},{"not_picked":["Catalyst","Underhanded Strike"],"picked":"Crippling Poison","floor":10},{"not_picked":["Dash","Masterful Stab"],"picked":"Prepared","floor":12},{"not_picked":["ReplayTheSpireMod:Scrap Shanks","Acrobatics"],"picked":"Flying Knee","floor":14},{"not_picked":["Well Laid Plans","Hidden Blade"],"picked":"Phantasmal Killer","floor":15},{"not_picked":["Corpse Explosion","Storm of Steel"],"picked":"Glass Knife","floor":18},{"not_picked":["ReplayTheSpireMod:The Works","Underhanded Strike"],"picked":"Endless Agony","floor":20},{"not_picked":["Backflip","Bane"],"picked":"Infinite Blades+1","floor":22},{"not_picked":["Blur","Riddle With Holes"],"picked":"Sucker Punch+1","floor":25},{"not_picked":["Sucker Punch","Dagger Spray+1","Footwork"],"picked":"Singing Bowl","floor":29},{"not_picked":["Dodge and Roll","Dagger Spray"],"picked":"ReplayTheSpireMod:Necrosis","floor":32}],"player_experience":68683,"relics_obtained":[{"floor":3,"key":"MealTicket"},{"floor":4,"key":"Ring of Panic"},{"floor":4,"key":"ReplayTheSpireMod:Ring of Exchange"},{"floor":8,"key":"Bird Faced Urn"},{"floor":11,"key":"Singing Bowl"},{"floor":25,"key":"Snake Skull"},{"floor":28,"key":"MawBank"},{"floor":29,"key":"Replay:Wax Seal"},{"floor":33,"key":"Necronomicon"}],"event_choices":[{"damage_healed":0,"gold_gain":0,"player_choice":"Take Wound","damage_taken":0,"relics_obtained":["Golden Idol"],"max_hp_gain":0,"max_hp_loss":0,"event_name":"Golden Idol","floor":13,"gold_loss":0,"cards_obtained":["Injury"]},{"damage_healed":0,"gold_gain":75,"player_choice":"Gather Gold","damage_taken":11,"max_hp_gain":0,"max_hp_loss":0,"event_name":"World of Goop","floor":16,"gold_loss":0},{"cards_removed":["Injury"],"damage_healed":0,"gold_gain":0,"player_choice":"Gave Gold","damage_taken":0,"max_hp_gain":0,"max_hp_loss":0,"event_name":"Beggar","floor":21,"gold_loss":75},{"damage_healed":0,"gold_gain":0,"player_choice":"Opened","damage_taken":0,"relics_obtained":["Replay:Bottled Steam"],"max_hp_gain":0,"max_hp_loss":0,"event_name":"The Mausoleum","floor":30,"gold_loss":0,"cards_obtained":["Writhe"]},{"damage_healed":0,"gold_gain":0,"player_choice":"Obtained Book","damage_taken":16,"max_hp_gain":0,"max_hp_loss":0,"event_name":"Cursed Tome","floor":33,"gold_loss":0}],"is_beta":false,"boss_relics":[{"not_picked":["Frozen Eye","Cursed Key"],"picked":"Ring of Chaos"}],"items_purged_floors":[23],"is_endless":false,"potions_floor_spawned":[7,10,14,15,18,25,29],"killed_by":"Automaton","ascension_level":0}}