{"host":"hwrdjx5eod2cxh09","time":1609336740,"event":{"mods":["AchievementEnabler","BaseMod","Bestiary","Minty Spire (QoL Compilation)","Relic Stats"],"gold_per_floor":[110,110,123,143,143,143,158,158,158,190,190,204,48,60,60,158,158,168,181,106,117,216,216,249,264,264,264,264],"floor_reached":27,"playtime":1352,"items_purged":[],"score":235,"play_id":"94cf3aad-902a-44b4-9a4b-9cf4e92852ad","local_time":"20201230225900","is_ascension_mode":false,"campfire_choices":[{"data":"Zap","floor":6,"key":"SMITH"},{"data":"Coolheaded","floor":8,"key":"SMITH"},{"data":"Glacier","floor":11,"key":"SMITH"},{"data":"FTL","floor":15,"key":"SMITH"},{"floor":23,"key":"RECALL"}],"circlet_count":0,"master_deck":["Strike_B","Strike_B","Strike_B","Defend_B","Defend_B","Defend_B","Defend_B","Zap+1","Dualcast","Coolheaded+1","Sweeping Beam","Chill","Glacier+1","FTL+1","Leap","Capacitor+1","Buffer+1","Biased Cognition+1","Defragment+1","Buffer+1","CurseOfTheBell","Storm+1","Core Surge"],"relics":["Cracked Core","Frozen Egg 2","Sundial","Pear","Orrery","Calling Bell","PreservedInsect","Letter Opener","CaptainsWheel","Smiling Mask","Bag of Preparation"],"acts_visited":["Exordium","TheCity"],"potions_floor_usage":[10,16,24,27],"damage_taken":[{"damage":1,"enemies":"Jaw Worm","floor":1,"turns":4},{"damage":10,"enemies":"Small Slimes","floor":3,"turns":3},{"damage":7,"enemies":"2 Louse","floor":4,"turns":3},{"damage":4,"enemies":"Exordium Wildlife","floor":7,"turns":5},{"damage":12,"enemies":"Lagavulin","floor":10,"turns":8},{"damage":1,"enemies":"3 Louse","floor":12,"turns":4},{"damage":0,"enemies":"Blue Slaver","floor":14,"turns":4},{"damage":14,"enemies":"Hexaghost","floor":16,"turns":10},{"damage":0,"enemies":"Shell Parasite","floor":18,"turns":10},{"damage":0,"enemies":"Chosen","floor":19,"turns":4},{"damage":0,"enemies":"3 Cultists","floor":21,"turns":4},{"damage":23,"enemies":"Slavers","floor":24,"turns":6},{"damage":15,"enemies":"Snake Plant","floor":25,"turns":7},{"damage":54,"enemies":"Gremlin Leader","floor":27,"turns":6}],"seed_played":"6450317680700316138","potions_obtained":[{"floor":4,"key":"AttackPotion"},{"floor":12,"key":"FearPotion"},{"floor":18,"key":"Swift Potion"},{"floor":19,"key":"BlessingOfTheForge"},{"floor":21,"key":"EssenceOfSteel"}],"is_trial":false,"path_per_floor":["M","?","M","M","?","R","M","R","T","E","R","M","$","M","R","B",null,"M","M","?","M","?","R","E","M","T","E"],"character_chosen":"DEFECT","items_purchased":["Orrery"],"campfire_rested":0,"item_purchase_floors":[13],"current_hp_per_floor":[74,49,39,32,57,57,53,53,53,51,51,50,50,50,50,36,85,85,85,85,85,85,85,62,47,47,0,0],"gold":264,"neow_bonus":"RANDOM_COLORLESS","is_daily":false,"chose_seed":false,"campfire_upgraded":4,"win_rate":0.0,"timestamp":1609336740,"path_taken":["M","?","M","M","?","R","M","R","T","E","R","M","?","M","R","BOSS","M","M","?","M","?","R","E","M","T","E"],"items_purchased_type":["Relic"],"build_version":"2020-12-22","purchased_purges":0,"victory":false,"max_hp_per_floor":[75,75,75,75,75,75,75,75,75,85,85,85,85,85,85,85,85,85,85,85,85,85,85,85,85,85,85,85],"relic_stats":{"counters":[14,78],"Sundial":[8],"PreservedInsect":83,"Bag of Preparation":[2],"Letter Opener":[32],"Smiling Mask":0,"obtain_stats":[{"Calling Bell":17,"CaptainsWheel":17,"Pear":10,"Sundial":9,"Orrery":13,"PreservedInsect":17,"Bag of Preparation":26,"Letter Opener":17,"Frozen Egg 2":2,"Cracked Core":0,"Smiling Mask":24},{"Calling Bell":8,"CaptainsWheel":8,"Pear":5,"Sundial":4,"Orrery":6,"PreservedInsect":8,"Bag of Preparation":13,"Letter Opener":8,"Frozen Egg 2":1,"Cracked Core":0,"Smiling Mask":12},{"Calling Bell":41,"CaptainsWheel":41,"Pear":23,"Sundial":15,"Orrery":27,"PreservedInsect":41,"Bag of Preparation":72,"Letter Opener":41,"Frozen Egg 2":4,"Cracked Core":0,"Smiling Mask":65}]},"card_choices":[{"not_picked":["Beam Cell","Darkness"],"picked":"Coolheaded","floor":1},{"not_picked":["Streamline","Barrage"],"picked":"Sweeping Beam","floor":3},{"not_picked":["Force Field","Go for the Eyes"],"picked":"Chill","floor":4},{"not_picked":["Rebound","Cold Snap"],"picked":"Glacier","floor":7},{"not_picked":["Melter","Go for the Eyes","Hologram"],"picked":"SKIP","floor":10},{"not_picked":["Coolheaded","Hologram"],"picked":"FTL","floor":12},{"not_picked":["Conserve Battery","Rebound"],"picked":"Leap","floor":13},{"not_picked":["Stack","Redo"],"picked":"Capacitor+1","floor":13},{"not_picked":["White Noise","Heatsinks+1"],"picked":"Buffer+1","floor":13},{"not_picked":["Fission","Hologram"],"picked":"Biased Cognition+1","floor":13},{"not_picked":["Sunder","Ball Lightning"],"picked":"Defragment+1","floor":14},{"not_picked":["All For One","Thunder Strike"],"picked":"Buffer+1","floor":16},{"not_picked":["Stack","Steam"],"picked":"Storm+1","floor":18},{"not_picked":["Redo","Hologram","Rebound"],"picked":"SKIP","floor":19},{"not_picked":["Ball Lightning","Streamline","FTL"],"picked":"SKIP","floor":21},{"not_picked":["Chill","Ball Lightning"],"picked":"Core Surge","floor":24},{"not_picked":["Gash+1","Streamline","Scrape"],"picked":"SKIP","floor":25}],"player_experience":106112,"relics_obtained":[{"floor":9,"key":"Sundial"},{"floor":10,"key":"Pear"},{"floor":17,"key":"PreservedInsect"},{"floor":17,"key":"Letter Opener"},{"floor":17,"key":"CaptainsWheel"},{"floor":24,"key":"Smiling Mask"},{"floor":26,"key":"Bag of Preparation"}],"event_choices":[{"damage_healed":0,"gold_gain":0,"player_choice":"Success","damage_taken":25,"relics_obtained":["Frozen Egg 2"],"max_hp_gain":0,"max_hp_loss":0,"event_name":"Scrap Ooze","floor":2,"gold_loss":0},{"damage_healed":25,"gold_gain":0,"player_choice":"Banana","damage_taken":0,"max_hp_gain":0,"max_hp_loss":0,"event_name":"Big Fish","floor":5,"gold_loss":0},{"cards_removed":["Strike_B"],"damage_healed":0,"gold_gain":0,"player_choice":"Gave Gold","damage_taken":0,"max_hp_gain":0,"max_hp_loss":0,"event_name":"Beggar","floor":20,"gold_loss":75},{"damage_healed":0,"gold_gain":99,"player_choice":"Stole From Cult","damage_taken":0,"max_hp_gain":0,"max_hp_loss":0,"event_name":"Nest","floor":22,"gold_loss":0}],"is_beta":false,"boss_relics":[{"not_picked":["Ectoplasm","Empty Cage"],"picked":"Calling Bell"}],"items_purged_floors":[],"is_endless":false,"potions_floor_spawned":[4,12,18,19,21],"killed_by":"Gremlin Leader","ascension_level":0}}