{"host":"sc0o2qwpf9j16a4i","time":1609361974,"event":{"mods":["AchievementEnabler","BaseMod","BetterRewards","Block Reminder","Colored Map","Colored Powertips","Custom Start","Highlight Path","Minty Spire (QoL Compilation)","Relic Stats"],"gold_per_floor":[114,134,409,426,445,445,88,88,137,157,180,194,194,209,209,281,281,299,13,13,13,23,23,43,43,43,43,43],"floor_reached":27,"playtime":681,"items_purged":["Regret"],"score":410,"play_id":"c445338d-01c7-44cd-a244-e5a5dbcc372b","local_time":"20201230225934","is_ascension_mode":true,"campfire_choices":[{"data":"Wild Strike","floor":6,"key":"SMITH"},{"data":"True Grit","floor":8,"key":"SMITH"},{"floor":13,"key":"REST"},{"floor":15,"key":"REST"},{"floor":23,"key":"REST"}],"circlet_count":0,"master_deck":["AscendersBane","Strike_R","Strike_R","Strike_R","Strike_R","Strike_R","Defend_R","Defend_R","Defend_R","Defend_R","Bash","Shockwave","Wild Strike+1","Pommel Strike","Sword Boomerang","Feel No Pain","True Grit+1","Bludgeon","Evolve","Sentinel","Second Wind","Demon Form","Burning Pact","Feed","Power Through","Inflame","Shrug It Off","Evolve","Uppercut","Feel No Pain"],"relics":["Cursed Key","Orrery","Pen Nib","Odd Mushroom","Mark of Pain","Medical Kit"],"acts_visited":["Exordium","TheCity"],"potions_floor_usage":[16,18,27],"damage_taken":[{"damage":0,"enemies":"Cultist","floor":1,"turns":3},{"damage":1,"enemies":"Small Slimes","floor":2,"turns":3},{"damage":4,"enemies":"Jaw Worm","floor":4,"turns":2},{"damage":13,"enemies":"Lots of Slimes","floor":5,"turns":4},{"damage":16,"enemies":"Blue Slaver","floor":10,"turns":4},{"damage":12,"enemies":"The Mushroom Lair","floor":11,"turns":4},{"damage":14,"enemies":"Red Slaver","floor":12,"turns":2},{"damage":13,"enemies":"Large Slime","floor":14,"turns":3},{"damage":6,"enemies":"The Guardian","floor":16,"turns":9},{"damage":35,"enemies":"3 Byrds","floor":18,"turns":6},{"damage":13,"enemies":"2 Thieves","floor":22,"turns":4},{"damage":35,"enemies":"Snake Plant","floor":24,"turns":5},{"damage":13,"enemies":"Centurion and Healer","floor":27,"turns":1}],"seed_played":"-4698199380038862658","potions_obtained":[{"floor":4,"key":"ElixirPotion"},{"floor":5,"key":"Weak Potion"},{"floor":11,"key":"AttackPotion"},{"floor":24,"key":"SpeedPotion"}],"is_trial":false,"path_per_floor":["M","M","?","M","M","R","$","R","T","M","?","M","R","M","R","B",null,"M","$","?","$","M","R","M","?","T","M"],"character_chosen":"IRONCLAD","items_purchased":["Feel No Pain","Orrery","Sentinel","Medical Kit","Inflame","Shrug It Off"],"campfire_rested":3,"item_purchase_floors":[7,7,7,19,19,19],"current_hp_per_floor":[68,67,67,63,50,50,50,50,50,34,22,8,30,17,39,33,65,33,33,33,33,20,42,7,7,7,0,0],"gold":43,"neow_bonus":"BOSS_RELIC","is_daily":false,"chose_seed":false,"campfire_upgraded":2,"win_rate":0.0,"timestamp":1609361974,"path_taken":["M","?","?","M","?","R","$","R","T","M","?","M","R","M","R","BOSS","M","$","?","$","?","R","M","?","T","M"],"items_purchased_type":["Card","Relic","Card","Relic","Card","Card"],"build_version":"2020-12-22","purchased_purges":1,"victory":false,"max_hp_per_floor":[75,75,75,75,75,75,75,75,75,75,75,75,75,75,75,75,75,78,78,75,75,75,75,75,75,75,75,75],"relic_stats":{"counters":[13,50],"Pen Nib":[5],"Cursed Key":1,"Medical Kit":[6],"obtain_stats":[{"Orrery":7,"Pen Nib":9,"Mark of Pain":17,"Odd Mushroom":11,"Cursed Key":0,"Medical Kit":19,"Burning Blood":0},{"Orrery":4,"Pen Nib":4,"Mark of Pain":9,"Odd Mushroom":6,"Cursed Key":0,"Medical Kit":10,"Burning Blood":0},{"Orrery":12,"Pen Nib":12,"Mark of Pain":34,"Odd Mushroom":20,"Cursed Key":0,"Medical Kit":40,"Burning Blood":0}]},"card_choices":[{"not_picked":["Heavy Blade","Anger"],"picked":"Shockwave","floor":1},{"not_picked":["Seeing Red","Dropkick"],"picked":"Wild Strike","floor":2},{"not_picked":["Whirlwind","Twin Strike"],"picked":"Pommel Strike","floor":4},{"not_picked":["Headbutt","Warcry"],"picked":"Sword Boomerang","floor":5},{"not_picked":["Heavy Blade","Warcry"],"picked":"True Grit","floor":7},{"not_picked":["Fire Breathing","Clash"],"picked":"Bludgeon","floor":7},{"not_picked":["Clash","Seeing Red"],"picked":"Evolve","floor":7},{"not_picked":["Blood for Blood","Cleave"],"picked":"Second Wind","floor":10},{"not_picked":["Twin Strike","Iron Wave"],"picked":"Demon Form","floor":11},{"not_picked":["Twin Strike","Rage"],"picked":"Burning Pact","floor":12},{"not_picked":["Cleave","Sword Boomerang","Havoc"],"picked":"SKIP","floor":14},{"not_picked":["Immolate","Bludgeon"],"picked":"Feed","floor":16},{"not_picked":["True Grit","Entrench"],"picked":"Power Through","floor":18},{"not_picked":["Warcry+1","Infernal Blade"],"picked":"Evolve","floor":22},{"not_picked":["Clash+1","Fire Breathing+1"],"picked":"Uppercut","floor":24}],"player_experience":453675,"relics_obtained":[{"floor":9,"key":"Pen Nib"},{"floor":11,"key":"Odd Mushroom"}],"event_choices":[{"damage_healed":0,"gold_gain":275,"player_choice":"Desecrate","damage_taken":0,"max_hp_gain":0,"max_hp_loss":0,"event_name":"Golden Shrine","floor":3,"gold_loss":0,"cards_obtained":["Regret"]},{"damage_healed":0,"gold_gain":0,"player_choice":"Fought Mushrooms","damage_taken":0,"max_hp_gain":0,"max_hp_loss":0,"event_name":"Mushrooms","floor":11,"gold_loss":0},{"cards_removed":["Parasite"],"damage_healed":0,"gold_gain":0,"player_choice":"Removed Curses","damage_taken":0,"max_hp_gain":0,"max_hp_loss":0,"event_name":"Fountain of Cleansing","floor":20,"gold_loss":0},{"damage_healed":0,"gold_gain":0,"player_choice":"Copied","damage_taken":0,"max_hp_gain":0,"max_hp_loss":0,"event_name":"Duplicator","floor":25,"gold_loss":0,"cards_obtained":["Feel No Pain"]}],"is_beta":false,"boss_relics":[{"not_picked":["Runic Dome","Calling Bell"],"picked":"Mark of Pain"}],"items_purged_floors":[7],"is_endless":false,"potions_floor_spawned":[4,5,11,14,24],"killed_by":"Centurion and Healer","ascension_level":20}}