{"host":"597bhbb8x3urrkc4","time":1609296208,"event":{"mods":["Aspiration","Astrologer","Bard","BaseMod","Beaked The Cultist","Better Altar","Better Match","Better Sensory Stone","Better Skull","Better Third Choice","Challenge The Spire","Clockwork Mod","Conspire","DeckTracker","GifTheSpireLib","GungeonMod","Hermit","HexUI Lib","Highlight Path","Hubris","Infinite Spire","Mad Scientist","Minty Spire (QoL Compilation)","Random Character Button","Replay The Spire","Reworked Bosses","Shade Mod","Somnambulant","StSLib","The Blackbeard","The Construct","The Cursed","The Disciple","The Forsaken","The Gatherer","The Hayseed","The Hierophant","The Judge","The Jungle","The Problem Sleuth","The Runesmith","The Servant 0.9.4","The Spell Scribe","The Valiant","TheArtist","TheBandit","TheFirefly","Wandering Minibosses","thorton"],"gold_per_floor":[114,158,182,182,182,211,228,256,256,282,292,308,308,143,143,248,248,260,260,175,193,143,177,177,209,209,74,74,74,24,57,57,162,162,179,129,129,186,203,203,234,234,258,297,322,342,342,373,373,380,380,380,34,67,72],"floor_reached":56,"playtime":7392,"items_purged":["hermit:Defend_Hermit","hermit:Defend_Hermit","hermit:Defend_Hermit","hermit:Strike_Hermit","hermit:Strike_Hermit","hermit:Strike_Hermit"],"score":1460,"play_id":"c1d49521-2c54-47d9-813e-0d34656645d9","local_time":"20201229204328","is_ascension_mode":true,"campfire_choices":[{"data":"hermit:CursedWeapon","floor":13,"key":"SMITH"},{"data":"hermit:HeroicBravado","floor":15,"key":"SMITH"},{"data":"hermit:TakeAim","floor":24,"key":"SMITH"},{"data":"conspire:Banana","floor":29,"key":"SMITH"},{"floor":32,"key":"RECALL"},{"data":"Impatience","floor":40,"key":"SMITH"},{"data":"Impatience","floor":49,"key":"SMITH"},{"data":"hermit:Covet","floor":52,"key":"SMITH"}],"circlet_count":0,"master_deck":["hermit:Strike_Hermit","hermit:Defend_Hermit+1","hermit:Snapshot","hermit:Covet+1","hermit:CursedWeapon+1","hermit:Vantage+1","hermit:Dive","hermit:Enervate","hermit:HeroicBravado+1","hermit:TakeAim+1","hermit:RoundhouseKick","CurseOfTheBell","hermit:CalledShot+1","hermit:Scavenge","Impatience+1","Impatience+1","conspire:Banana+1","hermit:Snipe"],"relics":["aspiration:MobileForge","Lizard Tail","Smiling Mask","Replay:Bottled Flurry","DemoMod:MonsterBlood","Singing Bowl","DemoMod:DecoyRelic","DemoMod:GnawedKey","Calling Bell","Turnip","hubris:Metronome","Strawberry","infinitespire:Eraser","DemoMod:SerJunkan","DemoMod:Junk","conspire:RunicOctahedron","hubris:Towel","Thread and Needle","Counterbalance","DemoMod:Metronome","Runesmith:Nanobots","Replay:Towering Pillar of Hats","Nunchaku"],"acts_visited":["Exordium","TheCity","TheBeyond","TheEnding"],"potions_floor_usage":[8,10,16,16,21,31,39,45,55,55,55],"damage_taken":[{"damage":0,"enemies":"2 Louse","floor":1,"turns":2},{"damage":26,"enemies":"conspire:MimicChest","floor":2,"turns":7},{"damage":2,"enemies":"Gremlin Nob","floor":6,"turns":4},{"damage":2,"enemies":"Jaw Worm","floor":7,"turns":1},{"damage":10,"enemies":"3 Sentries","floor":8,"turns":8},{"damage":8,"enemies":"Gremlin Nob","floor":10,"turns":3},{"damage":2,"enemies":"Small Slimes","floor":11,"turns":1},{"damage":2,"enemies":"Exordium Wildlife","floor":12,"turns":2},{"damage":7,"enemies":"Fading Forest","floor":16,"turns":11},{"damage":3,"enemies":"3 Byrds","floor":18,"turns":5},{"damage":1,"enemies":"Shell Parasite","floor":21,"turns":2},{"damage":2,"enemies":"Gremlin Leader","floor":23,"turns":4},{"damage":16,"enemies":"Slavers","floor":25,"turns":7},{"damage":3,"enemies":"Replay:Snechameleon","floor":31,"turns":6},{"damage":6,"enemies":"Automaton","floor":33,"turns":9},{"damage":2,"enemies":"Orb Walker","floor":35,"turns":2},{"damage":2,"enemies":"Mind Bloom Boss Battle","floor":38,"turns":2},{"damage":2,"enemies":"3 Darklings","floor":39,"turns":5},{"damage":3,"enemies":"Nemesis","floor":41,"turns":7},{"damage":14,"enemies":"R_Hoarder","floor":44,"turns":8},{"damage":2,"enemies":"Writhing Mass","floor":45,"turns":5},{"damage":2,"enemies":"Maw","floor":46,"turns":6},{"damage":2,"enemies":"Giant Head","floor":48,"turns":6},{"damage":4,"enemies":"bossMod:newShapes","floor":50,"turns":6},{"damage":3,"enemies":"Shield and Spear","floor":54,"turns":4},{"damage":32,"enemies":"The Heart","floor":55,"turns":5}],"seed_played":"-969411593361880657","potions_obtained":[{"floor":1,"key":"SpeedPotion"},{"floor":6,"key":"BlessingOfTheForge"},{"floor":10,"key":"Block Potion"},{"floor":12,"key":"AttackPotion"},{"floor":18,"key":"LifebloodPotion"},{"floor":25,"key":"Energy Potion"},{"floor":35,"key":"AttackPotion"},{"floor":39,"key":"Elixir"},{"floor":41,"key":"infinitespire:BlackPotion"},{"floor":44,"key":"Weak Potion"},{"floor":46,"key":"Toxic Potion"}],"is_trial":false,"path_per_floor":["M","?","T","?","?","E","M","E","T","E","M","M","R","$","R","B",null,"M","?","?","M","$","E","R","E","T","$","?","R","$","E","R","B",null,"M","$","?","?","M","R","E","?","T","E","M","M","?","E","R","B",null,"R","$","E","B",null],"character_chosen":"HERMIT","items_purchased":["DemoMod:GnawedKey","Impatience","Replay:Towering Pillar of Hats"],"campfire_rested":0,"item_purchase_floors":[14,27,53],"current_hp_per_floor":[75,49,49,34,34,32,30,27,27,21,19,17,17,17,17,10,91,88,88,88,89,89,87,87,71,71,71,71,71,71,70,70,68,101,103,103,103,103,105,105,106,106,106,96,98,100,100,102,102,100,127,127,127,128,98],"gold":72,"neow_bonus":"BOSS_RELIC","is_daily":false,"chose_seed":false,"campfire_upgraded":7,"win_rate":0.0,"timestamp":1609296208,"path_taken":["M","?","?","?","?","E","M","E","T","E","M","M","R","$","R","BOSS","M","?","?","M","?","E","R","E","T","$","?","R","?","E","R","BOSS","M","$","?","?","M","R","E","?","T","E","M","?","?","E","R","BOSS","R","$","E","BOSS"],"items_purchased_type":["Relic","Card","Relic"],"build_version":"2020-12-22","purchased_purges":6,"victory":true,"max_hp_per_floor":[75,75,75,75,75,75,75,82,82,84,84,84,84,84,84,84,91,91,91,91,93,93,93,93,95,95,95,95,95,95,97,97,101,101,105,105,105,107,111,111,115,115,115,119,123,127,121,125,125,127,127,127,127,131,133],"card_choices":[{"not_picked":["hermit:SprayPray","hermit:DeadMansHand"],"picked":"hermit:CursedWeapon","floor":1},{"not_picked":["hermit:Feint","hermit:Virtue"],"picked":"hermit:Vantage","floor":2},{"not_picked":["hermit:TrackingShot","hermit:Determination","hermit:Gestalt"],"picked":"SKIP","floor":6},{"not_picked":["hermit:Grudge","hermit:Misfire"],"picked":"hermit:Dive","floor":7},{"not_picked":["hermit:ItchyTrigger","hermit:Roulette"],"picked":"hermit:Enervate","floor":8},{"not_picked":["hermit:Horror","hermit:Shortfuse","hermit:Brawl"],"picked":"Singing Bowl","floor":10},{"not_picked":["hermit:TrackingShot","hermit:Shortfuse"],"picked":"hermit:HeroicBravado","floor":11},{"not_picked":["hermit:Headshot","hermit:Coalescence"],"picked":"hermit:TakeAim","floor":12},{"not_picked":["hermit:BlackWind","hermit:DeadOrAlive"],"picked":"hermit:RoundhouseKick","floor":16},{"not_picked":["hermit:HoleUp","hermit:GhostlyPresence"],"picked":"hermit:CalledShot+1","floor":18},{"not_picked":["hermit:Showdown","hermit:Virtue","hermit:Feint"],"picked":"Singing Bowl","floor":21},{"not_picked":["hermit:FromBeyond","hermit:Horror"],"picked":"hermit:Scavenge","floor":23},{"not_picked":["hermit:WideOpen","hermit:Spite+1","hermit:ItchyTrigger"],"picked":"Singing Bowl","floor":25},{"not_picked":["Madness","Mayhem"],"picked":"Impatience","floor":28},{"not_picked":["Mayhem","Poisoned Strike"],"picked":"conspire:Banana","floor":28},{"not_picked":["hermit:Roulette","hermit:Vantage"],"picked":"hermit:Snipe","floor":31},{"not_picked":["hermit:FinalCanter","hermit:RoundhouseKick","hermit:Roughhouse"],"picked":"Singing Bowl","floor":33},{"not_picked":["hermit:Roulette","hermit:Coalescence+1","hermit:Brawl+1"],"picked":"Singing Bowl","floor":35},{"not_picked":["hermit:Dive","hermit:Headshot","hermit:Dissolve"],"picked":"Singing Bowl","floor":38},{"not_picked":["hermit:Misfire+1","hermit:Showdown","hermit:Vantage"],"picked":"Singing Bowl","floor":39},{"not_picked":["hermit:CursedWeapon+1","hermit:EternalForm","hermit:Roulette"],"picked":"Singing Bowl","floor":41},{"not_picked":["hermit:WideOpen","hermit:Ricochet","hermit:Determination"],"picked":"Singing Bowl","floor":44},{"not_picked":["hermit:TakeAim","hermit:Vantage","hermit:Shortfuse"],"picked":"Singing Bowl","floor":45},{"not_picked":["hermit:Snipe+1","hermit:Misfire","hermit:Roulette"],"picked":"Singing Bowl","floor":46},{"not_picked":["hermit:NoHoldsBarred+1","hermit:HighNoon","hermit:ItchyTrigger"],"picked":"Singing Bowl","floor":48},{"not_picked":["hermit:Shortfuse","hermit:Determination+1","hermit:Brawl+1"],"picked":"Singing Bowl","floor":54}],"player_experience":1068369,"relics_obtained":[{"floor":2,"key":"Lizard Tail"},{"floor":3,"key":"Smiling Mask"},{"floor":6,"key":"Replay:Bottled Flurry"},{"floor":8,"key":"DemoMod:MonsterBlood"},{"floor":9,"key":"Singing Bowl"},{"floor":10,"key":"DemoMod:DecoyRelic"},{"floor":17,"key":"Turnip"},{"floor":17,"key":"hubris:Metronome"},{"floor":17,"key":"Strawberry"},{"floor":23,"key":"DemoMod:SerJunkan"},{"floor":25,"key":"DemoMod:Junk"},{"floor":31,"key":"DemoMod:Junk"},{"floor":38,"key":"Thread and Needle"},{"floor":41,"key":"Counterbalance"},{"floor":43,"key":"DemoMod:Junk"},{"floor":44,"key":"DemoMod:Metronome"},{"floor":48,"key":"Runesmith:Nanobots"},{"floor":54,"key":"Nunchaku"}],"event_choices":[{"damage_healed":49,"gold_gain":0,"player_choice":"Upgrade","damage_taken":15,"max_hp_gain":0,"max_hp_loss":75,"event_name":"betterThird:BetterShining","floor":4,"gold_loss":0,"cards_upgraded":["hermit:Defend_Hermit","hermit:Vantage"]},{"damage_healed":0,"gold_gain":0,"player_choice":"Obtained Relic","damage_taken":0,"relics_obtained":["infinitespire:Eraser"],"max_hp_gain":0,"max_hp_loss":0,"event_name":"Addict","floor":20,"gold_loss":85},{"damage_healed":0,"gold_gain":2,"player_choice":"1","damage_taken":0,"max_hp_gain":0,"max_hp_loss":0,"event_name":"betterStone:BetterStone","floor":28,"gold_loss":0},{"damage_healed":0,"gold_gain":0,"player_choice":"Fight","damage_taken":0,"max_hp_gain":0,"max_hp_loss":0,"event_name":"MindBloom","floor":38,"gold_loss":0},{"damage_healed":0,"gold_gain":0,"player_choice":"Max HP","damage_taken":0,"max_hp_gain":0,"max_hp_loss":6,"event_name":"Winding Halls","floor":47,"gold_loss":0}],"is_beta":false,"boss_relics":[{"not_picked":["beaked:MawFillet","Ectoplasm"],"picked":"Calling Bell"},{"not_picked":["Velvet Choker","infinitespire:Cupcake"],"picked":"conspire:RunicOctahedron"}],"items_purged_floors":[14,22,27,30,36,53],"is_endless":false,"potions_floor_spawned":[1,6,10,12,18,25,35,39,41,44,46,54],"ascension_level":1}}