{"host":"1bnrkmg0bmhwam8n","time":1609309814,"event":{"mods":["2.2 Compatiblity","BaseMod","Colored Map","Hermit","Infinite Spire","Minty Spire (QoL Compilation)","Quick Restart","StSLib"],"gold_per_floor":[117,117,192,192,192,192,228,228,228,228,89,104,127,127,127,250,250,275,23,23,56,75,75,91,91,91,91,91,110,110,128,128,253,253,276,297,297,297],"floor_reached":37,"playtime":1753,"items_purged":[],"score":390,"play_id":"7059cc82-2ed9-4d80-8021-6db2823190cc","local_time":"20201230003014","is_ascension_mode":false,"campfire_choices":[{"data":"hermit:Snapshot","floor":6,"key":"SMITH"},{"data":"hermit:Headshot","floor":8,"key":"SMITH"},{"data":"hermit:Covet","floor":10,"key":"SMITH"},{"data":"hermit:HighNoon","floor":15,"key":"SMITH"},{"floor":23,"key":"REST"},{"floor":25,"key":"REST"},{"data":"hermit:FatalDesire","floor":30,"key":"SMITH"},{"floor":32,"key":"REST"}],"circlet_count":0,"master_deck":["hermit:Strike_Hermit","hermit:Strike_Hermit","hermit:Strike_Hermit","hermit:Strike_Hermit","hermit:Defend_Hermit","hermit:Defend_Hermit","hermit:Defend_Hermit","hermit:Defend_Hermit","hermit:Snapshot+1","hermit:Covet+1","hermit:Vantage+1","hermit:Headshot+1","hermit:HighNoon+1","hermit:SprayPray","hermit:FatalDesire+1","hermit:Determination","hermit:ShadowCloak","hermit:Adapt","hermit:GoldenBullet"],"relics":["hermit:Momento","NeowsBlessing","Golden Idol","infinitespire:Beetle Shell","Pear","Kunai","Bronze Scales","SlaversCollar","Mummified Hand","Red Mask","Matryoshka","Pen Nib","Black Star"],"acts_visited":["Exordium","TheCity","TheBeyond"],"potions_floor_usage":[13,36],"damage_taken":[{"damage":0,"enemies":"Jaw Worm","floor":1,"turns":1},{"damage":0,"enemies":"Gremlin Nob","floor":7,"turns":1},{"damage":0,"enemies":"2 Louse","floor":12,"turns":1},{"damage":5,"enemies":"Small Slimes","floor":13,"turns":2},{"damage":7,"enemies":"Hexaghost","floor":16,"turns":11},{"damage":7,"enemies":"3 Byrds","floor":18,"turns":2},{"damage":41,"enemies":"Masked Bandits","floor":21,"turns":7},{"damage":0,"enemies":"Spheric Guardian","floor":22,"turns":4},{"damage":15,"enemies":"Cultist and Chosen","floor":24,"turns":6},{"damage":14,"enemies":"Centurion and Healer","floor":29,"turns":8},{"damage":21,"enemies":"Sentry and Sphere","floor":31,"turns":4},{"damage":16,"enemies":"Automaton","floor":33,"turns":13},{"damage":63,"enemies":"3 Darklings","floor":35,"turns":6},{"damage":7,"enemies":"3 Shapes","floor":36,"turns":6},{"damage":16,"enemies":"3 Darklings","floor":37,"turns":2}],"seed_played":"-3206010459896720589","potions_obtained":[{"floor":7,"key":"Swift Potion"},{"floor":16,"key":"Strength Potion"},{"floor":21,"key":"Weak Potion"},{"floor":31,"key":"hermit:Tonic"},{"floor":35,"key":"Explosive Potion"}],"is_trial":false,"path_per_floor":["M","?","?","?","T","R","E","R","T","R","$","M","M","?","R","B",null,"M","$","?","?","M","R","M","R","T","?","?","M","R","M","R","B",null,"M","M","M"],"character_chosen":"HERMIT","items_purchased":["hermit:HighNoon","Mummified Hand"],"campfire_rested":3,"item_purchase_floors":[11,19],"current_hp_per_floor":[75,75,64,46,46,46,56,56,56,56,56,56,51,51,51,44,85,78,78,78,37,37,62,47,72,72,72,72,58,58,37,62,46,85,22,15,0,0],"gold":297,"neow_bonus":"THREE_ENEMY_KILL","is_daily":false,"chose_seed":false,"campfire_upgraded":5,"win_rate":0.0,"timestamp":1609309814,"path_taken":["M","?","?","?","?","R","E","R","T","R","$","M","?","?","R","BOSS","M","$","?","?","M","R","M","R","T","?","?","?","R","M","R","BOSS","M","M","M"],"items_purchased_type":["Card","Relic"],"build_version":"2020-12-22","purchased_purges":0,"victory":false,"max_hp_per_floor":[75,75,75,75,75,75,85,85,85,85,85,85,85,85,85,85,85,85,85,85,85,85,85,85,85,85,85,85,85,85,85,85,85,85,85,85,85,85],"card_choices":[{"not_picked":["hermit:TakeCover","hermit:ItchyTrigger"],"picked":"hermit:Vantage","floor":1},{"not_picked":["hermit:Horror","hermit:ItchyTrigger"],"picked":"hermit:Headshot","floor":7},{"not_picked":["hermit:Roulette","hermit:WideOpen"],"picked":"hermit:SprayPray","floor":12},{"not_picked":["hermit:Quickdraw","hermit:Misfire","hermit:HoleUp"],"picked":"SKIP","floor":13},{"not_picked":["hermit:DeadOrAlive","hermit:FinalCanter"],"picked":"hermit:FatalDesire","floor":16},{"not_picked":["hermit:HighCaliber","hermit:Malice"],"picked":"hermit:Determination","floor":18},{"not_picked":["hermit:Glare","hermit:Dive","hermit:HighCaliber"],"picked":"SKIP","floor":22},{"not_picked":["hermit:Coalescence","hermit:Maintenance+1"],"picked":"hermit:ShadowCloak","floor":24},{"not_picked":["hermit:Roulette","hermit:Manifest","hermit:HighNoon"],"picked":"SKIP","floor":29},{"not_picked":["hermit:Glare","hermit:BodyArmor","hermit:NoHoldsBarred+1"],"picked":"SKIP","floor":31},{"not_picked":["hermit:BlackWind","hermit:Magnum"],"picked":"hermit:Adapt","floor":33},{"not_picked":["hermit:Coalescence+1","hermit:Snipe+1","hermit:Vantage+1"],"picked":"SKIP","floor":35},{"not_picked":["hermit:FlashPowder+1","hermit:Manifest+1"],"picked":"hermit:GoldenBullet","floor":36}],"player_experience":391612,"relics_obtained":[{"floor":5,"key":"infinitespire:Beetle Shell"},{"floor":7,"key":"Pear"},{"floor":9,"key":"Kunai"},{"floor":14,"key":"Bronze Scales"},{"floor":21,"key":"Red Mask"},{"floor":26,"key":"Matryoshka"}],"event_choices":[{"damage_healed":0,"gold_gain":0,"player_choice":"Grow","damage_taken":0,"max_hp_gain":0,"max_hp_loss":0,"event_name":"Living Wall","floor":2,"gold_loss":0,"cards_upgraded":["hermit:Vantage"]},{"damage_healed":0,"gold_gain":75,"player_choice":"Gather Gold","damage_taken":11,"max_hp_gain":0,"max_hp_loss":0,"event_name":"World of Goop","floor":3,"gold_loss":0},{"damage_healed":0,"gold_gain":0,"player_choice":"Take Damage","damage_taken":18,"relics_obtained":["Golden Idol"],"max_hp_gain":0,"max_hp_loss":0,"event_name":"Golden Idol","floor":4,"gold_loss":0},{"damage_healed":0,"gold_gain":0,"player_choice":"Ignored","damage_taken":0,"max_hp_gain":0,"max_hp_loss":0,"event_name":"Cursed Tome","floor":20,"gold_loss":0},{"damage_healed":0,"gold_gain":0,"player_choice":"Fought Bandits","damage_taken":0,"max_hp_gain":0,"max_hp_loss":0,"event_name":"Masked Bandits","floor":21,"gold_loss":0},{"damage_healed":0,"gold_gain":0,"player_choice":"Ignored","damage_taken":0,"max_hp_gain":0,"max_hp_loss":0,"event_name":"Ghosts","floor":27,"gold_loss":0},{"damage_healed":0,"gold_gain":0,"player_choice":"Opened","damage_taken":0,"relics_obtained":["Pen Nib"],"max_hp_gain":0,"max_hp_loss":0,"event_name":"The Mausoleum","floor":28,"gold_loss":0}],"is_beta":false,"boss_relics":[{"not_picked":["Sozu","Velvet Choker"],"picked":"SlaversCollar"},{"not_picked":["Empty Cage","hermit:DentedPlate"],"picked":"Black Star"}],"items_purged_floors":[],"is_endless":false,"potions_floor_spawned":[7,16,21,31,35],"killed_by":"3 Darklings","ascension_level":0}}