{"host":"wg29woj1pduqw9vg","time":1609363937,"event":{"mods":["BaseMod","Colored Map","Downfall","Minty Spire (QoL Compilation)","StSLib"],"gold_per_floor":[99,115,128,128,141,141,141,169,169,169,169,184,184,198,208,305,305,305,322,322,339,357,357,403,403,403,157,172,172,172,192,209,311,311,311,322,76,61,61,96,147,162,216,216,163,183,31,50,70,70],"floor_reached":51,"playtime":3981,"items_purged":["Slimebound:Strike_Slimebound"],"score":729,"play_id":"586cf6a8-855d-4765-8760-9bbdeb51f89c","local_time":"20201230133217","is_ascension_mode":false,"campfire_choices":[{"data":"Slimebound:Split","floor":1,"key":"SMITH"},{"data":"Slimebound:ServeAndProtect","floor":9,"key":"SMITH"},{"data":"Slimebound:CorrosiveSpit","floor":11,"key":"SMITH"},{"data":"Slimebound:Nibble","floor":13,"key":"SMITH"},{"data":"Slimebound:SelfFormingGoo","floor":18,"key":"SMITH"},{"data":"Slimebound:SplitLeeching","floor":23,"key":"SMITH"},{"data":"Slimebound:ServeAndProtect","floor":25,"key":"SMITH"},{"data":"Slimebound:LeadByExample","floor":30,"key":"SMITH"},{"data":"Slimebound:OozeBath","floor":35,"key":"SMITH"}],"circlet_count":0,"master_deck":["Slimebound:Strike_Slimebound","Slimebound:Tackle","Slimebound:Defend_Slimebound","Slimebound:Defend_Slimebound","Slimebound:Defend_Slimebound","Slimebound:Split+1","Slimebound:CorrosiveSpit+1","Slimebound:SplitBruiser","Slimebound:SplitSpecialist+1","Slimebound:ServeAndProtect+1","Slimebound:Nibble+1","Slimebound:SplitLeeching+1","Slimebound:SelfFormingGoo+1","J.A.X.","Slimebound:ServeAndProtect+1","Slimebound:LeadByExample+1","Slimebound:Split+1","Slimebound:SlimeSpikes","Slimebound:OozeBath+1","Slimebound:SlimeTap","Slimebound:Gluttony+1","Slimebound:Darklings","Slimebound:LevelUp+1"],"relics":["Slimebound:AbsorbEndCombat","Slimebound:MaxSlimesRelic","Ancient Tea Set","SlaversCollar","Anchor","Regal Pillow","Membership Card","Coffee Dripper","Pear","Bag of Preparation","Oddly Smooth Stone","Toy Ornithopter","Boot","CaptainsWheel","Shuriken","Frozen Eye","Lizard Tail"],"acts_visited":["Exordium","TheCity","TheBeyond"],"potions_floor_usage":[32,33,40,50,50,50],"damage_taken":[{"damage":9,"enemies":"Jaw Worm","floor":2,"turns":4},{"damage":4,"enemies":"Cultist","floor":3,"turns":3},{"damage":19,"enemies":"2 Louse","floor":5,"turns":3},{"damage":30,"enemies":"3 Sentries","floor":8,"turns":6},{"damage":16,"enemies":"Large Slime","floor":12,"turns":4},{"damage":25,"enemies":"Exordium Thugs","floor":14,"turns":4},{"damage":24,"enemies":"Exordium Wildlife","floor":15,"turns":3},{"damage":25,"enemies":"downfall:Watcher","floor":16,"turns":8},{"damage":29,"enemies":"3 Byrds","floor":19,"turns":5},{"damage":23,"enemies":"Chosen","floor":21,"turns":4},{"damage":25,"enemies":"Centurion and Healer","floor":22,"turns":8},{"damage":24,"enemies":"downfall:FleeingMerchant","floor":27,"turns":4},{"damage":27,"enemies":"Snecko","floor":28,"turns":8},{"damage":24,"enemies":"Snake Plant","floor":31,"turns":3},{"damage":37,"enemies":"Shelled Parasite and Fungi","floor":32,"turns":6},{"damage":41,"enemies":"downfall:Silent","floor":33,"turns":8},{"damage":34,"enemies":"3 Darklings","floor":36,"turns":6},{"damage":32,"enemies":"downfall:FleeingMerchant","floor":37,"turns":4},{"damage":36,"enemies":"downfall:FleeingMerchant","floor":38,"turns":4},{"damage":76,"enemies":"Giant Head","floor":40,"turns":8},{"damage":17,"enemies":"Orb Walker","floor":42,"turns":4},{"damage":25,"enemies":"downfall:FleeingMerchant","floor":45,"turns":3},{"damage":26,"enemies":"4 Shapes","floor":46,"turns":3},{"damage":41,"enemies":"Jaw Worm Horde","floor":48,"turns":4},{"damage":36,"enemies":"Writhing Mass","floor":49,"turns":4},{"damage":75,"enemies":"downfall:Ironclad","floor":50,"turns":9}],"seed_played":"-8849319076509232872","potions_obtained":[{"floor":3,"key":"champ:CounterPotion"},{"floor":5,"key":"sneckomod:MuddlingPotion"},{"floor":14,"key":"Swift Potion"},{"floor":19,"key":"ColorlessPotion"},{"floor":33,"key":"AttackPotion"},{"floor":40,"key":"LiquidBronze"},{"floor":42,"key":"Slimebound:SlimyTonguePotion"},{"floor":46,"key":"Fire Potion"}],"is_trial":false,"path_per_floor":["R","M","M","?","M","?","T","E","R","?","R","M","R","M","M","B",null,"R","M","?","M","M","R","T","R","T","$","M","?","R","M","M","B",null,"R","M","?","$","?","E","T","M","T","?","$","M","$","M","M","B",null],"character_chosen":"SLIMEBOUND","items_purchased":["Slimebound:LeadByExample","Membership Card","Pear","Bag of Preparation","Block Potion","CaptainsWheel","Shuriken","Frozen Eye","Lizard Tail"],"campfire_rested":0,"item_purchase_floors":[27,27,37,37,37,45,45,45,47],"current_hp_per_floor":[66,66,66,66,59,59,59,49,49,49,49,51,51,50,50,59,66,66,63,63,64,65,65,65,65,65,64,63,63,63,64,59,60,66,66,59,71,71,71,42,42,49,49,49,48,48,48,39,45,37],"gold":70,"neow_bonus":"TEN_PERCENT_HP_BONUS","is_daily":false,"chose_seed":false,"campfire_upgraded":9,"win_rate":0.0,"timestamp":1609363937,"path_taken":["R","M","M","?","?","?","T","E","R","?","R","?","R","M","M","BOSS","R","M","?","M","M","R","T","R","?","$","M","?","R","M","M","BOSS","R","M","?","$","?","E","T","M","?","?","?","M","$","M","M","BOSS"],"items_purchased_type":["Card","Relic","Relic","Relic","Potion","Relic","Relic","Relic","Relic"],"build_version":"2020-12-22","purchased_purges":1,"victory":true,"max_hp_per_floor":[66,66,66,66,66,66,66,66,66,66,66,66,66,66,66,66,66,66,66,66,66,66,66,66,66,66,66,66,66,66,66,66,66,66,66,66,76,76,76,76,76,76,76,76,76,76,76,76,76,76],"card_choices":[{"not_picked":["Slimebound:FinishingTackle","Slimebound:ViciousTackle"],"picked":"Slimebound:SplitBruiser","floor":2},{"not_picked":["Slimebound:HauntingLick","Slimebound:Gluttony"],"picked":"Slimebound:SplitSpecialist","floor":3},{"not_picked":["Slimebound:FormOfPuddle","Slimebound:SplitBruiser","Slimebound:RollThrough"],"picked":"SKIP","floor":5},{"not_picked":["Slimebound:CheckThePlaybook","Slimebound:SlimeSpikes"],"picked":"Slimebound:ServeAndProtect","floor":8},{"not_picked":["Slimebound:LivingWall","Slimebound:Chomp"],"picked":"Slimebound:Nibble","floor":12},{"not_picked":["Slimebound:HauntingLick","Slimebound:LeechingTouch"],"picked":"Slimebound:SplitLeeching","floor":14},{"not_picked":["Slimebound:SplitMire","Slimebound:SamplingLick","Slimebound:LeechingTouch"],"picked":"SKIP","floor":15},{"not_picked":["Slimebound:DouseInSlime","Slimebound:CheckThePlaybook"],"picked":"Slimebound:SelfFormingGoo","floor":16},{"not_picked":["Slimebound:PressTheAttack","Slimebound:FinishingTackle+1","Slimebound:GoopSpray"],"picked":"SKIP","floor":19},{"not_picked":["Slimebound:TongueLash","Slimebound:Nibble"],"picked":"Slimebound:ServeAndProtect","floor":21},{"not_picked":["Slimebound:FinishingTackle","Slimebound:LeechEnergy","Slimebound:RollThrough+1"],"picked":"SKIP","floor":22},{"not_picked":["Slimebound:LivingWall+1","Slimebound:FirmFortitude","Slimebound:Equalize"],"picked":"SKIP","floor":27},{"not_picked":["Slimebound:DuplicatedForm","Slimebound:LivingWall","Slimebound:LeechingTouch+1"],"picked":"SKIP","floor":28},{"not_picked":["Slimebound:PressTheAttack","Slimebound:HauntingLick"],"picked":"Slimebound:SlimeSpikes","floor":31},{"not_picked":["Slimebound:ServeAndProtect+1","Slimebound:Schlurp","Slimebound:LeadByExample"],"picked":"SKIP","floor":32},{"not_picked":["Slimebound:PrepareCrush","Slimebound:WasteNot"],"picked":"Slimebound:OozeBath","floor":33},{"not_picked":["Slimebound:FinishingTackle+1","Slimebound:MegaLick"],"picked":"Slimebound:SlimeTap","floor":36},{"not_picked":["Slimebound:SplitAcid","Slimebound:Equalize"],"picked":"Slimebound:Gluttony+1","floor":37},{"not_picked":["Slimebound:HauntingLick+1","Slimebound:GoopTackle","Slimebound:SplitBruiser+1"],"picked":"SKIP","floor":38},{"not_picked":["Slimebound:BestDefense","Slimebound:ServeAndProtect","Slimebound:LeechEnergy"],"picked":"SKIP","floor":40},{"not_picked":["Slimebound:ServeAndProtect","Slimebound:ComboTackle+1","Slimebound:GoopSpray+1"],"picked":"SKIP","floor":42},{"not_picked":["Slimebound:ViciousTackle+1","Slimebound:LeechEnergy+1"],"picked":"Slimebound:LevelUp+1","floor":45},{"not_picked":["Slimebound:DivideAndConquer","Slimebound:RollThrough+1","Slimebound:ProtectTheBoss+1"],"picked":"SKIP","floor":46},{"not_picked":["Slimebound:FlameTackle","Slimebound:GrowthPunch","Slimebound:Gluttony+1"],"picked":"SKIP","floor":48},{"not_picked":["Slimebound:ComboTackle","Slimebound:SamplingLick","Slimebound:ForwardTackle+1"],"picked":"SKIP","floor":49}],"player_experience":15780,"relics_obtained":[{"floor":7,"key":"Slimebound:MaxSlimesRelic"},{"floor":8,"key":"Ancient Tea Set"},{"floor":24,"key":"Anchor"},{"floor":26,"key":"Regal Pillow"},{"floor":40,"key":"Oddly Smooth Stone"},{"floor":41,"key":"Toy Ornithopter"},{"floor":43,"key":"Boot"}],"event_choices":[{"cards_removed":["Slimebound:Strike_Slimebound"],"damage_healed":0,"gold_gain":0,"player_choice":"Offered Basic","damage_taken":0,"max_hp_gain":0,"max_hp_loss":0,"event_name":"Bonfire Elementals","floor":4,"gold_loss":0},{"damage_healed":0,"gold_gain":0,"player_choice":"Grow","damage_taken":0,"max_hp_gain":0,"max_hp_loss":0,"event_name":"Living Wall","floor":6,"gold_loss":0,"cards_upgraded":["Slimebound:SplitSpecialist"]},{"damage_healed":0,"gold_gain":0,"player_choice":"Obtain J.A.X.","damage_taken":0,"max_hp_gain":0,"max_hp_loss":0,"event_name":"Drug Dealer","floor":20,"gold_loss":0,"cards_obtained":["J.A.X."]},{"damage_healed":0,"gold_gain":0,"player_choice":"Copied","damage_taken":0,"max_hp_gain":0,"max_hp_loss":0,"event_name":"Duplicator","floor":29,"gold_loss":0,"cards_obtained":["Slimebound:Split"]},{"cards_removed":["Slimebound:Defend_Slimebound"],"damage_healed":0,"gold_gain":0,"player_choice":"Removed Skill","damage_taken":0,"max_hp_gain":0,"max_hp_loss":0,"event_name":"Falling","floor":39,"gold_loss":0}],"is_beta":false,"boss_relics":[{"not_picked":["Empty Cage","Runic Pyramid"],"picked":"SlaversCollar"},{"not_picked":["SacredBark","Snecko Eye"],"picked":"Coffee Dripper"}],"items_purged_floors":[45],"is_endless":false,"potions_floor_spawned":[3,5,14,19,22,33,40,42,46],"ascension_level":0}}