{"host":"80x1ozqd5wpd4nvo","time":1609300873,"event":{"mods":["2.2 Compatiblity","Aspiration","BaseMod","Better Altar","Better Match","Better Note","Better Sensory Stone","Better Skull","Better Third Choice","BetterRewards","Card Forge","Custom Start","DNKmod","Defuse TimeMaze Blight","Dota2Spire","Duelist Mod","Energized Spire","Friendly Minions","GifTheSpireLib","Hubris","Infinite Spire","Minty Spire (QoL Compilation)","Permanent Neow","Shop Mod","Spicy Shops","StSLib","The Blue Laboratory","??????REMEMod"],"gold_per_floor":[1316,1316,1424,1470,1484,1544,1544,1594,1594,1223,1279,1279,1344,1358,1358,1488,1488,1504,1504,1549,1549,1569,1626,1626,1691,1773,1773,1801,1801,1844,1858,1858,1991,1991,2004,2004,2047,955,998,1055,1105,1165,1247,792,728,758,758,822,822,852,852,852,222,281,311],"floor_reached":56,"playtime":4665,"items_purged":["theDuelist:CastleWalls"],"score":1939,"play_id":"a4a78070-b181-458c-bcb8-03205ff508cf","local_time":"20201230050113","is_ascension_mode":true,"campfire_choices":[{"data":"theDuelist:TimeWizard","floor":7,"key":"SMITH"},{"floor":15,"key":"REST"},{"data":"theDuelist:SwordsBurning","floor":24,"key":"SMITH"},{"data":"theDuelist:IceQueen","floor":27,"key":"SMITH"},{"floor":29,"key":"RECALL"},{"data":"theDuelist:PotDichotomy","floor":32,"key":"SMITH"},{"data":"theDuelist:StatueAnguishPattern","floor":47,"key":"SMITH"},{"data":"theDuelist:GoblinSecret","floor":49,"key":"SMITH"},{"data":"theDuelist:MythicalBeast","floor":52,"key":"SMITH"}],"circlet_count":0,"master_deck":["theDuelist:Hinotama","theDuelist:PowerKaishin+1","theDuelist:LegendaryFlameLord","theDuelist:GoblinSecret+1","theDuelist:ApprenticeIllusionMagician+1","theDuelist:AncientElf+1","theDuelist:RainbowDarkDragon","theDuelist:MindAir+1","theDuelist:MysticalElf","theDuelist:Sparks","theDuelist:DarkHorizon+1","theDuelist:WhiteMagicalHat+1","theDuelist:PowerKaishin+1","theDuelist:CastleWalls+1","theDuelist:SpiritHarp","theDuelist:StatueAnguishPattern+1","theDuelist:VoidExpansion+1","theDuelist:InjectionFairy","theDuelist:TimeWizard+1","theDuelist:RainbowMagician+1","theDuelist:NeoMagic","theDuelist:MysticalElf","theDuelist:SwordsBurning+1","theDuelist:Sparks","theDuelist:MistOrbCard","theDuelist:DarkMagician","Flash of Steel","theDuelist:Illusionist","theDuelist:NeoMagic","theDuelist:PotDichotomy+1","theDuelist:IceQueen+1","theDuelist:MagiciansRod+1","theDuelist:GrandSpellbookTower+1","theDuelist:Yami+1","theDuelist:Solidarity+1","theDuelist:MythicalBeast+1","theDuelist:DarkMagicianGirl+1","theDuelist:DoomShaman+1","theDuelist:CallAtlanteans+1","theDuelist:PowerKaishin+1","theDuelist:OrbMetronome+1","theDuelist:Graverobber+1","theDuelist:SkilledDarkMagician+1"],"relics":["theDuelist:MillenniumPuzzle","theDuelist:CardPoolRelic","theDuelist:CardPoolBasicRelic","theDuelist:BoosterPackPoolRelic","theDuelist:CardPoolAddRelic","theDuelist:CardPoolMinusRelic","theDuelist:CardPoolSaveRelic","theDuelist:CardPoolOptionsRelic","Hammer of Thor","Seething Fire","Anvil of the Gods","REME_ComplimentaryCards","Strawberry","Dota2Spire:HandOfMidas","hubris:SlimyHat","Odd Mushroom","theDuelist:TributeEggRelic","Membership Card","hubris:CrystalStatue","Dota2Spire:DrumOfEndurance","theDuelist:MillenniumArmor","theDuelist:MillenniumRod","Dota2Spire:Bloodstone","theDuelist:InversionRelic","Dota2Spire:LotusOrb","Dota2Spire:CrimsonGuard","Dota2Spire:Butterfly","SacredBark","Omamori","theDuelist:MerchantPendant","theDuelist:MillenniumSymbol","Charon\u0027s Ashes","Blood Vial","Bag of Marbles","infinitespire:Magic Flask","Toxic Egg 2","Dota2Spire:UrnOfShadows","Mummified Hand","theDuelist:DuelistTeaSet","theDuelist:SolderToken","theDuelist:CardRewardRelicH","Dota2Spire:MaskOfMadness","Nunchaku","hubris:CuriousFeather","Champion Belt","hubris:BallOfYels","theDuelist:MetronomeRelicB"],"acts_visited":["Exordium","TheCity","TheBeyond","TheEnding"],"potions_floor_usage":[16,16,22,22,23,40,50,50,50,55,55,55,55],"damage_taken":[{"damage":0,"enemies":"Jaw Worm","floor":1,"turns":2},{"damage":0,"enemies":"Small Slimes","floor":4,"turns":2},{"damage":0,"enemies":"Cultist","floor":5,"turns":3},{"damage":0,"enemies":"3 Sentries","floor":6,"turns":7},{"damage":0,"enemies":"The Mushroom Lair","floor":8,"turns":3},{"damage":0,"enemies":"Lagavulin","floor":11,"turns":5},{"damage":0,"enemies":"3 Sentries","floor":13,"turns":5},{"damage":0,"enemies":"2 Fungi Beasts","floor":14,"turns":3},{"damage":0,"enemies":"The Guardian","floor":16,"turns":7},{"damage":0,"enemies":"2 Thieves","floor":18,"turns":3},{"damage":0,"enemies":"Shell Parasite","floor":20,"turns":3},{"damage":0,"enemies":"Shelled Parasite and Fungi","floor":22,"turns":3},{"damage":0,"enemies":"Slavers","floor":23,"turns":5},{"damage":0,"enemies":"theDuelist:KaibaA2","floor":25,"turns":6},{"damage":0,"enemies":"Book of Stabbing","floor":28,"turns":3},{"damage":9,"enemies":"Snake Plant","floor":30,"turns":2},{"damage":0,"enemies":"Sentry and Sphere","floor":31,"turns":3},{"damage":0,"enemies":"Champ","floor":33,"turns":7},{"damage":0,"enemies":"3 Shapes","floor":35,"turns":4},{"damage":6,"enemies":"Orb Walker","floor":37,"turns":4},{"damage":0,"enemies":"Transient","floor":39,"turns":5},{"damage":0,"enemies":"Reptomancer","floor":40,"turns":5},{"damage":0,"enemies":"3 Darklings","floor":41,"turns":6},{"damage":40,"enemies":"Giant Head","floor":42,"turns":9},{"damage":0,"enemies":"Nemesis","floor":46,"turns":3},{"damage":13,"enemies":"Reptomancer","floor":48,"turns":5},{"damage":0,"enemies":"hubris:GrandSnecko","floor":50,"turns":9},{"damage":0,"enemies":"Shield and Spear","floor":54,"turns":5},{"damage":101,"enemies":"The Heart","floor":55,"turns":8}],"seed_played":"2937693131754474763","potions_obtained":[{"floor":1,"key":"theDuelist:LavaBottle"},{"floor":6,"key":"blueLaboratory:RememoryPotion"},{"floor":8,"key":"theDuelist:BarricadePotion"},{"floor":16,"key":"EssenceOfSteel"},{"floor":28,"key":"theDuelist:SolderPotionB"},{"floor":35,"key":"theDuelist:FireBottle"},{"floor":41,"key":"theDuelist:ExtraOrbsBottle"}],"is_trial":false,"path_per_floor":["M","?","?","M","M","E","R","?","T","$","E","?","E","M","R","B",null,"M","?","M","?","M","E","R","E","T","R","E","R","M","M","R","B",null,"M","?","M","$","M","E","M","E","T","$","?","E","R","E","R","B",null,"R","$","E","B",null],"character_chosen":"THE_DUELIST","items_purchased":["Membership Card","Flash of Steel","EntropicBrew","hubris:CrystalStatue","theDuelist:Solidarity","Omamori","theDuelist:MerchantPendant","theDuelist:MillenniumSymbol","Charon\u0027s Ashes","Blood Vial","Bag of Marbles","blueLaboratory:FruitPunch","infinitespire:Magic Flask","theDuelist:MythicalBeast","Mummified Hand","theDuelist:DuelistTeaSet","theDuelist:SolderToken","theDuelist:CardRewardRelicH","theDuelist:FireBottle","Fire Potion","LiquidMemories","hubris:CuriousFeather","theDuelist:OrbMetronome+1","Champion Belt","hubris:BallOfYels","theDuelist:Graverobber+1"],"campfire_rested":1,"item_purchase_floors":[10,10,10,10,38,38,38,38,38,38,38,38,38,38,44,44,44,44,53,53,53,53,53,53,53,53],"current_hp_per_floor":[100,100,40,40,40,40,40,40,40,40,40,40,40,40,72,80,107,107,101,101,101,101,107,107,107,107,107,107,107,98,102,102,106,107,107,107,101,101,107,111,111,111,111,111,111,111,111,98,98,111,111,111,111,111,48],"gold":311,"neow_bonus":"HUNDRED_GOLD","is_daily":false,"chose_seed":false,"campfire_upgraded":7,"win_rate":0.0,"timestamp":1609300873,"path_taken":["M","?","?","M","?","E","R","?","T","$","E","?","E","M","R","BOSS","M","?","M","?","M","E","R","E","T","R","E","R","M","?","R","BOSS","M","?","M","?","M","E","M","E","T","$","?","E","R","E","R","BOSS","R","$","E","BOSS"],"items_purchased_type":["Relic","Card","Potion","Relic","Card","Relic","Relic","Relic","Relic","Relic","Relic","Potion","Relic","Card","Relic","Relic","Relic","Relic","Potion","Potion","Potion","Relic","Card","Relic","Relic","Card"],"build_version":"2020-12-22","purchased_purges":1,"victory":true,"max_hp_per_floor":[100,100,107,107,107,107,107,107,107,107,107,107,107,107,107,107,107,107,107,107,107,107,107,107,107,107,107,107,107,107,107,107,107,107,107,107,107,107,107,111,111,111,111,111,111,111,111,111,111,111,111,111,111,111,111],"card_choices":[{"not_picked":["theDuelist:SkilledDarkMagician","theDuelist:ThousandEyesIdol"],"picked":"theDuelist:MindAir","floor":1},{"not_picked":["theDuelist:DestroyerGolem","theDuelist:MagicHoleGolem","theDuelist:BigEye","theDuelist:JamBreeding","theDuelist:AttackTheMoon"],"picked":"SKIP","floor":1},{"not_picked":["theDuelist:SkilledDarkMagician","theDuelist:LordD","theDuelist:SangaEarth","theDuelist:InjectionFairy"],"picked":"theDuelist:TimeWizard","floor":4},{"not_picked":["theDuelist:NeoMagic","theDuelist:WitchBlackRose"],"picked":"theDuelist:LegendaryFlameLord","floor":4},{"not_picked":["theDuelist:SangaEarth","theDuelist:MythicalBeast","theDuelist:DarkMagicianGirl","theDuelist:FlyingSaucer"],"picked":"theDuelist:Illusionist","floor":5},{"not_picked":["theDuelist:FairyBox","theDuelist:LordD","theDuelist:Mudballman"],"picked":"SKIP","floor":5},{"not_picked":["theDuelist:Illusionist","theDuelist:SangaThunder"],"picked":"theDuelist:StatueAnguishPattern","floor":6},{"not_picked":["theDuelist:GadgetOrbCard","theDuelist:StormOrbCard","theDuelist:MoonOrbCard","theDuelist:FireOrbCard"],"picked":"theDuelist:MistOrbCard","floor":6},{"not_picked":["theDuelist:SpellShatteringArrow","theDuelist:Illusionist"],"picked":"theDuelist:SpiritHarp","floor":8},{"not_picked":["theDuelist:AttackTheMoon","theDuelist:EarthquakeGiant","theDuelist:DarklordSuperbia","theDuelist:DestroyerGolem"],"picked":"theDuelist:Hinotama","floor":11},{"not_picked":["theDuelist:CharcoalInpachi","theDuelist:Graverobber"],"picked":"theDuelist:ApprenticeIllusionMagician","floor":11},{"not_picked":["theDuelist:SangaThunder","theDuelist:BlueDragonSummoner","theDuelist:MysticalElf","theDuelist:CrystalWingDragon"],"picked":"theDuelist:PowerKaishin","floor":13},{"not_picked":["theDuelist:Illusionist","theDuelist:StatueAnguishPattern","theDuelist:CrystalWingDragon"],"picked":"SKIP","floor":13},{"not_picked":["theDuelist:SpellShatteringArrow","theDuelist:BlizzardWarrior","theDuelist:SangaThunder","theDuelist:GuardianAngel"],"picked":"theDuelist:InjectionFairy","floor":14},{"not_picked":["theDuelist:CosmicHorrorGangiel","theDuelist:MagiciansRod"],"picked":"theDuelist:GoblinSecret","floor":14},{"not_picked":["theDuelist:RainbowDarkDragon","theDuelist:IrisEarthMother","theDuelist:RainbowKuriboh","theDuelist:RainbowOverdragon"],"picked":"theDuelist:RainbowMagician","floor":16},{"not_picked":["theDuelist:QueenDragunDjinn","theDuelist:GateGuardian"],"picked":"theDuelist:RainbowDarkDragon","floor":16},{"not_picked":["theDuelist:Illusionist+1","theDuelist:AlienTelepath+1"],"picked":"theDuelist:WhiteMagicalHat+1","floor":18},{"not_picked":["theDuelist:SilentDoom","theDuelist:BookSecret","theDuelist:GoblinSecret","theDuelist:InfernoFireBlast+1"],"picked":"theDuelist:VoidExpansion","floor":18},{"not_picked":["theDuelist:SpellShatteringArrow","theDuelist:InjectionFairy+1","theDuelist:MysticalElf","theDuelist:BadReaction+1"],"picked":"theDuelist:AncientElf+1","floor":20},{"not_picked":["theDuelist:AncientElf","theDuelist:Illusionist"],"picked":"theDuelist:PowerKaishin","floor":20},{"not_picked":["theDuelist:ApprenticeIllusionMagician","theDuelist:AltarTribute"],"picked":"theDuelist:SwordsBurning","floor":22},{"not_picked":["theDuelist:GuardianAngel+1","theDuelist:RainbowMagician","theDuelist:GateGuardian"],"picked":"SKIP","floor":22},{"not_picked":["theDuelist:IcyCrevasse","theDuelist:Graverobber","theDuelist:BadReaction","theDuelist:StatueAnguishPattern+1"],"picked":"theDuelist:DarkHorizon+1","floor":23},{"not_picked":["theDuelist:VoidExpansion","theDuelist:MagicalBlast+1","theDuelist:WhiteMagicalHat+1"],"picked":"SKIP","floor":23},{"not_picked":["theDuelist:FrontierWiseman","theDuelist:BattleOx","theDuelist:BlackPendant","theDuelist:GilfordLegend"],"picked":"theDuelist:PotDichotomy","floor":25},{"not_picked":["theDuelist:CosmicHorrorGangiel","theDuelist:NeoMagic"],"picked":"theDuelist:IceQueen","floor":25},{"not_picked":["theDuelist:LightningVortex+1","theDuelist:PotDichotomy","theDuelist:HaneHane","theDuelist:DarkHole","theDuelist:HarpieFeather+1"],"picked":"SKIP","floor":28},{"not_picked":["theDuelist:CallAtlanteans","theDuelist:SangaThunder","theDuelist:IceQueen"],"picked":"SKIP","floor":28},{"not_picked":["theDuelist:MagiciansRobe","theDuelist:VoidExpansion","theDuelist:TimeWizard","theDuelist:WhiteHowling"],"picked":"theDuelist:MagiciansRod+1","floor":30},{"not_picked":["theDuelist:InfernoFireBlast","theDuelist:ThousandEyesIdol+1","theDuelist:WhiteMagicalHat+1"],"picked":"SKIP","floor":30},{"not_picked":["theDuelist:DarkMagician","theDuelist:Relinquished","theDuelist:Illusionist","theDuelist:VoidExpansion","theDuelist:IcyCrevasse"],"picked":"SKIP","floor":31},{"not_picked":["theDuelist:BlizzardWarrior","theDuelist:SwordsBurning","theDuelist:ThousandEyesIdol"],"picked":"SKIP","floor":31},{"not_picked":["theDuelist:QueenDragunDjinn","theDuelist:GateGuardian"],"picked":"theDuelist:GrandSpellbookTower","floor":33},{"not_picked":["theDuelist:RainbowDarkDragon+1","theDuelist:IrisEarthMother+1","theDuelist:RainbowMagician+1","theDuelist:RainbowKuriboh","theDuelist:RainbowOverdragon"],"picked":"SKIP","floor":35},{"not_picked":["theDuelist:Mudballman+1","theDuelist:SpellShatteringArrow","theDuelist:DiffusionWaveMotion"],"picked":"SKIP","floor":35},{"not_picked":["theDuelist:MagiciansRobe","theDuelist:InariFire+1","theDuelist:VoidExpansion+1"],"picked":"theDuelist:Yami","floor":37},{"not_picked":["theDuelist:DarkHorizon+1","theDuelist:CrystalWingDragon+1","theDuelist:SpellShatteringArrow"],"picked":"SKIP","floor":37},{"not_picked":["theDuelist:BlizzardWarrior+1","theDuelist:FairyBox","theDuelist:SangaThunder+1","theDuelist:ThousandEyesIdol","theDuelist:AlienTelepath+1"],"picked":"SKIP","floor":39},{"not_picked":["theDuelist:CharcoalInpachi+1","theDuelist:DiffusionWaveMotion","theDuelist:Illusionist+1"],"picked":"SKIP","floor":39},{"not_picked":["theDuelist:CosmoBrain+1","theDuelist:InjectionFairy"],"picked":"theDuelist:DarkMagicianGirl+1","floor":40},{"not_picked":["theDuelist:WhiteHowling","theDuelist:MagiciansRobe","theDuelist:InariFire","theDuelist:Yami+1","theDuelist:MindAir"],"picked":"SKIP","floor":40},{"not_picked":["theDuelist:GemArmadillo+1","theDuelist:GemElephant+1","theDuelist:GolemSentry+1","theDuelist:MillenniumGolem","theDuelist:WeepingIdol+1"],"picked":"SKIP","floor":41},{"not_picked":["theDuelist:OnslaughtFireKings+1","theDuelist:FairyBox+1","theDuelist:Relinquished+1"],"picked":"SKIP","floor":41},{"not_picked":["theDuelist:Wildfire+1","theDuelist:RainbowDarkDragon+1","theDuelist:VoidVanishment","theDuelist:GrandSpellbookTower+1","theDuelist:SwordsBurning"],"picked":"SKIP","floor":42},{"not_picked":["theDuelist:MagiciansRod","theDuelist:FlyingSaucer+1","theDuelist:VoidExpansion"],"picked":"SKIP","floor":42},{"not_picked":["theDuelist:SpellShatteringArrow+1","theDuelist:OnslaughtFireKings+1"],"picked":"theDuelist:PowerKaishin+1","floor":46},{"not_picked":["theDuelist:SangaWater+1","theDuelist:GuardianAngel+1","theDuelist:CharcoalInpachi+1","theDuelist:CosmoBrain+1","theDuelist:ThousandEyesRestrict+1"],"picked":"SKIP","floor":46},{"not_picked":["theDuelist:Wildfire+1","theDuelist:RainbowDarkDragon+1","theDuelist:RainbowMagician+1","theDuelist:SwordsBurning+1","theDuelist:SangaWater+1"],"picked":"SKIP","floor":48},{"not_picked":["theDuelist:RainbowMagician","theDuelist:GoblinSecret+1","theDuelist:FairyBox+1"],"picked":"SKIP","floor":48},{"not_picked":["theDuelist:FogKing+1","theDuelist:FairyBox+1","theDuelist:CharcoalInpachi+2","theDuelist:DoomShaman+1"],"picked":"theDuelist:SkilledDarkMagician+1","floor":54},{"not_picked":["theDuelist:SpiritHarp+1","theDuelist:DiffusionWaveMotion+1","theDuelist:CircleFireKings+1"],"picked":"SKIP","floor":54},{"not_picked":["theDuelist:SpiritHarp+1","theDuelist:DiffusionWaveMotion+1","theDuelist:CircleFireKings+1"],"picked":"SKIP","floor":54}],"player_experience":355826,"relics_obtained":[{"floor":6,"key":"hubris:SlimyHat"},{"floor":8,"key":"Odd Mushroom"},{"floor":9,"key":"theDuelist:TributeEggRelic"},{"floor":11,"key":"Dota2Spire:DrumOfEndurance"},{"floor":13,"key":"theDuelist:MillenniumRod"},{"floor":23,"key":"Dota2Spire:LotusOrb"},{"floor":26,"key":"Dota2Spire:CrimsonGuard"},{"floor":28,"key":"Dota2Spire:Butterfly"},{"floor":40,"key":"Toxic Egg 2"},{"floor":42,"key":"Dota2Spire:UrnOfShadows"},{"floor":46,"key":"Dota2Spire:MaskOfMadness"},{"floor":48,"key":"Nunchaku"},{"floor":54,"key":"theDuelist:MetronomeRelicB"}],"event_choices":[{"damage_healed":0,"gold_gain":108,"player_choice":"RE RE GO UP ","damage_taken":74,"relics_obtained":["Strawberry","Dota2Spire:HandOfMidas"],"max_hp_gain":0,"max_hp_loss":0,"event_name":"betterSkull:BetterSkull","floor":3,"gold_loss":0,"cards_upgraded":["theDuelist:CastleWalls"]},{"damage_healed":0,"gold_gain":0,"player_choice":"Fought Mushrooms","damage_taken":0,"max_hp_gain":0,"max_hp_loss":0,"event_name":"Mushrooms","floor":8,"gold_loss":0},{"damage_healed":0,"gold_gain":0,"player_choice":"Took item - Received: Millennium Armor","duelist":true,"damage_taken":0,"max_hp_gain":0,"max_hp_loss":0,"event_name":"Millennium Items","floor":12,"gold_loss":0},{"damage_healed":0,"gold_gain":0,"player_choice":"Dig - random Duelist relic","duelist":true,"damage_taken":0,"max_hp_gain":0,"max_hp_loss":0,"event_name":"Aknamkanon\u0027s Tomb","floor":19,"gold_loss":0},{"cards_removed":["theDuelist:Sparks"],"damage_healed":0,"gold_gain":0,"player_choice":"Give","damage_taken":0,"max_hp_gain":0,"max_hp_loss":0,"event_name":"betterNote:BetterNote","floor":21,"gold_loss":0,"cards_obtained":["theDuelist:CaveDragon"]},{"damage_healed":0,"gold_gain":0,"cards_transformed":["theDuelist:Sparks"],"player_choice":"Transformed","damage_taken":0,"max_hp_gain":0,"max_hp_loss":0,"event_name":"Transmorgrifier","floor":36,"gold_loss":0,"cards_obtained":["theDuelist:Mudballman"]},{"damage_healed":0,"gold_gain":0,"player_choice":"Purchased Call of Atlanteans for 64 Gold.","duelist":true,"damage_taken":0,"max_hp_gain":0,"max_hp_loss":0,"event_name":"Card Trader","floor":45,"gold_loss":0}],"is_beta":false,"boss_relics":[{"not_picked":["energizedSpire:EnergizedDie","Calling Bell"],"picked":"Dota2Spire:Bloodstone"},{"not_picked":["aspiration:PoetsPen_weak","Sozu"],"picked":"SacredBark"}],"items_purged_floors":[53],"is_endless":false,"potions_floor_spawned":[1,6,8,16,28,31,33,35,37,41],"ascension_level":1}}