{"host":"dk10vuzdqf3wivcv","time":1609339268,"event":{"mods":["Aspiration","Astrologer","BaseMod","Colored Map","Conspire","Friendly Minions","Hubris","Minty Spire (QoL Compilation)","Replay The Spire","StSLib","SuperFastMode","Td1madao Mod","The Animator","The Cursed","The Gatherer","The Hierophant","The Jungle","The Marked","The Servant 0.9.4"],"gold_per_floor":[112,122,149,195,223,254,254,283,306,344,373,373,386,401,401,514,514,514],"floor_reached":17,"playtime":1260,"items_purged":[],"score":213,"play_id":"40d6d915-1843-4fb1-8738-447a8ce091a8","local_time":"20201230154108","is_ascension_mode":true,"campfire_choices":[{"floor":7,"key":"REST"},{"floor":15,"key":"REST"}],"circlet_count":0,"master_deck":["animator:Strike_GoblinSlayer","animator:Defend_GoblinSlayer","animator:Strike","animator:Strike","animator:Strike","animator:Defend","animator:Defend","animator:Defend","animator:LizardPriest","animator:DwarfShaman","animator:Shuna","animator:ElricAlphonse","animator:HighElfArcher","animator:Witch","animator:Viivi","animator:ElricEdward","animator:MaesHughes","animator:Viivi","animator:SwordMaiden"],"relics":["animator:LivingPicture","animator:TheMissingPiece","animator:PurgingStone","hubris:OldNail","hubris:Potato","Strawberry","hubris:TinFlute","Replay:WaspNest","aspiration:FutureDiary"],"acts_visited":["Exordium","TheCity"],"potions_floor_usage":[6,6,8,16,16],"damage_taken":[{"damage":0,"enemies":"Cultist","floor":1,"turns":5},{"damage":0,"enemies":"2 Louse","floor":2,"turns":3},{"damage":0,"enemies":"Jaw Worm","floor":3,"turns":4},{"damage":4,"enemies":"Red Slaver","floor":5,"turns":4},{"damage":22,"enemies":"Lagavulin","floor":6,"turns":6},{"damage":11,"enemies":"3 Sentries","floor":8,"turns":9},{"damage":53,"enemies":"Gremlin Nob","floor":10,"turns":6},{"damage":13,"enemies":"Exordium Wildlife","floor":11,"turns":7},{"damage":10,"enemies":"Large Slime","floor":13,"turns":4},{"damage":7,"enemies":"Red Slaver","floor":14,"turns":5},{"damage":25,"enemies":"The Guardian","floor":16,"turns":9}],"seed_played":"8199997031510637474","potions_obtained":[{"floor":2,"key":"DistilledChaos"},{"floor":5,"key":"SteroidPotion"},{"floor":8,"key":"FairyPotion"},{"floor":10,"key":"PowerPotion"},{"floor":13,"key":"Venom Potion"},{"floor":16,"key":"EntropicBrew"}],"is_trial":false,"path_per_floor":["M","M","M","T","M","E","R","E","T","E","M","?","M","M","R","B",null],"character_chosen":"THE_ANIMATOR","items_purchased":[],"campfire_rested":2,"item_purchase_floors":[],"current_hp_per_floor":[72,72,72,72,68,47,68,58,65,12,24,24,15,8,32,7,82,82],"gold":514,"neow_bonus":"TEN_PERCENT_HP_BONUS","is_daily":false,"chose_seed":false,"campfire_upgraded":0,"win_rate":0.0,"timestamp":1609339268,"path_taken":["M","?","M","?","M","E","R","E","T","E","M","?","M","M","R","BOSS"],"items_purchased_type":[],"build_version":"2020-12-22","purchased_purges":0,"victory":false,"max_hp_per_floor":[72,72,72,72,72,73,73,74,81,81,81,81,82,82,82,82,82,82],"card_choices":[{"not_picked":["animator:Millim","animator:Shion","animator:Add"],"picked":"SKIP","floor":1},{"not_picked":["animator:Mitsurugi","animator:TsurugaMeisai"],"picked":"animator:Shuna","floor":2},{"not_picked":["animator:Cocytus","animator:WinryRockbell"],"picked":"animator:ElricAlphonse","floor":3},{"not_picked":["animator:GuildGirl","animator:Spearman"],"picked":"animator:HighElfArcher","floor":5},{"not_picked":["animator:Sloth","animator:Vanir"],"picked":"animator:Witch","floor":6},{"not_picked":["animator:Vesta","animator:Sebas"],"picked":"animator:WinryRockbell","floor":8},{"not_picked":["animator:Gillette","animator:Witch"],"picked":"animator:Viivi","floor":10},{"not_picked":["animator:Scar","animator:ElricAlphonse"],"picked":"animator:ElricEdward","floor":11},{"not_picked":["animator:GazelDwargon","animator:Evileye"],"picked":"animator:MaesHughes","floor":13},{"not_picked":["animator:ZankiKiguchi","animator:LizardPriest"],"picked":"animator:Viivi","floor":14},{"not_picked":["animator:Ainz","animator:Rimuru"],"picked":"animator:SwordMaiden","floor":16}],"player_experience":123902,"relics_obtained":[{"floor":6,"key":"hubris:OldNail"},{"floor":8,"key":"hubris:Potato"},{"floor":9,"key":"Strawberry"},{"floor":10,"key":"hubris:TinFlute"}],"event_choices":[{"cards_removed":["animator:WinryRockbell"],"damage_healed":0,"gold_gain":0,"player_choice":"Gave Card","damage_taken":0,"relics_obtained":["Replay:WaspNest"],"max_hp_gain":0,"max_hp_loss":0,"event_name":"WeMeetAgain","floor":12,"gold_loss":0}],"is_beta":false,"boss_relics":[{"not_picked":["Astrolabe","aspiration:DefectSkillbook"],"picked":"aspiration:FutureDiary"}],"items_purged_floors":[],"is_endless":false,"potions_floor_spawned":[2,5,8,10,13,16],"ascension_level":1}}