{"host":"3ek78t4i81ecmdy1","time":1609294897,"event":{"mods":["2.2 Compatiblity","AchievementEnabler","BaseMod","Colored Map","DeckTracker","Filter the Spire","Keyboard Shortcuts","Minty Spire (QoL Compilation)","Permanent Neow","Quick Restart","SuperFastMode","everything is the same but u backflip on backflip"],"gold_per_floor":[17,17,17,17,31,57,57,92,166,14,14,24,59,71,83,194,206,234,22,42,142,42,74,74,88,115,115,148,160,171,200,200,301,301,317,328,79,128,147,147,176,176,199,199,228,0,35,35,35,35,35,35,35,64,64],"floor_reached":56,"playtime":3353,"items_purged":["Acrobatics","Skewer"],"score":1463,"play_id":"9e889a2d-1f2a-4e0e-924a-bab3f51ff5e1","local_time":"20201230112137","is_ascension_mode":true,"campfire_choices":[{"data":"Neutralize","floor":7.0,"key":"SMITH"},{"data":"Bouncing Flask","floor":15.0,"key":"SMITH"},{"floor":24.0,"key":"RECALL"},{"data":"Venomology","floor":27.0,"key":"SMITH"},{"data":"Distraction","floor":32.0,"key":"SMITH"},{"data":"Adrenaline","floor":40.0,"key":"SMITH"},{"data":"Noxious Fumes","floor":42.0,"key":"SMITH"},{"data":"Wraith Form v2","floor":44.0,"key":"SMITH"},{"data":"Footwork","floor":49.0,"key":"SMITH"},{"data":"PiercingWail","floor":52.0,"key":"SMITH"}],"circlet_count":0,"master_deck":["Survivor","Neutralize+1","Venomology+1","Bouncing Flask+1","PiercingWail+1","Reflex","Crippling Poison","Distraction+1","Deflect","Bane","Grand Finale","Glass Knife","Burst","Venomology+1","Wraith Form v2+1","Slice","Eviscerate","Underhanded Strike","Acrobatics","Cloak And Dagger+1","Deflect+1","Endless Agony+1","Backstab","Caltrops","Noxious Fumes+1","Blur","Adrenaline+1","PiercingWail+1","Outmaneuver+1","Infinite Blades+1","Slice+1","Endless Agony+1","Footwork+1","Dodge and Roll+1"],"relics":["Ring of the Snake","The Specimen","Toy Ornithopter","Ninja Scroll","Blood Vial","Lantern","MawBank","Pandora\u0027s Box","Bag of Marbles","Oddly Smooth Stone","Mummified Hand","Vajra","WristBlade","Ornamental Fan","Gambling Chip","Strawberry","Pen Nib","Unceasing Top","Red Mask","Mango","White Beast Statue"],"acts_visited":["Exordium","TheCity","TheBeyond","TheEnding"],"potions_floor_usage":[55,55],"damage_taken":[{"damage":3.0,"enemies":"Jaw Worm","floor":1.0,"turns":8.0},{"damage":0.0,"enemies":"Cultist","floor":4.0,"turns":2.0},{"damage":0.0,"enemies":"2 Louse","floor":5.0,"turns":2.0},{"damage":27.0,"enemies":"Gremlin Nob","floor":6.0,"turns":4.0},{"damage":22.0,"enemies":"Lagavulin","floor":8.0,"turns":7.0},{"damage":14.0,"enemies":"Large Slime","floor":12.0,"turns":9.0},{"damage":5.0,"enemies":"3 Sentries","floor":13.0,"turns":6.0},{"damage":7.0,"enemies":"The Guardian","floor":16.0,"turns":7.0},{"damage":11.0,"enemies":"2 Thieves","floor":18.0,"turns":4.0},{"damage":13.0,"enemies":"Shell Parasite","floor":20.0,"turns":6.0},{"damage":12.0,"enemies":"Book of Stabbing","floor":23.0,"turns":4.0},{"damage":0.0,"enemies":"Chosen and Byrds","floor":25.0,"turns":4.0},{"damage":11.0,"enemies":"Gremlin Leader","floor":28.0,"turns":6.0},{"damage":21.0,"enemies":"Snake Plant","floor":29.0,"turns":2.0},{"damage":0.0,"enemies":"Snecko","floor":30.0,"turns":3.0},{"damage":29.0,"enemies":"Slavers","floor":31.0,"turns":5.0},{"damage":57.0,"enemies":"Champ","floor":33.0,"turns":12.0},{"damage":28.0,"enemies":"3 Darklings","floor":35.0,"turns":5.0},{"damage":1.0,"enemies":"3 Shapes","floor":36.0,"turns":3.0},{"damage":14.0,"enemies":"2 Orb Walkers","floor":38.0,"turns":5.0},{"damage":0.0,"enemies":"Writhing Mass","floor":39.0,"turns":2.0},{"damage":0.0,"enemies":"Giant Head","floor":41.0,"turns":5.0},{"damage":0.0,"enemies":"Reptomancer","floor":45.0,"turns":5.0},{"damage":0.0,"enemies":"Giant Head","floor":47.0,"turns":4.0},{"damage":21.0,"enemies":"Awakened One","floor":50.0,"turns":10.0},{"damage":41.0,"enemies":"Shield and Spear","floor":54.0,"turns":5.0},{"damage":102,"enemies":"The Heart","floor":55,"turns":9}],"seed_played":"-6920883451265424323","potions_obtained":[{"floor":1.0,"key":"Fire Potion"},{"floor":6.0,"key":"Ancient Potion"},{"floor":12.0,"key":"EssenceOfSteel"},{"floor":13.0,"key":"SteroidPotion"},{"floor":20.0,"key":"ColorlessPotion"},{"floor":23.0,"key":"ColorlessPotion"},{"floor":25.0,"key":"Ancient Potion"},{"floor":28.0,"key":"Swift Potion"},{"floor":31.0,"key":"SneckoOil"},{"floor":33.0,"key":"ColorlessPotion"},{"floor":35.0,"key":"Fruit Juice"},{"floor":38.0,"key":"FairyPotion"},{"floor":39.0,"key":"EssenceOfSteel"},{"floor":45.0,"key":"ColorlessPotion"}],"is_trial":false,"path_per_floor":["M","?","$","M","M","E","R","E","T","$","T","M","E","?","R","B",null,"M","$","M","?","$","E","R","M","T","R","E","M","M","E","R","B",null,"M","M","$","?","M","R","E","R","T","R","E","?","E","$","R","B",null,"R","$","E","B",null],"character_chosen":"THE_SILENT","items_purchased":["Blood Vial","Bag of Marbles","Ornamental Fan"],"campfire_rested":0,"item_purchase_floors":[10,19,37],"current_hp_per_floor":[67,67,67,67,67,40,40,18,18,18,18,11,18,18,18,28,70,59,59,48,48,48,53,53,65,65,65,61,42,54,37,37,7,70,42,53,53,51,63,63,82,82,82,82,82,82,96,96,96,80,96,96,96,60,1],"gold":64,"neow_bonus":"THREE_RARE_CARDS","is_daily":false,"chose_seed":false,"campfire_upgraded":9,"win_rate":0.0,"timestamp":1609294897,"path_taken":["M","?","?","M","M","E","R","E","T","$","?","?","E","?","R","BOSS","M","$","M","?","$","E","R","M","T","R","E","M","?","E","R","BOSS","M","M","$","?","M","R","E","R","T","R","E","?","E","$","R","BOSS","R","$","E","BOSS"],"items_purchased_type":["Relic","Relic","Relic"],"build_version":"2020-12-22","purchased_purges":2,"victory":true,"max_hp_per_floor":[70,70,70,70,70,70,70,70,70,70,70,70,70,70,70,70,70,70,70,70,70,70,70,70,70,70,70,70,70,70,70,70,70,70,70,75,75,75,75,75,82,82,82,82,82,82,96,96,96,96,96,96,96,96,96],"card_choices":[{"not_picked":["Tools of the Trade","Glass Knife"],"picked":"Venomology","floor":0.0},{"not_picked":["Blade Dance","Catalyst"],"picked":"Bouncing Flask","floor":1.0},{"not_picked":["Dodge and Roll","Outmaneuver"],"picked":"PiercingWail","floor":4.0},{"not_picked":["Underhanded Strike","Poisoned Stab"],"picked":"Reflex","floor":5.0},{"not_picked":["Escape Plan","Distraction"],"picked":"Crippling Poison","floor":6.0},{"not_picked":["Choke","Prepared"],"picked":"Distraction","floor":8.0},{"not_picked":["Acrobatics","Dodge and Roll"],"picked":"Deflect","floor":12.0},{"not_picked":["Dagger Throw","Backflip"],"picked":"Bane","floor":13.0},{"not_picked":["Unload","Grand Finale"],"picked":"Glass Knife","floor":16.0},{"not_picked":["Slice","Expertise"],"picked":"Cloak And Dagger+1","floor":18.0},{"not_picked":["Dodge and Roll","Infinite Blades"],"picked":"Deflect+1","floor":20.0},{"not_picked":["Underhanded Strike","Outmaneuver+1"],"picked":"Endless Agony+1","floor":23.0},{"not_picked":["Slice","Underhanded Strike"],"picked":"Backstab","floor":25.0},{"not_picked":["Sucker Punch","Escape Plan"],"picked":"Caltrops","floor":28.0},{"not_picked":["Crippling Poison","Cloak And Dagger"],"picked":"Noxious Fumes","floor":29.0},{"not_picked":["Quick Slash+1","Deadly Poison","Dagger Spray"],"picked":"SKIP","floor":30.0},{"not_picked":["Corpse Explosion","Sucker Punch"],"picked":"Blur","floor":31.0},{"not_picked":["Grand Finale","Envenom"],"picked":"Adrenaline","floor":33.0},{"not_picked":["Cloak And Dagger","Flying Knee+1"],"picked":"PiercingWail+1","floor":35.0},{"not_picked":["Heel Hook","PiercingWail+1"],"picked":"Outmaneuver+1","floor":36.0},{"not_picked":["Deadly Poison","Blur+1"],"picked":"Infinite Blades+1","floor":39.0},{"not_picked":["Doppelganger","Blade Dance"],"picked":"Slice+1","floor":41.0},{"not_picked":["Cloak And Dagger+1","Backflip"],"picked":"Endless Agony+1","floor":45.0},{"not_picked":["Acrobatics+1","Eviscerate"],"picked":"Footwork","floor":47.0},{"not_picked":["Predator","Deadly Poison"],"picked":"Dodge and Roll+1","floor":54.0}],"player_experience":40681,"relics_obtained":[{"floor":6.0,"key":"The Specimen"},{"floor":8.0,"key":"Toy Ornithopter"},{"floor":9.0,"key":"Ninja Scroll"},{"floor":11.0,"key":"Lantern"},{"floor":13.0,"key":"MawBank"},{"floor":23.0,"key":"Oddly Smooth Stone"},{"floor":28.0,"key":"Mummified Hand"},{"floor":31.0,"key":"Vajra"},{"floor":38.0,"key":"Gambling Chip"},{"floor":41.0,"key":"Strawberry"},{"floor":43.0,"key":"Pen Nib"},{"floor":45.0,"key":"Unceasing Top"},{"floor":47.0,"key":"Mango"},{"floor":54.0,"key":"White Beast Statue"}],"event_choices":[{"damage_healed":0.0,"max_hp_gain":0.0,"max_hp_loss":0.0,"gold_gain":0.0,"event_name":"Upgrade Shrine","player_choice":"Upgraded","floor":2.0,"gold_loss":0.0,"damage_taken":0.0,"cards_upgraded":["Venomology"]},{"damage_healed":0.0,"max_hp_gain":0.0,"max_hp_loss":0.0,"gold_gain":0.0,"cards_transformed":["Strike_G"],"event_name":"Living Wall","player_choice":"Change","floor":14.0,"gold_loss":0.0,"damage_taken":0.0,"cards_obtained":["Grand Finale"]},{"damage_healed":0.0,"max_hp_gain":0.0,"max_hp_loss":0.0,"gold_gain":100.0,"event_name":"Golden Shrine","player_choice":"Pray","floor":21.0,"gold_loss":0.0,"damage_taken":0.0},{"damage_healed":0.0,"max_hp_gain":0.0,"max_hp_loss":0.0,"gold_gain":0.0,"event_name":"Mysterious Sphere","player_choice":"Fight","floor":38.0,"gold_loss":0.0,"damage_taken":0.0},{"damage_healed":0.0,"max_hp_gain":0.0,"max_hp_loss":0.0,"gold_gain":0.0,"event_name":"Tomb of Lord Red Mask","player_choice":"Paid","floor":46.0,"gold_loss":228.0,"damage_taken":0.0,"relics_obtained":["Red Mask"]}],"is_beta":false,"boss_relics":[{"not_picked":["Snecko Eye","Empty Cage"],"picked":"Pandora\u0027s Box"},{"not_picked":["SacredBark","Black Star"],"picked":"WristBlade"}],"items_purged_floors":[19,22],"is_endless":false,"potions_floor_spawned":[1,6,12,13,20,23,25,28,31,33,35,38,39,45],"ascension_level":1}}