{"host":"3jjxuhjpio8e4zkv","time":1609372123,"event":{"mods":["BaseMod","Colored Map","Highlight Path","Minty Spire (QoL Compilation)","Permanent Neow","Relic Stats","StSLib"],"gold_per_floor":[112,124,134,150,162,162,190,190,190,206,238,250,294,321,333,416,428,453,465,13,24,34,34,61,88,88,88,120,131,131,131,131,208,208,223,239,239,256,93,93,104,104,104],"floor_reached":42,"playtime":2039,"items_purged":["Strike_G+1"],"score":924,"play_id":"09830518-9df4-4fd0-98e3-2ee754e84970","local_time":"20201230184843","is_ascension_mode":true,"campfire_choices":[{"data":"Blade Dance","floor":6.0,"key":"SMITH"},{"floor":8.0,"key":"REST"},{"data":"Footwork","floor":12.0,"key":"SMITH"},{"floor":15.0,"key":"REST"},{"data":"Dagger Spray","floor":23.0,"key":"SMITH"},{"data":"Finisher","floor":27.0,"key":"SMITH"},{"floor":32.0,"key":"REST"},{"floor":40.0,"key":"REST"}],"circlet_count":0,"master_deck":["AscendersBane","Strike_G+1","Strike_G+1","Defend_G+1","Defend_G+1","Defend_G+1","Defend_G+1","Survivor","Neutralize","Finisher+1","Slice","Footwork+1","Endless Agony","Blade Dance+1","Accuracy","Bullet Time","Dagger Spray+1","Malaise","Deflect","Sucker Punch+1","Quick Slash+1","Expertise","Malaise","J.A.X.","Corpse Explosion","Footwork","Noxious Fumes","Terror"],"relics":["Ring of the Snake","Boot","MawBank","Gremlin Horn","Empty Cage","Bronze Scales","Toy Ornithopter","Nunchaku","Ninja Scroll","Mummified Hand","Sozu","Toolbox"],"acts_visited":["Exordium","TheCity","TheBeyond"],"potions_floor_usage":[],"damage_taken":[{"damage":1.0,"enemies":"Jaw Worm","floor":1.0,"turns":6.0},{"damage":0.0,"enemies":"Small Slimes","floor":2.0,"turns":2.0},{"damage":1.0,"enemies":"2 Louse","floor":3.0,"turns":2.0},{"damage":30.0,"enemies":"Large Slime","floor":4.0,"turns":7.0},{"damage":18.0,"enemies":"Exordium Thugs","floor":5.0,"turns":6.0},{"damage":6.0,"enemies":"3 Sentries","floor":7.0,"turns":6.0},{"damage":0.0,"enemies":"2 Fungi Beasts","floor":10.0,"turns":1.0},{"damage":10.0,"enemies":"Lagavulin","floor":11.0,"turns":6.0},{"damage":7.0,"enemies":"3 Sentries","floor":13.0,"turns":6.0},{"damage":2.0,"enemies":"Exordium Wildlife","floor":14.0,"turns":3.0},{"damage":2.0,"enemies":"Slime Boss","floor":16.0,"turns":8.0},{"damage":8.0,"enemies":"Chosen","floor":18.0,"turns":7.0},{"damage":8.0,"enemies":"2 Thieves","floor":21.0,"turns":4.0},{"damage":12.0,"enemies":"Snake Plant","floor":22.0,"turns":4.0},{"damage":7.0,"enemies":"Gremlin Leader","floor":24.0,"turns":6.0},{"damage":6.0,"enemies":"Book of Stabbing","floor":28.0,"turns":1.0},{"damage":0.0,"enemies":"3 Cultists","floor":29.0,"turns":5.0},{"damage":32.0,"enemies":"Champ","floor":33.0,"turns":18.0},{"damage":3.0,"enemies":"3 Shapes","floor":35.0,"turns":3.0},{"damage":18.0,"enemies":"3 Darklings","floor":36.0,"turns":2.0},{"damage":0.0,"enemies":"Transient","floor":37.0,"turns":1.0},{"damage":40.0,"enemies":"Writhing Mass","floor":38.0,"turns":11.0},{"damage":12,"enemies":"3 Darklings","floor":41,"turns":3},{"damage":13,"enemies":"Transient","floor":42,"turns":6}],"seed_played":"-3346356611339631033","potions_obtained":[{"floor":3.0,"key":"GhostInAJar"},{"floor":5.0,"key":"CunningPotion"},{"floor":7.0,"key":"SpeedPotion"},{"floor":10.0,"key":"CunningPotion"},{"floor":11.0,"key":"Swift Potion"},{"floor":14.0,"key":"Weak Potion"},{"floor":21.0,"key":"SteroidPotion"},{"floor":28.0,"key":"GamblersBrew"},{"floor":29.0,"key":"SmokeBomb"}],"is_trial":false,"path_per_floor":["M","M","M","M","M","R","E","R","T","M","E","R","E","M","R","B",null,"M","?","$","M","M","R","E","T","T","R","E","M","?","?","R","B",null,"M","M","M","M","$","R","M","M"],"character_chosen":"THE_SILENT","items_purchased":["Bronze Scales","Deflect","Fruit Juice","GamblersBrew","Toolbox"],"campfire_rested":4,"item_purchase_floors":[20,20,20,20,39],"current_hp_per_floor":[58,58,57,27,9,9,3,22,22,22,12,12,5,3,22,20,55,47,47,47,44,32,32,25,25,25,25,29,34,34,34,55,23,59,56,38,43,3,3,24,12,0,0],"gold":104,"neow_bonus":"REMOVE_CARD","is_daily":false,"chose_seed":false,"campfire_upgraded":4,"win_rate":0.0,"timestamp":1609372123,"path_taken":["M","M","M","M","M","R","E","R","T","M","E","R","E","M","R","BOSS","M","?","$","M","M","R","E","?","T","R","E","M","?","?","R","BOSS","M","M","M","M","$","R","M","M"],"items_purchased_type":["Relic","Card","Potion","Potion","Relic"],"build_version":"2020-12-22","purchased_purges":1,"victory":false,"max_hp_per_floor":[66,66,66,66,66,66,66,66,66,66,66,66,66,66,66,66,66,66,66,66,71,71,71,71,71,71,71,71,71,71,71,71,71,71,71,71,71,71,71,71,71,71,71],"relic_stats":{"Sozu":2,"Nunchaku":[14],"Gremlin Horn":[11,12],"counters":[24,124],"Mummified Hand":[14],"Bronze Scales":[177],"Boot":[168],"MawBank":108,"obtain_stats":[{"Sozu":34,"Nunchaku":25,"Gremlin Horn":13,"Ninja Scroll":26,"Mummified Hand":28,"Bronze Scales":20,"Toolbox":39,"Boot":7,"MawBank":11,"Empty Cage":17,"Toy Ornithopter":24,"Ring of the Snake":0},{"Sozu":18,"Nunchaku":15,"Gremlin Horn":9,"Ninja Scroll":15,"Mummified Hand":16,"Bronze Scales":12,"Toolbox":22,"Boot":6,"MawBank":8,"Empty Cage":11,"Toy Ornithopter":15,"Ring of the Snake":0},{"Sozu":98,"Nunchaku":74,"Gremlin Horn":42,"Ninja Scroll":74,"Mummified Hand":75,"Bronze Scales":60,"Toolbox":115,"Boot":29,"MawBank":36,"Empty Cage":53,"Toy Ornithopter":74,"Ring of the Snake":0}],"Toy Ornithopter":20,"Ring of the Snake":[43]},"card_choices":[{"not_picked":["Deflect","Bane"],"picked":"Finisher","floor":1.0},{"not_picked":["Poisoned Stab","PiercingWail"],"picked":"Slice","floor":2.0},{"not_picked":["Flying Knee","Cloak And Dagger"],"picked":"Footwork","floor":3.0},{"not_picked":["Slice","Cloak And Dagger"],"picked":"Endless Agony","floor":4.0},{"not_picked":["Dodge and Roll","Deadly Poison"],"picked":"Blade Dance","floor":5.0},{"not_picked":["Underhanded Strike","Concentrate"],"picked":"Accuracy","floor":7.0},{"not_picked":["Prepared","Sucker Punch","Bane"],"picked":"SKIP","floor":10.0},{"not_picked":["Riddle With Holes","Prepared"],"picked":"Bullet Time","floor":11.0},{"not_picked":["Caltrops","Prepared","Finisher"],"picked":"SKIP","floor":13.0},{"not_picked":["Sucker Punch","Skewer"],"picked":"Dagger Spray","floor":14.0},{"not_picked":["Glass Knife","Bullet Time"],"picked":"Malaise","floor":16.0},{"not_picked":["Flying Knee","All Out Attack","Poisoned Stab"],"picked":"SKIP","floor":18.0},{"not_picked":["Acrobatics","Cloak And Dagger"],"picked":"Sucker Punch+1","floor":21.0},{"not_picked":["Predator","Cloak And Dagger"],"picked":"Quick Slash+1","floor":22.0},{"not_picked":["Heel Hook","Deadly Poison"],"picked":"Expertise","floor":24.0},{"not_picked":["Escape Plan","Masterful Stab"],"picked":"Malaise","floor":28.0},{"not_picked":["Poisoned Stab","Bouncing Flask","Underhanded Strike"],"picked":"SKIP","floor":29.0},{"not_picked":["Poisoned Stab","Bouncing Flask","Underhanded Strike"],"picked":"SKIP","floor":29.0},{"not_picked":["Night Terror","Storm of Steel"],"picked":"Corpse Explosion","floor":33.0},{"not_picked":["Dodge and Roll","Quick Slash"],"picked":"Footwork","floor":35.0},{"not_picked":["Deflect","Underhanded Strike","Outmaneuver"],"picked":"SKIP","floor":36.0},{"not_picked":["Distraction","Dodge and Roll"],"picked":"Noxious Fumes","floor":38.0},{"not_picked":["Endless Agony+1","Slice"],"picked":"Terror","floor":41}],"player_experience":1141204,"relics_obtained":[{"floor":7.0,"key":"Boot"},{"floor":11.0,"key":"MawBank"},{"floor":13.0,"key":"Gremlin Horn"},{"floor":24.0,"key":"Toy Ornithopter"},{"floor":25.0,"key":"Nunchaku"},{"floor":26.0,"key":"Ninja Scroll"},{"floor":28.0,"key":"Mummified Hand"}],"event_choices":[{"damage_healed":0.0,"max_hp_gain":0.0,"max_hp_loss":0.0,"gold_gain":0.0,"event_name":"Back to Basics","player_choice":"Simplicity","floor":19.0,"gold_loss":0.0,"damage_taken":0.0,"cards_upgraded":["Strike_G","Strike_G","Strike_G","Defend_G","Defend_G","Defend_G","Defend_G"]},{"damage_healed":0.0,"max_hp_gain":0.0,"max_hp_loss":0.0,"gold_gain":0.0,"event_name":"Cursed Tome","player_choice":"Ignored","floor":30.0,"gold_loss":0.0,"damage_taken":0.0},{"damage_healed":0.0,"max_hp_gain":0.0,"max_hp_loss":0.0,"gold_gain":0.0,"event_name":"Drug Dealer","player_choice":"Obtain J.A.X.","floor":31.0,"gold_loss":0.0,"damage_taken":0.0,"cards_obtained":["J.A.X."]}],"is_beta":false,"boss_relics":[{"not_picked":["Velvet Choker","Pandora\u0027s Box"],"picked":"Empty Cage"},{"not_picked":["Black Star","Astrolabe"],"picked":"Sozu"}],"items_purged_floors":[20],"is_endless":false,"potions_floor_spawned":[3,5,7,10,11,14,21,28,29,36,41],"killed_by":"Transient","ascension_level":20}}