{"host":"waq1ashgqt0tulkv","time":1609311559,"event":{"mods":["BaseMod","Downfall","Hermit","Infinite Spire","Minty Spire (QoL Compilation)","Replay The Spire","StSLib"],"gold_per_floor":[99,117,128,144,144,62,62,78,78,78,78,91,101,121,140,140,140,140],"floor_reached":16,"playtime":848,"items_purged":[],"score":96,"play_id":"c1277bb8-8160-4b24-96ea-a0a6e570979c","local_time":"20201229235919","is_ascension_mode":false,"campfire_choices":[{"data":"hexamod:Sear","floor":1,"key":"SMITH"},{"data":"hexamod:ExtraCrispy","floor":9,"key":"SMITH"}],"circlet_count":0,"master_deck":["hexamod:Strike","hexamod:Strike","hexamod:Strike","hexamod:Strike","hexamod:Defend","hexamod:Defend","hexamod:Defend","hexamod:Defend","hexamod:Sear+1","hexamod:Float","hexamod:GhostflameBarrier","hexamod:PhantomFireball","hexamod:ChargedBarrage","hexamod:BurningTouch","hexamod:ExtraCrispy+1","hexamod:StepThrough","hexamod:GhostflameInferno","hexamod:InspiringFlames","hexamod:ThermalTransfer"],"relics":["hexamod:SpiritBrand","Sundial","Mummified Hand"],"acts_visited":["Exordium"],"potions_floor_usage":[],"damage_taken":[{"damage":1,"enemies":"Cultist","floor":2,"turns":4},{"damage":0,"enemies":"Small Slimes","floor":3,"turns":3},{"damage":0,"enemies":"Jaw Worm","floor":4,"turns":3},{"damage":0,"enemies":"downfall:FleeingMerchant","floor":6,"turns":4},{"damage":0,"enemies":"Large Slime","floor":8,"turns":3},{"damage":2,"enemies":"2 Fungi Beasts","floor":12,"turns":4},{"damage":4,"enemies":"Exordium Thugs","floor":13,"turns":5},{"damage":1,"enemies":"3 Louse","floor":14,"turns":4},{"damage":9,"enemies":"Exordium Thugs","floor":15,"turns":3},{"damage":69,"enemies":"downfall:Defect","floor":16,"turns":8}],"seed_played":"-1766765297913145857","potions_obtained":[{"floor":3,"key":"FearPotion"},{"floor":4,"key":"SpeedPotion"},{"floor":8,"key":"Toxic Potion"}],"is_trial":false,"path_per_floor":["R","M","M","M","?","$","T","M","R","?","?","M","M","M","M","B"],"character_chosen":"THE_SPIRIT","items_purchased":["hexamod:ExtraCrispy"],"campfire_rested":0,"item_purchase_floors":[6],"current_hp_per_floor":[77,76,76,76,76,76,76,76,76,76,76,74,70,69,60,0,0,0],"gold":140,"neow_bonus":"TEN_PERCENT_HP_BONUS","is_daily":false,"chose_seed":false,"campfire_upgraded":2,"win_rate":0.0,"timestamp":1609311559,"path_taken":["R","M","M","?","?","?","T","M","R","?","?","M","M","M","M","BOSS"],"items_purchased_type":["Card"],"build_version":"2020-12-13","purchased_purges":0,"victory":false,"max_hp_per_floor":[77,77,77,77,77,77,77,77,77,77,77,77,77,77,77,77,77,77],"card_choices":[{"not_picked":["hexamod:ShieldOfDarkness","hexamod:SkipABeat"],"picked":"hexamod:GhostflameBarrier","floor":2},{"not_picked":["hexamod:SpectersWail","hexamod:BacktrackSmack"],"picked":"hexamod:PhantomFireball","floor":3},{"not_picked":["hexamod:GhostShield","hexamod:NightmareGuise"],"picked":"hexamod:ChargedBarrage","floor":4},{"not_picked":["hexamod:GhostShield","hexamod:SoulSteal"],"picked":"hexamod:BurningTouch","floor":6},{"not_picked":["hexamod:BurningTouch","hexamod:RainOfEmbers"],"picked":"hexamod:StepThrough","floor":8},{"not_picked":["hexamod:AdvancingGuard","hexamod:DynamicBlow"],"picked":"hexamod:GhostflameInferno","floor":12},{"not_picked":["hexamod:SpectralAdrenaline","hexamod:Firestarter"],"picked":"hexamod:InspiringFlames","floor":13},{"not_picked":["hexamod:Haunt","hexamod:SwordOfDarkness","hexamod:InspiringFlames"],"picked":"SKIP","floor":14},{"not_picked":["hexamod:BacktrackSmack","hexamod:GhostLash"],"picked":"hexamod:ThermalTransfer","floor":15}],"player_experience":2606,"relics_obtained":[{"floor":7,"key":"Sundial"}],"event_choices":[{"cards_removed":["Iron Wave"],"damage_healed":0,"gold_gain":0,"player_choice":"Took Card","damage_taken":0,"max_hp_gain":0,"max_hp_loss":0,"event_name":"NoteForYourself","floor":5,"gold_loss":0,"cards_obtained":["Iron Wave"]}],"is_beta":false,"boss_relics":[],"items_purged_floors":[],"is_endless":false,"potions_floor_spawned":[3,4,8,14],"killed_by":"downfall:Defect","ascension_level":0}}