{"host":"flm17o2q7bfjyna6","time":1609344330,"event":{"mods":["2.2 Compatiblity","Act Like it!","BaseMod","Better Altar","Better Match","Better Note","Better Sensory Stone","Better Skull","Better Third Choice","Better Vampires","Colored Map","Colored Powertips","DeckTracker","Hermit","Minty Spire (QoL Compilation)","Quick Restart","Replay The Spire","Reworked Bosses","Spicy Shops","StSLib","Wandering Minibosses"],"gold_per_floor":[114,129,144,159,9,39,54,54,54,84,114,129,129,159,159,259,259,274,274,274,4,19,49,49,64,64,79,109,109,139,154,154,154,254,269,316,316,316,331,331,346,361,361,361,386,386,416,458,470,512,524,536],"floor_reached":53,"playtime":2023,"items_purged":["Pain"],"score":1435,"play_id":"9528893b-344d-4b33-9474-2bb5b7efcec6","local_time":"20201230110530","daily_mods":["Cursed Run","Diverse","DeadlyEvents"],"is_ascension_mode":false,"campfire_choices":[{"data":"Terror","floor":8,"key":"SMITH"},{"data":"Beam Cell","floor":15,"key":"SMITH"},{"data":"Envenom","floor":29,"key":"SMITH"},{"data":"Blade Dance","floor":32,"key":"SMITH"},{"data":"Prepared","floor":40,"key":"SMITH"},{"data":"Vault","floor":46,"key":"SMITH"},{"data":"Doppelganger","floor":51,"key":"SMITH"}],"circlet_count":0,"master_deck":["Defend_G","Survivor","Neutralize","hermit:Manifest","Consecrate","Terror+1","Go for the Eyes","hermit:Roulette","Cleave","Replay:Hysterical Blindness","Prostrate","Beam Cell+1","hermit:Ricochet","Eclipse","Voices","Envenom+1","Blade Dance+1","Voices","Doubt","Flying Knee+1","Decay","Perseverance","Doppelganger+1","Conserve Battery","Pain","Vault+1","CommonCold","Overencumbered","ReplayTheSpireMod:Corrosion Curse+1","Defy Death+1","hermit:Misfire+1","Prepared+1","Voices","Fasting2+1","Pommel Strike+1","Spreading Infection","Replay:Hysterical Blindness","Havoc+1","Sanctity+1","Spreading Infection","hermit:Vantage+1","Anger+1","FlyingSleeves+1"],"relics":["Cursed Key","Darkstone Periapt","Du-Vu Doll","ReplayTheSpireMod:CursedCoin","Nunchaku","Snake Skull","Bottled Flame","StoneCalendar","Divine Protection","Bottled Lightning","Shuriken","WristBlade","HornCleat","The Specimen","Blue Doll","Replay:Bottled Snecko","ReplayTheSpireMod:Shallot","Bag of Marbles","Pen Nib","Replay:Grab Bag","ChewingGum","Replay:Wanted Poster","Kintsugi","Astrolabe","Vajra","Molten Egg 2","Ornamental Fan","Omamori","MawBank","ReplayTheSpireMod:Lightbulb","Replay:Bottled Steam"],"acts_visited":["Exordium","TheCity","TheBeyond"],"potions_floor_usage":[10,23,52,52],"damage_taken":[{"damage":0,"enemies":"Cultist","floor":1,"turns":4},{"damage":2,"enemies":"Small Slimes","floor":2,"turns":4},{"damage":4,"enemies":"Jaw Worm","floor":3,"turns":4},{"damage":4,"enemies":"Exordium Thugs","floor":4,"turns":7},{"damage":22,"enemies":"3 Sentries","floor":6,"turns":12},{"damage":0,"enemies":"2 Fungi Beasts","floor":7,"turns":3},{"damage":7,"enemies":"Gremlin Nob","floor":10,"turns":3},{"damage":0,"enemies":"Lagavulin","floor":11,"turns":5},{"damage":0,"enemies":"Looter","floor":12,"turns":2},{"damage":0,"enemies":"Replay:BlueRogue","floor":14,"turns":4},{"damage":6,"enemies":"Hexaghost","floor":16,"turns":7},{"damage":0,"enemies":"Spheric Guardian","floor":18,"turns":4},{"damage":0,"enemies":"3 Byrds","floor":22,"turns":3},{"damage":6,"enemies":"Gremlin Leader","floor":23,"turns":5},{"damage":0,"enemies":"Snecko","floor":25,"turns":2},{"damage":0,"enemies":"Snake Plant","floor":27,"turns":1},{"damage":4,"enemies":"Book of Stabbing","floor":28,"turns":5},{"damage":0,"enemies":"Slavers","floor":30,"turns":2},{"damage":0,"enemies":"Sentry and Sphere","floor":31,"turns":2},{"damage":23,"enemies":"Pondfish","floor":33,"turns":6},{"damage":1,"enemies":"3 Darklings","floor":35,"turns":4},{"damage":4,"enemies":"Orb Walker","floor":39,"turns":2},{"damage":0,"enemies":"Transient","floor":41,"turns":5},{"damage":0,"enemies":"4 Shapes","floor":42,"turns":2},{"damage":4,"enemies":"Giant Head","floor":47,"turns":5},{"damage":0,"enemies":"R_Hoarder","floor":48,"turns":2},{"damage":0,"enemies":"Reptomancer","floor":50,"turns":2},{"damage":17,"enemies":"Time Eater","floor":52,"turns":4}],"seed_played":"9091901603564859836","potions_obtained":[{"floor":4,"key":"GamblersBrew"},{"floor":6,"key":"LifebloodPotion"},{"floor":10,"key":"Weak Potion"},{"floor":12,"key":"Milkshake"},{"floor":23,"key":"Energy Potion"},{"floor":27,"key":"Regen Potion"}],"is_trial":false,"path_per_floor":["M","M","M","M","$","E","M","R","T","E","E","M","?","E","R","B",null,"M","?","T","$","M","E","?","M","T","M","E","R","E","M","R","B",null,"M","?","T","T","M","R","M","M","PTL","PTL","T","R","E","E","?","E","R","B",null],"character_chosen":"THE_SILENT","items_purchased":["ReplayTheSpireMod:CursedCoin","Nunchaku","Snake Skull","The Specimen","Blue Doll"],"campfire_rested":0,"item_purchase_floors":[5,5,5,21,21],"current_hp_per_floor":[70,68,64,60,66,44,44,44,50,43,43,43,43,43,43,43,88,88,88,94,100,100,94,100,100,106,106,102,102,102,102,102,85,130,129,135,141,147,143,143,143,143,143,143,149,149,145,145,145,145,145,137],"gold":548,"neow_bonus":"","is_daily":true,"chose_seed":false,"campfire_upgraded":7,"win_rate":0.0,"timestamp":1609344330,"path_taken":["M","M","?","?","$","E","M","R","T","?","E","M","?","?","R","BOSS","M","?","?","$","M","?","?","M","T","M","E","R","E","M","R","BOSS","M","?","?","?","?","R","M","M","PTL","PTL","T","R","?","E","?","E","R","BOSS"],"items_purchased_type":["Relic","Relic","Relic","Relic","Relic"],"build_version":"2020-12-22","purchased_purges":1,"victory":true,"max_hp_per_floor":[70,70,70,70,76,76,76,76,82,82,82,82,82,82,82,88,88,88,88,94,100,100,100,106,106,112,112,112,112,112,112,112,118,130,130,136,142,148,148,148,148,148,148,148,154,154,154,154,154,154,154,154],"card_choices":[{"not_picked":["hermit:Misfire","Hologram"],"picked":"hermit:Manifest","floor":1},{"not_picked":["Replay:ManipulateFuture","Worship"],"picked":"Consecrate","floor":2},{"not_picked":["ReplayTheSpireMod:Repulse","Streamline"],"picked":"Terror","floor":3},{"not_picked":["Halt","Run Through"],"picked":"Go for the Eyes","floor":4},{"not_picked":["hermit:Feint","Tempest"],"picked":"hermit:Roulette","floor":6},{"not_picked":["WaveOfTheHand","Conclude"],"picked":"Cleave","floor":7},{"not_picked":["ClearTheMind","Defy Death"],"picked":"Prostrate","floor":10},{"not_picked":["ReplayTheSpireMod:Muscle Training","hermit:SprayPray"],"picked":"Beam Cell","floor":11},{"not_picked":["hermit:BodyArmor","Reprogram"],"picked":"hermit:Ricochet","floor":12},{"not_picked":["Twin Strike","Perfected Strike"],"picked":"Eclipse","floor":14},{"not_picked":["Burst","Electrodynamics"],"picked":"Envenom","floor":16},{"not_picked":["Beam Cell","Steam"],"picked":"Blade Dance","floor":18},{"not_picked":["hermit:LowProfile","Heavy Blade"],"picked":"Flying Knee+1","floor":22},{"not_picked":["Sucker Punch","Poisoned Stab","Flechettes"],"picked":"SKIP","floor":23},{"not_picked":["Demon Form","Worship"],"picked":"Perseverance","floor":25},{"not_picked":["Bouncing Flask","Wild Strike+1","Headbutt"],"picked":"SKIP","floor":27},{"not_picked":["Hello World","Fasting2"],"picked":"Doppelganger","floor":28},{"not_picked":["Twin Strike","Distraction","Bouncing Flask"],"picked":"SKIP","floor":30},{"not_picked":["hermit:LuckOfTheDraw","hermit:HighCaliber"],"picked":"Conserve Battery","floor":31},{"not_picked":["hermit:EternalForm","hermit:HeroicBravado"],"picked":"Vault","floor":33},{"not_picked":["CarveReality","BootSequence"],"picked":"Prepared","floor":35},{"not_picked":["BasicCrystalCard","Deadly Poison"],"picked":"Fasting2+1","floor":36},{"not_picked":["Reckless Charge","Catalyst"],"picked":"Pommel Strike+1","floor":36},{"not_picked":["ReplayTheSpireMod:Strike From Hell+1","Static Discharge"],"picked":"Havoc+1","floor":39},{"not_picked":["Prepared","Replay:Anticipation+1","Darkness"],"picked":"SKIP","floor":41},{"not_picked":["ReachHeaven+1","Swivel+1"],"picked":"Sanctity+1","floor":42},{"not_picked":["BasicCrystalCard","Twin Strike+1"],"picked":"hermit:Vantage+1","floor":47},{"not_picked":["Deadly Poison+1","Blizzard+1"],"picked":"Anger+1","floor":48},{"not_picked":["Replay:Cycle+1","ClearTheMind"],"picked":"FlyingSleeves+1","floor":50}],"player_experience":1616916,"relics_obtained":[{"floor":6,"key":"Bottled Flame"},{"floor":9,"key":"StoneCalendar"},{"floor":10,"key":"Divine Protection"},{"floor":11,"key":"Bottled Lightning"},{"floor":14,"key":"Shuriken"},{"floor":20,"key":"HornCleat"},{"floor":23,"key":"Replay:Bottled Snecko"},{"floor":26,"key":"ReplayTheSpireMod:Shallot"},{"floor":28,"key":"Bag of Marbles"},{"floor":30,"key":"Pen Nib"},{"floor":36,"key":"Vajra"},{"floor":37,"key":"Molten Egg 2"},{"floor":38,"key":"Ornamental Fan"},{"floor":45,"key":"Omamori"},{"floor":47,"key":"MawBank"},{"floor":48,"key":"ReplayTheSpireMod:Lightbulb"},{"floor":50,"key":"Replay:Bottled Steam"}],"event_choices":[{"cards_removed":["Strike_G"],"damage_healed":0,"gold_gain":0,"player_choice":"Purged","damage_taken":0,"max_hp_gain":0,"max_hp_loss":0,"event_name":"Purifier","floor":13,"gold_loss":0},{"damage_healed":0,"gold_gain":0,"player_choice":"Ignored","damage_taken":0,"max_hp_gain":0,"max_hp_loss":0,"event_name":"Vampires","floor":19,"gold_loss":0},{"damage_healed":0,"gold_gain":0,"player_choice":" Defy","damage_taken":0,"max_hp_gain":0,"max_hp_loss":0,"event_name":"betterAltar:BetterAltar","floor":24,"gold_loss":0,"cards_obtained":["Decay"]},{"damage_healed":0,"gold_gain":0,"player_choice":"Ignored","damage_taken":0,"max_hp_gain":0,"max_hp_loss":0,"event_name":"betterThird:BetterPortal","floor":49,"gold_loss":0}],"is_beta":false,"boss_relics":[{"not_picked":["ReplayTheSpireMod:DimensionalGlitch","Coffee Dripper"],"picked":"WristBlade"},{"not_picked":["Snecko Eye","HoveringKite"],"picked":"Replay:Grab Bag"},{"not_picked":["Abe\u0027s Treasure","Fusion Hammer"],"picked":"ChewingGum"},{"not_picked":["Sozu","ReplayTheSpireMod:Onyx Gauntlets"],"picked":"Replay:Wanted Poster"},{"not_picked":["Pandora\u0027s Box","Snecko Scales"],"picked":"Kintsugi"},{"not_picked":["Black Star","Snecko Heart"],"picked":"Astrolabe"}],"items_purged_floors":[5],"is_endless":false,"potions_floor_spawned":[4,6,10,12,23,27,30,31,42,47],"ascension_level":0}}