{"host":"xy5qih4nvxccm4rc","time":1609366550,"event":{"mods":["AchievementEnabler","BaseMod","Minty Spire (QoL Compilation)","StSLib"],"gold_per_floor":[113,288,288,302,321,321,351,363,426,143,143,183,213,213],"floor_reached":13,"playtime":396,"items_purged":["Doubt"],"score":87,"play_id":"8c5eb654-2e93-4a86-9a43-5877454d2757","local_time":"20201230161550","is_ascension_mode":true,"campfire_choices":[{"data":"Eruption","floor":6,"key":"SMITH"},{"data":"Wish","floor":8,"key":"SMITH"}],"circlet_count":0,"master_deck":["Strike_P","Strike_P","Strike_P","Defend_P","Defend_P","Defend_P","Defend_P","Eruption+1","Vigilance","EmptyFist","Prostrate","Crescendo","Wish+1","FollowUp"],"relics":["PureWater","NeowsBlessing","MawBank","MealTicket","Toolbox"],"acts_visited":["Exordium"],"potions_floor_usage":[13,13],"damage_taken":[{"damage":0,"enemies":"Jaw Worm","floor":1,"turns":1},{"damage":0,"enemies":"2 Louse","floor":4,"turns":1},{"damage":0,"enemies":"Cultist","floor":5,"turns":1},{"damage":59,"enemies":"3 Sentries","floor":7,"turns":11},{"damage":18,"enemies":"3 Louse","floor":12,"turns":4},{"damage":36,"enemies":"Lagavulin","floor":13,"turns":2}],"seed_played":"-6812548562574539623","potions_obtained":[{"floor":4,"key":"LiquidBronze"},{"floor":12,"key":"Regen Potion"}],"is_trial":false,"path_per_floor":["M","?","?","M","M","R","E","R","T","$","?","M","E"],"character_chosen":"WATCHER","items_purchased":["StancePotion","Toolbox"],"campfire_rested":0,"item_purchase_floors":[10,10],"current_hp_per_floor":[72,72,72,72,72,72,13,13,13,28,28,10,0,0],"gold":213,"neow_bonus":"THREE_ENEMY_KILL","is_daily":false,"chose_seed":false,"campfire_upgraded":2,"win_rate":0.0,"timestamp":1609366550,"path_taken":["M","?","?","M","?","R","E","R","T","$","?","?","E"],"items_purchased_type":["Potion","Relic"],"build_version":"2020-12-22","purchased_purges":1,"victory":false,"max_hp_per_floor":[72,72,72,72,72,72,72,72,72,72,72,72,72,72],"card_choices":[{"not_picked":["SashWhip","Evaluate"],"picked":"EmptyFist","floor":1},{"not_picked":["Perseverance","Protect"],"picked":"Prostrate","floor":4},{"not_picked":["EmptyFist","FlyingSleeves"],"picked":"Crescendo","floor":5},{"not_picked":["EmptyBody","JustLucky"],"picked":"Wish","floor":7},{"not_picked":["ThirdEye","Protect"],"picked":"FollowUp","floor":12}],"player_experience":326086,"relics_obtained":[{"floor":7,"key":"MawBank"},{"floor":9,"key":"MealTicket"}],"event_choices":[{"damage_healed":0,"gold_gain":175,"player_choice":"AGREE","damage_taken":0,"max_hp_gain":0,"max_hp_loss":0,"event_name":"Liars Game","floor":2,"gold_loss":0,"cards_obtained":["Doubt"]},{"damage_healed":0,"gold_gain":0,"player_choice":"0 cards matched","damage_taken":0,"max_hp_gain":0,"max_hp_loss":0,"event_name":"Match and Keep!","floor":3,"gold_loss":0,"cards_obtained":[]},{"cards_removed":["Strike_P"],"damage_healed":0,"gold_gain":0,"player_choice":"Purged","damage_taken":0,"max_hp_gain":0,"max_hp_loss":0,"event_name":"Purifier","floor":11,"gold_loss":0}],"is_beta":false,"boss_relics":[],"items_purged_floors":[10],"is_endless":false,"potions_floor_spawned":[4,12],"killed_by":"Lagavulin","ascension_level":1}}