{"host":"toh0bbw446wnuexf","time":1609286503,"event":{"mods":["BaseMod","Downfall","Hermit","Minty Spire (QoL Compilation)","Random Character Button","StSLib"],"gold_per_floor":[199,214,314,173,188,202,202,202,215,215,215,215,215,235,250,351,351,351,365,270,270,270,270,293,309,309,179,179,196,196,196,214,309,309,309,326,252,274,284,296,296,321,321,321,321,334,259,309,309,309,309],"floor_reached":49,"playtime":5312,"items_purged":["hexamod:Sear","hexamod:Defend"],"score":473,"play_id":"ccd0ea6b-dacf-477b-bc3e-d77d91cfa0f5","local_time":"20201230130143","is_ascension_mode":true,"campfire_choices":[{"data":"hexamod:Float","floor":1,"key":"SMITH"},{"data":"hexamod:FastForward","floor":8,"key":"SMITH"},{"data":"hexamod:FastForward","floor":10,"key":"SMITH"},{"data":"hexamod:Hexaguard","floor":18,"key":"SMITH"},{"data":"hexamod:HexaLevel","floor":28,"key":"SMITH"},{"floor":30,"key":"REST"},{"data":"hexamod:ApocalypticArmor","floor":35,"key":"SMITH"},{"data":"hexamod:StepThrough","floor":43,"key":"SMITH"},{"floor":45,"key":"RECALL"},{"data":"Parasite","floor":47,"key":"PURGE"}],"circlet_count":0,"master_deck":["hexamod:Strike+1","hexamod:Strike+1","hexamod:Strike+1","hexamod:Strike+1","hexamod:Defend+1","hexamod:Defend+1","hexamod:Defend+1","hexamod:Float+1","hexamod:Hexaguard+1","hexamod:GhostOfSpireFuture+1","hexamod:FastForward+1","hexamod:FastForward+1","hexamod:ApocalypticArmor+1","hexamod:HexaLevel+1","hexamod:StepThrough+1"],"relics":["hexamod:SpiritBrand","Peace Pipe","The Courier","Black Star","Thread and Needle","Pear","CeramicFish","Membership Card","Coffee Dripper","TheAbacus","Toy Ornithopter","downfall:HeartBlessingRed","Potion Belt"],"acts_visited":["Exordium","TheCity","TheBeyond"],"potions_floor_usage":[],"damage_taken":[{"damage":0,"enemies":"Cultist","floor":2,"turns":3},{"damage":0,"enemies":"downfall:FleeingMerchant","floor":4,"turns":4},{"damage":0,"enemies":"2 Louse","floor":5,"turns":3},{"damage":0,"enemies":"Jaw Worm","floor":6,"turns":4},{"damage":0,"enemies":"Large Slime","floor":9,"turns":4},{"damage":0,"enemies":"Lots of Slimes","floor":14,"turns":4},{"damage":4,"enemies":"Exordium Thugs","floor":15,"turns":8},{"damage":25,"enemies":"downfall:Silent","floor":16,"turns":13},{"damage":17,"enemies":"Chosen","floor":19,"turns":9},{"damage":0,"enemies":"downfall:FleeingMerchant","floor":20,"turns":5},{"damage":0,"enemies":"Spheric Guardian","floor":25,"turns":6},{"damage":0,"enemies":"downfall:FleeingMerchant","floor":27,"turns":4},{"damage":2,"enemies":"Centurion and Healer","floor":29,"turns":6},{"damage":4,"enemies":"Cultist and Chosen","floor":32,"turns":7},{"damage":57,"enemies":"downfall:Ironclad","floor":33,"turns":10},{"damage":19,"enemies":"3 Darklings","floor":36,"turns":8},{"damage":0,"enemies":"downfall:FleeingMerchant","floor":37,"turns":5},{"damage":7,"enemies":"Orb Walker","floor":38,"turns":5},{"damage":3,"enemies":"Spire Growth","floor":39,"turns":5},{"damage":33,"enemies":"Transient","floor":40,"turns":6},{"damage":1,"enemies":"Writhing Mass","floor":42,"turns":6},{"damage":13,"enemies":"4 Shapes","floor":46,"turns":6},{"damage":9,"enemies":"Maw","floor":49,"turns":2}],"seed_played":"-5837047018831482492","potions_obtained":[{"floor":5,"key":"SkillPotion"},{"floor":16,"key":"ColorlessPotion"},{"floor":19,"key":"BlessingOfTheForge"},{"floor":40,"key":"Dexterity Potion"},{"floor":42,"key":"EssenceOfSteel"}],"is_trial":false,"path_per_floor":["R","M","?","$","M","M","T","R","M","R","?","T","?","M","M","B",null,"R","M","$","T","T","?","T","M","?","$","R","M","R","?","M","B",null,"R","M","$","M","M","M","T","M","R","?","R","M","R","?","M"],"character_chosen":"THE_SPIRIT","items_purchased":["hexamod:FastForward","Membership Card","TheAbacus"],"campfire_rested":1,"item_purchase_floors":[4,27,37],"current_hp_per_floor":[70,70,70,70,70,70,70,70,70,70,70,70,70,70,66,41,70,70,53,53,53,63,63,63,63,63,63,63,61,80,80,76,19,80,80,61,61,54,51,18,18,17,17,17,17,4,4,4,0,0,0],"gold":309,"neow_bonus":"HUNDRED_GOLD","is_daily":false,"chose_seed":false,"campfire_upgraded":7,"win_rate":0.0,"timestamp":1609286503,"path_taken":["R","M","?","$","M","?","T","R","M","R","?","?","?","M","M","BOSS","R","M","?","?","?","?","T","M","?","$","R","?","R","?","M","BOSS","R","M","$","M","?","M","T","M","R","?","R","M","R","?","M"],"items_purchased_type":["Card","Relic","Relic"],"build_version":"2020-12-22","purchased_purges":2,"victory":false,"max_hp_per_floor":[70,70,70,70,70,70,70,70,70,70,70,70,70,70,70,70,70,70,70,70,70,80,80,80,80,80,80,80,80,80,80,80,80,80,80,80,80,80,80,80,80,80,80,80,80,80,77,77,77,77,77],"card_choices":[{"not_picked":["hexamod:GhostShield","hexamod:BurningTouch"],"picked":"hexamod:Hexaguard","floor":2},{"not_picked":["hexamod:HeatCrush","hexamod:SuperheatedStrike"],"picked":"hexamod:GhostOfSpireFuture","floor":4},{"not_picked":["hexamod:Again","hexamod:FourthSeal","hexamod:SwordOfDarkness"],"picked":"SKIP","floor":5},{"not_picked":["hexamod:GhostLash","hexamod:HeatCrush"],"picked":"hexamod:FastForward","floor":6},{"not_picked":["hexamod:SwordOfDarkness","hexamod:Again","hexamod:PowerFromBeyond"],"picked":"SKIP","floor":9},{"not_picked":["hexamod:InspiringFlames","hexamod:RainOfEmbers","hexamod:UnleashSpirits"],"picked":"SKIP","floor":14},{"not_picked":["hexamod:HauntingEcho","hexamod:InspiringFlames","hexamod:FlamesFromBeyond"],"picked":"SKIP","floor":15},{"not_picked":["hexamod:SearingWound","hexamod:GiftsFromTheDead"],"picked":"hexamod:ApocalypticArmor","floor":16},{"not_picked":["hexamod:GhostLash","hexamod:Firestarter","hexamod:DynamicBlow"],"picked":"SKIP","floor":19},{"not_picked":["hexamod:HauntingEcho","hexamod:GhostShield"],"picked":"hexamod:HexaLevel","floor":20},{"not_picked":["hexamod:RainOfEmbers","hexamod:FastForward","hexamod:SwordOfDarkness"],"picked":"SKIP","floor":25},{"not_picked":["hexamod:HauntingEcho","hexamod:FastForward","hexamod:EmpoweringStance"],"picked":"SKIP","floor":27},{"not_picked":["hexamod:AdvancingGuard","hexamod:NightmareStrike","hexamod:NightmareGuise"],"picked":"SKIP","floor":29},{"not_picked":["hexamod:GhostLash","hexamod:BacktrackSmack","hexamod:SoulSteal"],"picked":"SKIP","floor":32},{"not_picked":["hexamod:Firestarter","hexamod:GhostShield","hexamod:RecurringNightmare+1"],"picked":"SKIP","floor":36},{"not_picked":["hexamod:ThermalTransfer+1","hexamod:SpectralSpark","hexamod:ChargedBarrage+1"],"picked":"SKIP","floor":37},{"not_picked":["hexamod:Firestarter+1","hexamod:ThermalTransfer+1"],"picked":"hexamod:StepThrough","floor":38},{"not_picked":["hexamod:SwordOfDarkness+1","hexamod:FlamesFromBeyond+1","hexamod:Rewind+1"],"picked":"SKIP","floor":39},{"not_picked":["hexamod:ParanormalForm","hexamod:SpectralSpark","hexamod:NecessarySacrifice+1"],"picked":"SKIP","floor":40},{"not_picked":["hexamod:BacktrackSmack","hexamod:Firestarter","hexamod:FastForward+1"],"picked":"SKIP","floor":42},{"not_picked":["hexamod:SoulSteal+1","hexamod:ThirdSeal","hexamod:ThermalTransfer+1"],"picked":"SKIP","floor":46}],"player_experience":566530,"relics_obtained":[{"floor":7,"key":"Peace Pipe"},{"floor":12,"key":"The Courier"},{"floor":21,"key":"Thread and Needle"},{"floor":22,"key":"Pear"},{"floor":24,"key":"CeramicFish"},{"floor":41,"key":"Toy Ornithopter"},{"floor":48,"key":"Potion Belt"}],"event_choices":[{"damage_healed":0,"gold_gain":0,"player_choice":"Grow","damage_taken":0,"max_hp_gain":0,"max_hp_loss":0,"event_name":"Living Wall","floor":11,"gold_loss":0,"cards_upgraded":["hexamod:GhostOfSpireFuture"]},{"damage_healed":0,"gold_gain":0,"player_choice":"Ignored","damage_taken":0,"max_hp_gain":0,"max_hp_loss":0,"event_name":"Transmorgrifier","floor":13,"gold_loss":0},{"damage_healed":0,"gold_gain":0,"player_choice":"Simplicity","damage_taken":0,"max_hp_gain":0,"max_hp_loss":0,"event_name":"Back to Basics","floor":26,"gold_loss":0,"cards_upgraded":["hexamod:Strike","hexamod:Strike","hexamod:Strike","hexamod:Strike","hexamod:Defend","hexamod:Defend","hexamod:Defend"]},{"damage_healed":0,"gold_gain":0,"player_choice":"Ignored","damage_taken":0,"max_hp_gain":0,"max_hp_loss":0,"event_name":"Mysterious Sphere","floor":44,"gold_loss":0}],"is_beta":false,"boss_relics":[{"not_picked":["Velvet Choker","Calling Bell"],"picked":"Black Star"},{"not_picked":["Astrolabe","Philosopher\u0027s Stone"],"picked":"Coffee Dripper"}],"items_purged_floors":[4,20],"is_endless":false,"potions_floor_spawned":[5,16,19,33,40,42,46],"killed_by":"Maw","ascension_level":1}}