{"host":"i0avyit1s6jb1siw","time":1609325795,"event":{"mods":["BaseMod","DeckTracker","Dota2Spire","Highlight Path","Minty Spire (QoL Compilation)","Quick Restart","Replay The Spire","StSLib","SuperFastMode"],"gold_per_floor":[114,131,206,222,272,272,287,316,343,343,343,343],"floor_reached":11,"playtime":252,"items_purged":[],"score":146,"play_id":"8c7e6121-69df-45dd-a67c-a6621ad3c8d5","local_time":"20201230115635","is_ascension_mode":true,"campfire_choices":[{"data":"Hemokinesis","floor":6,"key":"SMITH"},{"data":"Bash","floor":10,"key":"SMITH"}],"circlet_count":0,"master_deck":["AscendersBane","Strike_R","Strike_R","Strike_R","Strike_R","Strike_R","Defend_R","Defend_R","Defend_R","Defend_R","Bash+1","Hemogenesis","ReplayTheSpireMod:Stacked","Hemokinesis+1","Fire Breathing"],"relics":["Burning Blood","Dota2Spire:MaskOfMadness"],"acts_visited":["Exordium"],"potions_floor_usage":[],"damage_taken":[{"damage":7,"enemies":"Cultist","floor":1,"turns":4},{"damage":4,"enemies":"Small Slimes","floor":2,"turns":4},{"damage":3,"enemies":"2 Louse","floor":4,"turns":4},{"damage":13,"enemies":"2 Fungi Beasts","floor":7,"turns":3},{"damage":43,"enemies":"Replay:BlueRogue","floor":8,"turns":8},{"damage":32,"enemies":"3 Sentries","floor":11,"turns":4}],"seed_played":"5506814337689539884","potions_obtained":[{"floor":4,"key":"Weak Potion"},{"floor":7,"key":"LiquidMemories"}],"is_trial":false,"path_per_floor":["M","M","?","M","?","R","M","E","T","R","E"],"character_chosen":"IRONCLAD","items_purchased":[],"campfire_rested":0,"item_purchase_floors":[],"current_hp_per_floor":[67,69,58,66,59,59,52,24,24,24,0,0],"gold":343,"neow_bonus":"ONE_RANDOM_RARE_CARD","is_daily":false,"chose_seed":false,"campfire_upgraded":2,"win_rate":0.0,"timestamp":1609325795,"path_taken":["M","M","?","M","?","R","?","E","T","R","E"],"items_purchased_type":[],"build_version":"2020-12-22","purchased_purges":0,"victory":false,"max_hp_per_floor":[75,75,75,75,75,75,75,75,75,75,75,75],"card_choices":[{"not_picked":["Twin Strike","Sever Soul"],"picked":"ReplayTheSpireMod:Stacked","floor":1},{"not_picked":["Headbutt","Iron Wave","Searing Blow"],"picked":"SKIP","floor":2},{"not_picked":["Havoc","ReplayTheSpireMod:Limb From Limb"],"picked":"Hemokinesis","floor":4},{"not_picked":["Dark Embrace","Run Through"],"picked":"Fire Breathing","floor":7},{"not_picked":["Entrench","Life Link","Havoc"],"picked":"SKIP","floor":8}],"player_experience":2140361,"relics_obtained":[{"floor":8,"key":"Dota2Spire:MaskOfMadness"}],"event_choices":[{"damage_healed":0,"gold_gain":75,"player_choice":"Gather Gold","damage_taken":11,"max_hp_gain":0,"max_hp_loss":0,"event_name":"World of Goop","floor":3,"gold_loss":0},{"damage_healed":0,"gold_gain":50,"player_choice":"Touch","damage_taken":7,"max_hp_gain":0,"max_hp_loss":0,"event_name":"FaceTrader","floor":5,"gold_loss":0}],"is_beta":false,"boss_relics":[],"items_purged_floors":[],"is_endless":false,"potions_floor_spawned":[4,7,8],"killed_by":"3 Sentries","ascension_level":20}}