{"host":"ryuep8ewa00k39z9","time":1609303739,"event":{"mods":["AchievementEnabler","BaseMod","Best Route Mod","Colored Map","Colored Powertips","Displayed Cursed Tome","Highlight Path","Minty Spire (QoL Compilation)","Quick Restart","SuperFastMode"],"gold_per_floor":[20,68,68,243,260,260,285,303,303,303,303,303,338,348,348,452,452,463,16,29,29,29,64,84,112,112,112,112,32,58,68,68,164,164,184,196,196,209,52,85,85,120,120,152,152,168,443,459,459,459,459,459,97,131,131,131],"floor_reached":55,"playtime":46387,"items_purged":["Doubt","Strike_B","Defend_B","Zap"],"score":975,"play_id":"2d91b768-90a8-44e1-aa96-b9b7dceb7281","local_time":"20201229224859","is_ascension_mode":true,"campfire_choices":[{"data":"Consume","floor":6.0,"key":"SMITH"},{"data":"Static Discharge","floor":10.0,"key":"SMITH"},{"floor":12.0,"key":"REST"},{"data":"Storm","floor":15.0,"key":"SMITH"},{"floor":28.0,"key":"REST"},{"floor":32.0,"key":"REST"},{"floor":41.0,"key":"REST"},{"floor":45.0,"key":"RECALL"},{"floor":49.0,"key":"REST"},{"data":"Amplify","floor":52.0,"key":"SMITH"}],"circlet_count":0,"master_deck":["Defend_B","Defend_B","Dualcast","Consume+1","Static Discharge+1","Fusion","Self Repair","Chaos","Buffer","Storm+1","Storm","Creative AI","Lockon","Self Repair","Turbo","Static Discharge","Storm","Static Discharge","Storm","Heatsinks","Amplify+1","Tempest","Core Surge","Loop"],"relics":["Cracked Core","Toy Ornithopter","Potion Belt","Pear","Omamori","Runic Pyramid","Gremlin Horn","Matryoshka","Regal Pillow","The Courier","Oddly Smooth Stone","Incense Burner","Bronze Scales","Empty Cage","Akabeko","Toxic Egg 2","Meat on the Bone","Girya","FossilizedHelix","Happy Flower"],"acts_visited":["Exordium","TheCity","TheBeyond","TheEnding"],"potions_floor_usage":[],"damage_taken":[{"damage":1.0,"enemies":"Cultist","floor":1.0,"turns":3.0},{"damage":9.0,"enemies":"Jaw Worm","floor":5.0,"turns":3.0},{"damage":35.0,"enemies":"3 Sentries","floor":7.0,"turns":7.0},{"damage":0.0,"enemies":"Small Slimes","floor":8.0,"turns":3.0},{"damage":44.0,"enemies":"Gremlin Nob","floor":13.0,"turns":5.0},{"damage":2.0,"enemies":"Exordium Wildlife","floor":14.0,"turns":4.0},{"damage":16.0,"enemies":"The Guardian","floor":16.0,"turns":14.0},{"damage":16.0,"enemies":"Spheric Guardian","floor":18.0,"turns":4.0},{"damage":22.0,"enemies":"2 Thieves","floor":20.0,"turns":2.0},{"damage":48.0,"enemies":"Slavers","floor":23.0,"turns":3.0},{"damage":0.0,"enemies":"Sentry and Sphere","floor":24.0,"turns":3.0},{"damage":20.0,"enemies":"Book of Stabbing","floor":25.0,"turns":2.0},{"damage":48.0,"enemies":"Slavers","floor":30.0,"turns":4.0},{"damage":14.0,"enemies":"Shelled Parasite and Fungi","floor":31.0,"turns":3.0},{"damage":36.0,"enemies":"Automaton","floor":33.0,"turns":6.0},{"damage":22.0,"enemies":"3 Shapes","floor":35.0,"turns":3.0},{"damage":24.0,"enemies":"Orb Walker","floor":36.0,"turns":4.0},{"damage":42.0,"enemies":"Sphere and 2 Shapes","floor":38.0,"turns":3.0},{"damage":20.0,"enemies":"Giant Head","floor":40.0,"turns":5.0},{"damage":19.0,"enemies":"Reptomancer","floor":42.0,"turns":3.0},{"damage":13.0,"enemies":"Giant Head","floor":44.0,"turns":5.0},{"damage":31.0,"enemies":"4 Shapes","floor":46.0,"turns":3.0},{"damage":21.0,"enemies":"3 Darklings","floor":48.0,"turns":4.0},{"damage":93.0,"enemies":"Donu and Deca","floor":50.0,"turns":5.0},{"damage":67,"enemies":"Shield and Spear","floor":54,"turns":3},{"damage":45,"enemies":"The Heart","floor":55,"turns":2}],"seed_played":"-5882364705836951228","potions_obtained":[{"floor":5.0,"key":"Weak Potion"},{"floor":13.0,"key":"EssenceOfSteel"},{"floor":14.0,"key":"SkillPotion"},{"floor":23.0,"key":"Weak Potion"},{"floor":24.0,"key":"SteroidPotion"},{"floor":25.0,"key":"Block Potion"},{"floor":30.0,"key":"LiquidMemories"},{"floor":38.0,"key":"FearPotion"},{"floor":44.0,"key":"Weak Potion"}],"is_trial":false,"path_per_floor":["M","T","$","?","M","R","E","M","T","R","?","R","E","M","R","B",null,"M","$","M","?","?","E","M","E","T","?","R","$","E","M","R","B",null,"M","M","?","M","$","E","R","E","T","E","R","M","?","M","R","B",null,"R","$","E","B"],"character_chosen":"DEFECT","items_purchased":["Gremlin Horn","Self Repair","Explosive Potion","Loop","FossilizedHelix"],"campfire_rested":5,"item_purchase_floors":[19,19,19,39,53],"current_hp_per_floor":[74,74,74,74,65,65,30,30,40,40,40,65,26,36,36,32,85,76,76,66,66,66,32,46,38,38,38,78,78,49,42,82,65,85,70,60,60,25,25,19,59,47,47,60,60,48,48,46,85,33,85,85,85,44,0,0],"gold":131,"neow_bonus":"TRANSFORM_TWO_CARDS","is_daily":false,"chose_seed":false,"campfire_upgraded":4,"win_rate":0.0,"timestamp":1609303739,"path_taken":["M","?","?","?","M","R","E","?","T","R","?","R","E","M","R","BOSS","M","$","?","?","?","E","M","E","T","?","R","$","E","M","R","BOSS","M","M","?","M","$","E","R","E","T","E","R","?","?","M","R","BOSS","R","$","E","BOSS"],"items_purchased_type":["Relic","Card","Potion","Card","Relic"],"build_version":"2020-12-22","purchased_purges":4,"victory":false,"max_hp_per_floor":[75,75,75,75,75,75,75,75,85,85,85,85,85,85,85,85,85,85,85,85,85,85,85,85,85,85,85,85,85,85,85,85,85,85,85,85,85,85,85,85,85,85,85,85,85,85,85,85,85,85,85,85,85,85,85,85],"card_choices":[{"not_picked":["Compile Driver","Stack"],"picked":"Static Discharge","floor":1.0},{"not_picked":["Cold Snap","Sweeping Beam","Streamline"],"picked":"SKIP","floor":5.0},{"not_picked":["Gash","Self Repair"],"picked":"Fusion","floor":7.0},{"not_picked":["Sunder","Genetic Algorithm"],"picked":"Self Repair","floor":8.0},{"not_picked":["Rip and Tear","Defragment"],"picked":"Storm","floor":13.0},{"not_picked":["Turbo","Steam Power"],"picked":"Storm","floor":14.0},{"not_picked":["Echo Form","Fission"],"picked":"Creative AI","floor":16.0},{"not_picked":["Conserve Battery","Rebound"],"picked":"Lockon","floor":18.0},{"not_picked":["Steam Power","Cold Snap"],"picked":"Turbo","floor":20.0},{"not_picked":["Hello World","Self Repair"],"picked":"Storm","floor":23.0},{"not_picked":["Scrape","Go for the Eyes"],"picked":"Static Discharge","floor":24.0},{"not_picked":["Core Surge","Hologram"],"picked":"Storm","floor":25.0},{"not_picked":["Leap","Sweeping Beam"],"picked":"Heatsinks","floor":30.0},{"not_picked":["Consume+1","Beam Cell","Coolheaded"],"picked":"SKIP","floor":31.0},{"not_picked":["Meteor Strike","All For One"],"picked":"Amplify","floor":33.0},{"not_picked":["Gash+1","Skim+1"],"picked":"Tempest","floor":35.0},{"not_picked":["Beam Cell","Compile Driver+1","Go for the Eyes+1"],"picked":"SKIP","floor":36.0},{"not_picked":["Reinforced Body+1","Compile Driver+1"],"picked":"Core Surge","floor":38.0},{"not_picked":["Reinforced Body","Scrape+1","Static Discharge"],"picked":"SKIP","floor":40.0},{"not_picked":["Sweeping Beam+1","BootSequence+1","Compile Driver+1"],"picked":"SKIP","floor":42.0},{"not_picked":["Blizzard+1","Cold Snap+1","Stack+1"],"picked":"SKIP","floor":44.0},{"not_picked":["Stack+1","Chill+1","Hologram+1"],"picked":"SKIP","floor":46.0},{"not_picked":["Gash","Hologram+1","Rip and Tear+1"],"picked":"SKIP","floor":48.0},{"not_picked":["Consume+1","Leap+1","Skim+1"],"picked":"SKIP","floor":54}],"player_experience":3618469,"relics_obtained":[{"floor":2.0,"key":"Toy Ornithopter"},{"floor":7.0,"key":"Potion Belt"},{"floor":9.0,"key":"Pear"},{"floor":13.0,"key":"Omamori"},{"floor":23.0,"key":"Matryoshka"},{"floor":25.0,"key":"Regal Pillow"},{"floor":26.0,"key":"The Courier"},{"floor":26.0,"key":"Oddly Smooth Stone"},{"floor":30.0,"key":"Bronze Scales"},{"floor":40.0,"key":"Akabeko"},{"floor":42.0,"key":"Toxic Egg 2"},{"floor":43.0,"key":"Meat on the Bone"},{"floor":44.0,"key":"Girya"},{"floor":54,"key":"Happy Flower"}],"event_choices":[{"damage_healed":0.0,"max_hp_gain":0.0,"max_hp_loss":0.0,"gold_gain":175.0,"event_name":"Liars Game","player_choice":"AGREE","floor":4.0,"gold_loss":0.0,"damage_taken":0.0,"cards_obtained":["Doubt"]},{"damage_healed":0.0,"max_hp_gain":0.0,"max_hp_loss":0.0,"gold_gain":0.0,"event_name":"Match and Keep!","player_choice":"2 cards matched","floor":11.0,"gold_loss":0.0,"damage_taken":0.0,"cards_obtained":["Chaos","Buffer"]},{"damage_healed":0.0,"max_hp_gain":0.0,"max_hp_loss":0.0,"gold_gain":0.0,"event_name":"The Library","player_choice":"Read","floor":21.0,"gold_loss":0.0,"damage_taken":0.0,"cards_obtained":["Static Discharge"]},{"cards_removed":["Defend_B"],"damage_healed":0.0,"max_hp_gain":0.0,"max_hp_loss":0.0,"gold_gain":0.0,"event_name":"Back to Basics","player_choice":"Elegance","floor":22.0,"gold_loss":0.0,"damage_taken":0.0},{"damage_healed":0.0,"max_hp_gain":0.0,"max_hp_loss":0.0,"gold_gain":0.0,"event_name":"Addict","player_choice":"Stole Relic","floor":27.0,"gold_loss":0.0,"damage_taken":0.0,"relics_obtained":["Incense Burner"],"cards_obtained":["Shame"]},{"damage_healed":0.0,"max_hp_gain":0.0,"max_hp_loss":0.0,"gold_gain":0.0,"event_name":"SecretPortal","player_choice":"Ignored","floor":37.0,"gold_loss":0.0,"damage_taken":0.0},{"damage_healed":0.0,"max_hp_gain":0.0,"max_hp_loss":0.0,"gold_gain":275.0,"event_name":"Golden Shrine","player_choice":"Desecrate","floor":47.0,"gold_loss":0.0,"damage_taken":0.0,"cards_obtained":["Regret"]}],"is_beta":false,"boss_relics":[{"not_picked":["Fusion Hammer","Tiny House"],"picked":"Runic Pyramid"},{"not_picked":["Snecko Eye","Black Star"],"picked":"Empty Cage"}],"items_purged_floors":[19,29,39,53],"is_endless":false,"potions_floor_spawned":[5,13,14,23,24,25,30,38,44],"killed_by":"The Heart","ascension_level":4}}