{"host":"8by3m8mve9y2rhh4","time":1609293266,"event":{"mods":["BaseMod","Minty Spire (QoL Compilation)","Quick Restart"],"gold_per_floor":[114,114,2,2,14,14,46,46,46,77,91,102,130,130,130,232,232,243,243,260,278,278,308,308,80,80,80,108,121,152,168,168,267,317,327,347,362,5,24,24,24],"floor_reached":40,"playtime":1583,"items_purged":["Shame","Strike_R","Rupture"],"score":541,"play_id":"d34275bc-fd13-4103-baf8-cfe942f9120b","local_time":"20201230015426","is_ascension_mode":true,"campfire_choices":[{"data":"Rupture","floor":6,"key":"SMITH"},{"floor":8,"key":"REST"},{"floor":15,"key":"REST"},{"floor":24,"key":"REST"},{"floor":27,"key":"REST"},{"floor":32,"key":"REST"}],"circlet_count":0,"master_deck":["Strike_R","Strike_R","Strike_R","Defend_R+1","Defend_R+1","Defend_R+1","Defend_R","Bash+1","Headbutt","Rupture+1","Shrug It Off+1","Juggernaut+1","Armaments+1","Cleave","Demon Form","Heavy Blade+1","Combust","Twin Strike","Rampage+1","Disarm+1","Inflame","Iron Wave+1","Inflame+1","Inflame"],"relics":["Burning Blood","Pocketwatch","Pen Nib","Paper Frog","HornCleat","Pear","Bronze Scales","Black Star","War Paint","Ginger","Gremlin Horn","Bottled Tornado","Ancient Tea Set","Kunai","Bottled Flame","Tiny House","PreservedInsect"],"acts_visited":["Exordium","TheCity","TheBeyond"],"potions_floor_usage":[12,13,13,18,20,21,28,30,33,39,40],"damage_taken":[{"damage":6,"enemies":"Cultist","floor":1,"turns":3},{"damage":12,"enemies":"Small Slimes","floor":5,"turns":4},{"damage":28,"enemies":"Gremlin Nob","floor":7,"turns":4},{"damage":14,"enemies":"Lagavulin","floor":10,"turns":5},{"damage":0,"enemies":"Jaw Worm","floor":11,"turns":5},{"damage":11,"enemies":"Lots of Slimes","floor":12,"turns":4},{"damage":0,"enemies":"Gremlin Nob","floor":13,"turns":3},{"damage":51,"enemies":"Hexaghost","floor":16,"turns":9},{"damage":14,"enemies":"Shell Parasite","floor":18,"turns":6},{"damage":24,"enemies":"2 Thieves","floor":20,"turns":4},{"damage":24,"enemies":"Centurion and Healer","floor":21,"turns":5},{"damage":44,"enemies":"Book of Stabbing","floor":23,"turns":6},{"damage":35,"enemies":"Gremlin Leader","floor":28,"turns":7},{"damage":4,"enemies":"Snake Plant","floor":29,"turns":4},{"damage":38,"enemies":"Slavers","floor":30,"turns":5},{"damage":7,"enemies":"Snecko","floor":31,"turns":4},{"damage":40,"enemies":"Automaton","floor":33,"turns":9},{"damage":33,"enemies":"Orb Walker","floor":35,"turns":5},{"damage":7,"enemies":"3 Shapes","floor":36,"turns":7},{"damage":49,"enemies":"Jaw Worm Horde","floor":37,"turns":6},{"damage":17,"enemies":"Maw","floor":39,"turns":8},{"damage":27,"enemies":"Nemesis","floor":40,"turns":3}],"seed_played":"8688399842399838349","potions_obtained":[{"floor":5,"key":"SpeedPotion"},{"floor":10,"key":"Swift Potion"},{"floor":11,"key":"LiquidBronze"},{"floor":12,"key":"SteroidPotion"},{"floor":16,"key":"Strength Potion"},{"floor":18,"key":"Ancient Potion"},{"floor":28,"key":"CultistPotion"},{"floor":29,"key":"LiquidBronze"},{"floor":31,"key":"GamblersBrew"},{"floor":34,"key":"DuplicationPotion"},{"floor":39,"key":"SteroidPotion"}],"is_trial":false,"path_per_floor":["M","?","$","T","M","R","E","R","T","E","M","M","E","?","R","B",null,"M","?","M","M","?","E","R","$","T","R","E","M","E","M","R","B",null,"M","M","M","$","M","E"],"character_chosen":"IRONCLAD","items_purchased":["Rupture","Regen Potion","Twin Strike","Inflame","PreservedInsect"],"campfire_rested":5,"item_purchase_floors":[3,25,25,38,38],"current_hp_per_floor":[80,80,80,80,74,74,52,76,76,78,84,79,85,67,90,45,90,82,82,64,46,46,8,35,35,35,62,48,50,18,17,44,10,95,68,67,24,24,13,0,0],"gold":24,"neow_bonus":"ONE_RARE_RELIC","is_daily":false,"chose_seed":false,"campfire_upgraded":1,"win_rate":0.0,"timestamp":1609293266,"path_taken":["M","?","$","?","?","R","E","R","T","E","M","M","E","?","R","BOSS","M","?","M","?","?","E","R","$","T","R","E","M","E","M","R","BOSS","M","M","M","$","M","E"],"items_purchased_type":["Card","Potion","Card","Card","Relic"],"build_version":"2020-12-22","purchased_purges":3,"victory":false,"max_hp_per_floor":[80,80,80,80,80,80,80,80,80,90,90,90,90,90,90,90,90,90,90,90,90,90,90,90,90,90,90,90,90,90,90,90,90,95,95,95,95,95,95,95,95],"card_choices":[{"not_picked":["Hemokinesis","Wild Strike"],"picked":"Headbutt","floor":1},{"not_picked":["Clash","Sword Boomerang"],"picked":"Shrug It Off","floor":5},{"not_picked":["Dual Wield","Clash"],"picked":"Juggernaut","floor":7},{"not_picked":["Heavy Blade","Warcry"],"picked":"Armaments","floor":10},{"not_picked":["Armaments","Shrug It Off"],"picked":"Rupture","floor":11},{"not_picked":["Clothesline","Dropkick","Flex"],"picked":"SKIP","floor":12},{"not_picked":["Twin Strike","Anger"],"picked":"Cleave","floor":13},{"not_picked":["Reaper","Corruption"],"picked":"Demon Form","floor":16},{"not_picked":["Pommel Strike","Rupture"],"picked":"Heavy Blade+1","floor":18},{"not_picked":["Thunderclap","Reckless Charge","Perfected Strike"],"picked":"SKIP","floor":20},{"not_picked":["Pommel Strike","Cleave","Dual Wield"],"picked":"SKIP","floor":21},{"not_picked":["Dropkick","Battle Trance"],"picked":"Combust","floor":23},{"not_picked":["Flex+1","Pommel Strike+1"],"picked":"Rampage+1","floor":28},{"not_picked":["Headbutt","Cleave"],"picked":"Disarm+1","floor":29},{"not_picked":["Shrug It Off+1","True Grit"],"picked":"Inflame","floor":30},{"not_picked":["Havoc+1","Burning Pact","Armaments"],"picked":"SKIP","floor":31},{"not_picked":["Flex","Clothesline","Warcry"],"picked":"SKIP","floor":35},{"not_picked":["Pummel","Rampage+1"],"picked":"Iron Wave+1","floor":36},{"not_picked":["Pommel Strike+1","Rupture+1"],"picked":"Inflame+1","floor":37},{"not_picked":["Wild Strike+1","Rupture","Warcry+1"],"picked":"SKIP","floor":39}],"player_experience":620327,"relics_obtained":[{"floor":4,"key":"Pen Nib"},{"floor":7,"key":"Paper Frog"},{"floor":9,"key":"HornCleat"},{"floor":10,"key":"Pear"},{"floor":13,"key":"Bronze Scales"},{"floor":23,"key":"War Paint"},{"floor":23,"key":"Ginger"},{"floor":26,"key":"Gremlin Horn"},{"floor":28,"key":"Bottled Tornado"},{"floor":28,"key":"Ancient Tea Set"},{"floor":30,"key":"Kunai"},{"floor":30,"key":"Bottled Flame"}],"event_choices":[{"damage_healed":0,"gold_gain":0,"player_choice":"Upgraded","damage_taken":0,"max_hp_gain":0,"max_hp_loss":0,"event_name":"Upgrade Shrine","floor":2,"gold_loss":0,"cards_upgraded":["Bash"]},{"damage_healed":0,"gold_gain":0,"player_choice":"Entered Light","damage_taken":18,"max_hp_gain":0,"max_hp_loss":0,"event_name":"Shining Light","floor":14,"gold_loss":0,"cards_upgraded":["Defend_R","Defend_R"]},{"cards_removed":["Strike_R"],"damage_healed":0,"gold_gain":0,"player_choice":"Purged","damage_taken":0,"max_hp_gain":0,"max_hp_loss":0,"event_name":"Purifier","floor":19,"gold_loss":0},{"damage_healed":0,"gold_gain":0,"player_choice":"Forge","damage_taken":0,"max_hp_gain":0,"max_hp_loss":0,"event_name":"Accursed Blacksmith","floor":22,"gold_loss":0,"cards_upgraded":["Armaments"]}],"is_beta":false,"boss_relics":[{"not_picked":["Velvet Choker","Runic Pyramid"],"picked":"Black Star"},{"not_picked":["Pandora\u0027s Box","Coffee Dripper"],"picked":"Tiny House"}],"items_purged_floors":[3,25,38],"is_endless":false,"potions_floor_spawned":[5,10,11,12,16,18,28,29,31,39],"killed_by":"Nemesis","ascension_level":1}}