{"host":"jkgg7n5hn1slsm35","time":1609339087,"event":{"mods":["Aspiration","BaseMod","BetterRewards","Conspire","Googly Eyes","Gremlin Skip","Halation","Highlight Path","Hubris","Infinite Spire","Minty Spire (QoL Compilation)","Permanent Neow","StSLib","SuperFastMode","vexMod"],"gold_per_floor":[119,119,38,55,74,101,101,128,210,62,94,94,125,137,137,234,234,250,250,265,282,302,335,335,272,272,301,301,320,353,378,378,479,479,491,491,491,523,523,523,540,540,540,540,552,564,598,610,610,714,714,725,734,734,438,450,450,462,462,488,502,502,517,517,522,522,604,604,604,612,619,614,366,377,377,393,393,404,404,415,416,424,424,498,498,506,358,318,321,320,327,327,344,344,353,354,251,245,250,250,325,325,326,326,335,335,447,472,472,478,501,501,522,531,545,555,555,633,633,640,646,696,696,697,697,716,716,716,716,718,837,840,840,840,915,915,918,1013,1013,943,948,966,966,1067,1067,580,580,592,595,592,592,654,654,654,584,587,548,548],"floor_reached":157,"playtime":5093,"items_purged":["Shame"],"score":4169,"play_id":"6c905009-4ccb-4be6-b2b7-1a5501221d3c","local_time":"20201230153807","daily_mods":["SealedDeck","Heirloom","Time Dilation","DeadlyEvents","Elite Swarm","Lethality"],"is_ascension_mode":false,"campfire_choices":[{"data":"Feed","floor":7,"key":"SMITH"},{"data":"Barricade","floor":12,"key":"SMITH"},{"data":"Spot Weakness","floor":15,"key":"SMITH"},{"data":"infinitespire:Punishment","floor":24,"key":"SMITH"},{"data":"Feed","floor":28,"key":"SMITH"},{"data":"Body Slam","floor":32,"key":"SMITH"},{"floor":40,"key":"REST"},{"data":"Juggernaut","floor":42,"key":"SMITH"},{"data":"Juggernaut","floor":44,"key":"SMITH"},{"data":"Intimidate","floor":49,"key":"SMITH"},{"data":"Metallicize","floor":57,"key":"SMITH"},{"data":"Iron Wave","floor":59,"key":"SMITH"},{"data":"Clash","floor":62,"key":"SMITH"},{"data":"Shrug It Off","floor":66,"key":"SMITH"},{"data":"Berserk","floor":75,"key":"SMITH"},{"floor":83,"key":"REST"},{"floor":92,"key":"REST"},{"floor":100,"key":"REST"},{"data":"Iron Wave","floor":109,"key":"SMITH"},{"data":"Heavy Blade","floor":112,"key":"SMITH"},{"floor":117,"key":"REST"},{"data":"infinitespire:FutureSight","floor":125,"key":"SMITH"},{"data":"infinitespire:SevenWalls","floor":127,"key":"SMITH"},{"data":"Feed","floor":129,"key":"SMITH"},{"data":"Juggernaut","floor":134,"key":"SMITH"},{"data":"Gash","floor":143,"key":"SMITH"},{"data":"Juggernaut","floor":147,"key":"SMITH"},{"data":"Juggernaut","floor":151,"key":"SMITH"},{"data":"Body Slam","floor":154,"key":"SMITH"}],"circlet_count":0,"master_deck":["Iron Wave+1","Clash+1","Body Slam+1","Shrug It Off+1","Shrug It Off+1","Metallicize+1","Iron Wave+1","Feed+1","Limit Break+1","Barricade+1","infinitespire:Punishment+1","Heavy Blade+1","Feed+1","Body Slam+1","Juggernaut+1","Juggernaut+1","Clash+1","Shrug It Off+1","Entrench+1","Berserk+1","Berserk+1","infinitespire:SevenWalls+1","infinitespire:SevenWalls+1","Iron Wave+1","Feed+1","Juggernaut+1","Gash+1","Body Slam+1","Juggernaut+1","Shrug It Off+1","Juggernaut+1","Metallicize","Rage","Storm","Body Slam+1","infinitespire:FutureSight+1","Juggernaut","Metallicize","Juggernaut","Flash of Steel","Metallicize"],"relics":["Unceasing Top","infinitespire:Lychee Nut","Letter Opener","Blood Vial","Bottled Lightning","Strange Spoon","Regal Pillow","Lizard Tail","Gambling Chip","SlaversCollar","infinitespire:Satchel","vexMod:BarristanHead","White Beast Statue","halation:Toothbrush","vexMod:ScavengeHelm","halation:LettersToHer","Shovel","StrikeDummy","aspiration:DSix","Sozu","War Paint","halation:NonexistentMirror","halation:PromiseList","Bronze Scales","Torii","Empty Cage","Gremlin Horn","Red Skull","hubris:DisguiseKit","Mango","halation:BottledLove","Potion Belt","Brimstone","infinitespire:Beetle Shell","Strawberry","hubris:Spice","hubris:MobiusCoin","Meat on the Bone","halation:Diary","Orichalcum","halation:EternalFortune","aspiration:Lifesprig","Ginger","Whetstone","hubris:Icosahedron","Akabeko","Singing Bowl","Tiny Chest","infinitespire:BottledMercury","hubris:Backtick","Mummified Hand","hubris:PeanutButter"],"acts_visited":["Exordium","TheCity","TheBeyond","Exordium","TheCity","TheBeyond","Exordium","TheCity","TheBeyond","TheEnding"],"potions_floor_usage":[70,80],"damage_taken":[{"damage":0,"enemies":"Jaw Worm","floor":1,"turns":2},{"damage":0,"enemies":"infinitespire:Voidling","floor":4,"turns":1},{"damage":0,"enemies":"Small Slimes","floor":5,"turns":3},{"damage":0,"enemies":"Gremlin Nob","floor":6,"turns":3},{"damage":7,"enemies":"3 Sentries","floor":8,"turns":7},{"damage":5,"enemies":"Gremlin Nob","floor":11,"turns":4},{"damage":0,"enemies":"Lagavulin","floor":13,"turns":4},{"damage":2,"enemies":"Gremlin Gang","floor":14,"turns":3},{"damage":7,"enemies":"The Guardian","floor":16,"turns":6},{"damage":14,"enemies":"2 Thieves","floor":18,"turns":4},{"damage":4,"enemies":"conspire:FuzzyDice","floor":20,"turns":5},{"damage":9,"enemies":"Centurion and Healer","floor":21,"turns":4},{"damage":3,"enemies":"Snecko","floor":22,"turns":5},{"damage":0,"enemies":"Slavers","floor":23,"turns":3},{"damage":10,"enemies":"Book of Stabbing","floor":27,"turns":3},{"damage":3,"enemies":"Sentry and Sphere","floor":29,"turns":3},{"damage":8,"enemies":"Gremlin Leader","floor":30,"turns":4},{"damage":1,"enemies":"Nightmare","floor":31,"turns":5},{"damage":13,"enemies":"hubris:MusketHawk","floor":33,"turns":4},{"damage":32,"enemies":"3 Darklings","floor":35,"turns":6},{"damage":53,"enemies":"Nemesis","floor":38,"turns":5},{"damage":0,"enemies":"3 Shapes","floor":41,"turns":3},{"damage":0,"enemies":"Spire Growth","floor":45,"turns":2},{"damage":0,"enemies":"Transient","floor":46,"turns":5},{"damage":0,"enemies":"Giant Head","floor":47,"turns":6},{"damage":0,"enemies":"3 Darklings","floor":48,"turns":4},{"damage":59,"enemies":"Donu and Deca","floor":50,"turns":8},{"damage":13,"enemies":"Jaw Worm","floor":52,"turns":2},{"damage":0,"enemies":"Cultist","floor":53,"turns":2},{"damage":0,"enemies":"Small Slimes","floor":56,"turns":2},{"damage":0,"enemies":"3 Louse","floor":58,"turns":2},{"damage":0,"enemies":"Gremlin Nob","floor":61,"turns":2},{"damage":3,"enemies":"3 Sentries","floor":63,"turns":3},{"damage":0,"enemies":"Exordium Wildlife","floor":65,"turns":1},{"damage":9,"enemies":"The Guardian","floor":67,"turns":4},{"damage":0,"enemies":"Spheric Guardian","floor":69,"turns":2},{"damage":34,"enemies":"2 Thieves","floor":70,"turns":2},{"damage":17,"enemies":"Chosen and Byrds","floor":71,"turns":2},{"damage":1,"enemies":"Centurion and Healer","floor":72,"turns":3},{"damage":1,"enemies":"Gremlin Leader","floor":74,"turns":3},{"damage":25,"enemies":"Slavers","floor":76,"turns":3},{"damage":39,"enemies":"Book of Stabbing","floor":78,"turns":3},{"damage":41,"enemies":"Slavers","floor":80,"turns":4},{"damage":0,"enemies":"Snake Plant","floor":81,"turns":2},{"damage":0,"enemies":"Snecko","floor":82,"turns":2},{"damage":10,"enemies":"Automaton","floor":84,"turns":5},{"damage":0,"enemies":"3 Shapes","floor":86,"turns":2},{"damage":60,"enemies":"Reptomancer","floor":89,"turns":3},{"damage":30,"enemies":"Orb Walker","floor":90,"turns":2},{"damage":10,"enemies":"Giant Head","floor":91,"turns":4},{"damage":0,"enemies":"Reptomancer","floor":93,"turns":1},{"damage":28,"enemies":"Giant Head","floor":95,"turns":3},{"damage":0,"enemies":"3 Darklings","floor":96,"turns":1},{"damage":70,"enemies":"Maw","floor":98,"turns":3},{"damage":41,"enemies":"Reptomancer","floor":99,"turns":3},{"damage":126,"enemies":"Donu and Deca","floor":101,"turns":5},{"damage":0,"enemies":"Cultist","floor":103,"turns":2},{"damage":0,"enemies":"2 Louse","floor":105,"turns":1},{"damage":0,"enemies":"Jaw Worm","floor":107,"turns":1},{"damage":0,"enemies":"Gremlin Nob","floor":108,"turns":2},{"damage":25,"enemies":"Exordium Thugs","floor":110,"turns":2},{"damage":0,"enemies":"Lagavulin","floor":113,"turns":1},{"damage":0,"enemies":"Blue Slaver","floor":114,"turns":1},{"damage":34,"enemies":"3 Sentries","floor":115,"turns":2},{"damage":11,"enemies":"Looter","floor":116,"turns":2},{"damage":0,"enemies":"The Guardian","floor":118,"turns":4},{"damage":16,"enemies":"Chosen","floor":120,"turns":2},{"damage":14,"enemies":"Shell Parasite","floor":121,"turns":2},{"damage":0,"enemies":"Shelled Parasite and Fungi","floor":124,"turns":1},{"damage":0,"enemies":"Gremlin Leader","floor":126,"turns":2},{"damage":0,"enemies":"3 Cultists","floor":130,"turns":2},{"damage":74,"enemies":"Book of Stabbing","floor":131,"turns":3},{"damage":0,"enemies":"Centurion and Healer","floor":132,"turns":1},{"damage":0,"enemies":"Champ","floor":135,"turns":3},{"damage":0,"enemies":"3 Shapes","floor":137,"turns":2},{"damage":0,"enemies":"2 Orb Walkers","floor":138,"turns":1},{"damage":19,"enemies":"Nemesis","floor":141,"turns":3},{"damage":0,"enemies":"Reptomancer","floor":142,"turns":2},{"damage":0,"enemies":"Giant Head","floor":144,"turns":3},{"damage":84,"enemies":"Nemesis","floor":148,"turns":3},{"damage":0,"enemies":"Orb Walker","floor":149,"turns":1},{"damage":7,"enemies":"Giant Head","floor":150,"turns":3},{"damage":286,"enemies":"infinitespire:LordOfFortification","floor":152,"turns":9},{"damage":0,"enemies":"Shield and Spear","floor":156,"turns":3},{"damage":253,"enemies":"The Heart","floor":157,"turns":5}],"seed_played":"756443036728152238","potions_obtained":[{"floor":1,"key":"Regen Potion"},{"floor":5,"key":"Swift Potion"},{"floor":8,"key":"CultistPotion"}],"is_trial":true,"path_per_floor":["M","?","$","M","M","E","R","E","T","$","E","R","E","M","R","B",null,"M","AVR","M","M","M","E","R","?","T","E","R","M","E","NM","R","B",null,"M","?","?","E","?","R","M","R","T","R","M","M","E","M","R","B",null,"M","M","?","$","M","R","M","R","T","E","R","E","?","M","R","B",null,"M","M","M","M","$","E","R","E","T","E","?","E","M","M","R","B",null,"M","$","?","E","M","E","R","E","T","E","M","$","M","E","R","B",null,"M","?","M","?","M","E","R","M","T","R","E","M","E","M","R","B",null,"M","M","?","AVR","M","R","E","R","T","R","M","E","M","T","R","B",null,"M","?","?","$","E","E","R","E","T","$","R","E","M","E","R","B",null,"R","$","E","B"],"character_chosen":"IRONCLAD","items_purchased":["Ghostly Armor","Strange Spoon","War Paint","halation:NonexistentMirror","Gremlin Horn","Brimstone","halation:Diary","Metallicize","Singing Bowl","Tiny Chest","Flash of Steel","Metallicize"],"campfire_rested":5,"item_purchase_floors":[3,10,55,55,73,87,97,140,146,146,146,155],"current_hp_per_floor":[60,60,60,60,60,60,60,60,60,60,63,63,68,72,72,70,76,67,67,71,70,75,84,84,84,84,76,76,80,76,83,83,78,88,62,65,68,27,27,72,87,87,87,87,96,104,116,118,118,60,118,109,118,129,129,133,133,137,137,137,137,137,134,134,136,136,132,147,147,113,105,111,111,121,121,107,121,89,89,71,80,87,155,153,177,177,177,177,117,92,101,172,186,186,165,170,170,107,85,160,57,206,209,212,216,216,216,216,216,198,206,206,212,214,189,187,235,235,235,219,213,213,216,218,218,223,223,223,223,228,161,167,167,167,178,225,237,245,245,245,226,229,229,225,225,225,225,147,151,157,157,122,244,244,244,246,0,0],"gold":548,"neow_bonus":"","is_daily":false,"chose_seed":false,"campfire_upgraded":24,"win_rate":0.0,"timestamp":1609339087,"path_taken":["M","?","$","M","M","E","R","E","T","$","E","R","E","M","R","BOSS","M","AVR","M","?","M","E","R","?","T","E","R","M","?","NM","R","BOSS","M","?","?","?","?","R","M","R","T","R","M","M","?","M","R","BOSS","M","M","?","$","M","R","?","R","T","E","R","?","?","M","R","BOSS","M","M","?","M","?","E","R","E","T","E","?","E","M","M","R","BOSS","M","$","?","?","M","E","R","E","T","?","M","$","M","E","R","BOSS","M","?","M","?","M","E","R","M","T","R","E","?","E","M","R","BOSS","M","M","?","AVR","?","R","E","R","T","R","M","?","M","?","R","BOSS","M","?","?","$","?","E","R","E","T","$","R","E","M","E","R","BOSS","R","$","E","BOSS"],"items_purchased_type":["Card","Relic","Relic","Relic","Relic","Relic","Relic","Card","Relic","Relic","Card","Card"],"build_version":"2020-12-22","purchased_purges":1,"victory":false,"max_hp_per_floor":[60,60,60,60,60,60,60,64,64,64,68,68,68,72,72,76,76,80,80,80,80,80,84,84,84,84,84,84,84,84,84,84,88,88,92,95,98,102,102,102,110,110,110,110,114,114,118,118,118,118,118,122,126,129,129,133,133,137,137,137,137,137,137,137,137,137,141,147,147,147,151,151,151,155,155,159,173,173,173,173,177,177,177,177,177,177,177,177,177,177,188,188,200,200,200,203,203,203,203,203,206,206,209,212,216,216,216,216,216,223,231,231,227,227,231,235,235,235,235,235,238,238,241,241,241,241,241,233,233,233,225,229,221,221,225,225,237,245,245,245,237,229,229,225,225,225,225,231,233,239,239,244,244,244,244,246,246,246],"card_choices":[{"not_picked":["Heavy Blade","Wild Strike","Combust"],"picked":"SKIP","floor":1},{"not_picked":["Perfected Strike","Havoc"],"picked":"Iron Wave","floor":4},{"not_picked":["Uppercut","True Grit","Clothesline"],"picked":"SKIP","floor":5},{"not_picked":["Offering","Immolate"],"picked":"Feed","floor":6},{"not_picked":["Bludgeon","Berserk"],"picked":"Limit Break","floor":8},{"not_picked":["Immolate","hubris:StunningStrike"],"picked":"Barricade","floor":11},{"not_picked":["Double Tap","Fiend Fire","conspire:HitWhereItHurts"],"picked":"SKIP","floor":13},{"not_picked":["Flex","Blood for Blood","Flame Barrier"],"picked":"SKIP","floor":14},{"not_picked":["Disarm","Feel No Pain","Sentinel+1"],"picked":"SKIP","floor":18},{"not_picked":["Flex","Thunderclap","Havoc"],"picked":"SKIP","floor":20},{"not_picked":["hubris:SharpeningStone+1","Headbutt","hubris:CleavingFinish"],"picked":"SKIP","floor":21},{"not_picked":["Second Wind","Warcry+1"],"picked":"Heavy Blade","floor":22},{"not_picked":["Immolate","Double Tap","Demon Form"],"picked":"SKIP","floor":23},{"not_picked":["Impervious","conspire:HitWhereItHurts"],"picked":"Feed","floor":27},{"not_picked":["Pommel Strike","Clash+1"],"picked":"Body Slam","floor":29},{"not_picked":["Immolate","conspire:Purge"],"picked":"Juggernaut","floor":30},{"not_picked":["Barricade","Corruption"],"picked":"Juggernaut","floor":31},{"not_picked":["Reckless Charge+1","Havoc"],"picked":"Clash+1","floor":35},{"not_picked":["hubris:StunningStrike","conspire:HitWhereItHurts","Brutality"],"picked":"SKIP","floor":38},{"not_picked":["Entrench","Body Slam"],"picked":"Shrug It Off+1","floor":41},{"not_picked":["Blood for Blood+1","Perfected Strike+1"],"picked":"Entrench+1","floor":45},{"not_picked":["Ghostly Armor+1","Heavy Blade+1","Warcry+1"],"picked":"SKIP","floor":46},{"not_picked":["Brutality","Berserk","Impervious"],"picked":"SKIP","floor":47},{"not_picked":["Pommel Strike","Sever Soul+1","Burning Pact+1"],"picked":"SKIP","floor":48},{"not_picked":["Sword Boomerang","Dark Embrace","Entrench"],"picked":"SKIP","floor":52},{"not_picked":["Spot Weakness","hubris:SharpeningStone","Perfected Strike"],"picked":"SKIP","floor":53},{"not_picked":["Twin Strike","Headbutt","Dual Wield"],"picked":"SKIP","floor":56},{"not_picked":["Reckless Charge","Pummel","True Grit"],"picked":"SKIP","floor":58},{"not_picked":["Corruption","Berserk","Demon Form"],"picked":"SKIP","floor":61},{"not_picked":["Double Tap","Offering","Berserk"],"picked":"SKIP","floor":63},{"not_picked":["Searing Blow","Heavy Blade","Anger"],"picked":"SKIP","floor":65},{"not_picked":["Barricade","Fiend Fire"],"picked":"Berserk","floor":67},{"not_picked":["infinitespire:Punishment","infinitespire:FutureSight"],"picked":"infinitespire:SevenWalls","floor":68},{"not_picked":["Twin Strike","True Grit"],"picked":"Iron Wave","floor":69},{"not_picked":["Second Wind","Flex","Warcry+1"],"picked":"SKIP","floor":70},{"not_picked":["Armaments","Rupture+1","Warcry"],"picked":"SKIP","floor":71},{"not_picked":["Burning Pact","Anger"],"picked":"Feed","floor":72},{"not_picked":["Barricade","Brutality","Fiend Fire"],"picked":"SKIP","floor":74},{"not_picked":["Fiend Fire","Limit Break"],"picked":"Juggernaut","floor":76},{"not_picked":["Exhume","conspire:HitWhereItHurts","Limit Break","Multi-Cast"],"picked":"SKIP","floor":78},{"not_picked":["Bludgeon","Demon Form","Limit Break","Fission"],"picked":"SKIP","floor":80},{"not_picked":["Iron Wave","Heavy Blade+1","True Grit","Defragment"],"picked":"SKIP","floor":81},{"not_picked":["Armaments","Entrench","True Grit"],"picked":"Gash","floor":82},{"not_picked":["Second Wind","Sword Boomerang","Cold Snap"],"picked":"Body Slam+1","floor":86},{"not_picked":["Berserk","Offering","conspire:HitWhereItHurts","Rainbow"],"picked":"SKIP","floor":89},{"not_picked":["Sword Boomerang","hubris:ReadiedAction+1","Flame Barrier","Barrage"],"picked":"SKIP","floor":90},{"not_picked":["Bludgeon","Corruption","Demon Form","Core Surge"],"picked":"SKIP","floor":91},{"not_picked":["Exhume","hubris:StunningStrike","Berserk","Multi-Cast"],"picked":"SKIP","floor":93},{"not_picked":["Double Tap","hubris:StunningStrike","Core Surge"],"picked":"Juggernaut","floor":95},{"not_picked":["Perfected Strike+1","Headbutt","Genetic Algorithm"],"picked":"Shrug It Off+1","floor":96},{"not_picked":["Anger+1","Flex+1","Thunderclap+1","Redo"],"picked":"SKIP","floor":98},{"not_picked":["Demon Form","Fiend Fire","Brutality","Seek"],"picked":"SKIP","floor":99},{"not_picked":["Immolate","Feed","Fission"],"picked":"Juggernaut","floor":101},{"not_picked":["Thunderclap","Evolve","Perfected Strike","FTL"],"picked":"SKIP","floor":103},{"not_picked":["Warcry","Anger","infinitespire:OneForAll","Recycle"],"picked":"SKIP","floor":105},{"not_picked":["Rampage","Carnage","Turbo"],"picked":"Metallicize","floor":107},{"not_picked":["Limit Break","hubris:StunningStrike","Juggernaut","hubris:DoWhile"],"picked":"SKIP","floor":108},{"not_picked":["Havoc","Intimidate","Leap"],"picked":"Rage","floor":110},{"not_picked":["Feed","conspire:Purge","Demon Form","Thunder Strike"],"picked":"SKIP","floor":113},{"not_picked":["Sever Soul","Whirlwind","Armaments"],"picked":"Storm","floor":114},{"not_picked":["Limit Break","Berserk","Demon Form","Creative AI"],"picked":"SKIP","floor":115},{"not_picked":["Dropkick","hubris:SpiceAddiction","Wild Strike","Hologram"],"picked":"SKIP","floor":116},{"not_picked":["Sword Boomerang","hubris:SpiceAddiction","Clash","Consume"],"picked":"SKIP","floor":120},{"not_picked":["Warcry","Twin Strike","Leap"],"picked":"Body Slam","floor":121},{"not_picked":["hubris:SpiceAddiction","hubris:SpiceAddiction","Flame Barrier+1","Steam"],"picked":"SKIP","floor":124},{"not_picked":["Demon Form","Berserk","Corruption","Thunder Strike"],"picked":"SKIP","floor":126},{"not_picked":["Pommel Strike","hubris:SpiceAddiction","True Grit","Turbo"],"picked":"SKIP","floor":130},{"not_picked":["Feed","Berserk","hubris:DoWhile"],"picked":"Juggernaut","floor":131},{"not_picked":["Anger","Sword Boomerang+1","hubris:SpiceAddiction","White Noise"],"picked":"SKIP","floor":132},{"not_picked":["Havoc+1","Pommel Strike+1","hubris:SpiceAddiction","Tempest"],"picked":"SKIP","floor":137},{"not_picked":["Offering","Exhume","Meteor Strike"],"picked":"Juggernaut","floor":141},{"not_picked":["Juggernaut","hubris:StunningStrike","Exhume","Multi-Cast"],"picked":"SKIP","floor":142},{"not_picked":["Demon Form","Reaper","Brutality","Seek"],"picked":"SKIP","floor":144},{"not_picked":["Double Tap","Bludgeon","Fiend Fire","Seek"],"picked":"Singing Bowl","floor":148},{"not_picked":["Rampage","Rupture+1","Ghostly Armor","Sweeping Beam"],"picked":"Singing Bowl","floor":149},{"not_picked":["Juggernaut","Limit Break","Double Tap","Hyperbeam"],"picked":"Singing Bowl","floor":150},{"not_picked":["hubris:StunningStrike","Impervious","Berserk","hubris:SpecializedCircuitry"],"picked":"Singing Bowl","floor":152},{"not_picked":["Reaper","conspire:Purge","Double Tap","Thunder Strike"],"picked":"Singing Bowl","floor":156}],"player_experience":1804547,"relics_obtained":[{"floor":6,"key":"Letter Opener"},{"floor":8,"key":"Blood Vial"},{"floor":9,"key":"Bottled Lightning"},{"floor":11,"key":"Regal Pillow"},{"floor":13,"key":"Lizard Tail"},{"floor":23,"key":"infinitespire:Satchel"},{"floor":26,"key":"White Beast Statue"},{"floor":27,"key":"halation:Toothbrush"},{"floor":30,"key":"vexMod:ScavengeHelm"},{"floor":31,"key":"halation:LettersToHer"},{"floor":38,"key":"Shovel"},{"floor":43,"key":"halation:LettersToHer"},{"floor":43,"key":"StrikeDummy"},{"floor":47,"key":"aspiration:DSix"},{"floor":60,"key":"halation:LettersToHer"},{"floor":60,"key":"halation:PromiseList"},{"floor":61,"key":"Bronze Scales"},{"floor":63,"key":"Torii"},{"floor":74,"key":"Red Skull"},{"floor":76,"key":"hubris:DisguiseKit"},{"floor":77,"key":"halation:LettersToHer"},{"floor":77,"key":"Mango"},{"floor":78,"key":"halation:BottledLove"},{"floor":80,"key":"Potion Belt"},{"floor":89,"key":"infinitespire:Beetle Shell"},{"floor":91,"key":"Strawberry"},{"floor":93,"key":"hubris:Spice"},{"floor":94,"key":"halation:LettersToHer"},{"floor":94,"key":"hubris:MobiusCoin"},{"floor":95,"key":"Meat on the Bone"},{"floor":99,"key":"Orichalcum"},{"floor":108,"key":"aspiration:Lifesprig"},{"floor":111,"key":"halation:LettersToHer"},{"floor":111,"key":"hubris:Spice"},{"floor":113,"key":"hubris:Spice"},{"floor":121,"key":"halation:EternalFortune"},{"floor":126,"key":"Whetstone"},{"floor":128,"key":"halation:LettersToHer"},{"floor":128,"key":"hubris:Spice"},{"floor":131,"key":"hubris:Spice"},{"floor":133,"key":"halation:LettersToHer"},{"floor":133,"key":"hubris:Spice"},{"floor":141,"key":"hubris:Spice"},{"floor":142,"key":"hubris:Spice"},{"floor":144,"key":"hubris:Spice"},{"floor":145,"key":"halation:LettersToHer"},{"floor":145,"key":"Akabeko"},{"floor":150,"key":"infinitespire:BottledMercury"},{"floor":152,"key":"halation:EternalFortune"},{"floor":156,"key":"hubris:PeanutButter"}],"event_choices":[{"damage_healed":0,"gold_gain":0,"player_choice":"Forge","damage_taken":0,"max_hp_gain":0,"max_hp_loss":0,"event_name":"Accursed Blacksmith","floor":2,"gold_loss":0,"cards_upgraded":["Body Slam"]},{"damage_healed":0,"gold_gain":0,"player_choice":"Paid Gold","damage_taken":0,"relics_obtained":["vexMod:BarristanHead"],"max_hp_gain":0,"max_hp_loss":0,"event_name":"WeMeetAgain","floor":25,"gold_loss":63},{"cards_removed":["Flex"],"damage_healed":0,"gold_gain":0,"player_choice":"Removed Skill","damage_taken":0,"max_hp_gain":0,"max_hp_loss":0,"event_name":"Falling","floor":36,"gold_loss":0},{"cards_removed":["Flame Barrier"],"damage_healed":0,"gold_gain":0,"player_choice":"Purged","damage_taken":0,"max_hp_gain":0,"max_hp_loss":0,"event_name":"Purifier","floor":37,"gold_loss":0},{"cards_removed":["Ghostly Armor"],"damage_healed":8,"gold_gain":0,"player_choice":"Offered Uncommon","damage_taken":0,"max_hp_gain":0,"max_hp_loss":0,"event_name":"Bonfire Elementals","floor":54,"gold_loss":0},{"damage_healed":0,"gold_gain":0,"player_choice":"Upgrade","damage_taken":0,"max_hp_gain":0,"max_hp_loss":0,"event_name":"Designer","floor":88,"gold_loss":40,"cards_upgraded":["Berserk"]},{"damage_healed":0,"gold_gain":100,"player_choice":"Bet on Murderer","damage_taken":0,"max_hp_gain":0,"max_hp_loss":0,"event_name":"The Joust","floor":122,"gold_loss":50},{"damage_healed":0,"gold_gain":0,"player_choice":"Fight","damage_taken":0,"max_hp_gain":0,"max_hp_loss":0,"event_name":"Mysterious Sphere","floor":138,"gold_loss":0}],"is_beta":false,"boss_relics":[{"not_picked":["vexMod:FluxCapacitor","vexMod:EndlessSickness","aspiration:SilentSkillbook"]},{"not_picked":["hubris:TerracottaHorce","halation:ForbiddenBikini","halation:Yufonium"]},{"not_picked":["infinitespire:Burning Sword","conspire:SeveredTorchhead"],"picked":"Sozu"},{"not_picked":["aspiration:WatcherSkillbook","Mark of Pain"],"picked":"Empty Cage"},{"not_picked":["vexMod:EndlessSickness","aspiration:PoetsPen_weak","halation:PinkAlligatorPlush"]},{"not_picked":["halation:ForbiddenBikini","halation:LoveArrow","hubris:CrackedHourglass"]},{"not_picked":["hubris:Spice","Mark of Pain","halation:SmartPhone"]},{"not_picked":["hubris:Spice","hubris:Spice","hubris:Spice"]},{"not_picked":["vexMod:ImprovementManual","hubris:Spice"],"picked":"hubris:Backtick"}],"items_purged_floors":[123],"is_endless":true,"potions_floor_spawned":[1,5,8,16,18,27,29,30,33,35,38,41,45,46,47,48,50,52,53,56,58,61,63,65,67,69,70,71,72,74,76,78,80,81,82,84,86,89,90,91,93,95,96,98,99,101,103,105,107,108,110,113,114,115,116,118,120,121,124,126,130,131,132,135,137,138,141,142,144,148,149,150,152,156],"killed_by":"The Heart","ascension_level":0}}