{"host":"c936que3p8rnl5ii","time":1609315987,"event":{"mods":["AchievementEnabler","BaseMod","Block Reminder","Colored Powertips","DeckTracker","Minty Spire (QoL Compilation)","Quick Restart","StSLib"],"gold_per_floor":[110,110,123,89,64,64,64,64,132,132,163,187,211,176,176,295,295,309,309,70,70,88,88,101,53,77,97,131,151,151,151,151,274,274,293,293,30,49,9,9,23,23,46,3,3,19,38,38,38,38,38],"floor_reached":50,"playtime":2716,"items_purged":[],"score":458,"play_id":"8a19ca69-4d96-4c71-beb1-3eb1633b4f92","local_time":"20201230031307","is_ascension_mode":false,"campfire_choices":[{"data":"Zap","floor":6.0,"key":"SMITH"},{"data":"Static Discharge","floor":8.0,"key":"SMITH"},{"floor":15.0,"key":"REST"},{"data":"Rainbow","floor":23.0,"key":"SMITH"},{"data":"Dualcast","floor":30.0,"key":"SMITH"},{"data":"Chill","floor":32.0,"key":"SMITH"},{"data":"Sweeping Beam","floor":40,"key":"SMITH"},{"floor":45,"key":"REST"},{"floor":49,"key":"REST"}],"circlet_count":0,"master_deck":["Strike_B+1","Strike_B+1","Strike_B+1","Defend_B+1","Defend_B+1","Defend_B+1","Zap+1","Dualcast+1","Static Discharge+1","Rip and Tear","FTL","Chill+1","Rip and Tear","Rainbow+1","Rebound+1","FTL","Ball Lightning","Double Energy+1","Gash","Redo","Scrape","Echo Form","CurseOfTheBell","Sweeping Beam+1","Mind Blast","Darkness+1","Leap","Ball Lightning+1"],"relics":["Cracked Core","Golden Idol","Question Card","Gambling Chip","Busted Crown","Oddly Smooth Stone","Nunchaku","Eternal Feather","The Courier","Calling Bell","Omamori","HornCleat","Ice Cream","Bottled Tornado","Pen Nib"],"acts_visited":["TheCity","TheBeyond"],"potions_floor_usage":[41,41,41],"damage_taken":[{"damage":3.0,"enemies":"Small Slimes","floor":1.0,"turns":3.0},{"damage":1.0,"enemies":"Cultist","floor":3.0,"turns":3.0},{"damage":17.0,"enemies":"Lagavulin","floor":11.0,"turns":4.0},{"damage":0.0,"enemies":"2 Louse","floor":12.0,"turns":2.0},{"damage":9.0,"enemies":"Gremlin Gang","floor":13.0,"turns":4.0},{"damage":12.0,"enemies":"Slime Boss","floor":16.0,"turns":7.0},{"damage":0.0,"enemies":"Spheric Guardian","floor":18.0,"turns":4.0},{"damage":1.0,"enemies":"Chosen","floor":22.0,"turns":3.0},{"damage":3.0,"enemies":"Snecko","floor":24.0,"turns":3.0},{"damage":1.0,"enemies":"3 Cultists","floor":27.0,"turns":4.0},{"damage":25.0,"enemies":"Slavers","floor":28.0,"turns":4.0},{"damage":3.0,"enemies":"Centurion and Healer","floor":29.0,"turns":6.0},{"damage":85,"enemies":"Collector","floor":33,"turns":7},{"damage":11,"enemies":"3 Darklings","floor":35,"turns":5},{"damage":28,"enemies":"3 Shapes","floor":38,"turns":4},{"damage":49,"enemies":"Writhing Mass","floor":41,"turns":5},{"damage":8,"enemies":"3 Darklings","floor":46,"turns":4},{"damage":28,"enemies":"Transient","floor":47,"turns":5},{"damage":86,"enemies":"Donu and Deca","floor":50,"turns":7}],"seed_played":"1831676231248886483","potions_obtained":[{"floor":12.0,"key":"PotionOfCapacity"},{"floor":13.0,"key":"Block Potion"},{"floor":16.0,"key":"FairyPotion"},{"floor":18.0,"key":"LiquidBronze"},{"floor":35,"key":"AttackPotion"},{"floor":38,"key":"AttackPotion"}],"is_trial":false,"path_per_floor":["M","?","M","?","$","R","?","R","T","?","E","M","M","?","R","B",null,"M","?","$","?","M","R","M","$","T","M","E","M","R","T","R","B",null,"M","?","$","M","$","R","M","?","T","$","R","M","M","?","R","B"],"character_chosen":"DEFECT","items_purchased":["Leap","FTL","Ball Lightning","Oddly Smooth Stone","Gash","Bottled Tornado","Mind Blast","Explosive Potion","Leap"],"campfire_rested":3,"item_purchase_floors":[5,20,20,20,25,37,37,39,44],"current_hp_per_floor":[79,79,78,78,78,78,58,58,58,58,41,41,32,52,76,64,82,82,82,82,82,81,81,78,78,78,77,52,49,61,61,73,24,82,71,71,71,43,43,58,9,9,9,9,48,40,12,33,72,0,0],"gold":38,"neow_bonus":"TEN_PERCENT_HP_BONUS","is_daily":false,"chose_seed":false,"campfire_upgraded":6,"win_rate":0.0,"timestamp":1609315987,"path_taken":["M","?","M","?","$","R","?","R","T","?","E","?","M","?","R","BOSS","M","?","$","?","M","R","M","?","T","M","E","M","R","?","R","BOSS","M","?","$","M","$","R","M","?","T","$","R","M","?","?","R","BOSS"],"items_purchased_type":["Card","Card","Card","Relic","Card","Relic","Card","Potion","Card"],"build_version":"2020-12-22","purchased_purges":0,"victory":false,"max_hp_per_floor":[82,82,82,82,82,82,82,82,82,82,82,82,82,82,82,82,82,82,82,82,82,82,82,82,82,82,82,82,82,82,82,82,82,82,82,82,82,82,82,82,82,82,82,82,82,82,82,82,82,82,82],"card_choices":[{"not_picked":["Leap","Steam"],"picked":"Static Discharge","floor":1.0},{"not_picked":["Go for the Eyes","Reprogram"],"picked":"Rip and Tear","floor":3.0},{"not_picked":["Beam Cell","Compile Driver","Streamline"],"picked":"FTL","floor":11.0},{"not_picked":["Barrage","Tempest","Steam"],"picked":"Chill","floor":12.0},{"not_picked":["Heatsinks","Cold Snap","Go for the Eyes"],"picked":"Rip and Tear","floor":13.0},{"not_picked":["All For One","Amplify","Thunder Strike"],"picked":"Rainbow","floor":16.0},{"not_picked":["Hologram+1"],"picked":"Rebound+1","floor":18.0},{"not_picked":["Heatsinks","Blizzard+1"],"picked":"SKIP","floor":22.0},{"not_picked":["Beam Cell"],"picked":"Double Energy+1","floor":24.0},{"not_picked":["Auto Shields"],"picked":"Redo","floor":27.0},{"not_picked":["Ball Lightning+1"],"picked":"Scrape","floor":28.0},{"not_picked":["Barrage","Cold Snap"],"picked":"SKIP","floor":29.0},{"not_picked":["Multi-Cast"],"picked":"Echo Form","floor":33},{"not_picked":["Coolheaded+1"],"picked":"Sweeping Beam","floor":35},{"not_picked":["Barrage+1"],"picked":"Darkness+1","floor":38},{"not_picked":["Beam Cell","Rebound+1"],"picked":"SKIP","floor":41},{"not_picked":["Rip and Tear+1","Steam"],"picked":"SKIP","floor":46},{"not_picked":["Streamline+1"],"picked":"Ball Lightning+1","floor":47}],"player_experience":98728,"relics_obtained":[{"floor":9.0,"key":"Question Card"},{"floor":11.0,"key":"Gambling Chip"},{"floor":26.0,"key":"Nunchaku"},{"floor":28.0,"key":"Eternal Feather"},{"floor":31.0,"key":"The Courier"},{"floor":34,"key":"Omamori"},{"floor":34,"key":"HornCleat"},{"floor":34,"key":"Ice Cream"},{"floor":43,"key":"Pen Nib"}],"event_choices":[{"cards_removed":["Strike_B"],"damage_healed":0.0,"max_hp_gain":0.0,"max_hp_loss":0.0,"gold_gain":0.0,"event_name":"Bonfire Elementals","player_choice":"Offered Basic","floor":2.0,"gold_loss":0.0,"damage_taken":0.0},{"damage_healed":0.0,"max_hp_gain":0.0,"max_hp_loss":0.0,"gold_gain":0.0,"event_name":"World of Goop","player_choice":"Left Gold","floor":4.0,"gold_loss":34.0,"damage_taken":0.0},{"damage_healed":0.0,"max_hp_gain":0.0,"max_hp_loss":0.0,"gold_gain":0.0,"event_name":"Golden Idol","player_choice":"Take Damage","floor":7.0,"gold_loss":0.0,"damage_taken":20.0,"relics_obtained":["Golden Idol"]},{"cards_removed":["Defend_B"],"damage_healed":0.0,"max_hp_gain":0.0,"max_hp_loss":0.0,"gold_gain":0.0,"event_name":"Purifier","player_choice":"Purged","floor":10.0,"gold_loss":0.0,"damage_taken":0.0},{"damage_healed":20.0,"max_hp_gain":0.0,"max_hp_loss":0.0,"gold_gain":0.0,"event_name":"The Cleric","player_choice":"Healed","floor":14.0,"gold_loss":35.0,"damage_taken":0.0},{"damage_healed":0.0,"max_hp_gain":0.0,"max_hp_loss":0.0,"gold_gain":0.0,"event_name":"Back to Basics","player_choice":"Simplicity","floor":19.0,"gold_loss":0.0,"damage_taken":0.0,"cards_upgraded":["Strike_B","Strike_B","Strike_B","Defend_B","Defend_B","Defend_B"]},{"damage_healed":0.0,"max_hp_gain":0.0,"max_hp_loss":0.0,"gold_gain":0.0,"event_name":"Vampires","player_choice":"Ignored","floor":21.0,"gold_loss":0.0,"damage_taken":0.0},{"cards_removed":["Leap"],"damage_healed":0,"gold_gain":0,"player_choice":"Removed Skill","damage_taken":0,"max_hp_gain":0,"max_hp_loss":0,"event_name":"Falling","floor":36,"gold_loss":0},{"damage_healed":0,"gold_gain":0,"player_choice":"Ignored","damage_taken":0,"max_hp_gain":0,"max_hp_loss":0,"event_name":"Mysterious Sphere","floor":42,"gold_loss":0},{"damage_healed":21,"gold_gain":0,"player_choice":"Writhe","damage_taken":0,"max_hp_gain":0,"max_hp_loss":0,"event_name":"Winding Halls","floor":48,"gold_loss":0,"cards_obtained":["Writhe"]}],"is_beta":false,"boss_relics":[{"not_picked":["Philosopher\u0027s Stone","Black Star"],"picked":"Busted Crown"},{"not_picked":["Cursed Key","Inserter"],"picked":"Calling Bell"}],"items_purged_floors":[],"is_endless":false,"potions_floor_spawned":[12,13,16,18,22,35,38],"killed_by":"Donu and Deca","ascension_level":0}}