{"host":"ln76an1o32p2wxtf","time":1609337466,"event":{"mods":["AchievementEnabler","Act Like it!","BaseMod","BetterRewards","Colored Powertips","Energized Spire","GifTheSpireLib","Infinite Spire","Minty Spire (QoL Compilation)","Shop Mod","StSLib"],"gold_per_floor":[110,125,125,125,140,173,173,207,234,261,274,289,160,173,173,273,273,287,287,287,304,317,346,366,366,366,400,500,500,173,207,207,207,207],"floor_reached":33,"playtime":2984,"items_purged":["Defend_P","Defend_P"],"score":419,"play_id":"28c0e593-4324-4202-8b91-fb1ff34c8d7b","local_time":"20201230221105","is_ascension_mode":true,"campfire_choices":[{"floor":7.0,"key":"REST"},{"floor":15.0,"key":"REST"},{"floor":25.0,"key":"RECALL"},{"floor":29.0,"key":"REST"},{"floor":32.0,"key":"REST"}],"circlet_count":0,"master_deck":["Defend_P","Defend_P","Eruption","Vigilance","BattleHymn","Consecrate","CutThroughFate","BattleHymn","DeusExMachina","Prostrate","Prostrate","Prostrate","Scrawl","Consecrate","ConjureBlade","Bite","Bite","Bite","Bite","Bite","Study"],"relics":["Black Star","Bag of Marbles","Nunchaku","Omamori","PreservedInsect","Potion Belt","infinitespire:CheckeredPen","Pear","energizedSpire:RedRose","MealTicket","Strawberry","StrikeDummy","White Beast Statue","infinitespire:Joker Card","Kunai","Sling","Gremlin Horn","Toy Ornithopter"],"acts_visited":["Exordium","TheCity"],"potions_floor_usage":[33,33],"damage_taken":[{"damage":6.0,"enemies":"2 Louse","floor":1.0,"turns":4.0},{"damage":3.0,"enemies":"Jaw Worm","floor":2.0,"turns":2.0},{"damage":0.0,"enemies":"Cultist","floor":5.0,"turns":4.0},{"damage":28.0,"enemies":"Gremlin Nob","floor":6.0,"turns":3.0},{"damage":22.0,"enemies":"3 Sentries","floor":8.0,"turns":6.0},{"damage":8.0,"enemies":"Gremlin Nob","floor":10.0,"turns":3.0},{"damage":0.0,"enemies":"Exordium Wildlife","floor":11.0,"turns":3.0},{"damage":3.0,"enemies":"2 Fungi Beasts","floor":12.0,"turns":3.0},{"damage":0.0,"enemies":"Blue Slaver","floor":14.0,"turns":2.0},{"damage":35.0,"enemies":"Hexaghost","floor":16.0,"turns":5.0},{"damage":29.0,"enemies":"2 Thieves","floor":18.0,"turns":4.0},{"damage":5.0,"enemies":"Chosen","floor":21.0,"turns":3.0},{"damage":30.0,"enemies":"Snake Plant","floor":22.0,"turns":4.0},{"damage":0.0,"enemies":"Slavers","floor":23.0,"turns":1.0},{"damage":10.0,"enemies":"Cultist and Chosen","floor":24.0,"turns":4.0},{"damage":3.0,"enemies":"Gremlin Leader","floor":27.0,"turns":3.0},{"damage":42.0,"enemies":"Colosseum Slavers","floor":28.0,"turns":4.0},{"damage":22.0,"enemies":"Colosseum Nobs","floor":28.0,"turns":4.0},{"damage":38.0,"enemies":"Slavers","floor":31.0,"turns":3.0},{"damage":81,"enemies":"Champ","floor":33,"turns":6}],"seed_played":"7084540604300886012","potions_obtained":[{"floor":1.0,"key":"EssenceOfSteel"},{"floor":2.0,"key":"SkillPotion"},{"floor":5.0,"key":"LiquidBronze"},{"floor":11.0,"key":"Ambrosia"},{"floor":12.0,"key":"BottledMiracle"},{"floor":18.0,"key":"FearPotion"},{"floor":23.0,"key":"Regen Potion"},{"floor":24.0,"key":"Weak Potion"},{"floor":28.0,"key":"BottledMiracle"},{"floor":31.0,"key":"GamblersBrew"}],"is_trial":false,"path_per_floor":["M","M","?","?","M","E","R","E","T","E","M","M","$","M","R","B",null,"M","?","?","M","M","E","M","R","T","E","?","R","$","E","R","B"],"character_chosen":"WATCHER","items_purchased":["Prostrate","Sling","Study"],"campfire_rested":4,"item_purchase_floors":[13,30,30],"current_hp_per_floor":[66,63,56,56,56,28,49,27,27,29,29,26,26,26,50,15,82,53,53,53,52,27,34,34,34,34,39,3,22,37,9,28,0,0],"gold":207,"neow_bonus":"BOSS_RELIC","is_daily":false,"chose_seed":false,"campfire_upgraded":0,"win_rate":0.0,"timestamp":1609337465,"path_taken":["M","M","?","?","M","E","R","E","T","E","?","M","$","M","R","BOSS","M","?","?","M","M","E","M","R","T","E","?","R","?","E","R","BOSS"],"items_purchased_type":["Card","Relic","Card"],"build_version":"2020-12-22","purchased_purges":2,"victory":false,"max_hp_per_floor":[72,72,72,72,72,72,72,72,72,82,82,82,82,82,82,82,82,82,82,57,57,57,64,64,64,64,64,64,64,64,64,64,64,64],"card_choices":[{"not_picked":["FollowUp","Swivel"],"picked":"BattleHymn","floor":1.0},{"not_picked":["Meditate","FlyingSleeves"],"picked":"Consecrate","floor":2.0},{"not_picked":["JustLucky","EmptyFist"],"picked":"CutThroughFate","floor":5.0},{"not_picked":["Swivel","FlyingSleeves","Indignation"],"picked":"SKIP","floor":6.0},{"not_picked":["EmptyBody","Swivel"],"picked":"BattleHymn","floor":8.0},{"not_picked":["CrushJoints","EmptyMind"],"picked":"DeusExMachina","floor":10.0},{"not_picked":["ThirdEye","InnerPeace","Adaptation"],"picked":"SKIP","floor":11.0},{"not_picked":["Evaluate","ClearTheMind"],"picked":"Prostrate","floor":12.0},{"not_picked":["Crescendo","Evaluate"],"picked":"Prostrate","floor":14.0},{"not_picked":["Blasphemy","DeusExMachina"],"picked":"Scrawl","floor":16.0},{"not_picked":["FlyingSleeves+1","SashWhip"],"picked":"Consecrate","floor":18.0},{"not_picked":["CrushJoints","Tantrum","Halt"],"picked":"SKIP","floor":21.0},{"not_picked":["BowlingBash","Evaluate+1","LikeWater"],"picked":"SKIP","floor":22.0},{"not_picked":["Evaluate+1","ConjureBlade","Collect"],"picked":"SKIP","floor":23.0},{"not_picked":["EmptyFist","ThirdEye","Vengeance"],"picked":"SKIP","floor":24.0},{"not_picked":["CutThroughFate","MentalFortress","Tantrum"],"picked":"SKIP","floor":27.0},{"not_picked":["Weave","FollowUp+1","Establishment"],"picked":"SKIP","floor":31.0}],"player_experience":669532,"relics_obtained":[{"floor":6.0,"key":"Bag of Marbles"},{"floor":6.0,"key":"Nunchaku"},{"floor":8.0,"key":"Omamori"},{"floor":8.0,"key":"PreservedInsect"},{"floor":9.0,"key":"Potion Belt"},{"floor":10.0,"key":"infinitespire:CheckeredPen"},{"floor":10.0,"key":"Pear"},{"floor":23.0,"key":"MealTicket"},{"floor":23.0,"key":"Strawberry"},{"floor":27.0,"key":"StrikeDummy"},{"floor":27.0,"key":"White Beast Statue"},{"floor":28.0,"key":"infinitespire:Joker Card"},{"floor":28.0,"key":"Kunai"},{"floor":31.0,"key":"Gremlin Horn"},{"floor":31.0,"key":"Toy Ornithopter"}],"event_choices":[{"cards_removed":["Strike_P"],"damage_healed":0.0,"max_hp_gain":0.0,"max_hp_loss":0.0,"gold_gain":0.0,"event_name":"Golden Wing","player_choice":"Card Removal","floor":3.0,"gold_loss":0.0,"damage_taken":7.0},{"damage_healed":0.0,"max_hp_gain":0.0,"max_hp_loss":0.0,"gold_gain":0.0,"event_name":"NoteForYourself","player_choice":"Ignored","floor":4.0,"gold_loss":0.0,"damage_taken":0.0},{"damage_healed":0.0,"max_hp_gain":0.0,"max_hp_loss":0.0,"gold_gain":0.0,"event_name":"The Library","player_choice":"Read","floor":19.0,"gold_loss":0.0,"damage_taken":0.0,"cards_obtained":["ConjureBlade"]},{"damage_healed":0.0,"max_hp_gain":0.0,"max_hp_loss":25.0,"gold_gain":0.0,"event_name":"Vampires","player_choice":"Became a vampire","floor":20.0,"gold_loss":0.0,"damage_taken":0.0,"cards_obtained":["Bite","Bite","Bite","Bite","Bite"]},{"damage_healed":0.0,"max_hp_gain":0.0,"max_hp_loss":0.0,"gold_gain":0.0,"event_name":"Colosseum","player_choice":"Fight","floor":28.0,"gold_loss":0.0,"damage_taken":0.0},{"damage_healed":0.0,"max_hp_gain":0.0,"max_hp_loss":0.0,"gold_gain":0.0,"event_name":"Colosseum","player_choice":"Fought Nobs","floor":28.0,"gold_loss":0.0,"damage_taken":0.0}],"is_beta":false,"boss_relics":[{"not_picked":["energizedSpire:EnergizedDie","Snecko Eye"],"picked":"energizedSpire:RedRose"}],"items_purged_floors":[13,30],"is_endless":false,"potions_floor_spawned":[1,2,5,11,12,18,23,24,28,28,31],"killed_by":"Champ","ascension_level":1}}