{"host":"2yqfi47fogfu1ic4","time":1609359007,"event":{"mods":["AchievementEnabler","BaseMod","Colored Map","Colored Powertips","Highlight Path","Minty Spire (QoL Compilation)","Permanent Neow","Relic Stats","StSLib"],"gold_per_floor":[99,99,99,99,99,99,99,99,99,59,59,59,59,59,59,59,59,59,59,59,59,59,59,59],"floor_reached":23,"playtime":1796,"items_purged":[],"score":506,"play_id":"d19680ad-431e-478e-8864-51ccccd2b6f0","local_time":"20201230211007","is_ascension_mode":true,"campfire_choices":[{"data":"Die Die Die","floor":6.0,"key":"SMITH"},{"data":"Envenom","floor":8.0,"key":"SMITH"},{"data":"Sucker Punch","floor":12,"key":"SMITH"},{"floor":15,"key":"REST"}],"circlet_count":0,"master_deck":["AscendersBane","Strike_G","Strike_G","Strike_G","Strike_G","Defend_G","Defend_G+1","Defend_G","Defend_G","Defend_G","Survivor","Neutralize","Finisher","Sucker Punch+1","Quick Slash","Die Die Die+1","Envenom+1","PiercingWail","Riddle With Holes","Blur","Backflip+1","Doppelganger","PiercingWail","Die Die Die+1","Leg Sweep","Blade Dance"],"relics":["Ectoplasm","Pen Nib","StrikeDummy","Omamori","Black Star","War Paint"],"acts_visited":["Exordium","TheCity"],"potions_floor_usage":[16,18,22,23],"damage_taken":[{"damage":4.0,"enemies":"Small Slimes","floor":1.0,"turns":3.0},{"damage":4.0,"enemies":"Jaw Worm","floor":2.0,"turns":4.0},{"damage":0.0,"enemies":"Cultist","floor":4.0,"turns":2.0},{"damage":14.0,"enemies":"3 Sentries","floor":7.0,"turns":6.0},{"damage":3.0,"enemies":"Looter","floor":10.0,"turns":3.0},{"damage":10.0,"enemies":"Lots of Slimes","floor":11.0,"turns":4.0},{"damage":0,"enemies":"2 Fungi Beasts","floor":13,"turns":2},{"damage":16,"enemies":"Gremlin Nob","floor":14,"turns":4},{"damage":0,"enemies":"Slime Boss","floor":16,"turns":7},{"damage":0,"enemies":"Spheric Guardian","floor":18,"turns":3},{"damage":17,"enemies":"Shell Parasite","floor":21,"turns":6},{"damage":15,"enemies":"Chosen and Byrds","floor":22,"turns":6},{"damage":28,"enemies":"Book of Stabbing","floor":23,"turns":4}],"seed_played":"-2848192815322026969","potions_obtained":[{"floor":1.0,"key":"DistilledChaos"},{"floor":7.0,"key":"PowerPotion"},{"floor":10.0,"key":"LiquidBronze"},{"floor":13,"key":"SpeedPotion"},{"floor":14,"key":"BlessingOfTheForge"},{"floor":21,"key":"SkillPotion"},{"floor":22,"key":"Explosive Potion"}],"is_trial":false,"path_per_floor":["M","M","?","M","?","R","E","R","T","M","M","R","M","E","R","B",null,"M","?","?","M","M","E"],"character_chosen":"THE_SILENT","items_purchased":[],"campfire_rested":1,"item_purchase_floors":[],"current_hp_per_floor":[55,51,51,51,51,51,37,37,37,34,24,24,24,8,27,27,56,56,56,56,39,24,0,0],"gold":59,"neow_bonus":"BOSS_RELIC","is_daily":false,"chose_seed":false,"campfire_upgraded":3,"win_rate":0.0,"timestamp":1609359007,"path_taken":["M","M","?","M","?","R","E","R","T","M","?","R","M","E","R","BOSS","M","?","?","M","M","E"],"items_purchased_type":[],"build_version":"2020-12-22","purchased_purges":0,"victory":false,"max_hp_per_floor":[66,66,66,66,66,66,66,66,66,66,66,66,66,66,66,66,66,66,66,66,66,66,66,66],"relic_stats":{"counters":[13,54],"Ectoplasm":279,"Pen Nib":[7],"Black Star":0,"War Paint":["Defend_G","Backflip"],"obtain_stats":[{"Ectoplasm":0,"Pen Nib":7,"Omamori":14,"Black Star":17,"War Paint":19,"StrikeDummy":9,"Ring of the Snake":0},{"Ectoplasm":0,"Pen Nib":4,"Omamori":8,"Black Star":9,"War Paint":10,"StrikeDummy":4,"Ring of the Snake":0},{"Ectoplasm":0,"Pen Nib":15,"Omamori":28,"Black Star":35,"War Paint":38,"StrikeDummy":15,"Ring of the Snake":0}]},"card_choices":[{"not_picked":["Deflect","Deadly Poison"],"picked":"Finisher","floor":1.0},{"not_picked":["Deadly Poison","Calculated Gamble"],"picked":"Sucker Punch","floor":2.0},{"not_picked":["Footwork","Flying Knee"],"picked":"Quick Slash","floor":4.0},{"not_picked":["Bane","Flying Knee"],"picked":"Envenom","floor":7.0},{"not_picked":["Poisoned Stab","Flying Knee"],"picked":"PiercingWail","floor":10.0},{"not_picked":["Crippling Poison","Concentrate"],"picked":"Riddle With Holes","floor":11},{"not_picked":["Dagger Spray","Endless Agony"],"picked":"Blur","floor":13},{"not_picked":["Dagger Throw","Calculated Gamble"],"picked":"Backflip","floor":14},{"not_picked":["Bullet Time","Tools of the Trade"],"picked":"Doppelganger","floor":16},{"not_picked":["Quick Slash","Calculated Gamble"],"picked":"PiercingWail","floor":18},{"not_picked":["Bane","Footwork"],"picked":"Leg Sweep","floor":21},{"not_picked":["Leg Sweep","Well Laid Plans"],"picked":"Blade Dance","floor":22}],"player_experience":1964139,"relics_obtained":[{"floor":7.0,"key":"Pen Nib"},{"floor":9.0,"key":"StrikeDummy"},{"floor":14,"key":"Omamori"}],"event_choices":[{"damage_healed":0.0,"max_hp_gain":0.0,"max_hp_loss":0.0,"gold_gain":0.0,"event_name":"The Cleric","player_choice":"Leave","floor":3.0,"gold_loss":0.0,"damage_taken":0.0},{"damage_healed":0.0,"max_hp_gain":0.0,"max_hp_loss":0.0,"gold_gain":0.0,"cards_transformed":["Strike_G"],"event_name":"Transmorgrifier","player_choice":"Transformed","floor":5.0,"gold_loss":0.0,"damage_taken":0.0,"cards_obtained":["Die Die Die"]},{"damage_healed":0,"gold_gain":0,"player_choice":"Opened","damage_taken":0,"relics_obtained":["War Paint"],"max_hp_gain":0,"max_hp_loss":0,"event_name":"The Mausoleum","floor":19,"gold_loss":0,"cards_obtained":["Writhe"]},{"damage_healed":0,"gold_gain":0,"player_choice":"Copied","damage_taken":0,"max_hp_gain":0,"max_hp_loss":0,"event_name":"Duplicator","floor":20,"gold_loss":0,"cards_obtained":["Die Die Die"]}],"is_beta":false,"boss_relics":[{"not_picked":["HoveringKite","SacredBark"],"picked":"Black Star"}],"items_purged_floors":[],"is_endless":false,"potions_floor_spawned":[1,7,10,13,14,21,22],"killed_by":"Book of Stabbing","ascension_level":20}}