{"host":"89b1o62hw5aqf71h","time":1609369365,"event":{"mods":["Ascension Reborn","Ascension Unlocker","Aspiration","Bard","BaseMod","Bestiary","Better Silent Start","Better-Laid Plans","BetterRewards","CatGirl Mod","Challenge The Spire","Colored Map","Colored Powertips","Conspire","Downfall","Energized Spire","Hubris","Infinite Spire","JesterMod","Marisa????????","Mimic Mod","Minty Spire (QoL Compilation)","Potionbrewer","Random Character Button","Random Character Mod","Replay The Spire","Retaliation","Shop Mod","Small Relic Pack","Spicy Shops","Spikes Relics","StSLib","The Blue Laboratory","The Hierophant","The Poker Player","The Saiyan","The Vixen","TheArtist","TheVelvet","Thieving Mod","Uncapped","Waifu the Spire","everything is the same but u backflip on backflip","vexMod","??????REMEMod"],"gold_per_floor":[95,134,160,160,158,158,176,170,226,226,253,277,314,314,314,294,294],"floor_reached":16,"playtime":1276,"items_purged":["Normality","sneckomod:SerpentMind"],"score":112,"play_id":"d945873a-722d-44be-be55-cc6294e68ffa","local_time":"20201230180245","is_ascension_mode":true,"campfire_choices":[{"floor":6,"key":"REST"},{"floor":10,"key":"REST"},{"data":"hierophant:Flagellation","floor":15,"key":"SMITH"}],"circlet_count":0,"master_deck":["hierophant:Strike_Hierophant","hierophant:Strike_Hierophant","hierophant:Strike_Hierophant","hierophant:Punish","hierophant:Defend_Hierophant","hierophant:Defend_Hierophant","hierophant:Defend_Hierophant","hierophant:Defend_Hierophant","hierophant:ChurchCoffers","hierophant:Repentance","hierophant:RustyCrate","hierophant:Doubloon+1","hierophant:Doubloon","hierophant:Smite","hierophant:SolarFlare","hierophant:OrnateBuckler","hierophant:ThreeLashes+1","hierophant:Smite","hierophant:OrnateBuckler","hubris:NaturalOne","hierophant:Smite","hierophant:OrnateBuckler","hierophant:HammerAndAnvil","hierophant:Flagellation+1","hierophant:Flagellation+1"],"relics":["hierophant:PropheticMaskRelic","REME_ComplimentaryCards","Membership Card","infinitespire:Midas Blood","REME_HandOfSuture","hubris:Icosahedron","downfall:HeartBlessingGreen","RetroEgg","infinitespire:WardingShard","Bronze Scales","potionbrewer:Torch","Potion Belt","aspiration:SeaSaltIceCream","aspiration:Nostalgia","Burning Blood"],"acts_visited":["Exordium"],"potions_floor_usage":[7,13],"damage_taken":[{"damage":6,"enemies":"Cultist","floor":1,"turns":3},{"damage":1,"enemies":"conspire:RoseBush","floor":2,"turns":1},{"damage":10,"enemies":"infinitespire:Voidling","floor":3,"turns":2},{"damage":3,"enemies":"Large Slime","floor":5,"turns":3},{"damage":5,"enemies":"Lagavulin","floor":7,"turns":7},{"damage":3,"enemies":"Exordium Thugs","floor":8,"turns":4},{"damage":4,"enemies":"Looter","floor":9,"turns":8},{"damage":10,"enemies":"Looter","floor":12,"turns":3},{"damage":17,"enemies":"Replay:BlueRogue","floor":13,"turns":4},{"damage":29,"enemies":"The Guardian","floor":16,"turns":8}],"seed_played":"-8545803143480545547","potions_obtained":[{"floor":1,"key":"Energy Potion"},{"floor":2,"key":"FearPotion"},{"floor":7,"key":"potionbrewer:DiscountPotion"},{"floor":13,"key":"blueLaboratory:PyrophylliteBrew"}],"is_trial":false,"path_per_floor":["M","M","M","?","M","R","E","M","MIM","R","T","M","E","?","R","B"],"character_chosen":"HIEROPHANT","items_purchased":["Membership Card","infinitespire:Midas Blood","REME_HandOfSuture","hierophant:Repentance","hierophant:RustyCrate"],"campfire_rested":2,"item_purchase_floors":[0,0,0,0,0],"current_hp_per_floor":[34,33,27,27,24,46,41,38,34,56,56,46,29,29,29,0,0],"gold":294,"neow_bonus":"","is_daily":false,"chose_seed":false,"campfire_upgraded":1,"win_rate":0.0,"timestamp":1609369365,"path_taken":["M","?","M","?","M","R","E","?","MIM","R","?","M","E","?","R","BOSS"],"items_purchased_type":["Relic","Relic","Relic","Card","Card"],"build_version":"2020-12-22","purchased_purges":2,"victory":false,"max_hp_per_floor":[75,75,75,75,75,75,75,75,75,75,75,75,75,75,75,75,75],"card_choices":[{"not_picked":["hierophant:Smite","hierophant:Alms"],"picked":"hierophant:OrnateBuckler","floor":1},{"not_picked":["hierophant:PassingBell","hierophant:Doomsaying"],"picked":"hierophant:ThreeLashes","floor":2},{"not_picked":["hierophant:PassingBell","hierophant:Remorse"],"picked":"hierophant:Smite","floor":3},{"not_picked":["hierophant:Bribe","hierophant:SealAway"],"picked":"hierophant:OrnateBuckler","floor":5},{"not_picked":["hierophant:CursedGold","hierophant:Remorse"],"picked":"hierophant:Smite","floor":7},{"not_picked":["hierophant:RustyCrate","hierophant:EyeForCoin"],"picked":"hierophant:OrnateBuckler","floor":8},{"not_picked":["hierophant:AuricBeam","hierophant:SolarFlare"],"picked":"hierophant:HammerAndAnvil","floor":9},{"not_picked":["hierophant:Rebuild","hierophant:RecallFunds","hierophant:CoinFling"],"picked":"SKIP","floor":12},{"not_picked":["hierophant:MorningPrayer","hierophant:Refuge"],"picked":"hierophant:Flagellation","floor":13}],"player_experience":11500,"relics_obtained":[{"floor":7,"key":"Bronze Scales"},{"floor":9,"key":"potionbrewer:Torch"},{"floor":11,"key":"Potion Belt"},{"floor":13,"key":"aspiration:SeaSaltIceCream"}],"event_choices":[{"damage_healed":0,"gold_gain":0,"player_choice":"Gave Potion","damage_taken":0,"relics_obtained":["infinitespire:WardingShard"],"max_hp_gain":0,"max_hp_loss":0,"event_name":"WeMeetAgain","floor":4,"gold_loss":0}],"is_beta":false,"boss_relics":[],"items_purged_floors":[0,0],"is_endless":false,"potions_floor_spawned":[1,2,7,13],"killed_by":"The Guardian","ascension_level":0}}