{"host":"sc0o2qwpf9j16a4i","time":1609342667,"event":{"mods":["AchievementEnabler","BaseMod","BetterRewards","Block Reminder","Colored Map","Colored Powertips","Custom Start","Highlight Path","Minty Spire (QoL Compilation)","Relic Stats"],"gold_per_floor":[117,117,192,211,211,211,240,240,240,266,266,282,282,305,305,305,305],"floor_reached":16,"playtime":322,"items_purged":[],"score":216,"play_id":"264edb00-c8d9-4828-b54d-1abebd959072","local_time":"20201230173747","is_ascension_mode":true,"campfire_choices":[{"floor":6,"key":"REST"},{"floor":8,"key":"REST"},{"data":"Alpha","floor":11,"key":"SMITH"},{"floor":15,"key":"REST"}],"circlet_count":0,"master_deck":["AscendersBane","Strike_P","Strike_P","Defend_P","Defend_P","Defend_P","Defend_P","Eruption","Vigilance","Alpha+1","EmptyFist","Wireheading","FearNoEvil","Meditate","CutThroughFate","FollowUp"],"relics":["PureWater","Juzu Bracelet","Mummified Hand","Centennial Puzzle","Golden Idol"],"acts_visited":["Exordium"],"potions_floor_usage":[7],"damage_taken":[{"damage":4,"enemies":"Jaw Worm","floor":1,"turns":4},{"damage":4,"enemies":"Small Slimes","floor":4,"turns":5},{"damage":17,"enemies":"Lagavulin","floor":7,"turns":6},{"damage":11,"enemies":"Gremlin Nob","floor":10,"turns":3},{"damage":1,"enemies":"Cultist","floor":12,"turns":4},{"damage":26,"enemies":"3 Louse","floor":14,"turns":3},{"damage":72,"enemies":"The Guardian","floor":16,"turns":2}],"seed_played":"1511104312125424296","potions_obtained":[{"floor":1,"key":"ColorlessPotion"},{"floor":10,"key":"Strength Potion"},{"floor":14,"key":"LiquidBronze"}],"is_trial":false,"path_per_floor":["M","?","?","M","?","R","E","R","T","E","R","M","?","M","R","B"],"character_chosen":"WATCHER","items_purchased":[],"campfire_rested":3,"item_purchase_floors":[],"current_hp_per_floor":[57,50,39,35,35,53,36,54,54,43,43,42,42,16,32,0,0],"gold":305,"neow_bonus":"THREE_RARE_CARDS","is_daily":false,"chose_seed":false,"campfire_upgraded":1,"win_rate":0.0,"timestamp":1609342667,"path_taken":["M","?","?","M","?","R","E","R","T","E","R","M","?","M","R","BOSS"],"items_purchased_type":[],"build_version":"2020-12-22","purchased_purges":0,"victory":false,"max_hp_per_floor":[62,62,62,62,62,62,62,62,62,62,62,62,56,56,56,56,56],"relic_stats":{"Centennial Puzzle":[6],"counters":[7,27],"Mummified Hand":[6],"Golden Idol":5,"Juzu Bracelet":1,"obtain_stats":[{"Centennial Puzzle":10,"Mummified Hand":9,"Golden Idol":13,"Juzu Bracelet":7,"PureWater":0},{"Centennial Puzzle":4,"Mummified Hand":3,"Golden Idol":5,"Juzu Bracelet":3,"PureWater":0},{"Centennial Puzzle":18,"Mummified Hand":15,"Golden Idol":22,"Juzu Bracelet":15,"PureWater":0}]},"card_choices":[{"not_picked":["Scrawl","Brilliance"],"picked":"Alpha","floor":0},{"not_picked":["WheelKick","Evaluate"],"picked":"EmptyFist","floor":1},{"not_picked":["Indignation","WreathOfFlame"],"picked":"Wireheading","floor":4},{"not_picked":["Crescendo","CrushJoints"],"picked":"FearNoEvil","floor":7},{"not_picked":["ClearTheMind","Crescendo"],"picked":"Meditate","floor":10},{"not_picked":["InnerPeace","EmptyMind"],"picked":"CutThroughFate","floor":12},{"not_picked":["PathToVictory","Prostrate"],"picked":"FollowUp","floor":14}],"player_experience":452434,"relics_obtained":[{"floor":7,"key":"Juzu Bracelet"},{"floor":9,"key":"Mummified Hand"},{"floor":10,"key":"Centennial Puzzle"}],"event_choices":[{"cards_removed":["Strike_P"],"damage_healed":0,"gold_gain":0,"player_choice":"Card Removal","damage_taken":7,"max_hp_gain":0,"max_hp_loss":0,"event_name":"Golden Wing","floor":2,"gold_loss":0},{"damage_healed":0,"gold_gain":75,"player_choice":"Gather Gold","damage_taken":11,"max_hp_gain":0,"max_hp_loss":0,"event_name":"World of Goop","floor":3,"gold_loss":0},{"cards_removed":["Strike_P"],"damage_healed":0,"gold_gain":0,"player_choice":"Purged","damage_taken":0,"max_hp_gain":0,"max_hp_loss":0,"event_name":"Purifier","floor":5,"gold_loss":0},{"damage_healed":0,"gold_gain":0,"player_choice":"Lose Max HP","damage_taken":0,"relics_obtained":["Golden Idol"],"max_hp_gain":0,"max_hp_loss":6,"event_name":"Golden Idol","floor":13,"gold_loss":0}],"is_beta":false,"boss_relics":[],"items_purged_floors":[],"is_endless":false,"potions_floor_spawned":[1,10,14],"killed_by":"The Guardian","ascension_level":20}}