{"host":"0t7ytk9pge2ncgeb","time":1609308409,"event":{"mods":["2.2 Compatiblity","Act Like it!","Aspiration","BaseMod","Beaked The Cultist","BetterRewards","Conspire","Downfall","Googly Eyes","Hubris","Minty Spire (QoL Compilation)","Relic Stats","Replay The Spire","Shop Mod","Spicy Shops","StSLib","slay the spire mod where everything is the same but ironclad has a cowboy hat"],"gold_per_floor":[369,369,369,385,399,399,428,428,428,428,453,478,496,506,31,31,31,135,135,155,196,210,285,299,299,299],"floor_reached":25,"playtime":1460,"items_purged":["Injury"],"score":261,"play_id":"faaa54e6-b393-4559-913a-31027b520bc2","local_time":"20201230010649","is_ascension_mode":false,"campfire_choices":[{"floor":6.0,"key":"REST"},{"floor":10.0,"key":"REST"},{"floor":17.0,"key":"DIG"}],"circlet_count":0,"master_deck":["Strike_G","Strike_G","Strike_G","Strike_G","Strike_G","Defend_G+1","Defend_G+1","Defend_G","Defend_G","Defend_G","Survivor","Neutralize+1","Caltrops","ReplayTheSpireMod:Tripwire","Poisoned Stab","Footwork+1","Poisoned Stab","Toxin Wave","Malaise","Sadistic Nature+1","Noxious Fumes+1","Regret","Envenom+1","Replay:Poison Smokescreen","Prepared","Catalyst","Sucker Punch+1"],"relics":["Ring of the Snake","Frozen Egg 2","conspire:Flyswatter","Replay:Bottled Steam","MerchantsRug","TungstenRod","Unceasing Top","SlaversCollar","War Paint"],"acts_visited":["Exordium","TheCity"],"potions_floor_usage":[],"damage_taken":[{"damage":0.0,"enemies":"conspire:RoseBush","floor":1.0,"turns":4.0},{"damage":7.0,"enemies":"Small Slimes","floor":4.0,"turns":4.0},{"damage":2.0,"enemies":"Cultist","floor":5.0,"turns":5.0},{"damage":25.0,"enemies":"Gremlin Nob","floor":7.0,"turns":6.0},{"damage":13.0,"enemies":"Replay:BlueRogue","floor":12.0,"turns":9.0},{"damage":3.0,"enemies":"Exordium Thugs","floor":13.0,"turns":5.0},{"damage":0.0,"enemies":"Large Slime","floor":14.0,"turns":5.0},{"damage":1.0,"enemies":"Slime Boss","floor":18.0,"turns":7.0},{"damage":4.0,"enemies":"Chosen","floor":20.0,"turns":3.0},{"damage":3.0,"enemies":"3 Byrds","floor":22.0,"turns":3.0},{"damage":37.0,"enemies":"Shelled Parasite and Fungi","floor":24.0,"turns":5.0},{"damage":21,"enemies":"conspire:SneckoGhost","floor":25,"turns":6}],"seed_played":"-8871109795832911813","potions_obtained":[{"floor":4.0,"key":"Regen Potion"},{"floor":7.0,"key":"Adrenaline Potion"},{"floor":12.0,"key":"Poison Potion"},{"floor":21.0,"key":"BlessingOfTheForge"}],"is_trial":false,"path_per_floor":["M","?","?","M","M","R","E","PTL","PTL","R","T","E","M","M","$","?","R","B",null,"M","?","M","?","M","E"],"character_chosen":"THE_SILENT","items_purchased":["Sadistic Nature+1","Noxious Fumes+1","MerchantsRug"],"campfire_rested":2,"item_purchase_floors":[15,15,15],"current_hp_per_floor":[49,49,49,42,40,61,45,45,45,66,66,53,50,50,50,50,50,49,70,66,66,63,57,20,0,0],"gold":299,"neow_bonus":"TWO_FIFTY_GOLD","is_daily":false,"chose_seed":false,"campfire_upgraded":0,"win_rate":0.0,"timestamp":1609308409,"path_taken":["M","?","?","M","M","R","E","PTL","PTL","R","T","E","M","?","$","?","R","BOSS","M","?","M","?","?","E"],"items_purchased_type":["Card","Card","Relic"],"build_version":"2020-12-22","purchased_purges":1,"victory":false,"max_hp_per_floor":[70,70,70,70,70,70,70,70,70,70,70,70,70,70,70,70,70,70,70,70,70,70,70,70,70,70],"relic_stats":{"counters":[12,62],"War Paint":["Defend_G","Defend_G"],"obtain_stats":[{"MerchantsRug":15,"SlaversCollar":19,"Frozen Egg 2":2,"War Paint":21,"TungstenRod":16,"Unceasing Top":17,"Ring of the Snake":0,"conspire:Flyswatter":7,"Replay:Bottled Steam":12},{"MerchantsRug":7,"SlaversCollar":8,"Frozen Egg 2":1,"War Paint":9,"TungstenRod":7,"Unceasing Top":7,"Ring of the Snake":0,"conspire:Flyswatter":4,"Replay:Bottled Steam":5},{"MerchantsRug":38,"SlaversCollar":45,"Frozen Egg 2":4,"War Paint":48,"TungstenRod":38,"Unceasing Top":38,"Ring of the Snake":0,"conspire:Flyswatter":19,"Replay:Bottled Steam":28}],"TungstenRod":20,"Unceasing Top":[4],"Ring of the Snake":[24]},"card_choices":[{"not_picked":["Blade Dance","Outmaneuver"],"picked":"Caltrops","floor":1.0},{"not_picked":["Blur","Deflect"],"picked":"ReplayTheSpireMod:Tripwire","floor":4.0},{"not_picked":["Deflect","Flying Knee"],"picked":"Poisoned Stab","floor":5.0},{"not_picked":["Predator","hubris:SlightOfHand"],"picked":"Footwork+1","floor":7.0},{"not_picked":["Heel Hook","Acrobatics"],"picked":"Poisoned Stab","floor":12.0},{"not_picked":["Dagger Throw","Underhanded Strike"],"picked":"Toxin Wave","floor":13.0},{"not_picked":["ReplayTheSpireMod:Exploit Weakness","Tactician"],"picked":"Malaise","floor":14.0},{"not_picked":["A Thousand Cuts+1","Glass Knife"],"picked":"Envenom+1","floor":18.0},{"not_picked":["Masterful Stab","Slice+1"],"picked":"Replay:Poison Smokescreen","floor":20.0},{"not_picked":["Calculated Gamble","Replay:Poison Smokescreen"],"picked":"Prepared","floor":21.0},{"not_picked":["Crippling Poison","PiercingWail+1"],"picked":"Catalyst","floor":22.0},{"not_picked":["Blade Dance","Bane"],"picked":"Sucker Punch+1","floor":24.0}],"player_experience":311897,"relics_obtained":[{"floor":7.0,"key":"conspire:Flyswatter"},{"floor":12.0,"key":"Replay:Bottled Steam"},{"floor":17.0,"key":"Unceasing Top"},{"floor":21.0,"key":"War Paint"}],"event_choices":[{"damage_healed":0.0,"max_hp_gain":0.0,"max_hp_loss":0.0,"gold_gain":0.0,"event_name":"Upgrade Shrine","player_choice":"Upgraded","floor":3.0,"gold_loss":0.0,"damage_taken":0.0,"cards_upgraded":["Neutralize"]},{"damage_healed":0.0,"max_hp_gain":0.0,"max_hp_loss":0.0,"gold_gain":0.0,"event_name":"Big Fish","player_choice":"Box","floor":16.0,"gold_loss":0.0,"damage_taken":0.0,"relics_obtained":["TungstenRod"],"cards_obtained":["Regret"]},{"damage_healed":0.0,"max_hp_gain":0.0,"max_hp_loss":0.0,"gold_gain":75.0,"event_name":"FaceTrader","player_choice":"Touch","floor":23.0,"gold_loss":0.0,"damage_taken":7.0}],"is_beta":false,"boss_relics":[{"not_picked":["aspiration:WatcherSkillbook","Sozu"],"picked":"SlaversCollar"}],"items_purged_floors":[15],"is_endless":false,"potions_floor_spawned":[4,7,12],"killed_by":"conspire:SneckoGhost","ascension_level":0}}