{"host":"p7j7o00jacnw7qzt","time":1609308038,"event":{"mods":["BaseMod","Colored Map","Colored Powertips","DeckTracker","Highlight Path","Minty Spire (QoL Compilation)","Relic Stats"],"gold_per_floor":[111,111,122,122,133,133,146,146,146,171,182,209,209,234,234,311,311,325,375,375,375],"floor_reached":20,"playtime":727,"items_purged":[],"score":484,"play_id":"bf39eb96-8549-4345-bec9-c08a962e281f","local_time":"20201230010038","is_ascension_mode":true,"campfire_choices":[{"data":"Eruption","floor":6.0,"key":"SMITH"},{"data":"Brilliance","floor":8.0,"key":"SMITH"},{"floor":13.0,"key":"REST"},{"data":"Pray","floor":15,"key":"SMITH"}],"circlet_count":0,"master_deck":["AscendersBane","Strike_P","Strike_P","Strike_P","Strike_P","Defend_P","Defend_P","Defend_P","Defend_P","Eruption+1","Vigilance","Adaptation","Brilliance+1","Pray+1","Adaptation","TalkToTheHand","FlurryOfBlows","DeusExMachina"],"relics":["PureWater","NeowsBlessing","Damaru","Omamori","Toy Ornithopter","Runic Pyramid"],"acts_visited":["Exordium","TheCity"],"potions_floor_usage":[18],"damage_taken":[{"damage":0.0,"enemies":"Jaw Worm","floor":1.0,"turns":1.0},{"damage":0.0,"enemies":"Cultist","floor":3.0,"turns":1.0},{"damage":0.0,"enemies":"Small Slimes","floor":5.0,"turns":2.0},{"damage":3.0,"enemies":"Blue Slaver","floor":7.0,"turns":3.0},{"damage":30.0,"enemies":"3 Sentries","floor":10.0,"turns":5.0},{"damage":14.0,"enemies":"Exordium Wildlife","floor":11.0,"turns":4.0},{"damage":0.0,"enemies":"Gremlin Nob","floor":12.0,"turns":2.0},{"damage":0.0,"enemies":"Lagavulin","floor":14.0,"turns":4.0},{"damage":15,"enemies":"Hexaghost","floor":16,"turns":9},{"damage":17,"enemies":"Shell Parasite","floor":18,"turns":4},{"damage":2,"enemies":"3 Byrds","floor":20,"turns":2}],"seed_played":"-1074491922498856912","potions_obtained":[{"floor":3.0,"key":"Weak Potion"},{"floor":5.0,"key":"FearPotion"},{"floor":14.0,"key":"BlessingOfTheForge"}],"is_trial":false,"path_per_floor":["M","?","M","?","M","R","M","R","T","E","M","E","R","E","R","B",null,"M","?","M"],"character_chosen":"WATCHER","items_purchased":[],"campfire_rested":1,"item_purchase_floors":[],"current_hp_per_floor":[61,61,61,51,51,51,48,48,48,18,4,4,24,24,24,9,53,41,41,39,39],"gold":375,"neow_bonus":"THREE_ENEMY_KILL","is_daily":false,"chose_seed":false,"campfire_upgraded":3,"win_rate":0.0,"timestamp":1609308038,"path_taken":["M","?","?","?","?","R","M","R","T","E","M","E","R","E","R","BOSS","M","?","M"],"items_purchased_type":[],"build_version":"2020-12-22","purchased_purges":0,"victory":false,"max_hp_per_floor":[68,68,68,68,68,68,68,68,68,68,68,68,68,68,68,68,68,68,68,68,68],"relic_stats":{"counters":[11,37],"obtain_stats":[{"NeowsBlessing":0,"Damaru":9,"Omamori":12,"PureWater":0,"Toy Ornithopter":14,"Runic Pyramid":17},{"NeowsBlessing":0,"Damaru":4,"Omamori":7,"PureWater":0,"Toy Ornithopter":8,"Runic Pyramid":9},{"NeowsBlessing":0,"Damaru":7,"Omamori":18,"PureWater":0,"Toy Ornithopter":22,"Runic Pyramid":31}],"Toy Ornithopter":5},"card_choices":[{"not_picked":["JustLucky","BowlingBash"],"picked":"Adaptation","floor":1.0},{"not_picked":["WaveOfTheHand","Protect"],"picked":"Pray","floor":3.0},{"not_picked":["Halt","ThirdEye","EmptyBody"],"picked":"SKIP","floor":5.0},{"not_picked":["Halt","ThirdEye","EmptyBody"],"picked":"SKIP","floor":5.0},{"not_picked":["Crescendo","CarveReality"],"picked":"Adaptation","floor":7.0},{"not_picked":["Wallop","Indignation"],"picked":"TalkToTheHand","floor":10.0},{"not_picked":["Study","JustLucky","Halt"],"picked":"SKIP","floor":11.0},{"not_picked":["ThirdEye","Halt","WreathOfFlame"],"picked":"SKIP","floor":12.0},{"not_picked":["Vengeance","JustLucky"],"picked":"FlurryOfBlows","floor":14.0},{"not_picked":["Scrawl","ConjureBlade"],"picked":"DeusExMachina","floor":16},{"not_picked":["SignatureMove","Crescendo","PathToVictory"],"picked":"SKIP","floor":18}],"player_experience":894092,"relics_obtained":[{"floor":9.0,"key":"Damaru"},{"floor":12.0,"key":"Omamori"},{"floor":14.0,"key":"Toy Ornithopter"}],"event_choices":[{"damage_healed":0.0,"max_hp_gain":0.0,"max_hp_loss":0.0,"gold_gain":0.0,"event_name":"Match and Keep!","player_choice":"1 cards matched","floor":2.0,"gold_loss":0.0,"damage_taken":0.0,"cards_obtained":["Brilliance"]},{"damage_healed":0.0,"max_hp_gain":0.0,"max_hp_loss":0.0,"gold_gain":0.0,"event_name":"Wheel of Change","player_choice":"Damaged","floor":4.0,"gold_loss":0.0,"damage_taken":10.0},{"damage_healed":0,"gold_gain":50,"player_choice":"Stole From Cult","damage_taken":0,"max_hp_gain":0,"max_hp_loss":0,"event_name":"Nest","floor":19,"gold_loss":0}],"is_beta":false,"boss_relics":[{"not_picked":["Sozu","Tiny House"],"picked":"Runic Pyramid"}],"items_purged_floors":[],"is_endless":false,"potions_floor_spawned":[3,5,7,11,14],"killed_by":"3 Byrds","ascension_level":20}}