{"host":"wha9hktbkslqvblg","time":1609291883,"event":{"mods":["BaseMod","Colored Map","Minty Spire (QoL Compilation)","Relic Stats","SuperFastMode","everything is the same but u backflip on backflip"],"gold_per_floor":[109,109,127,27,52,78,78,112,183,215,225,225,225,225,225,302,302,315,365,15,15,15,15,15,15],"floor_reached":24,"playtime":346,"items_purged":["Defend_R","Strike_R"],"score":466,"play_id":"796157ba-517d-4863-b226-3294c019dfc1","local_time":"20201230103123","is_ascension_mode":true,"campfire_choices":[{"data":"Sword Boomerang","floor":7.0,"key":"SMITH"},{"data":"Hemokinesis","floor":13.0,"key":"SMITH"},{"data":"Shockwave","floor":15,"key":"SMITH"},{"data":"Immolate","floor":23,"key":"SMITH"}],"circlet_count":0,"master_deck":["AscendersBane","Strike_R","Strike_R","Strike_R","Defend_R","Defend_R","Defend_R","Bash","Shockwave+1","Sword Boomerang+1","Hemokinesis+1","Immolate+1","True Grit+1","Fire Breathing"],"relics":["Burning Blood","NeowsBlessing","Orichalcum","Toxic Egg 2","Pantograph","White Beast Statue","Unceasing Top","Black Star","Medical Kit","Nilry\u0027s Codex"],"acts_visited":["Exordium","TheCity"],"potions_floor_usage":[16],"damage_taken":[{"damage":0.0,"enemies":"Jaw Worm","floor":1.0,"turns":1.0},{"damage":0.0,"enemies":"Cultist","floor":3.0,"turns":1.0},{"damage":0.0,"enemies":"Lagavulin","floor":6.0,"turns":1.0},{"damage":49.0,"enemies":"3 Sentries","floor":8.0,"turns":12.0},{"damage":17.0,"enemies":"Gremlin Nob","floor":10.0,"turns":4.0},{"damage":3.0,"enemies":"Small Slimes","floor":11.0,"turns":3.0},{"damage":43,"enemies":"Hexaghost","floor":16,"turns":9},{"damage":27,"enemies":"Spheric Guardian","floor":18,"turns":4},{"damage":17,"enemies":"Shell Parasite","floor":24,"turns":2}],"seed_played":"-8616778117340712250","potions_obtained":[{"floor":1.0,"key":"FearPotion"},{"floor":10.0,"key":"BloodPotion"},{"floor":11.0,"key":"Weak Potion"},{"floor":16,"key":"DuplicationPotion"},{"floor":18,"key":"Explosive Potion"}],"is_trial":false,"path_per_floor":["M","?","M","$","T","E","R","E","T","E","M","?","R","?","R","B",null,"M","?","$","$","?","R","M"],"character_chosen":"IRONCLAD","items_purchased":["Sword Boomerang","Fire Breathing","Medical Kit"],"campfire_rested":0,"item_purchase_floors":[4,20,20],"current_hp_per_floor":[74,74,75,75,75,75,75,32,32,21,24,24,24,24,24,27,63,42,42,42,42,21,21,4,4],"gold":15,"neow_bonus":"THREE_ENEMY_KILL","is_daily":false,"chose_seed":false,"campfire_upgraded":4,"win_rate":0.0,"timestamp":1609291883,"path_taken":["M","?","M","$","?","E","R","E","T","E","M","?","R","?","R","BOSS","M","?","?","$","?","R","M"],"items_purchased_type":["Card","Card","Relic"],"build_version":"2020-12-22","purchased_purges":2,"victory":false,"max_hp_per_floor":[75,75,75,75,75,75,75,75,75,75,75,75,75,75,75,75,75,75,75,75,75,75,75,75,75],"relic_stats":{"counters":[9,37],"Pantograph":25,"Black Star":0,"Orichalcum":[150],"Medical Kit":[0],"obtain_stats":[{"NeowsBlessing":0,"Nilry\u0027s Codex":22,"Pantograph":8,"Black Star":17,"Orichalcum":5,"Toxic Egg 2":6,"Medical Kit":20,"Burning Blood":0,"White Beast Statue":9,"Unceasing Top":10},{"NeowsBlessing":0,"Nilry\u0027s Codex":8,"Pantograph":4,"Black Star":7,"Orichalcum":2,"Toxic Egg 2":3,"Medical Kit":8,"Burning Blood":0,"White Beast Statue":4,"Unceasing Top":5},{"NeowsBlessing":0,"Nilry\u0027s Codex":35,"Pantograph":15,"Black Star":31,"Orichalcum":2,"Toxic Egg 2":3,"Medical Kit":35,"Burning Blood":0,"White Beast Statue":15,"Unceasing Top":19}],"Burning Blood":37,"Unceasing Top":[0]},"card_choices":[{"not_picked":["Pummel","Warcry"],"picked":"Shockwave","floor":1.0},{"not_picked":["Cleave","True Grit","Iron Wave"],"picked":"SKIP","floor":3.0},{"not_picked":["Thunderclap","Dual Wield+1","Anger"],"picked":"SKIP","floor":6.0},{"not_picked":["Reckless Charge","Sentinel+1","Wild Strike"],"picked":"SKIP","floor":8.0},{"not_picked":["Inflame","Fiend Fire"],"picked":"Hemokinesis","floor":10.0},{"not_picked":["Thunderclap","Wild Strike","Iron Wave"],"picked":"SKIP","floor":11.0},{"not_picked":["Fiend Fire","Corruption"],"picked":"Immolate","floor":16},{"not_picked":["Flex+1","Anger"],"picked":"True Grit+1","floor":18}],"player_experience":907713,"relics_obtained":[{"floor":5.0,"key":"Orichalcum"},{"floor":6.0,"key":"Toxic Egg 2"},{"floor":8.0,"key":"Pantograph"},{"floor":9.0,"key":"White Beast Statue"},{"floor":10.0,"key":"Unceasing Top"},{"floor":22,"key":"Nilry\u0027s Codex"}],"event_choices":[{"cards_removed":["Strike_R"],"damage_healed":0.0,"max_hp_gain":0.0,"max_hp_loss":0.0,"gold_gain":0.0,"event_name":"Wheel of Change","player_choice":"Card Removal","floor":2.0,"gold_loss":0.0,"damage_taken":0.0},{"damage_healed":0.0,"max_hp_gain":0.0,"max_hp_loss":0.0,"gold_gain":0.0,"event_name":"Scrap Ooze","player_choice":"Fled","floor":12.0,"gold_loss":0.0,"damage_taken":0.0},{"damage_healed":0,"gold_gain":0,"player_choice":"Searched \u00270\u0027 times","damage_taken":0,"max_hp_gain":0,"max_hp_loss":0,"event_name":"Dead Adventurer","floor":14,"gold_loss":0},{"damage_healed":0,"gold_gain":50,"player_choice":"Pray","damage_taken":0,"max_hp_gain":0,"max_hp_loss":0,"event_name":"Golden Shrine","floor":19,"gold_loss":0},{"damage_healed":0,"gold_gain":0,"player_choice":"Obtained Book","damage_taken":21,"max_hp_gain":0,"max_hp_loss":0,"event_name":"Cursed Tome","floor":22,"gold_loss":0}],"is_beta":false,"boss_relics":[{"not_picked":["Runic Cube","Sozu"],"picked":"Black Star"}],"items_purged_floors":[4,20],"is_endless":false,"potions_floor_spawned":[1,10,11,16,18],"killed_by":"Shell Parasite","ascension_level":20}}