{"host":"kw4o7b3ro2ktmmbe","time":1609365044,"event":{"mods":["BaseMod","Evolution","Minty Spire (QoL Compilation)","Shade Mod","StSLib"],"gold_per_floor":[110,130,130,149,165,240,317,317,385,385,412,422,433,30,30,128,128,139,54,54,64,79,106,106,132,213,239,239,250,250,264,264,367,367,386,404,417,417,417,417],"floor_reached":39,"playtime":3074,"items_purged":[],"score":554,"play_id":"7d253bbf-4ed7-4f08-9e3d-53894152765e","local_time":"20201231105044","is_ascension_mode":true,"campfire_choices":[{"data":"Shade:AnimateDead","floor":8.0,"key":"SMITH"},{"data":"Shade:PoundOfFlesh","floor":10.0,"key":"SMITH"},{"data":"Shade:PotionOfRestlessness","floor":15.0,"key":"SMITH"},{"data":"Shade:LichForm","floor":24.0,"key":"SMITH"},{"data":"Shade:CloudOfShrapnel","floor":28.0,"key":"SMITH"},{"data":"Shade:DangerousRitual","floor":30.0,"key":"SMITH"},{"floor":32.0,"key":"REST"}],"circlet_count":0,"master_deck":["Shade:ClawBack","Shade:ClawBack","Shade:ClawBack","Shade:Strike_Shade","Shade:Defend_Shade+1","Shade:Defend_Shade+1","Shade:Defend_Shade","Shade:Defend_Shade","Shade:AnimateDead+1","Shade:CarefulCut","Shade:CloudOfShrapnel+1","Shade:PoundOfFlesh+1","Shade:SensePrey","Shade:PotionOfRestlessness+1","Shade:Coordination","Shade:CoffinDance+1","Shade:LichForm+1","Shade:DangerousRitual+1","Shade:Carnophage","Shade:GoDigging+1","CurseOfTheBell","Madness","Madness"],"relics":["EVO:Axolotl","Philosopher\u0027s Stone","Pantograph","War Paint","Mummified Hand","ClockworkSouvenir","SacredBark","Art of War","Gremlin Horn","Juzu Bracelet","Ancient Tea Set","Singing Bowl","Boot","Calling Bell","CeramicFish","Mercury Hourglass","Ice Cream"],"acts_visited":["TheCity","TheBeyond"],"potions_floor_usage":[33,33,39],"damage_taken":[{"damage":0.0,"enemies":"2 Louse","floor":1.0,"turns":2.0},{"damage":4.0,"enemies":"Small Slimes","floor":2.0,"turns":3.0},{"damage":3.0,"enemies":"Jaw Worm","floor":4.0,"turns":3.0},{"damage":0.0,"enemies":"Exordium Wildlife","floor":5.0,"turns":2.0},{"damage":6.0,"enemies":"Gremlin Gang","floor":12.0,"turns":4.0},{"damage":0.0,"enemies":"2 Fungi Beasts","floor":13.0,"turns":2.0},{"damage":3.0,"enemies":"Slime Boss","floor":16.0,"turns":9.0},{"damage":10.0,"enemies":"Chosen","floor":18.0,"turns":4.0},{"damage":0.0,"enemies":"2 Thieves","floor":21.0,"turns":3.0},{"damage":0.0,"enemies":"3 Cultists","floor":22.0,"turns":3.0},{"damage":17.0,"enemies":"Gremlin Leader","floor":23.0,"turns":4.0},{"damage":0.0,"enemies":"Slavers","floor":25.0,"turns":2.0},{"damage":0.0,"enemies":"Gremlin Leader","floor":27.0,"turns":4.0},{"damage":0.0,"enemies":"Cultist and Chosen","floor":29.0,"turns":3.0},{"damage":26.0,"enemies":"Snecko","floor":31.0,"turns":5.0},{"damage":17,"enemies":"Champ","floor":33,"turns":6},{"damage":0,"enemies":"3 Shapes","floor":35,"turns":4},{"damage":56,"enemies":"3 Darklings","floor":37,"turns":4},{"damage":26,"enemies":"Jaw Worm Horde","floor":39,"turns":2}],"seed_played":"8532792444227431246","potions_obtained":[{"floor":1.0,"key":"Block Potion"},{"floor":5.0,"key":"BlessingOfTheForge"},{"floor":16.0,"key":"DuplicationPotion"},{"floor":21.0,"key":"FearPotion"},{"floor":23.0,"key":"DistilledChaos"},{"floor":25.0,"key":"SkillPotion"},{"floor":27.0,"key":"BlessingOfTheForge"},{"floor":29.0,"key":"Dexterity Potion"}],"is_trial":false,"path_per_floor":["M","M","?","M","M","?","?","R","T","R","T","M","M","$","R","B",null,"M","?","T","M","M","E","R","E","T","E","R","M","R","M","R","B",null,"M","?","M","T","M"],"character_chosen":"SHADE","items_purchased":["Mummified Hand","ClockworkSouvenir"],"campfire_rested":1,"item_purchase_floors":[14,14],"current_hp_per_floor":[65,61,66,63,63,52,52,52,52,52,52,46,46,46,46,67,70,60,60,60,60,60,43,43,43,43,45,45,47,47,23,45,55,78,80,70,16,16,0,0],"gold":417,"neow_bonus":"BOSS_RELIC","is_daily":false,"chose_seed":false,"campfire_upgraded":6,"win_rate":0.0,"timestamp":1609365044,"path_taken":["M","M","?","M","M","?","?","R","T","R","?","M","M","$","R","BOSS","M","?","?","M","?","E","R","E","T","E","R","M","R","M","R","BOSS","M","?","M","?","M"],"items_purchased_type":["Relic","Relic"],"build_version":"2020-12-22","purchased_purges":0,"victory":false,"max_hp_per_floor":[65,65,70,70,70,70,70,70,70,70,70,70,70,70,70,70,70,70,70,70,70,70,70,70,70,70,72,72,74,74,76,76,78,78,80,80,82,82,82,82],"card_choices":[{"not_picked":["Shade:SkeletonHug","Shade:Premonition","Shade:FleshOffering"],"picked":"SKIP","floor":1.0},{"not_picked":["Shade:AncientSpear","Shade:CommandSoldier","Shade:Premonition"],"picked":"SKIP","floor":2.0},{"not_picked":["Shade:FingerOfDeath","Shade:SpontaneousRitual"],"picked":"Shade:CloudOfShrapnel","floor":4.0},{"not_picked":["Shade:Excise","Shade:FuneraryArmor"],"picked":"Shade:PoundOfFlesh","floor":5.0},{"not_picked":["Shade:Excise","Shade:FingerOfDeath"],"picked":"Shade:SensePrey","floor":12.0},{"not_picked":["Shade:Bonestorm","Shade:FingerOfDeath"],"picked":"Shade:PotionOfRestlessness","floor":13.0},{"not_picked":["Shade:SelfBurial","Shade:OfferingToTheBeyond"],"picked":"Shade:Coordination","floor":16.0},{"not_picked":["Shade:GraveStillness","Shade:ExtraLimbs"],"picked":"Shade:CoffinDance+1","floor":18.0},{"not_picked":["Shade:GreyBargain","Shade:FleshOffering"],"picked":"Shade:LichForm","floor":21.0},{"not_picked":["Shade:FuneraryArmor+1","Shade:SpontaneousRitual"],"picked":"Shade:DangerousRitual","floor":22.0},{"not_picked":["Shade:Brains+1","Shade:DangerousRitual"],"picked":"Shade:Carnophage","floor":23.0},{"not_picked":["Shade:Premonition","Shade:LastGasp"],"picked":"Shade:GoDigging+1","floor":25.0},{"not_picked":["Shade:Asphyxiate+1","Shade:PoundOfFlesh","Shade:AncientSpear"],"picked":"Singing Bowl","floor":27.0},{"not_picked":["Shade:Trample","Shade:CommandSoldier","Shade:Brains+1"],"picked":"Singing Bowl","floor":29.0},{"not_picked":["Shade:Brains","Shade:GreyBargain","Shade:FreshBones"],"picked":"Singing Bowl","floor":31.0},{"not_picked":["Shade:DarkOfNight","Shade:LoseControl","Shade:GreaterAnimation"],"picked":"Singing Bowl","floor":33},{"not_picked":["Shade:FreshBones+1","Shade:FuneraryArmor+1","Shade:RitualOffering"],"picked":"Singing Bowl","floor":35},{"not_picked":["Shade:FeralStrike","Shade:Frenzy","Shade:SkeletonArmy"],"picked":"Singing Bowl","floor":37}],"player_experience":1810039,"relics_obtained":[{"floor":9.0,"key":"Pantograph"},{"floor":11.0,"key":"War Paint"},{"floor":20.0,"key":"Gremlin Horn"},{"floor":23.0,"key":"Juzu Bracelet"},{"floor":25.0,"key":"Ancient Tea Set"},{"floor":26.0,"key":"Singing Bowl"},{"floor":27.0,"key":"Boot"},{"floor":34,"key":"CeramicFish"},{"floor":34,"key":"Mercury Hourglass"},{"floor":38,"key":"Ice Cream"}],"event_choices":[{"damage_healed":0.0,"max_hp_gain":5.0,"max_hp_loss":0.0,"gold_gain":0.0,"event_name":"Big Fish","player_choice":"Donut","floor":3.0,"gold_loss":0.0,"damage_taken":0.0},{"damage_healed":0.0,"max_hp_gain":0.0,"max_hp_loss":0.0,"gold_gain":75.0,"event_name":"World of Goop","player_choice":"Gather Gold","floor":6.0,"gold_loss":0.0,"damage_taken":11.0},{"damage_healed":0.0,"max_hp_gain":0.0,"max_hp_loss":0.0,"gold_gain":77.0,"event_name":"Golden Wing","player_choice":"Gained Gold","floor":7.0,"gold_loss":0.0,"damage_taken":0.0},{"damage_healed":0.0,"max_hp_gain":0.0,"max_hp_loss":0.0,"gold_gain":0.0,"event_name":"Addict","player_choice":"Obtained Relic","floor":19.0,"gold_loss":85.0,"damage_taken":0.0,"relics_obtained":["Art of War"]},{"damage_healed":0,"gold_gain":0,"player_choice":"Embrace Madness","damage_taken":10,"max_hp_gain":0,"max_hp_loss":0,"event_name":"Winding Halls","floor":36,"gold_loss":0,"cards_obtained":["Madness","Madness"]}],"is_beta":false,"boss_relics":[{"not_picked":["Sozu","Ectoplasm"],"picked":"SacredBark"},{"not_picked":["Pandora\u0027s Box","Black Star"],"picked":"Calling Bell"}],"items_purged_floors":[],"is_endless":false,"potions_floor_spawned":[1,5,16,21,23,25,27,29,31],"killed_by":"Jaw Worm Horde","ascension_level":2}}