{"host":"xy5qih4nvxccm4rc","time":1609366145,"event":{"mods":["AchievementEnabler","BaseMod","Minty Spire (QoL Compilation)","StSLib"],"gold_per_floor":[112,112,131,206,18,52,52,86,110,120,295,295,295,295],"floor_reached":13,"playtime":308,"items_purged":[],"score":122,"play_id":"0129a5f6-2a35-4f7d-8fba-d4a6753cfe1f","local_time":"20201230160905","is_ascension_mode":true,"campfire_choices":[{"data":"Ragnarok","floor":7,"key":"SMITH"},{"floor":12,"key":"REST"}],"circlet_count":0,"master_deck":["Strike_P","Strike_P","Strike_P","Defend_P","Defend_P","Defend_P","Defend_P","Eruption","Vigilance","FollowUp","FlurryOfBlows","Ragnarok+1","Consecrate","WindmillStrike","BowlingBash","Doubt"],"relics":["VioletLotus","Bag of Marbles","Question Card"],"acts_visited":["Exordium"],"potions_floor_usage":[6,8],"damage_taken":[{"damage":2,"enemies":"Small Slimes","floor":1,"turns":4},{"damage":7,"enemies":"Cultist","floor":3,"turns":3},{"damage":43,"enemies":"3 Sentries","floor":6,"turns":7},{"damage":0,"enemies":"Gremlin Nob","floor":8,"turns":2},{"damage":7,"enemies":"2 Louse","floor":10,"turns":2},{"damage":27,"enemies":"3 Sentries","floor":13,"turns":2}],"seed_played":"4028700838150706744","potions_obtained":[{"floor":6,"key":"ColorlessPotion"},{"floor":8,"key":"Weak Potion"}],"is_trial":false,"path_per_floor":["M","?","M","?","$","E","R","E","T","M","?","R","E"],"character_chosen":"WATCHER","items_purchased":["Ragnarok","AttackPotion"],"campfire_rested":1,"item_purchase_floors":[5,5],"current_hp_per_floor":[70,70,63,56,56,13,13,13,13,6,6,27,0,0],"gold":295,"neow_bonus":"BOSS_RELIC","is_daily":false,"chose_seed":false,"campfire_upgraded":1,"win_rate":0.0,"timestamp":1609366145,"path_taken":["M","?","?","?","?","E","R","E","T","M","?","R","E"],"items_purchased_type":["Card","Potion"],"build_version":"2020-12-22","purchased_purges":0,"victory":false,"max_hp_per_floor":[72,72,72,72,72,72,72,72,72,72,72,72,72,72],"card_choices":[{"not_picked":["ThirdEye","WreathOfFlame"],"picked":"FollowUp","floor":1},{"not_picked":["FearNoEvil","Evaluate"],"picked":"FlurryOfBlows","floor":3},{"not_picked":["FollowUp","LikeWater"],"picked":"Consecrate","floor":6},{"not_picked":["Pray","ThirdEye"],"picked":"WindmillStrike","floor":8},{"not_picked":["Vengeance","Conclude","Crescendo"],"picked":"BowlingBash","floor":10}],"player_experience":325778,"relics_obtained":[{"floor":6,"key":"Bag of Marbles"},{"floor":8,"key":"Question Card"}],"event_choices":[{"cards_removed":["Strike_P"],"damage_healed":0,"gold_gain":0,"player_choice":"Purged","damage_taken":0,"max_hp_gain":0,"max_hp_loss":0,"event_name":"Purifier","floor":2,"gold_loss":0},{"damage_healed":0,"gold_gain":75,"player_choice":"Touch","damage_taken":7,"max_hp_gain":0,"max_hp_loss":0,"event_name":"FaceTrader","floor":4,"gold_loss":0},{"damage_healed":0,"gold_gain":175,"player_choice":"AGREE","damage_taken":0,"max_hp_gain":0,"max_hp_loss":0,"event_name":"Liars Game","floor":11,"gold_loss":0,"cards_obtained":["Doubt"]}],"is_beta":false,"boss_relics":[],"items_purged_floors":[],"is_endless":false,"potions_floor_spawned":[6,8],"killed_by":"3 Sentries","ascension_level":1}}