{"host":"kig4ty9d1aubg29s","time":1609297521,"event":{"mods":["BaseMod","Minty Spire (QoL Compilation)","READ ME - Guardian Mod","READ ME - Snecko Mod","StSLib","The Cursed","The Gatherer","The Hierophant","The Jungle","The Runesmith"],"gold_per_floor":[119,119,119,194,210,243,243,243,267,287,321,334,392,410,410,508,508,528,528,418,439,458,491,491,491,516,550,550,563,590,602,602,602,602],"floor_reached":33,"playtime":1978,"items_purged":[],"score":616,"play_id":"f10c8994-8870-4b89-a85a-154c1b53595c","local_time":"20201230120521","is_ascension_mode":true,"campfire_choices":[{"data":"After Image","floor":7,"key":"SMITH"},{"floor":15,"key":"REST"},{"floor":24,"key":"REST"},{"floor":28,"key":"REST"},{"floor":32,"key":"REST"}],"circlet_count":0,"master_deck":["AscendersBane","Strike_G+1","Strike_G+1","Strike_G+1","Strike_G+1","Strike_G+1","Defend_G+1","Defend_G+1","Defend_G+1","Defend_G+1","Survivor","Neutralize+1","Quick Slash","Sucker Punch","After Image+1","Blur","Poisoned Stab","Bouncing Flask","Backflip","Infinite Blades","Deadly Poison","Venomology","Slice+1","Endless Agony","Noxious Fumes","Calculated Gamble+1","Blade Dance+1","Eviscerate","Tools of the Trade","Reflex+1"],"relics":["Ring of the Snake","NeowsBlessing","Bloody Idol","Pear","Pen Nib","White Beast Statue","SlaversCollar","Omamori","MealTicket","Letter Opener","Happy Flower"],"acts_visited":["Exordium","TheCity"],"potions_floor_usage":[11,12,13,16,16,18,18,21,22,23,23,23,27,29,30,30,31,31,33,33],"damage_taken":[{"damage":0,"enemies":"Jaw Worm","floor":1,"turns":1},{"damage":0,"enemies":"2 Louse","floor":5,"turns":1},{"damage":0,"enemies":"Lagavulin","floor":6,"turns":1},{"damage":4,"enemies":"Cultist","floor":10,"turns":4},{"damage":9,"enemies":"3 Sentries","floor":11,"turns":8},{"damage":8,"enemies":"Looter","floor":12,"turns":3},{"damage":2,"enemies":"Lots of Slimes","floor":13,"turns":5},{"damage":20,"enemies":"Exordium Wildlife","floor":14,"turns":4},{"damage":28,"enemies":"Hexaghost","floor":16,"turns":10},{"damage":12,"enemies":"3 Byrds","floor":18,"turns":6},{"damage":12,"enemies":"Spheric Guardian","floor":21,"turns":5},{"damage":1,"enemies":"Centurion and Healer","floor":22,"turns":8},{"damage":12,"enemies":"Gremlin Leader","floor":23,"turns":6},{"damage":41,"enemies":"Book of Stabbing","floor":27,"turns":5},{"damage":9,"enemies":"Cultist and Chosen","floor":29,"turns":6},{"damage":14,"enemies":"Slavers","floor":30,"turns":4},{"damage":16,"enemies":"Snake Plant","floor":31,"turns":4},{"damage":49,"enemies":"Automaton","floor":33,"turns":6}],"seed_played":"7832493336930440326","potions_obtained":[{"floor":5,"key":"Strength Potion"},{"floor":11,"key":"DuplicationPotion"},{"floor":12,"key":"ColorlessPotion"},{"floor":13,"key":"Dexterity Potion"},{"floor":14,"key":"Dexterity Potion"},{"floor":16,"key":"Weak Potion"},{"floor":18,"key":"BlessingOfTheForge"},{"floor":21,"key":"Strength Potion"},{"floor":22,"key":"Strength Potion"},{"floor":23,"key":"Poison Potion"},{"floor":27,"key":"AttackPotion"},{"floor":30,"key":"SpeedPotion"},{"floor":31,"key":"AttackPotion"}],"is_trial":false,"path_per_floor":["M","?","?","?","M","E","R","?","T","M","E","M","M","M","R","B",null,"M","?","?","M","M","E","R","?","T","E","R","M","E","M","R","B"],"character_chosen":"THE_SILENT","items_purchased":[],"campfire_rested":4,"item_purchase_floors":[],"current_hp_per_floor":[59,59,59,48,48,58,58,58,58,54,45,37,35,15,37,9,59,47,47,47,35,34,22,44,44,49,13,35,31,22,11,33,0,0],"gold":602,"neow_bonus":"THREE_ENEMY_KILL","is_daily":false,"chose_seed":false,"campfire_upgraded":1,"win_rate":0.0,"timestamp":1609297521,"path_taken":["M","?","?","?","?","E","R","?","T","M","E","M","M","M","R","BOSS","M","?","?","?","M","E","R","?","T","E","R","M","E","M","R","BOSS"],"items_purchased_type":[],"build_version":"2020-12-22","purchased_purges":0,"victory":false,"max_hp_per_floor":[66,66,66,66,66,76,76,76,76,76,76,76,76,76,76,76,76,76,76,76,76,76,76,76,76,76,76,76,76,76,76,76,76,76],"card_choices":[{"not_picked":["Footwork","Reflex"],"picked":"Quick Slash","floor":1},{"not_picked":["Bane","Choke"],"picked":"Sucker Punch","floor":5},{"not_picked":["PiercingWail","Sucker Punch"],"picked":"After Image","floor":6},{"not_picked":["Escape Plan","Dagger Throw"],"picked":"Poisoned Stab","floor":10},{"not_picked":["Predator","Dagger Throw"],"picked":"Bouncing Flask","floor":11},{"not_picked":["Well Laid Plans","Masterful Stab"],"picked":"Backflip","floor":12},{"not_picked":["Dagger Spray","Tactician"],"picked":"Infinite Blades","floor":13},{"not_picked":["Bouncing Flask","Flying Knee"],"picked":"Deadly Poison","floor":14},{"not_picked":["Wraith Form v2","Glass Knife"],"picked":"Venomology","floor":16},{"not_picked":["Calculated Gamble","Cloak And Dagger"],"picked":"Slice","floor":18},{"not_picked":["Riddle With Holes","Eviscerate"],"picked":"Endless Agony","floor":21},{"not_picked":["Crippling Poison","Deflect"],"picked":"Noxious Fumes","floor":22},{"not_picked":["Concentrate","Dagger Spray"],"picked":"Calculated Gamble+1","floor":23},{"not_picked":["Bouncing Flask","Corpse Explosion"],"picked":"Blade Dance+1","floor":27},{"not_picked":["Concentrate","Setup"],"picked":"Eviscerate","floor":29},{"not_picked":["Flying Knee","Calculated Gamble"],"picked":"Tools of the Trade","floor":30},{"not_picked":["Outmaneuver+1","Skewer"],"picked":"Reflex+1","floor":31}],"player_experience":1904223,"relics_obtained":[{"floor":6,"key":"Pear"},{"floor":9,"key":"Pen Nib"},{"floor":11,"key":"White Beast Statue"},{"floor":23,"key":"Omamori"},{"floor":26,"key":"MealTicket"},{"floor":27,"key":"Letter Opener"},{"floor":30,"key":"Happy Flower"}],"event_choices":[{"damage_healed":0,"gold_gain":0,"player_choice":"Grow","damage_taken":0,"max_hp_gain":0,"max_hp_loss":0,"event_name":"Living Wall","floor":2,"gold_loss":0,"cards_upgraded":["Neutralize"]},{"damage_healed":0,"gold_gain":0,"player_choice":"Take Wound","damage_taken":0,"relics_obtained":["Golden Idol"],"max_hp_gain":0,"max_hp_loss":0,"event_name":"Golden Idol","floor":3,"gold_loss":0,"cards_obtained":["Injury"]},{"damage_healed":0,"gold_gain":75,"player_choice":"Gather Gold","damage_taken":11,"max_hp_gain":0,"max_hp_loss":0,"event_name":"World of Goop","floor":4,"gold_loss":0},{"damage_healed":0,"gold_gain":0,"cards_transformed":["Defend_G"],"player_choice":"Transformed","damage_taken":0,"max_hp_gain":0,"max_hp_loss":0,"event_name":"Transmorgrifier","floor":8,"gold_loss":0,"cards_obtained":["Blur"]},{"damage_healed":0,"gold_gain":0,"player_choice":"Simplicity","damage_taken":0,"max_hp_gain":0,"max_hp_loss":0,"event_name":"Back to Basics","floor":19,"gold_loss":0,"cards_upgraded":["Strike_G","Strike_G","Strike_G","Strike_G","Strike_G","Defend_G","Defend_G","Defend_G","Defend_G"]},{"cards_removed":["Injury"],"damage_healed":0,"gold_gain":0,"player_choice":"Upgrade and Remove","damage_taken":0,"max_hp_gain":0,"max_hp_loss":0,"event_name":"Designer","floor":20,"gold_loss":110,"cards_upgraded":["Slice"]},{"damage_healed":0,"gold_gain":0,"player_choice":"Gave Idol","damage_taken":0,"relics_obtained":["Bloody Idol"],"max_hp_gain":0,"max_hp_loss":0,"event_name":"Forgotten Altar","floor":25,"relics_lost":["Golden Idol"],"gold_loss":0}],"is_beta":false,"boss_relics":[{"not_picked":["Velvet Choker","Ring of the Serpent"],"picked":"SlaversCollar"}],"items_purged_floors":[],"is_endless":false,"potions_floor_spawned":[5,11,12,13,14,16,18,21,22,23,27,29,30,31],"killed_by":"Automaton","ascension_level":16}}