{"host":"czzthkrvfe6r7fjf","time":1609325514,"event":{"mods":["ATMod(∞¢Ë™Mod)","Act Like it!","BaseMod","Downfall","GungeonMod","Marisa£®ÏF”Í°°ƒß¿Ì…≥£©","Minty Spire (QoL Compilation)","Quick Restart","StSLib","The Servant 0.9.4","Waifu the Spire","°æπ¶ƒ‹Mod°øªÏ„Á÷Æª∑–ﬁ∏¥≤π∂°"],"gold_per_floor":[110,110,110,121,11,42,62,62,62,62,75,89,123,137,137,137,137],"floor_reached":16,"playtime":903,"items_purged":["Strike_G"],"score":233,"play_id":"eb8c8caf-acf3-4d34-b9aa-0bff4e37f488","local_time":"20201230185154","is_ascension_mode":true,"campfire_choices":[{"data":"AT_KneejerkReflex","floor":8,"key":"SMITH"},{"data":"AT_ShadowStep","floor":15,"key":"SMITH"}],"circlet_count":0,"master_deck":["AscendersBane","Strike_G","Strike_G","Strike_G","Defend_G","Defend_G","Defend_G","Defend_G","Defend_G","Survivor","Neutralize","Deadly Poison","AT_Desolate","Noxious Fumes","AT_WindFlip","AT_KneejerkReflex+1","Pain","AT_ShadowStep+1"],"relics":["Ring of the Snake","AT_ATBox","NeowsBlessing","AT_ChloranthyRing","DemoMod:MemoryAlloy","MealTicket","WarpedTongs","DemoMod:MonsterBlood"],"acts_visited":["Exordium"],"potions_floor_usage":[13,16,16],"damage_taken":[{"damage":0.0,"enemies":"Small Slimes","floor":1.0,"turns":1.0},{"damage":0.0,"enemies":"2 Louse","floor":4.0,"turns":1.0},{"damage":0.0,"enemies":"Gremlin Nob","floor":6.0,"turns":1.0},{"damage":0,"enemies":"Cultist","floor":7,"turns":2},{"damage":3,"enemies":"2 Fungi Beasts","floor":11,"turns":4},{"damage":4,"enemies":"Exordium Thugs","floor":12,"turns":4},{"damage":10,"enemies":"3 Sentries","floor":13,"turns":7},{"damage":18,"enemies":"Lots of Slimes","floor":14,"turns":3},{"damage":23,"enemies":"The Guardian","floor":16,"turns":2}],"seed_played":"9057214052597442941","potions_obtained":[{"floor":1.0,"key":"AttackPotion"},{"floor":13,"key":"CultistPotion"},{"floor":14,"key":"LiquidMemories"}],"is_trial":false,"path_per_floor":["M","?","?","M","$","E","M","R","T","?","M","M","E","M","R","B"],"character_chosen":"THE_SILENT","items_purchased":["Noxious Fumes"],"campfire_rested":0,"item_purchase_floors":[5],"current_hp_per_floor":[59,47,47,47,47,47,47,47,47,47,44,40,37,19,19,0,0],"gold":137,"neow_bonus":"THREE_ENEMY_KILL","is_daily":false,"chose_seed":false,"campfire_upgraded":2,"win_rate":0.0,"timestamp":1609325514,"path_taken":["M","?","?","?","$","E","M","R","T","?","M","M","E","M","R","BOSS"],"items_purchased_type":["Card"],"build_version":"2020-12-22","purchased_purges":1,"victory":false,"max_hp_per_floor":[66,66,66,66,66,66,66,66,66,66,66,66,73,73,73,73,73],"card_choices":[{"not_picked":["Prepared","AT_FocusSwordFire"],"picked":"Deadly Poison","floor":1.0},{"not_picked":["Accuracy","Heel Hook"],"picked":"AT_Desolate","floor":4.0},{"not_picked":["Slice","Cloak And Dagger"],"picked":"AT_WindFlip","floor":6.0},{"not_picked":["Dagger Spray","Acrobatics"],"picked":"AT_KneejerkReflex","floor":7},{"not_picked":["Terror","Underhanded Strike","AT_WomanClash"],"picked":"SKIP","floor":11},{"not_picked":["Reflex","Blade Dance"],"picked":"AT_ShadowStep","floor":12},{"not_picked":["AT_TinkerSharpsword","Dagger Throw","AT_MyraUnstableElement"],"picked":"SKIP","floor":13},{"not_picked":["Acrobatics","Blur","Deflect"],"picked":"SKIP","floor":14}],"player_experience":482868,"relics_obtained":[{"floor":6.0,"key":"DemoMod:MemoryAlloy"},{"floor":9,"key":"MealTicket"},{"floor":13,"key":"DemoMod:MonsterBlood"}],"event_choices":[{"damage_healed":0.0,"max_hp_gain":0.0,"max_hp_loss":0.0,"gold_gain":0.0,"event_name":"Scrap Ooze","player_choice":"Success","floor":2.0,"gold_loss":0.0,"damage_taken":12.0,"relics_obtained":["AT_ChloranthyRing"]},{"cards_removed":["Strike_G"],"damage_healed":0.0,"max_hp_gain":0.0,"max_hp_loss":0.0,"gold_gain":0.0,"event_name":"Bonfire Elementals","player_choice":"Offered Basic","floor":3.0,"gold_loss":0.0,"damage_taken":0.0},{"damage_healed":0,"gold_gain":0,"player_choice":"Rummage","damage_taken":0,"relics_obtained":["WarpedTongs"],"max_hp_gain":0,"max_hp_loss":0,"event_name":"Accursed Blacksmith","floor":10,"gold_loss":0,"cards_obtained":["Pain"]}],"is_beta":false,"boss_relics":[],"items_purged_floors":[5],"is_endless":false,"potions_floor_spawned":[1,13,14],"killed_by":"The Guardian","ascension_level":14}}