{"host":"94aus4jnk6thj94q","time":1609316250,"event":{"mods":["BaseMod","Minty Spire (QoL Compilation)","Quick Restart","StSLib"],"gold_per_floor":[114,114,21,21,38,65,76,76,76,93,105,116,116,143,143,242,242,259,278,289,200,210,210,243,50,77,92,92,14,14,27,27,129,179,193,210,224,244,91,91,91,91],"floor_reached":41,"playtime":2171,"items_purged":[],"score":502,"play_id":"d76a48b9-6e9b-42be-ad6e-1fd350801bf4","local_time":"20201230101730","is_ascension_mode":false,"campfire_choices":[{"floor":13,"key":"RECALL"},{"floor":15,"key":"REST"},{"floor":23,"key":"REST"},{"floor":28,"key":"REST"},{"data":"After Image","floor":32,"key":"SMITH"},{"floor":40,"key":"REST"}],"circlet_count":0,"master_deck":["Strike_G+1","Strike_G","Strike_G","Strike_G","Strike_G","Defend_G","Defend_G","Defend_G","Defend_G","Defend_G","Survivor","Neutralize","Footwork+1","Caltrops","Blade Dance","Blade Dance","Slice","Finisher","Backstab","Finisher","Cloak And Dagger","Cloak And Dagger","After Image+1","Backstab+1","Accuracy","Blade Dance","Backstab+1","Infinite Blades","Caltrops","After Image","Backstab+1","Blade Dance"],"relics":["Ring of the Snake","NeowsBlessing","Meat on the Bone","Omamori","Molten Egg 2","Philosopher\u0027s Stone","Strawberry","Incense Burner","TwistedFunnel","Tiny House","Lantern"],"acts_visited":["Exordium","TheCity","TheBeyond"],"potions_floor_usage":[14,20,20,22,27,31,33,33,35,37,38],"damage_taken":[{"damage":0,"enemies":"Jaw Worm","floor":1,"turns":1},{"damage":0,"enemies":"2 Louse","floor":5,"turns":1},{"damage":0,"enemies":"Gremlin Nob","floor":6,"turns":1},{"damage":0,"enemies":"Cultist","floor":7,"turns":3},{"damage":0,"enemies":"2 Fungi Beasts","floor":10,"turns":4},{"damage":0,"enemies":"Exordium Thugs","floor":11,"turns":3},{"damage":0,"enemies":"Large Slime","floor":12,"turns":1},{"damage":12,"enemies":"Lagavulin","floor":14,"turns":4},{"damage":37,"enemies":"Hexaghost","floor":16,"turns":10},{"damage":9,"enemies":"3 Byrds","floor":18,"turns":4},{"damage":2,"enemies":"Spheric Guardian","floor":19,"turns":3},{"damage":7,"enemies":"Centurion and Healer","floor":20,"turns":4},{"damage":0,"enemies":"Snecko","floor":22,"turns":1},{"damage":17,"enemies":"Book of Stabbing","floor":24,"turns":6},{"damage":5,"enemies":"Shelled Parasite and Fungi","floor":27,"turns":4},{"damage":6,"enemies":"3 Cultists","floor":31,"turns":5},{"damage":30,"enemies":"Collector","floor":33,"turns":11},{"damage":16,"enemies":"3 Darklings","floor":35,"turns":3},{"damage":0,"enemies":"Orb Walker","floor":36,"turns":2},{"damage":5,"enemies":"Maw","floor":37,"turns":6},{"damage":41,"enemies":"3 Darklings","floor":38,"turns":5},{"damage":16,"enemies":"Sphere and 2 Shapes","floor":41,"turns":3}],"seed_played":"-2658658034958076681","potions_obtained":[{"floor":1,"key":"AttackPotion"},{"floor":6,"key":"Poison Potion"},{"floor":16,"key":"SkillPotion"},{"floor":19,"key":"FearPotion"},{"floor":24,"key":"Block Potion"},{"floor":30,"key":"SkillPotion"},{"floor":30,"key":"Explosive Potion"},{"floor":30,"key":"LiquidMemories"},{"floor":31,"key":"SkillPotion"},{"floor":33,"key":"Strength Potion"},{"floor":34,"key":"Explosive Potion"},{"floor":37,"key":"Regen Potion"}],"is_trial":false,"path_per_floor":["M","?","$","?","M","E","M","$","T","M","M","M","R","E","R","B",null,"M","M","M","?","M","R","E","$","T","M","R","$","?","M","R","B",null,"M","M","M","M","$","R","M"],"character_chosen":"THE_SILENT","items_purchased":["Caltrops","Blade Dance","TwistedFunnel","Blade Dance","Infinite Blades","Lantern"],"campfire_rested":4,"item_purchase_floors":[3,3,25,25,29,39],"current_hp_per_floor":[70,70,70,70,70,70,70,70,70,70,70,70,70,58,70,45,70,61,59,52,59,59,77,60,60,60,55,77,77,77,71,71,41,82,66,66,61,46,46,70,54,54],"gold":91,"neow_bonus":"THREE_ENEMY_KILL","is_daily":false,"chose_seed":false,"campfire_upgraded":1,"win_rate":0.0,"timestamp":1609316250,"path_taken":["M","?","$","?","?","E","M","$","T","M","M","M","R","E","R","BOSS","M","M","M","?","M","R","E","?","T","M","R","$","?","M","R","BOSS","M","?","M","M","$","R","M"],"items_purchased_type":["Card","Card","Relic","Card","Card","Relic"],"build_version":"2020-12-22","purchased_purges":0,"victory":false,"max_hp_per_floor":[70,70,70,70,70,70,70,70,70,70,70,70,70,70,70,70,70,70,70,70,77,77,77,77,77,77,77,77,77,77,77,77,77,82,82,82,82,82,82,82,82,82],"card_choices":[{"not_picked":["Acrobatics","Cloak And Dagger"],"picked":"Footwork","floor":1},{"not_picked":["Well Laid Plans","PiercingWail"],"picked":"Blade Dance","floor":5},{"not_picked":["Underhanded Strike","Catalyst"],"picked":"Slice","floor":6},{"not_picked":["Deflect","Sucker Punch"],"picked":"Finisher","floor":7},{"not_picked":["Distraction","Escape Plan"],"picked":"Backstab","floor":10},{"not_picked":["Underhanded Strike","Quick Slash"],"picked":"Finisher","floor":11},{"not_picked":["Dagger Throw","PiercingWail"],"picked":"Cloak And Dagger","floor":12},{"not_picked":["Blur","Dagger Throw+1"],"picked":"Cloak And Dagger","floor":14},{"not_picked":["Glass Knife+1","Unload+1"],"picked":"After Image","floor":16},{"not_picked":["Acrobatics","Dagger Throw+1","Poisoned Stab+1"],"picked":"SKIP","floor":18},{"not_picked":["Deadly Poison","Poisoned Stab+1"],"picked":"Backstab+1","floor":19},{"not_picked":["Noxious Fumes","Quick Slash+1","Expertise"],"picked":"SKIP","floor":20},{"not_picked":["Bouncing Flask+1","Prepared"],"picked":"Accuracy","floor":22},{"not_picked":["Underhanded Strike+1","Endless Agony+1","Night Terror"],"picked":"SKIP","floor":24},{"not_picked":["Masterful Stab+1","Acrobatics"],"picked":"Backstab+1","floor":27},{"not_picked":["Backflip","Cloak And Dagger+1"],"picked":"Caltrops","floor":31},{"not_picked":["Corpse Explosion","Burst"],"picked":"After Image","floor":33},{"not_picked":["Outmaneuver","Quick Slash+1"],"picked":"Backstab+1","floor":35},{"not_picked":["Slice+1","Catalyst+1"],"picked":"Blade Dance","floor":36},{"not_picked":["Bane+1","Sucker Punch+1","Predator+1"],"picked":"SKIP","floor":37},{"not_picked":["Underhanded Strike+1","Skewer+1","Sucker Punch+1"],"picked":"SKIP","floor":38}],"player_experience":5650418,"relics_obtained":[{"floor":6,"key":"Meat on the Bone"},{"floor":9,"key":"Omamori"},{"floor":14,"key":"Molten Egg 2"},{"floor":24,"key":"Incense Burner"}],"event_choices":[{"damage_healed":0,"gold_gain":0,"player_choice":"Ignored","damage_taken":0,"max_hp_gain":0,"max_hp_loss":0,"event_name":"Shining Light","floor":2,"gold_loss":0},{"damage_healed":0,"gold_gain":0,"player_choice":"Forge","damage_taken":0,"max_hp_gain":0,"max_hp_loss":0,"event_name":"Accursed Blacksmith","floor":4,"gold_loss":0,"cards_upgraded":["Footwork"]},{"damage_healed":0,"gold_gain":0,"player_choice":"Paid Gold","damage_taken":0,"relics_obtained":["Strawberry"],"max_hp_gain":0,"max_hp_loss":0,"event_name":"WeMeetAgain","floor":21,"gold_loss":89},{"damage_healed":0,"gold_gain":0,"player_choice":"Got Potions","damage_taken":0,"max_hp_gain":0,"max_hp_loss":0,"event_name":"Lab","floor":30,"gold_loss":0}],"is_beta":false,"boss_relics":[{"not_picked":["Ectoplasm","Runic Dome"],"picked":"Philosopher\u0027s Stone"},{"not_picked":["Fusion Hammer","Empty Cage"],"picked":"Tiny House"}],"items_purged_floors":[],"is_endless":false,"potions_floor_spawned":[1,6,16,19,24,31,33,37],"killed_by":"Sphere and 2 Shapes","ascension_level":0}}