{"host":"f0dbpmn0khgeoqc0","time":1609362676,"event":{"mods":["2.2 Compatiblity","AchievementEnabler","Act Like it!","Ascension Unlocker","Aspiration","BaseMod","Better Altar","Better Match","Better Sensory Stone","Better Skull","Better Third Choice","BetterRewards","Block Reminder","Colored Map","Colored Powertips","Conspire","DNKmod","Disable Question Mark Monsters","Displayed Cursed Tome","Downfall","Evolution","Friendly Minions","Hermit","Highlight Path","Humility","Infinite Spire","Jorbs\u0027s Wanderer Trilogy","Koishi","Marisa????????","Minty Spire (QoL Compilation)","MostiFishMod","Permanent Neow","Random Character Button","Relic Filter","Relic Stats","Spicy Shops","StSLib","Td1madao Mod","The Gatherer","Treasure Hunter","Wandering Minibosses","??????REMEMod"],"gold_per_floor":[199,219,230,330,370,73,73,107,282,316,91,0,0,32,48,48,48,48],"floor_reached":16,"playtime":1225,"items_purged":["Doubt"],"score":122,"play_id":"82dcb89a-6cad-4bc7-abda-c6b75ff098b0","local_time":"20201230161116","is_ascension_mode":true,"campfire_choices":[{"floor":1,"key":"RECALL"},{"data":"champ:CrookedStrike","floor":11,"key":"SMITH"},{"data":"Limit Break","floor":13,"key":"SMITH"}],"circlet_count":0,"master_deck":["champ:Strike","champ:Strike","champ:Strike","champ:Strike","champ:Defend","champ:Defend","champ:Defend","champ:Defend","champ:Execute","champ:Taunt","Limit Break+1","champ:GladiatorStyle","champ:GutPunch","champ:CalledShot","champ:DefensiveShout","champ:FanOfKnives","expansioncontent:YouAreMine","TH:TreasureMap+1","TH:PixieDust+1","champ:CrookedStrike+1","Doubt","TH:ArmorSpikes+1","champ:BringItOn","champ:Encircle","champ:Improvising+1","TH:BikiniMail+1","champ:DeathBlow","champ:FocusedGladiator"],"relics":["champ:ChampionCrown","EVO:Axolotl","DaveBox","REME_ComplimentaryCards","GuanYuAspect","PreservedInsect","BrkXgEgg","MealTicket","Matryoshka","downfall:HeartBlessingRed","downfall:HeartBlessingGreen","downfall:HeartBlessingBlue","aspiration:HiddenCompartment"],"acts_visited":["Exordium"],"potions_floor_usage":[8,10],"damage_taken":[{"damage":12,"enemies":"2 Louse","floor":2,"turns":3},{"damage":10,"enemies":"Jaw Worm","floor":3,"turns":3},{"damage":35,"enemies":"conspire:MimicChest","floor":5,"turns":8},{"damage":15,"enemies":"downfall:FleeingMerchant","floor":6,"turns":4},{"damage":27,"enemies":"3 Sentries","floor":8,"turns":4},{"damage":31,"enemies":"Gremlin Nob","floor":10,"turns":4},{"damage":8,"enemies":"downfall:FleeingMerchant","floor":12,"turns":4},{"damage":10,"enemies":"Lagavulin","floor":14,"turns":3},{"damage":7,"enemies":"conspire:RoseBush","floor":15,"turns":4},{"damage":58,"enemies":"downfall:Defect","floor":16,"turns":5}],"seed_played":"7523071313781254544","potions_obtained":[{"floor":5,"key":"champ:TechniquePotion"},{"floor":8,"key":"Guardian:BlockOnCardUsePotion"},{"floor":14,"key":"champ:CounterPotion"}],"is_trial":false,"path_per_floor":["R","M","M","?","?","$","T","E","?","E","R","$","R","E","M","B"],"character_chosen":"THE_CHAMP","items_purchased":["BrkXgEgg","champ:FanOfKnives","expansioncontent:YouAreMine","champ:Improvising+1"],"campfire_rested":0,"item_purchase_floors":[6,6,6,12],"current_hp_per_floor":[45,40,41,41,23,25,25,27,27,10,15,28,28,38,41,0,0,0],"gold":48,"neow_bonus":"HUNDRED_GOLD","is_daily":false,"chose_seed":false,"campfire_upgraded":2,"win_rate":0.0,"timestamp":1609362676,"path_taken":["R","M","M","?","?","$","T","E","?","E","R","?","R","E","M","BOSS"],"items_purchased_type":["Relic","Card","Card","Card"],"build_version":"2020-12-22","purchased_purges":1,"victory":false,"max_hp_per_floor":[45,45,45,45,45,45,45,45,45,45,55,55,55,55,55,55,55,55],"relic_stats":{"counters":[10,42],"MealTicket":8,"PreservedInsect":192,"obtain_stats":[{"DaveBox":0,"downfall:HeartBlessingRed":11,"champ:ChampionCrown":0,"downfall:HeartBlessingGreen":11,"PreservedInsect":5,"BrkXgEgg":6,"EVO:Axolotl":0,"aspiration:HiddenCompartment":14,"Matryoshka":10,"GuanYuAspect":0,"downfall:HeartBlessingBlue":11,"MealTicket":8,"REME_ComplimentaryCards":0},{"DaveBox":0,"downfall:HeartBlessingRed":6,"champ:ChampionCrown":0,"downfall:HeartBlessingGreen":6,"PreservedInsect":3,"BrkXgEgg":4,"EVO:Axolotl":0,"aspiration:HiddenCompartment":8,"Matryoshka":6,"GuanYuAspect":0,"downfall:HeartBlessingBlue":6,"MealTicket":5,"REME_ComplimentaryCards":0},{"DaveBox":0,"downfall:HeartBlessingRed":26,"champ:ChampionCrown":0,"downfall:HeartBlessingGreen":26,"PreservedInsect":14,"BrkXgEgg":18,"EVO:Axolotl":0,"aspiration:HiddenCompartment":33,"Matryoshka":26,"GuanYuAspect":0,"downfall:HeartBlessingBlue":26,"MealTicket":22,"REME_ComplimentaryCards":0}]},"card_choices":[{"not_picked":["champ:GladiatorsShout","champ:FlashCut"],"picked":"champ:GladiatorStyle","floor":2},{"not_picked":["champ:StanceDance","champ:BerserkersShout"],"picked":"champ:GutPunch","floor":3},{"not_picked":["champ:IronFortress","champ:Riposte"],"picked":"champ:CalledShot","floor":5},{"not_picked":["champ:AdrenalArmor","champ:CalledShot"],"picked":"champ:DefensiveShout","floor":6},{"not_picked":["TH:DeckOfManyThings"],"picked":"TH:TreasureMap","floor":7},{"not_picked":["TH:EnergyPotion"],"picked":"TH:PixieDust","floor":8},{"not_picked":["champ:AdrenalArmor","champ:Backstep"],"picked":"champ:CrookedStrike","floor":8},{"not_picked":["TH:Mimic"],"picked":"TH:ArmorSpikes","floor":10},{"not_picked":["champ:Duel","champ:FanOfKnives"],"picked":"champ:BringItOn","floor":10},{"not_picked":["champ:FlashCut","champ:DefensiveShout"],"picked":"champ:Encircle","floor":12},{"not_picked":["TH:ElvenBoots"],"picked":"TH:BikiniMail","floor":14},{"not_picked":["champ:SkillfulDodge","champ:Lariat"],"picked":"champ:DeathBlow","floor":14},{"not_picked":["champ:Haymaker","champ:FlashCut"],"picked":"champ:FocusedGladiator","floor":15}],"player_experience":538461,"relics_obtained":[{"floor":5,"key":"PreservedInsect"},{"floor":8,"key":"MealTicket"},{"floor":10,"key":"Matryoshka"},{"floor":14,"key":"aspiration:HiddenCompartment"}],"event_choices":[],"is_beta":false,"boss_relics":[],"items_purged_floors":[6],"is_endless":false,"potions_floor_spawned":[5,8,14],"killed_by":"downfall:Defect","ascension_level":1}}