{"host":"5jn3rki867005t18","time":1609329031,"event":{"mods":["AchievementEnabler","BaseMod","Colored Map","DeckTracker","Highlight Path","Minty Spire (QoL Compilation)","Permanent Neow","Quick Restart","StSLib","SuperFastMode"],"gold_per_floor":[115,115,135,155,155,155,186,186,255,255,268,110,60,90,90,190,190,200,300,320,335,354,354,373,373,399,399,416,434,444,456,456,456,456],"floor_reached":33,"playtime":1299,"items_purged":["Strike_P"],"score":286,"play_id":"759b9c46-659e-4906-a98d-ae7a9ad6d998","local_time":"20201230205031","is_ascension_mode":false,"campfire_choices":[{"floor":6.0,"key":"REST"},{"data":"Halt","floor":8.0,"key":"SMITH"},{"data":"Dramatic Entrance","floor":15.0,"key":"SMITH"},{"data":"WheelKick","floor":23,"key":"SMITH"},{"floor":25,"key":"REST"},{"data":"ClearTheMind","floor":27,"key":"SMITH"},{"floor":32,"key":"REST"}],"circlet_count":0,"master_deck":["Strike_P+1","Strike_P+1","Defend_P","Defend_P","Defend_P","Defend_P","Eruption+1","Vigilance","CrushJoints","InnerPeace","Perseverance","Halt+1","Dramatic Entrance+1","FlurryOfBlows","Establishment","WheelKick+1","CrushJoints","ClearTheMind+1","FearNoEvil+1","Doubt","WaveOfTheHand+1","CrushJoints","EmptyBody+1"],"relics":["PureWater","Boot","Darkstone Periapt","Bottled Flame","Mango","Cursed Key","Lantern"],"acts_visited":["Exordium","TheCity"],"potions_floor_usage":[30,33],"damage_taken":[{"damage":0.0,"enemies":"Cultist","floor":1.0,"turns":4.0},{"damage":1.0,"enemies":"Jaw Worm","floor":3.0,"turns":3.0},{"damage":0.0,"enemies":"Small Slimes","floor":4.0,"turns":4.0},{"damage":9.0,"enemies":"Lagavulin","floor":7.0,"turns":5.0},{"damage":0.0,"enemies":"3 Louse","floor":11.0,"turns":2.0},{"damage":12.0,"enemies":"Gremlin Nob","floor":14.0,"turns":3.0},{"damage":42.0,"enemies":"The Guardian","floor":16.0,"turns":11.0},{"damage":2,"enemies":"3 Byrds","floor":18,"turns":4},{"damage":7,"enemies":"Shell Parasite","floor":20,"turns":4},{"damage":19,"enemies":"Snake Plant","floor":21,"turns":3},{"damage":6,"enemies":"Centurion and Healer","floor":22,"turns":4},{"damage":0,"enemies":"Cultist and Chosen","floor":24,"turns":3},{"damage":10,"enemies":"Snecko","floor":28,"turns":4},{"damage":0,"enemies":"3 Cultists","floor":29,"turns":2},{"damage":6,"enemies":"Snake Plant","floor":30,"turns":4},{"damage":0,"enemies":"Shelled Parasite and Fungi","floor":31,"turns":1},{"damage":100,"enemies":"Collector","floor":33,"turns":8}],"seed_played":"4948570156714850539","potions_obtained":[{"floor":1.0,"key":"Fire Potion"},{"floor":7.0,"key":"Ancient Potion"},{"floor":14.0,"key":"SkillPotion"},{"floor":22,"key":"BlessingOfTheForge"},{"floor":28,"key":"DuplicationPotion"},{"floor":29,"key":"Weak Potion"}],"is_trial":false,"path_per_floor":["M","?","M","M","?","R","E","R","T","T","M","$","?","E","R","B",null,"M","?","M","M","M","R","M","R","T","R","M","M","M","M","R","B"],"character_chosen":"WATCHER","items_purchased":["Dramatic Entrance"],"campfire_rested":3,"item_purchase_floors":[12],"current_hp_per_floor":[72,58,57,57,57,72,63,63,63,63,63,63,63,65,65,23,86,84,84,77,58,52,52,52,77,83,83,73,73,67,67,92,0,0],"gold":456,"neow_bonus":"THREE_CARDS","is_daily":false,"chose_seed":false,"campfire_upgraded":4,"win_rate":0.0,"timestamp":1609329031,"path_taken":["M","?","M","M","?","R","E","R","T","?","M","$","?","E","R","BOSS","M","?","M","M","M","R","M","R","T","R","M","M","M","?","R","BOSS"],"items_purchased_type":["Card"],"build_version":"2020-12-22","purchased_purges":1,"victory":false,"max_hp_per_floor":[72,72,72,72,72,72,72,72,72,72,72,72,72,86,86,86,86,86,86,86,86,86,86,86,86,92,92,92,92,92,92,92,92,92],"card_choices":[{"not_picked":["Collect","Evaluate"],"picked":"CrushJoints","floor":0.0},{"not_picked":["Wireheading","Evaluate"],"picked":"InnerPeace","floor":1.0},{"not_picked":["Evaluate","BowlingBash"],"picked":"Perseverance","floor":3.0},{"not_picked":["Evaluate","Protect","Prostrate"],"picked":"SKIP","floor":4.0},{"not_picked":["Worship","SashWhip"],"picked":"Halt","floor":7.0},{"not_picked":["Prostrate","Evaluate","SandsOfTime"],"picked":"SKIP","floor":11.0},{"not_picked":["FlyingSleeves","ClearTheMind"],"picked":"FlurryOfBlows","floor":14.0},{"not_picked":["LessonLearned","SpiritShield"],"picked":"Establishment","floor":16.0},{"not_picked":["Consecrate+1","Indignation"],"picked":"WheelKick","floor":18},{"not_picked":["ReachHeaven","Consecrate"],"picked":"CrushJoints","floor":20},{"not_picked":["ThirdEye","Halt"],"picked":"ClearTheMind","floor":21},{"not_picked":["Protect+1","Crescendo"],"picked":"FearNoEvil+1","floor":22},{"not_picked":["ClearTheMind+1","FlyingSleeves","Evaluate"],"picked":"SKIP","floor":24},{"not_picked":["PathToVictory","ThirdEye"],"picked":"WaveOfTheHand+1","floor":28},{"not_picked":["ConjureBlade","SignatureMove"],"picked":"CrushJoints","floor":29},{"not_picked":["JustLucky","SandsOfTime","LikeWater"],"picked":"SKIP","floor":30},{"not_picked":["Wireheading","JustLucky"],"picked":"EmptyBody+1","floor":31}],"player_experience":143288,"relics_obtained":[{"floor":7.0,"key":"Boot"},{"floor":9.0,"key":"Darkstone Periapt"},{"floor":10.0,"key":"Bottled Flame"},{"floor":14.0,"key":"Mango"},{"floor":26,"key":"Lantern"}],"event_choices":[{"damage_healed":0.0,"max_hp_gain":0.0,"max_hp_loss":0.0,"gold_gain":0.0,"event_name":"Shining Light","player_choice":"Entered Light","floor":2.0,"gold_loss":0.0,"damage_taken":14.0,"cards_upgraded":["Strike_P","Strike_P"]},{"damage_healed":0.0,"max_hp_gain":0.0,"max_hp_loss":0.0,"gold_gain":0.0,"event_name":"Living Wall","player_choice":"Grow","floor":5.0,"gold_loss":0.0,"damage_taken":0.0,"cards_upgraded":["Eruption"]},{"cards_removed":["Strike_P"],"damage_healed":0.0,"max_hp_gain":0.0,"max_hp_loss":0.0,"gold_gain":0.0,"event_name":"The Cleric","player_choice":"Card Removal","floor":13.0,"gold_loss":50.0,"damage_taken":0.0},{"damage_healed":0,"gold_gain":100,"player_choice":"Pray","damage_taken":0,"max_hp_gain":0,"max_hp_loss":0,"event_name":"Golden Shrine","floor":19,"gold_loss":0}],"is_beta":false,"boss_relics":[{"not_picked":["SacredBark","Velvet Choker"],"picked":"Cursed Key"}],"items_purged_floors":[12],"is_endless":false,"potions_floor_spawned":[1,7,14,22,28,29],"killed_by":"Collector","ascension_level":0}}