{"host":"ln38befi3ugo1bsw","time":1609291436,"event":{"mods":["BaseMod","BetterRewards","Colored Map","Colored Powertips","Downfall","Hermit","Jorbs\u0027s Wanderer Trilogy","Lobotomy","Minty Spire (QoL Compilation)","READ ME - Guardian Mod","READ ME - Snecko Mod","StSLib","SuperFastMode","The Cursed","The Disciple","The Hierophant","The Servant 0.9.4"],"gold_per_floor":[110,125,139,154,174,174,193,221,273,283,293,312,345,364,364,364,364],"floor_reached":16,"playtime":993,"items_purged":[],"score":120,"play_id":"0b40e3cf-16b3-4eaa-8d91-4aff1f45c629","local_time":"20201229202356","is_ascension_mode":false,"campfire_choices":[{"data":"Backstab","floor":6,"key":"SMITH"},{"floor":15,"key":"REST"}],"circlet_count":0,"master_deck":["Strike_G","Strike_G","Strike_G","Strike_G","Strike_G","Defend_G","Defend_G","Defend_G","Defend_G","Defend_G","Survivor","Neutralize","Outmaneuver","Prepared","Backstab+1","Deadly Poison","Acrobatics","Prepared","Noxious Fumes","Endless Agony","Backflip","Escape Plan","Poisoned Stab"],"relics":["Ring of the Snake","NeowsBlessing","Bottled Lightning","Blood Vial","Eternal Feather"],"acts_visited":["Exordium"],"potions_floor_usage":[13,13,13,16],"damage_taken":[{"damage":0,"enemies":"Jaw Worm","floor":1,"turns":1},{"damage":0,"enemies":"2 Louse","floor":2,"turns":1},{"damage":0,"enemies":"Small Slimes","floor":3,"turns":1},{"damage":1,"enemies":"Red Slaver","floor":4,"turns":4},{"damage":5,"enemies":"Looter","floor":5,"turns":4},{"damage":5,"enemies":"Lots of Slimes","floor":7,"turns":5},{"damage":25,"enemies":"Lagavulin","floor":8,"turns":8},{"damage":0,"enemies":"Exordium Wildlife","floor":10,"turns":2},{"damage":0,"enemies":"Large Slime","floor":11,"turns":6},{"damage":8,"enemies":"Lots of Slimes","floor":12,"turns":4},{"damage":12,"enemies":"3 Sentries","floor":13,"turns":8},{"damage":4,"enemies":"Looter","floor":14,"turns":3},{"damage":55,"enemies":"Slime Boss","floor":16,"turns":11}],"seed_played":"-7145871814729303196","potions_obtained":[{"floor":2,"key":"Poison Potion"},{"floor":7,"key":"Guardian:BlockOnCardUsePotion"},{"floor":8,"key":"PowerPotion"},{"floor":14,"key":"PowerPotion"}],"is_trial":false,"path_per_floor":["M","M","M","M","M","R","M","E","T","M","M","M","E","M","R","B"],"character_chosen":"THE_SILENT","items_purchased":[],"campfire_rested":1,"item_purchase_floors":[],"current_hp_per_floor":[70,70,70,69,64,64,59,34,34,36,38,32,22,20,53,0,0],"gold":364,"neow_bonus":"THREE_ENEMY_KILL","is_daily":false,"chose_seed":false,"campfire_upgraded":1,"win_rate":0.0,"timestamp":1609291436,"path_taken":["M","M","M","M","M","R","M","E","T","M","M","M","E","M","R","BOSS"],"items_purchased_type":[],"build_version":"2020-12-22","purchased_purges":0,"victory":false,"max_hp_per_floor":[70,70,70,70,70,70,70,70,70,70,70,70,70,70,70,70,70],"card_choices":[{"not_picked":["Quick Slash","Underhanded Strike"],"picked":"Outmaneuver","floor":1},{"not_picked":["Outmaneuver","Tactician"],"picked":"Prepared","floor":2},{"not_picked":["Blade Dance","Dagger Spray"],"picked":"Backstab","floor":3},{"not_picked":["Finisher","Reflex"],"picked":"Deadly Poison","floor":4},{"not_picked":["Dash","Flechettes"],"picked":"Acrobatics","floor":5},{"not_picked":["Outmaneuver","Unload"],"picked":"Prepared","floor":7},{"not_picked":["Underhanded Strike","PiercingWail"],"picked":"Noxious Fumes","floor":8},{"not_picked":["PiercingWail","Footwork"],"picked":"Endless Agony","floor":10},{"not_picked":["Prepared","Blade Dance"],"picked":"Backflip","floor":11},{"not_picked":["Acrobatics","Infinite Blades","Bane"],"picked":"SKIP","floor":12},{"not_picked":["Bullet Time","Acrobatics"],"picked":"Escape Plan","floor":13},{"not_picked":["Cloak And Dagger","Caltrops"],"picked":"Poisoned Stab","floor":14}],"player_experience":64507,"relics_obtained":[{"floor":8,"key":"Bottled Lightning"},{"floor":9,"key":"Blood Vial"},{"floor":13,"key":"Eternal Feather"}],"event_choices":[],"is_beta":false,"boss_relics":[],"items_purged_floors":[],"is_endless":false,"potions_floor_spawned":[2,7,8,10,11,14],"killed_by":"Slime Boss","ascension_level":0}}