{"host":"6i7jlcm7o9r8pzco","time":1609346558,"event":{"mods":["AchievementEnabler","BaseMod","Card Forge","Colored Powertips","Minty Spire (QoL Compilation)","StSLib"],"gold_per_floor":[115,115,176,176,190,190,216,216,216,216,226,226,259,359,359,464,464,478,513,513,206,224,255,274,287,287,287,287,205,217,233,233,332,382,392,392,392,444,457,457,11,337,412,423,127,159,175,187,187,187],"floor_reached":51,"playtime":2988,"items_purged":[],"score":1058,"play_id":"967ee59b-dd90-40d4-b1ee-56374aaeb15c","local_time":"20201230114238","is_ascension_mode":false,"campfire_choices":[{"floor":6,"key":"REST"},{"data":"Sweeping Beam","floor":8,"key":"SMITH"},{"floor":15,"key":"REST"},{"floor":27,"key":"REST"},{"floor":32,"key":"REST"},{"floor":40,"key":"REST"},{"floor":49,"key":"REST"}],"circlet_count":0,"master_deck":["Dualcast+1","Defragment+1","Coolheaded+1","FTL+1","Dramatic Entrance+1","Bandage Up+1","Swift Strike+1","Good Instincts+1","Conserve Battery+1","Conserve Battery+1","Cold Snap+1","FTL+1","Sweeping Beam+1","Coolheaded+1","Doom and Gloom+1","Genetic Algorithm+1","Swift Strike+1","Electrodynamics+1","Double Energy+1","Gash+1","Gash+1","Fusion+1","Redo+1","Capacitor+1","Barrage+1","Lockon+1","Conserve Battery+1","Machine Learning+1","Stack+1","Defragment+1","Buffer+1","Coolheaded+1","Capacitor+1","Glacier+1","All For One+1","Glacier+1","Loop+1","Redo+1","Ball Lightning+1","Ball Lightning+1","Coolheaded+1"],"relics":["Cracked Core","Hammer of Thor","Seething Fire","Anvil of the Gods","Bag of Marbles","Pear","Eternal Feather","Fusion Hammer","Red Mask","Pen Nib","ClockworkSouvenir","Matryoshka","Bronze Scales","Strawberry","Shuriken","Bottled Flame","Tiny House","Pocketwatch","FossilizedHelix","Orrery","Old Coin","HornCleat","Dream Catcher","Juzu Bracelet","Letter Opener"],"acts_visited":["Exordium","TheCity","TheBeyond"],"potions_floor_usage":[],"damage_taken":[{"damage":1,"enemies":"Jaw Worm","floor":1,"turns":4},{"damage":0,"enemies":"Small Slimes","floor":5,"turns":2},{"damage":0,"enemies":"Gremlin Nob","floor":7,"turns":3},{"damage":0,"enemies":"Cultist","floor":11,"turns":1},{"damage":6,"enemies":"Lagavulin","floor":13,"turns":4},{"damage":0,"enemies":"Slime Boss","floor":16,"turns":5},{"damage":2,"enemies":"Chosen","floor":18,"turns":3},{"damage":0,"enemies":"Masked Bandits","floor":19,"turns":2},{"damage":0,"enemies":"Shell Parasite","floor":22,"turns":3},{"damage":0,"enemies":"Gremlin Leader","floor":23,"turns":2},{"damage":0,"enemies":"3 Cultists","floor":24,"turns":2},{"damage":5,"enemies":"Shelled Parasite and Fungi","floor":25,"turns":2},{"damage":0,"enemies":"Centurion and Healer","floor":30,"turns":2},{"damage":0,"enemies":"Snecko","floor":31,"turns":3},{"damage":48,"enemies":"Collector","floor":33,"turns":7},{"damage":0,"enemies":"3 Darklings","floor":35,"turns":3},{"damage":32,"enemies":"2 Orb Walkers","floor":38,"turns":5},{"damage":0,"enemies":"3 Shapes","floor":39,"turns":1},{"damage":0,"enemies":"Giant Head","floor":42,"turns":6},{"damage":5,"enemies":"3 Darklings","floor":44,"turns":2},{"damage":0,"enemies":"Nemesis","floor":46,"turns":4},{"damage":0,"enemies":"4 Shapes","floor":47,"turns":2},{"damage":0,"enemies":"Maw","floor":48,"turns":7},{"damage":0,"enemies":"Time Eater","floor":50,"turns":8}],"seed_played":"-1728963471004652657","potions_obtained":[{"floor":4,"key":"SpeedPotion"},{"floor":4,"key":"Weak Potion"},{"floor":4,"key":"EntropicBrew"},{"floor":18,"key":"Explosive Potion"},{"floor":34,"key":"CultistPotion"}],"is_trial":false,"path_per_floor":["M","$","?","?","M","R","E","R","T","$","M","$","E","?","R","B",null,"M","?","?","$","M","E","M","M","T","R","T","$","M","M","R","B",null,"M","?","?","?","M","R","$","E","T","M","$","E","M","M","R","B",null],"character_chosen":"DEFECT","items_purchased":["Pen Nib","ClockworkSouvenir","Lockon","FossilizedHelix","Orrery","Dream Catcher","Juzu Bracelet"],"campfire_rested":6,"item_purchase_floors":[21,21,29,41,41,45,45],"current_hp_per_floor":[81,81,81,81,81,82,82,82,92,92,92,92,86,86,92,92,92,90,90,90,90,90,90,90,85,92,99,99,99,99,99,99,51,104,104,104,104,72,72,104,104,104,104,99,99,104,104,104,104,104],"gold":187,"neow_bonus":"TEN_PERCENT_HP_BONUS","is_daily":false,"chose_seed":false,"campfire_upgraded":1,"win_rate":0.0,"timestamp":1609346558,"path_taken":["M","$","?","?","?","R","E","R","T","$","M","$","E","?","R","BOSS","M","?","?","$","M","E","M","M","T","R","?","$","M","M","R","BOSS","M","?","?","?","M","R","$","E","T","?","$","E","M","M","R","BOSS"],"items_purchased_type":["Relic","Relic","Card","Relic","Relic","Relic","Relic"],"build_version":"2020-12-22","purchased_purges":0,"victory":true,"max_hp_per_floor":[82,82,82,82,82,82,82,82,92,92,92,92,92,92,92,92,92,92,92,92,92,92,92,92,92,99,99,99,99,99,99,99,99,104,104,104,104,104,104,104,104,104,104,104,104,104,104,104,104,104],"card_choices":[{"not_picked":["Streamline","Barrage"],"picked":"Defragment","floor":1},{"not_picked":["Stack","Cold Snap"],"picked":"Conserve Battery","floor":5},{"not_picked":["Streamline","Beam Cell"],"picked":"Sweeping Beam","floor":7},{"not_picked":["Aggregate","Compile Driver"],"picked":"Coolheaded","floor":11},{"not_picked":["Steam Power","Biased Cognition"],"picked":"Genetic Algorithm","floor":13},{"not_picked":["Fission","Seek"],"picked":"Electrodynamics","floor":16},{"not_picked":["Beam Cell","Redo"],"picked":"Double Energy+1","floor":18},{"not_picked":["Fission","Hello World"],"picked":"Gash","floor":22},{"not_picked":["Blizzard+1","Conserve Battery"],"picked":"Redo+1","floor":23},{"not_picked":["Steam","Beam Cell"],"picked":"Capacitor","floor":24},{"not_picked":["Hologram+1","Sweeping Beam"],"picked":"Barrage+1","floor":25},{"not_picked":["Beam Cell","Static Discharge"],"picked":"Conserve Battery","floor":30},{"not_picked":["Consume+1","Conserve Battery+1","Genetic Algorithm"],"picked":"SKIP","floor":31},{"not_picked":["Electrodynamics","Buffer"],"picked":"Machine Learning","floor":33},{"not_picked":["Barrage","Lockon"],"picked":"Leap","floor":34},{"not_picked":["Chill","Steam","Redo"],"picked":"SKIP","floor":35},{"not_picked":["Barrage","Heatsinks"],"picked":"Conserve Battery","floor":38},{"not_picked":["Conserve Battery","Fusion"],"picked":"Coolheaded","floor":39},{"not_picked":["Coolheaded","Steam"],"picked":"Capacitor","floor":41},{"not_picked":["Scrape+1","Stack+1"],"picked":"Glacier","floor":41},{"not_picked":["Fission","Glacier"],"picked":"All For One","floor":41},{"not_picked":["Beam Cell+1","Force Field+1"],"picked":"Blizzard","floor":42},{"not_picked":["Fusion","Compile Driver"],"picked":"Loop","floor":44},{"not_picked":["Buffer","Coolheaded+1"],"picked":"Redo+1","floor":46},{"not_picked":["Beam Cell+1","Scrape+1","Sweeping Beam+1"],"picked":"SKIP","floor":47},{"not_picked":["Conserve Battery+1","Sweeping Beam"],"picked":"Ball Lightning","floor":48},{"not_picked":["Lockon+1","Stack+1"],"picked":"Coolheaded","floor":49}],"player_experience":6110,"relics_obtained":[{"floor":7,"key":"Bag of Marbles"},{"floor":9,"key":"Pear"},{"floor":13,"key":"Eternal Feather"},{"floor":19,"key":"Red Mask"},{"floor":23,"key":"Matryoshka"},{"floor":26,"key":"Bronze Scales"},{"floor":26,"key":"Strawberry"},{"floor":28,"key":"Shuriken"},{"floor":28,"key":"Bottled Flame"},{"floor":38,"key":"Pocketwatch"},{"floor":42,"key":"Old Coin"},{"floor":43,"key":"HornCleat"},{"floor":46,"key":"Letter Opener"}],"event_choices":[{"damage_healed":0,"gold_gain":61,"player_choice":"Gained Gold","damage_taken":0,"max_hp_gain":0,"max_hp_loss":0,"event_name":"Golden Wing","floor":3,"gold_loss":0},{"damage_healed":0,"gold_gain":0,"player_choice":"Got Potions","damage_taken":0,"max_hp_gain":0,"max_hp_loss":0,"event_name":"Lab","floor":4,"gold_loss":0},{"damage_healed":0,"gold_gain":100,"player_choice":"Gold","damage_taken":0,"max_hp_gain":0,"max_hp_loss":0,"event_name":"Wheel of Change","floor":14,"gold_loss":0},{"damage_healed":0,"gold_gain":0,"player_choice":"Fought Bandits","damage_taken":0,"max_hp_gain":0,"max_hp_loss":0,"event_name":"Masked Bandits","floor":19,"gold_loss":0},{"damage_healed":0,"gold_gain":0,"cards_transformed":["Cold Snap","Conserve Battery"],"player_choice":"Became Test Subject","damage_taken":0,"max_hp_gain":0,"max_hp_loss":0,"event_name":"Drug Dealer","floor":20,"gold_loss":0,"cards_obtained":["Steam Power","Rip and Tear"]},{"cards_removed":["Rip and Tear"],"damage_healed":0,"gold_gain":0,"player_choice":"Removed Attack","damage_taken":0,"max_hp_gain":0,"max_hp_loss":0,"event_name":"Falling","floor":36,"gold_loss":0},{"damage_healed":26,"gold_gain":0,"player_choice":"Writhe","damage_taken":0,"max_hp_gain":0,"max_hp_loss":0,"event_name":"Winding Halls","floor":37,"gold_loss":0,"cards_obtained":["Writhe"]},{"damage_healed":0,"gold_gain":0,"player_choice":"Fight","damage_taken":0,"max_hp_gain":0,"max_hp_loss":0,"event_name":"Mysterious Sphere","floor":38,"gold_loss":0}],"is_beta":false,"boss_relics":[{"not_picked":["Astrolabe","Coffee Dripper"],"picked":"Fusion Hammer"},{"not_picked":["Busted Crown","SacredBark"],"picked":"Tiny House"}],"items_purged_floors":[],"is_endless":false,"potions_floor_spawned":[7,13,16,18,19,22,24,30,39,42,44,48],"ascension_level":0}}