{"host":"0cgp910o8339lr91","time":1609350203,"event":{"mods":["BaseMod","Colored Map","Filter the Spire","Minty Spire (QoL Compilation)","Relic Stats","Slay-I","ojb\u0027s Better Paths Mod","ojb\u0027s Info Mod"],"gold_per_floor":[117,267,282,40,60,86,86,106,155,173,201,211,243,269,269,342,342,360,360,380,380,203,203,231,245,245,271,371,403,414,440,440,513,513,557,595,595,595,633,693,693,728,728,765,817,452,506,248,248,248,248,248,43,70,70],"floor_reached":56,"playtime":12192,"items_purged":["Doubt","Establishment","Evaluate","ThirdEye","Protect"],"score":2582,"play_id":"b39c7de6-6a67-4627-8009-24953b347b81","local_time":"20201230184323","is_ascension_mode":true,"campfire_choices":[{"data":"Meditate","floor":7.0,"key":"SMITH"},{"data":"Establishment","floor":15.0,"key":"SMITH"},{"floor":23.0,"key":"REST"},{"floor":32.0,"key":"RECALL"},{"floor":41.0,"key":"REST"},{"floor":49.0,"key":"REST"},{"floor":52.0,"key":"REST"}],"circlet_count":0,"master_deck":["AscendersBane","Eruption","Vigilance","SpiritShield","WindmillStrike+1","Establishment+1","BattleHymn","Meditate+1","MentalFortress","Tantrum","DeceiveReality","Adaptation","Meditate","EmptyBody","Tantrum+1","Wish","Fasting2+1","Study+1","Adaptation+1","Devotion+1","Adaptation+1"],"relics":["Pandora\u0027s Box","Oddly Smooth Stone","Mummified Hand","Juzu Bracelet","Bag of Preparation","Odd Mushroom","Fusion Hammer","MutagenicStrength","Omamori","Frozen Egg 2","Art of War","Darkstone Periapt","Whetstone","Potion Belt","Black Star","The Courier","Bottled Flame","PreservedInsect","Ornamental Fan","Anchor","CloakClasp","Bag of Marbles","Lee\u0027s Waffle","Du-Vu Doll","Damaru","DollysMirror","Thread and Needle","White Beast Statue"],"acts_visited":["Exordium","TheCity","TheBeyond","TheEnding"],"potions_floor_usage":[55],"damage_taken":[{"damage":0.0,"enemies":"Small Slimes","floor":1.0,"turns":3.0},{"damage":0.0,"enemies":"2 Louse","floor":3.0,"turns":4.0},{"damage":5.0,"enemies":"Jaw Worm","floor":5.0,"turns":3.0},{"damage":0.0,"enemies":"Lagavulin","floor":6.0,"turns":4.0},{"damage":6.0,"enemies":"2 Fungi Beasts","floor":8.0,"turns":4.0},{"damage":8.0,"enemies":"3 Louse","floor":10.0,"turns":4.0},{"damage":12.0,"enemies":"3 Sentries","floor":11.0,"turns":6.0},{"damage":3.0,"enemies":"Looter","floor":12.0,"turns":3.0},{"damage":0.0,"enemies":"Gremlin Nob","floor":13.0,"turns":3.0},{"damage":1.0,"enemies":"The Mushroom Lair","floor":14.0,"turns":3.0},{"damage":3.0,"enemies":"Hexaghost","floor":16.0,"turns":9.0},{"damage":4.0,"enemies":"2 Thieves","floor":18.0,"turns":3.0},{"damage":0.0,"enemies":"3 Byrds","floor":20.0,"turns":5.0},{"damage":8.0,"enemies":"Slavers","floor":24.0,"turns":6.0},{"damage":0.0,"enemies":"Centurion and Healer","floor":25.0,"turns":6.0},{"damage":0.0,"enemies":"Gremlin Leader","floor":27.0,"turns":5.0},{"damage":0.0,"enemies":"Colosseum Slavers","floor":28.0,"turns":3.0},{"damage":0.0,"enemies":"Colosseum Nobs","floor":28.0,"turns":4.0},{"damage":6.0,"enemies":"Book of Stabbing","floor":29.0,"turns":6.0},{"damage":0.0,"enemies":"Snake Plant","floor":30.0,"turns":4.0},{"damage":0.0,"enemies":"Champ","floor":33.0,"turns":10.0},{"damage":0.0,"enemies":"3 Darklings","floor":35.0,"turns":5.0},{"damage":0.0,"enemies":"Orb Walker","floor":36.0,"turns":3.0},{"damage":1.0,"enemies":"3 Darklings","floor":39.0,"turns":5.0},{"damage":0.0,"enemies":"Giant Head","floor":40.0,"turns":8.0},{"damage":20.0,"enemies":"Reptomancer","floor":42.0,"turns":5.0},{"damage":0.0,"enemies":"Spire Growth","floor":44.0,"turns":4.0},{"damage":6.0,"enemies":"2 Orb Walkers","floor":45.0,"turns":4.0},{"damage":10.0,"enemies":"Nemesis","floor":47.0,"turns":5.0},{"damage":9.0,"enemies":"Donu and Deca","floor":50.0,"turns":5.0},{"damage":0.0,"enemies":"Shield and Spear","floor":54.0,"turns":3.0},{"damage":52,"enemies":"The Heart","floor":55,"turns":7}],"seed_played":"-5473450907697864332","potions_obtained":[{"floor":1.0,"key":"EntropicBrew"},{"floor":5.0,"key":"EssenceOfSteel"},{"floor":8.0,"key":"PowerPotion"},{"floor":14.0,"key":"GamblersBrew"},{"floor":18.0,"key":"SkillPotion"},{"floor":25.0,"key":"BottledMiracle"},{"floor":28.0,"key":"Energy Potion"},{"floor":30.0,"key":"ColorlessPotion"},{"floor":36.0,"key":"PowerPotion"},{"floor":44.0,"key":"Ambrosia"},{"floor":45.0,"key":"LiquidMemories"},{"floor":47.0,"key":"SteroidPotion"}],"is_trial":false,"path_per_floor":["M","?","M","$","M","E","R","M","T","M","E","M","E","?","R","B",null,"M","?","M","?","$","R","E","M","T","E","?","E","M","T","R","B",null,"M","M","?","?","M","E","R","E","T","M","?","$","E","$","R","B",null,"R","$","E","B",null],"character_chosen":"WATCHER","items_purchased":["Oddly Smooth Stone","Tantrum","Bag of Marbles","Lee\u0027s Waffle","DollysMirror","StancePotion"],"campfire_rested":4,"item_purchase_floors":[4,22,46,46,48,53],"current_hp_per_floor":[61,61,61,61,56,56,56,50,50,42,30,27,27,26,26,23,57,53,34,34,34,34,55,47,47,47,47,47,41,41,41,41,41,65,65,65,65,65,64,64,73,53,53,53,47,80,70,70,80,71,78,80,80,80,28],"gold":70,"neow_bonus":"BOSS_RELIC","is_daily":false,"chose_seed":false,"campfire_upgraded":2,"win_rate":0.0,"timestamp":1609350203,"path_taken":["M","?","M","$","M","E","R","M","T","M","E","M","E","?","R","BOSS","M","?","M","?","$","R","E","M","T","E","?","E","M","?","R","BOSS","M","M","?","?","M","E","R","E","T","M","?","$","E","$","R","BOSS","R","$","E","BOSS"],"items_purchased_type":["Relic","Card","Relic","Relic","Relic","Potion"],"build_version":"2020-12-22","purchased_purges":5,"victory":true,"max_hp_per_floor":[68,68,68,68,68,68,68,68,68,68,68,68,68,68,68,68,68,68,73,73,73,73,73,73,73,73,73,73,73,73,73,73,73,73,73,73,73,73,73,73,73,73,73,73,73,80,80,80,80,80,80,80,80,80,80],"relic_stats":{"Darkstone Periapt":0,"Lee\u0027s Waffle":33,"counters":[32,152],"PreservedInsect":127,"Juzu Bracelet":0,"Bag of Preparation":[46],"CloakClasp":[71],"Whetstone":["WindmillStrike","Tantrum"],"Mummified Hand":[182],"Ornamental Fan":[40],"Pandora\u0027s Box":["WindmillStrike","SpiritShield","Evaluate","WindmillStrike","Establishment","Establishment","BattleHymn","Meditate"],"Art of War":[18],"Black Star":4,"obtain_stats":[{"Darkstone Periapt":28,"Juzu Bracelet":11,"Bag of Preparation":13,"CloakClasp":45,"Whetstone":29,"Mummified Hand":6,"DollysMirror":48,"Fusion Hammer":17,"Potion Belt":31,"Lee\u0027s Waffle":46,"Oddly Smooth Stone":4,"Damaru":47,"Thread and Needle":54,"The Courier":40,"PreservedInsect":42,"Omamori":24,"Odd Mushroom":14,"Frozen Egg 2":26,"White Beast Statue":54,"Du-Vu Doll":47,"Bottled Flame":40,"Anchor":43,"Ornamental Fan":42,"MutagenicStrength":21,"Pandora\u0027s Box":0,"Art of War":27,"Black Star":34,"Bag of Marbles":46,"PureWater":0},{"Darkstone Periapt":18,"Juzu Bracelet":7,"Bag of Preparation":9,"CloakClasp":28,"Whetstone":19,"Mummified Hand":4,"DollysMirror":29,"Fusion Hammer":11,"Potion Belt":20,"Lee\u0027s Waffle":28,"Oddly Smooth Stone":2,"Damaru":29,"Thread and Needle":31,"The Courier":25,"PreservedInsect":26,"Omamori":14,"Odd Mushroom":10,"Frozen Egg 2":15,"White Beast Statue":31,"Du-Vu Doll":29,"Bottled Flame":25,"Anchor":26,"Ornamental Fan":26,"MutagenicStrength":13,"Pandora\u0027s Box":0,"Art of War":16,"Black Star":21,"Bag of Marbles":28,"PureWater":0},{"Darkstone Periapt":78,"Juzu Bracelet":28,"Bag of Preparation":34,"CloakClasp":132,"Whetstone":84,"Mummified Hand":14,"DollysMirror":137,"Fusion Hammer":46,"Potion Belt":88,"Lee\u0027s Waffle":132,"Oddly Smooth Stone":7,"Damaru":137,"Thread and Needle":145,"The Courier":119,"PreservedInsect":124,"Omamori":60,"Odd Mushroom":37,"Frozen Egg 2":66,"White Beast Statue":145,"Du-Vu Doll":137,"Bottled Flame":119,"Anchor":124,"Ornamental Fan":124,"MutagenicStrength":54,"Pandora\u0027s Box":0,"Art of War":71,"Black Star":98,"Bag of Marbles":132,"PureWater":0}]},"card_choices":[{"not_picked":["ClearTheMind","BowlingBash"],"picked":"ThirdEye","floor":1.0},{"not_picked":["WindmillStrike","Crescendo","ThirdEye"],"picked":"SKIP","floor":3.0},{"not_picked":["FlyingSleeves","ClearTheMind"],"picked":"MentalFortress","floor":5.0},{"not_picked":["PathToVictory","JustLucky","FollowUp"],"picked":"SKIP","floor":6.0},{"not_picked":["ThirdEye","Wireheading","Protect"],"picked":"SKIP","floor":8.0},{"not_picked":["LikeWater","FlurryOfBlows"],"picked":"Tantrum","floor":10.0},{"not_picked":["Fasting2","Establishment"],"picked":"DeceiveReality","floor":11.0},{"not_picked":["Protect","EmptyMind","CutThroughFate"],"picked":"SKIP","floor":12.0},{"not_picked":["SashWhip","FollowUp"],"picked":"Adaptation","floor":13.0},{"not_picked":["CutThroughFate","ThirdEye"],"picked":"Protect","floor":14.0},{"not_picked":["CutThroughFate","ClearTheMind"],"picked":"Meditate","floor":18.0},{"not_picked":["BowlingBash","ClearTheMind"],"picked":"EmptyBody","floor":20.0},{"not_picked":["WaveOfTheHand","ClearTheMind","Halt+1"],"picked":"SKIP","floor":24.0},{"not_picked":["Nirvana","Prostrate","FlurryOfBlows"],"picked":"SKIP","floor":25.0},{"not_picked":["CrushJoints+1","Collect","Halt"],"picked":"SKIP","floor":27.0},{"not_picked":["Consecrate","Ragnarok","CarveReality"],"picked":"SKIP","floor":29.0},{"not_picked":["SashWhip","PathToVictory","WaveOfTheHand"],"picked":"SKIP","floor":30.0},{"not_picked":["SashWhip","PathToVictory","WaveOfTheHand"],"picked":"SKIP","floor":30.0},{"not_picked":["SpiritShield","Omniscience"],"picked":"Wish","floor":33.0},{"not_picked":["Halt","FlurryOfBlows+1","Worship"],"picked":"SKIP","floor":35.0},{"not_picked":["Tantrum","DeceiveReality","Pray"],"picked":"SKIP","floor":36.0},{"not_picked":["Evaluate+1","SashWhip+1","Protect"],"picked":"SKIP","floor":39.0},{"not_picked":["Consecrate","CarveReality"],"picked":"Fasting2+1","floor":40.0},{"not_picked":["Meditate","Perseverance+1"],"picked":"Study+1","floor":42.0},{"not_picked":["WaveOfTheHand","CarveReality"],"picked":"Adaptation+1","floor":44.0},{"not_picked":["FollowUp","ThirdEye+1"],"picked":"Devotion+1","floor":45.0},{"not_picked":["Halt","ClearTheMind","WindmillStrike"],"picked":"SKIP","floor":47.0},{"not_picked":["Consecrate","PathToVictory","Blasphemy"],"picked":"SKIP","floor":54.0}],"player_experience":1232552,"relics_obtained":[{"floor":6.0,"key":"Mummified Hand"},{"floor":11.0,"key":"Juzu Bracelet"},{"floor":13.0,"key":"Bag of Preparation"},{"floor":14.0,"key":"Odd Mushroom"},{"floor":24.0,"key":"Omamori"},{"floor":26.0,"key":"Frozen Egg 2"},{"floor":27.0,"key":"Art of War"},{"floor":28.0,"key":"Darkstone Periapt"},{"floor":29.0,"key":"Whetstone"},{"floor":31.0,"key":"Potion Belt"},{"floor":40.0,"key":"The Courier"},{"floor":40.0,"key":"Bottled Flame"},{"floor":42.0,"key":"PreservedInsect"},{"floor":42.0,"key":"Ornamental Fan"},{"floor":43.0,"key":"Anchor"},{"floor":45.0,"key":"CloakClasp"},{"floor":47.0,"key":"Du-Vu Doll"},{"floor":47.0,"key":"Damaru"},{"floor":54.0,"key":"Thread and Needle"},{"floor":54.0,"key":"White Beast Statue"}],"event_choices":[{"damage_healed":0.0,"max_hp_gain":0.0,"max_hp_loss":0.0,"gold_gain":150.0,"event_name":"Liars Game","player_choice":"AGREE","floor":2.0,"gold_loss":0.0,"damage_taken":0.0,"cards_obtained":["Doubt"]},{"damage_healed":0.0,"max_hp_gain":0.0,"max_hp_loss":0.0,"gold_gain":0.0,"event_name":"Mushrooms","player_choice":"Fought Mushrooms","floor":14.0,"gold_loss":0.0,"damage_taken":0.0},{"damage_healed":0.0,"max_hp_gain":5.0,"max_hp_loss":0.0,"gold_gain":0.0,"event_name":"Forgotten Altar","player_choice":"Shed Blood","floor":19.0,"gold_loss":0.0,"damage_taken":24.0},{"damage_healed":0.0,"max_hp_gain":0.0,"max_hp_loss":0.0,"gold_gain":0.0,"event_name":"Drug Dealer","player_choice":"Inject Mutagens","floor":21.0,"gold_loss":0.0,"damage_taken":0.0,"relics_obtained":["MutagenicStrength"]},{"damage_healed":0.0,"max_hp_gain":0.0,"max_hp_loss":0.0,"gold_gain":0.0,"event_name":"Colosseum","player_choice":"Fight","floor":28.0,"gold_loss":0.0,"damage_taken":0.0},{"damage_healed":0.0,"max_hp_gain":0.0,"max_hp_loss":0.0,"gold_gain":0.0,"event_name":"Colosseum","player_choice":"Fought Nobs","floor":28.0,"gold_loss":0.0,"damage_taken":0.0},{"cards_removed":["WindmillStrike"],"damage_healed":0.0,"max_hp_gain":0.0,"max_hp_loss":0.0,"gold_gain":0.0,"event_name":"Falling","player_choice":"Removed Attack","floor":37.0,"gold_loss":0.0,"damage_taken":0.0},{"damage_healed":0.0,"max_hp_gain":0.0,"max_hp_loss":0.0,"gold_gain":0.0,"event_name":"Tomb of Lord Red Mask","player_choice":"Ignored","floor":38.0,"gold_loss":0.0,"damage_taken":0.0},{"damage_healed":0.0,"max_hp_gain":0.0,"max_hp_loss":0.0,"gold_gain":0.0,"event_name":"Mysterious Sphere","player_choice":"Fight","floor":45.0,"gold_loss":0.0,"damage_taken":0.0}],"is_beta":false,"boss_relics":[{"not_picked":["Velvet Choker","Busted Crown"],"picked":"Fusion Hammer"},{"not_picked":["Cursed Key","Sozu"],"picked":"Black Star"}],"items_purged_floors":[4,22,46,48,53],"is_endless":false,"potions_floor_spawned":[1,5,8,14,16,18,25,28,30,36,44,45,47],"ascension_level":18}}