{"host":"bux1pdxjwq4dkad9","time":1609306088,"event":{"mods":["Arknights The Spire","BaseMod","Colored Map","Evolution","Minty Spire (QoL Compilation)","Quick Restart","StSLib","SuperFastMode","°æ“≈ŒÔMod°øºÚµ•”Œœ∑"],"gold_per_floor":[119,44,44,44,58,87,87,107,155,172,72,88,88,117,117,216,216,226,226,278,278,153,187,202,231,231,231,260,260,275,288,288,392,392,408,421,421,433,445,470,470,496,496,507,507,521,548,571,571,571,571,571,156,185,185],"floor_reached":56,"playtime":1553,"items_purged":["ats:Strike G","ats:Defend","ats:Strike V"],"score":1973,"play_id":"65a38a17-6562-4a74-909a-cc74c6747780","local_time":"20201230132808","is_ascension_mode":true,"campfire_choices":[{"data":"ats:Flexible Camouflage","floor":7.0,"key":"SMITH"},{"floor":15.0,"key":"RECALL"},{"data":"ats:Burning Ground","floor":32,"key":"SMITH"},{"data":"ats:Burning Ground","floor":41,"key":"SMITH"},{"data":"ats:Roar Of Ursus","floor":45,"key":"SMITH"},{"data":"ats:Shadow Assault","floor":49,"key":"SMITH"},{"data":"ats:Armor Crushing Shot","floor":52,"key":"SMITH"}],"circlet_count":0,"master_deck":["ats:Armor Crushing Shot+1","ats:Defend","ats:Defend","ats:Emotion Absorption+1","ats:Calcification+1","ats:Flexible Camouflage+1","ats:Support Order+1","ats:Shadow Assault+1","ats:Burning Ground+1","ats:Roar Of Ursus+1","ats:Burning Ground+1","ats:Defend Order"],"relics":["ats:Sanity","EVO:Axolotl","ImprovedEquipment","ats:Originium","Toy Ornithopter","Centennial Puzzle","Sundial","Empty Cage","Tiny Chest","MutagenicStrength","Orichalcum","Pen Nib","Mummified Hand","ats:Spiritual Recovery","SacredBark","Omamori","ats:Industrial Water Cannon","War Paint","White Beast Statue","FossilizedHelix","Akabeko","Anchor","ats:Military Tradition","HornCleat"],"acts_visited":["Exordium","TheCity","TheBeyond","TheEnding"],"potions_floor_usage":[55],"damage_taken":[{"damage":0.0,"enemies":"Cultist","floor":1.0,"turns":3.0},{"damage":0.0,"enemies":"Small Slimes","floor":5.0,"turns":1.0},{"damage":0.0,"enemies":"3 Sentries","floor":6.0,"turns":1.0},{"damage":0.0,"enemies":"Jaw Worm","floor":8.0,"turns":1.0},{"damage":0.0,"enemies":"Exordium Thugs","floor":10.0,"turns":1.0},{"damage":0.0,"enemies":"2 Fungi Beasts","floor":12.0,"turns":1.0},{"damage":0.0,"enemies":"Gremlin Nob","floor":14.0,"turns":1.0},{"damage":0.0,"enemies":"Slime Boss","floor":16.0,"turns":1.0},{"damage":0.0,"enemies":"Chosen","floor":18.0,"turns":1.0},{"damage":0.0,"enemies":"Slavers","floor":23.0,"turns":1.0},{"damage":0.0,"enemies":"Spheric Guardian","floor":24.0,"turns":1.0},{"damage":0.0,"enemies":"Gremlin Leader","floor":25.0,"turns":1.0},{"damage":0,"enemies":"Slavers","floor":28,"turns":1},{"damage":0,"enemies":"Chosen and Byrds","floor":30,"turns":1},{"damage":0,"enemies":"Shelled Parasite and Fungi","floor":31,"turns":1},{"damage":0,"enemies":"Automaton","floor":33,"turns":1},{"damage":0,"enemies":"3 Darklings","floor":35,"turns":1},{"damage":0,"enemies":"Orb Walker","floor":36,"turns":1},{"damage":0,"enemies":"3 Darklings","floor":38,"turns":1},{"damage":0,"enemies":"4 Shapes","floor":39,"turns":1},{"damage":0,"enemies":"Nemesis","floor":40,"turns":1},{"damage":0,"enemies":"Giant Head","floor":42,"turns":1},{"damage":0,"enemies":"Writhing Mass","floor":44,"turns":1},{"damage":0,"enemies":"Transient","floor":46,"turns":2},{"damage":0,"enemies":"Nemesis","floor":47,"turns":1},{"damage":0,"enemies":"Donu and Deca","floor":50,"turns":1},{"damage":0,"enemies":"Shield and Spear","floor":54,"turns":1},{"damage":0,"enemies":"The Heart","floor":55,"turns":3}],"seed_played":"-5179629390562431295","potions_obtained":[{"floor":1.0,"key":"Block Potion"},{"floor":10.0,"key":"SmokeBomb"},{"floor":16.0,"key":"Explosive Potion"},{"floor":25.0,"key":"Swift Potion"},{"floor":31,"key":"DuplicationPotion"}],"is_trial":false,"path_per_floor":["M","$","?","?","M","E","R","M","T","M","$","M","?","E","R","B",null,"M","?","T","?","$","E","M","E","T","$","E","$","M","M","R","B",null,"M","M","T","M","M","E","R","E","T","M","R","M","E","T","R","B",null,"R","$","E","B",null],"character_chosen":"DOCTOR_CLASS","items_purchased":["Anchor","ats:Military Tradition"],"campfire_rested":0,"item_purchase_floors":[53,53],"current_hp_per_floor":[65,65,65,65,65,65,65,65,65,65,65,65,47,47,47,47,65,65,65,65,65,65,65,65,65,65,65,65,65,65,65,65,65,65,65,65,65,65,65,65,65,65,65,65,65,65,65,65,65,65,65,65,65,65,65],"gold":185,"neow_bonus":"THREE_RARE_CARDS","is_daily":false,"chose_seed":false,"campfire_upgraded":6,"win_rate":0.0,"timestamp":1609306088,"path_taken":["M","?","?","?","M","E","R","?","T","M","$","M","?","E","R","BOSS","M","?","?","?","$","E","M","E","T","$","E","?","?","M","R","BOSS","M","M","?","M","M","E","R","E","T","M","R","M","E","?","R","BOSS","R","$","E","BOSS"],"items_purchased_type":["Relic","Relic"],"build_version":"2020-12-22","purchased_purges":3,"victory":true,"max_hp_per_floor":[65,65,65,65,65,65,65,65,65,65,65,65,65,65,65,65,65,65,65,65,65,65,65,65,65,65,65,65,65,65,65,65,65,65,65,65,65,65,65,65,65,65,65,65,65,65,65,65,65,65,65,65,65,65,65],"card_choices":[{"not_picked":["ats:Rat Pack","ats:Dogmatic Field"],"picked":"ats:Calcification","floor":0.0},{"not_picked":["ats:Song Of Battle","ats:Charging Defense"],"picked":"ats:Flexible Camouflage","floor":1.0},{"not_picked":["ats:Revitalization","ats:Curse Doll","ats:Chain Hook"],"picked":"SKIP","floor":5.0},{"not_picked":["ats:Explosion Area Strengthen","ats:Beaten Up","ats:Collapsing Strike"],"picked":"SKIP","floor":6.0},{"not_picked":["ats:Curse Doll","ats:Ignite","ats:Poison Spread"],"picked":"SKIP","floor":8.0},{"not_picked":["ats:Flame Of Heaven","ats:Cat Scratch"],"picked":"ats:Support Order","floor":10.0},{"not_picked":["ats:Flexible Camouflage","ats:Hammer On","ats:Ambush"],"picked":"SKIP","floor":12.0},{"not_picked":["ats:Wolf Pack","ats:Leaping Hammer","ats:Automatic Cover"],"picked":"SKIP","floor":14.0},{"not_picked":["ats:Calcification","ats:Dogmatic Field"],"picked":"ats:Shadow Assault","floor":16.0},{"not_picked":["ats:Guardian Obelisk","ats:Shell Defense","ats:Consecutive Shot Auto"],"picked":"SKIP","floor":18.0},{"not_picked":["ats:Hammer On","ats:Soul Absorption","ats:Volcano"],"picked":"SKIP","floor":23.0},{"not_picked":["ats:Explosion Area Strengthen+1","ats:Soul Absorption","ats:Assault Order"],"picked":"SKIP","floor":24.0},{"not_picked":["ats:Leaping Hammer+1","ats:Encircling Forest","ats:Fractured Body"],"picked":"SKIP","floor":25.0},{"not_picked":["ats:Thorns","ats:Collapsing Strike","ats:Ignite"],"picked":"SKIP","floor":28},{"not_picked":["ats:Childhood Dance","ats:Mental Burst+1","ats:Leaping Hammer"],"picked":"SKIP","floor":30},{"not_picked":["ats:Burning Ground","ats:Collapsing Strike","ats:Apocalypse"],"picked":"SKIP","floor":31},{"not_picked":["ats:Collapsing Strike","ats:Apocalypse"],"picked":"ats:Burning Ground","floor":31},{"not_picked":["ats:Fractured Body","ats:Nebulous Foxfire"],"picked":"ats:Roar Of Ursus","floor":33},{"not_picked":["ats:Healing Strengthening","ats:Shell Defense+1","ats:Hammer On"],"picked":"SKIP","floor":35},{"not_picked":["ats:Ignite+1","ats:Shell Defense+1","ats:Thorns+1"],"picked":"SKIP","floor":36},{"not_picked":["ats:Guardian Obelisk","ats:Part Time Job"],"picked":"ats:Burning Ground","floor":38},{"not_picked":["ats:Hammer On+1","ats:Ignite+1","ats:Assault Order+1"],"picked":"SKIP","floor":39},{"not_picked":["ats:Childhood Dance+1","ats:Consecutive Shot Auto"],"picked":"ats:Defend Order","floor":40},{"not_picked":["ats:Poison Spread","ats:Blood Oath","ats:Calcification"],"picked":"SKIP","floor":42},{"not_picked":["ats:Consecutive Shot Auto+1","ats:Charging Defense+1","ats:Ignite"],"picked":"SKIP","floor":44},{"not_picked":["ats:Apocalypse","ats:Part Time Job","ats:Revitalization+1"],"picked":"SKIP","floor":46},{"not_picked":["ats:Overload","ats:Ignite","ats:Cat Scratch"],"picked":"SKIP","floor":47},{"not_picked":["ats:Charging Defense","ats:Dogmatic Field","ats:Closed Bolt Burst Fire+1"],"picked":"SKIP","floor":54}],"player_experience":2331370,"relics_obtained":[{"floor":6.0,"key":"ats:Originium"},{"floor":6.0,"key":"Toy Ornithopter"},{"floor":14.0,"key":"ats:Originium"},{"floor":14.0,"key":"Sundial"},{"floor":20.0,"key":"Tiny Chest"},{"floor":23.0,"key":"ats:Originium"},{"floor":23.0,"key":"Orichalcum"},{"floor":25.0,"key":"Pen Nib"},{"floor":26.0,"key":"Mummified Hand"},{"floor":28,"key":"ats:Spiritual Recovery"},{"floor":37,"key":"Omamori"},{"floor":40,"key":"ats:Industrial Water Cannon"},{"floor":42,"key":"War Paint"},{"floor":43,"key":"White Beast Statue"},{"floor":47,"key":"FossilizedHelix"},{"floor":48,"key":"Akabeko"},{"floor":54,"key":"HornCleat"}],"event_choices":[{"cards_removed":["ats:Strike S"],"damage_healed":0.0,"max_hp_gain":0.0,"max_hp_loss":0.0,"gold_gain":0.0,"event_name":"Living Wall","player_choice":"Forget","floor":3.0,"gold_loss":0.0,"damage_taken":0.0},{"damage_healed":0.0,"max_hp_gain":0.0,"max_hp_loss":0.0,"gold_gain":0.0,"event_name":"Upgrade Shrine","player_choice":"Upgraded","floor":4.0,"gold_loss":0.0,"damage_taken":0.0,"cards_upgraded":["ats:Emotion Absorption"]},{"damage_healed":0.0,"max_hp_gain":0.0,"max_hp_loss":0.0,"gold_gain":0.0,"event_name":"Scrap Ooze","player_choice":"Success","floor":13.0,"gold_loss":0.0,"damage_taken":18.0,"relics_obtained":["Centennial Puzzle"]},{"damage_healed":0.0,"max_hp_gain":0.0,"max_hp_loss":0.0,"gold_gain":0.0,"event_name":"Vampires","player_choice":"Ignored","floor":19.0,"gold_loss":0.0,"damage_taken":0.0},{"damage_healed":0.0,"max_hp_gain":0.0,"max_hp_loss":0.0,"gold_gain":0.0,"event_name":"Drug Dealer","player_choice":"Inject Mutagens","floor":21.0,"gold_loss":0.0,"damage_taken":0.0,"relics_obtained":["MutagenicStrength"]}],"is_beta":false,"boss_relics":[{"not_picked":["Runic Pyramid","Black Star"],"picked":"Empty Cage"},{"not_picked":["Tiny House","ats:Omniscience"],"picked":"SacredBark"}],"items_purged_floors":[2,11,22],"is_endless":false,"potions_floor_spawned":[1,10,16,25,28,30,31,35,42,44,46,47,54],"ascension_level":3}}