{"host":"dhyczjm99amxd3qx","time":1609368600,"event":{"mods":["BaseMod","Colored Map","Googly Eyes","Highlight Path","Minty Spire (QoL Compilation)","Quick Restart","StSLib"],"gold_per_floor":[118,135,235,248,266,266,300,300,300,2,12,37,56,7,7,107,107,127,143,143,68,68,68,87,87,87,87,14,48,48,48,48],"floor_reached":31,"playtime":1786,"items_purged":["Strike_G"],"score":407,"play_id":"c36801cd-8bdb-46e6-9f56-9763536110d0","local_time":"20201230175000","is_ascension_mode":true,"campfire_choices":[{"data":"Cloak And Dagger","floor":6.0,"key":"SMITH"},{"data":"Neutralize","floor":8.0,"key":"SMITH"},{"data":"Accuracy","floor":15.0,"key":"SMITH"},{"data":"Infinite Blades","floor":23.0,"key":"SMITH"},{"floor":27.0,"key":"REST"}],"circlet_count":0,"master_deck":["Strike_G","Strike_G","Strike_G","Strike_G","Defend_G","Defend_G","Defend_G","Defend_G","Survivor","Neutralize+1","Cloak And Dagger+1","Well Laid Plans","Accuracy+1","Infinite Blades","Infinite Blades+1","A Thousand Cuts","Accuracy"],"relics":["Ring of the Snake","Juzu Bracelet","Letter Opener","Nunchaku","Girya","Busted Crown","MutagenicStrength","Toxic Egg 2","Art of War","Peace Pipe"],"acts_visited":["Exordium","TheCity"],"potions_floor_usage":[29,29],"damage_taken":[{"damage":1.0,"enemies":"Cultist","floor":1.0,"turns":4.0},{"damage":0.0,"enemies":"Jaw Worm","floor":2.0,"turns":4.0},{"damage":4.0,"enemies":"Small Slimes","floor":4.0,"turns":3.0},{"damage":2.0,"enemies":"Blue Slaver","floor":5.0,"turns":7.0},{"damage":23.0,"enemies":"3 Sentries","floor":7.0,"turns":14.0},{"damage":10.0,"enemies":"Exordium Wildlife","floor":11.0,"turns":5.0},{"damage":2.0,"enemies":"Lagavulin","floor":12.0,"turns":7.0},{"damage":0.0,"enemies":"Looter","floor":13.0,"turns":3.0},{"damage":0.0,"enemies":"Hexaghost","floor":16.0,"turns":8.0},{"damage":27.0,"enemies":"Spheric Guardian","floor":18.0,"turns":5.0},{"damage":2.0,"enemies":"Shell Parasite","floor":19.0,"turns":4.0},{"damage":21.0,"enemies":"Centurion and Healer","floor":24.0,"turns":5.0},{"damage":33,"enemies":"Slavers","floor":29,"turns":5},{"damage":13,"enemies":"Sentry and Sphere","floor":31,"turns":3}],"seed_played":"2505288351270021056","potions_obtained":[{"floor":5.0,"key":"SmokeBomb"},{"floor":11.0,"key":"GamblersBrew"},{"floor":12.0,"key":"GamblersBrew"},{"floor":18.0,"key":"Poison Potion"},{"floor":24.0,"key":"LiquidBronze"}],"is_trial":false,"path_per_floor":["M","M","?","M","M","R","E","R","T","$","M","E","M","$","R","B",null,"M","M","?","?","$","R","M","T","T","R","$","E","$","M"],"character_chosen":"THE_SILENT","items_purchased":["Infinite Blades","Nunchaku","Energy Potion","Accuracy"],"campfire_rested":1,"item_purchase_floors":[10,10,14,28],"current_hp_per_floor":[69,69,69,65,63,63,40,40,40,40,30,28,28,28,28,28,65,38,36,36,36,36,36,15,15,15,38,38,5,5,0,0],"gold":48,"neow_bonus":"TEN_PERCENT_HP_BONUS","is_daily":false,"chose_seed":false,"campfire_upgraded":4,"win_rate":0.0,"timestamp":1609368600,"path_taken":["M","M","?","?","M","R","E","R","T","$","M","E","M","$","R","BOSS","M","M","?","?","$","R","M","?","T","R","$","E","$","M"],"items_purchased_type":["Card","Relic","Potion","Card"],"build_version":"2020-12-22","purchased_purges":1,"victory":false,"max_hp_per_floor":[77,77,77,77,77,77,77,77,77,77,77,77,77,77,77,77,77,77,77,77,77,77,77,77,77,77,77,77,77,77,77,77],"card_choices":[{"not_picked":["Quick Slash","Poisoned Stab"],"picked":"Cloak And Dagger","floor":1.0},{"not_picked":["Deadly Poison","Quick Slash","Endless Agony"],"picked":"SKIP","floor":2.0},{"not_picked":["Predator","Flying Knee","Quick Slash"],"picked":"SKIP","floor":4.0},{"not_picked":["Riddle With Holes","Prepared"],"picked":"Well Laid Plans","floor":5.0},{"not_picked":["Blade Dance","Dagger Throw"],"picked":"Accuracy","floor":7.0},{"not_picked":["Masterful Stab","Dodge and Roll","Underhanded Strike"],"picked":"SKIP","floor":11.0},{"not_picked":["Dash","Wraith Form v2"],"picked":"Infinite Blades","floor":12.0},{"not_picked":["Backflip","Setup","Quick Slash"],"picked":"SKIP","floor":13.0},{"not_picked":["Storm of Steel","Envenom"],"picked":"A Thousand Cuts","floor":16.0},{"not_picked":["Bane"],"picked":"SKIP","floor":18.0},{"not_picked":["Predator+1"],"picked":"SKIP","floor":19.0},{"not_picked":["Dagger Throw"],"picked":"SKIP","floor":24.0},{"not_picked":["Underhanded Strike"],"picked":"SKIP","floor":29}],"player_experience":231667,"relics_obtained":[{"floor":7.0,"key":"Juzu Bracelet"},{"floor":9.0,"key":"Letter Opener"},{"floor":12.0,"key":"Girya"},{"floor":25.0,"key":"Toxic Egg 2"},{"floor":26.0,"key":"Art of War"},{"floor":29,"key":"Peace Pipe"}],"event_choices":[{"damage_healed":0.0,"max_hp_gain":0.0,"max_hp_loss":0.0,"gold_gain":100.0,"event_name":"Wheel of Change","player_choice":"Gold","floor":3.0,"gold_loss":0.0,"damage_taken":0.0},{"damage_healed":0.0,"max_hp_gain":0.0,"max_hp_loss":0.0,"gold_gain":0.0,"event_name":"Drug Dealer","player_choice":"Inject Mutagens","floor":20.0,"gold_loss":0.0,"damage_taken":0.0,"relics_obtained":["MutagenicStrength"]},{"cards_removed":["Defend_G"],"damage_healed":0.0,"max_hp_gain":0.0,"max_hp_loss":0.0,"gold_gain":0.0,"event_name":"Beggar","player_choice":"Gave Gold","floor":21.0,"gold_loss":75.0,"damage_taken":0.0}],"is_beta":false,"boss_relics":[{"not_picked":["Fusion Hammer","HoveringKite"],"picked":"Busted Crown"}],"items_purged_floors":[10],"is_endless":false,"potions_floor_spawned":[5,11,12,18,24],"killed_by":"Sentry and Sphere","ascension_level":6}}