{"host":"qwttrqaysb380yri","time":1609355314,"event":{"mods":["BaseMod","Custom Start","Minty Spire (QoL Compilation)","Permanent Neow","Puzzle Mod","Relic Stats","StSLib","The Cursed","The Hierophant"],"gold_per_floor":[114,127,78,91,45,76,87,87,114,128,128,128,128],"floor_reached":12,"playtime":338,"items_purged":[],"score":136,"play_id":"9c35afe1-ac2e-4a2c-8174-f3fa060df534","local_time":"20201230200834","is_ascension_mode":true,"campfire_choices":[{"data":"Tactician","floor":8,"key":"SMITH"}],"circlet_count":0,"master_deck":["AscendersBane","Strike_G","Strike_G","Strike_G","Strike_G","Strike_G","Defend_G","Defend_G","Defend_G","Defend_G","Defend_G","Survivor","Neutralize","Dagger Throw","Riddle With Holes","Flying Knee","All Out Attack","Slice","Tactician+1","Predator","Finisher"],"relics":["Runic Pyramid","Smiling Mask","Bronze Scales"],"acts_visited":["Exordium"],"potions_floor_usage":[7],"damage_taken":[{"damage":0,"enemies":"Cultist","floor":1,"turns":4},{"damage":2,"enemies":"Jaw Worm","floor":2,"turns":4},{"damage":4,"enemies":"Small Slimes","floor":4,"turns":3},{"damage":17,"enemies":"3 Sentries","floor":6,"turns":8},{"damage":12,"enemies":"Gremlin Gang","floor":7,"turns":4},{"damage":16,"enemies":"Lots of Slimes","floor":10,"turns":4},{"damage":0,"enemies":"Gremlin Nob","floor":12,"turns":1}],"seed_played":"6631366777519399263","potions_obtained":[{"floor":2,"key":"SpeedPotion"},{"floor":6,"key":"Poison Potion"},{"floor":7,"key":"Dexterity Potion"}],"is_trial":false,"path_per_floor":["M","M","$","M","$","E","M","R","T","M","?","E"],"character_chosen":"THE_SILENT","items_purchased":["Flying Knee","Slice"],"campfire_rested":0,"item_purchase_floors":[3,5],"current_hp_per_floor":[59,57,57,53,53,36,24,24,24,8,8,8,8],"gold":128,"neow_bonus":"BOSS_RELIC","is_daily":false,"chose_seed":false,"campfire_upgraded":1,"win_rate":0.0,"timestamp":1609355314,"path_taken":["M","M","?","M","$","E","M","R","T","M","?","E"],"items_purchased_type":["Card","Card"],"build_version":"2020-12-22","purchased_purges":0,"victory":false,"max_hp_per_floor":[66,66,66,66,66,66,66,66,66,66,66,66,66],"relic_stats":{"counters":[7,28],"Bronze Scales":[18],"Smiling Mask":0,"obtain_stats":[{"Bronze Scales":9,"Smiling Mask":6,"Ring of the Snake":0,"Runic Pyramid":0},{"Bronze Scales":5,"Smiling Mask":4,"Ring of the Snake":0,"Runic Pyramid":0},{"Bronze Scales":23,"Smiling Mask":19,"Ring of the Snake":0,"Runic Pyramid":0}]},"card_choices":[{"not_picked":["Bane","Backflip"],"picked":"Dagger Throw","floor":1},{"not_picked":["Backflip","Footwork"],"picked":"Riddle With Holes","floor":2},{"not_picked":["Terror","Quick Slash"],"picked":"All Out Attack","floor":4},{"not_picked":["Deflect","Expertise"],"picked":"Tactician","floor":6},{"not_picked":["Backflip","Dagger Throw"],"picked":"Predator","floor":7},{"not_picked":["PiercingWail","Blur"],"picked":"Finisher","floor":10}],"player_experience":1960518,"relics_obtained":[{"floor":6,"key":"Smiling Mask"},{"floor":9,"key":"Bronze Scales"}],"event_choices":[{"damage_healed":0,"gold_gain":0,"player_choice":"Ignored","damage_taken":0,"max_hp_gain":0,"max_hp_loss":0,"event_name":"Liars Game","floor":11,"gold_loss":0}],"is_beta":false,"boss_relics":[],"items_purged_floors":[],"is_endless":false,"potions_floor_spawned":[2,6,7],"killed_by":"Gremlin Nob","ascension_level":14}}