{"host":"dcj2yvrgcvh5dl2s","time":1609297082,"event":{"mods":["BaseMod","Better Note","Block Reminder","Colored Powertips","DeckTracker","Minty Spire (QoL Compilation)","Quick Restart","Rare Cards Sparkle","Relic Stats","StSLib"],"gold_per_floor":[110,90,62,81,99,99,130,130,154,154,179,179,198,198,198,276,276,291,308,25,25,43,43,43,43],"floor_reached":24,"playtime":7498,"items_purged":[],"score":388,"play_id":"2e71b6fd-d826-4f76-a3c7-4d1ddc22634f","local_time":"20201230125802","is_ascension_mode":true,"campfire_choices":[{"data":"Whirlwind","floor":6,"key":"SMITH"},{"data":"Uppercut","floor":8,"key":"SMITH"},{"floor":12,"key":"REST"},{"floor":15,"key":"REST"},{"floor":23,"key":"REST"}],"circlet_count":0,"master_deck":["AscendersBane","Strike_R","Strike_R","Strike_R+1","Strike_R","Strike_R","Defend_R","Defend_R","Bash","Intimidate+1","Shrug It Off","Uppercut+1","Whirlwind+1","Pommel Strike","Offering","Shrug It Off","Feed"],"relics":["Burning Blood","Potion Belt","Juzu Bracelet","Prayer Wheel","Bronze Scales","Busted Crown","Pantograph"],"acts_visited":["Exordium","TheCity"],"potions_floor_usage":[4,7,7,11,22,22],"damage_taken":[{"damage":9,"enemies":"2 Louse","floor":1,"turns":3},{"damage":6,"enemies":"Cultist","floor":4,"turns":3},{"damage":13,"enemies":"Jaw Worm","floor":5,"turns":4},{"damage":30,"enemies":"Lagavulin","floor":7,"turns":7},{"damage":15,"enemies":"3 Sentries","floor":11,"turns":5},{"damage":6,"enemies":"Large Slime","floor":13,"turns":3},{"damage":21,"enemies":"Slime Boss","floor":16,"turns":8},{"damage":23,"enemies":"Spheric Guardian","floor":18,"turns":3},{"damage":33,"enemies":"Shell Parasite","floor":19,"turns":4},{"damage":16,"enemies":"Snake Plant","floor":22,"turns":2},{"damage":33,"enemies":"Slavers","floor":24,"turns":4}],"seed_played":"4285609008554301943","potions_obtained":[{"floor":1,"key":"Regen Potion"},{"floor":2,"key":"Ancient Potion"},{"floor":5,"key":"Regen Potion"},{"floor":7,"key":"PowerPotion"},{"floor":16,"key":"BlessingOfTheForge"},{"floor":18,"key":"Dexterity Potion"}],"is_trial":false,"path_per_floor":["M","?","$","M","M","R","E","R","T","?","E","R","M","?","R","B",null,"M","M","$","?","M","R","E"],"character_chosen":"IRONCLAD","items_purchased":["Shrug It Off","Pantograph"],"campfire_rested":3,"item_purchase_floors":[3,20],"current_hp_per_floor":[47,47,47,56,49,49,40,40,40,35,26,48,48,25,47,32,64,47,20,20,20,10,32,0,0],"gold":43,"neow_bonus":"REMOVE_TWO","is_daily":false,"chose_seed":false,"campfire_upgraded":2,"win_rate":0.0,"timestamp":1609297082,"path_taken":["M","?","$","?","M","R","E","R","T","?","E","R","M","?","R","BOSS","M","M","$","?","M","R","E"],"items_purchased_type":["Card","Relic"],"build_version":"2020-12-22","purchased_purges":0,"victory":false,"max_hp_per_floor":[75,75,75,75,75,75,75,75,75,75,75,75,75,75,75,75,75,75,75,75,75,75,75,75,75],"relic_stats":{"Busted Crown":12,"counters":[11,46],"Bronze Scales":[51],"Pantograph":0,"Prayer Wheel":4,"Juzu Bracelet":0,"obtain_stats":[{"Potion Belt":7,"Busted Crown":17,"Bronze Scales":11,"Pantograph":20,"Prayer Wheel":10,"Juzu Bracelet":9,"Burning Blood":0},{"Potion Belt":4,"Busted Crown":7,"Bronze Scales":5,"Pantograph":9,"Prayer Wheel":4,"Juzu Bracelet":4,"Burning Blood":0},{"Potion Belt":17,"Busted Crown":33,"Bronze Scales":22,"Pantograph":40,"Prayer Wheel":17,"Juzu Bracelet":17,"Burning Blood":0}],"Burning Blood":60},"card_choices":[{"not_picked":["Warcry","Rampage"],"picked":"Intimidate","floor":1},{"not_picked":["Combust","Clothesline"],"picked":"Uppercut","floor":4},{"not_picked":["Battle Trance","Thunderclap"],"picked":"Whirlwind","floor":5},{"not_picked":["Rage","Twin Strike"],"picked":"Pommel Strike","floor":7},{"not_picked":["Ghostly Armor","Heavy Blade"],"picked":"Offering","floor":11},{"not_picked":["Seeing Red","Combust"],"picked":"Shrug It Off","floor":13},{"not_picked":["Clothesline","Searing Blow","Rage"],"picked":"SKIP","floor":13},{"not_picked":["Corruption","Bludgeon"],"picked":"Feed","floor":16},{"not_picked":["Havoc"],"picked":"SKIP","floor":18},{"not_picked":["Warcry"],"picked":"SKIP","floor":18},{"not_picked":["Blood for Blood"],"picked":"SKIP","floor":19},{"not_picked":["Pommel Strike"],"picked":"SKIP","floor":19},{"not_picked":["Headbutt"],"picked":"SKIP","floor":22},{"not_picked":["Dark Embrace"],"picked":"SKIP","floor":22}],"player_experience":2105967,"relics_obtained":[{"floor":7,"key":"Potion Belt"},{"floor":9,"key":"Juzu Bracelet"},{"floor":11,"key":"Bronze Scales"}],"event_choices":[{"damage_healed":0,"gold_gain":0,"player_choice":"Bought 1 Potion","damage_taken":0,"max_hp_gain":0,"max_hp_loss":0,"event_name":"The Woman in Blue","floor":2,"gold_loss":0},{"damage_healed":0,"gold_gain":0,"player_choice":"Success","damage_taken":5,"relics_obtained":["Prayer Wheel"],"max_hp_gain":0,"max_hp_loss":0,"event_name":"Scrap Ooze","floor":10,"gold_loss":0},{"damage_healed":0,"gold_gain":0,"player_choice":"Entered Light","damage_taken":23,"max_hp_gain":0,"max_hp_loss":0,"event_name":"Shining Light","floor":14,"gold_loss":0,"cards_upgraded":["Intimidate","Strike_R"]},{"damage_healed":0,"gold_gain":0,"player_choice":"Ignored","damage_taken":0,"max_hp_gain":0,"max_hp_loss":0,"event_name":"The Mausoleum","floor":21,"gold_loss":0}],"is_beta":false,"boss_relics":[{"not_picked":["Coffee Dripper","Black Star"],"picked":"Busted Crown"}],"items_purged_floors":[],"is_endless":false,"potions_floor_spawned":[1,5,7,16,18],"killed_by":"Slavers","ascension_level":18}}