{"host":"Kent","time":1609334093,"event":{"mods":["Act Like it!","BaseMod","Colored Powertips","Downfall","Gensokyo","Hallownest","Infinite Spire","Koishi","Minty Spire (QoL Compilation)","Quick Restart","Replay The Spire","Robot Space Explorer","StSLib"],"gold_per_floor":[111,111,2,16,285,311,339,377,377,377,377,397,434,461,461,574,574,597,597,619,642,79,79,93,130,130,142,142],"floor_reached":27,"playtime":3325,"items_purged":[],"score":311,"play_id":"8a896497-5cef-464c-9c79-ed4a6e29434e","local_time":"20201230211453","is_ascension_mode":false,"campfire_choices":[{"floor":10.0,"key":"RECALL"},{"floor":23.0,"key":"REST"}],"circlet_count":0,"master_deck":["RobotSpaceExplorer:Strike","RobotSpaceExplorer:Strike","RobotSpaceExplorer:Strike","RobotSpaceExplorer:Strike","RobotSpaceExplorer:Defend","RobotSpaceExplorer:Defend","RobotSpaceExplorer:Defend","RobotSpaceExplorer:Defend","RobotSpaceExplorer:Scan","RobotSpaceExplorer:MiniLasers","Strike_B","hexamod:Strike","ReplayTheSpireMod:Brewmster","RobotSpaceExplorer:GlueShot","RobotSpaceExplorer:ScrapToss","RobotSpaceExplorer:GearShield","RobotSpaceExplorer:FreezingShield","RobotSpaceExplorer:Multitool+1","RobotSpaceExplorer:Electropulse","Hallownest:curseDreamersLament","Hallucinations","infinitespire:Starlight","RobotSpaceExplorer:Jetpack","RobotSpaceExplorer:StarLightning","ReplayTheSpireMod:Splinters","RobotSpaceExplorer:PowerCollector","RobotSpaceExplorer:ChargingLaser","RobotSpaceExplorer:ExhaustFan","Gensokyo:AllTheWorldsEvil","RobotSpaceExplorer:PowerCollector","RobotSpaceExplorer:Scanner","Gensokyo:BlemishedSteel","Gensokyo:RustyChest","Gensokyo:TarnishedGold","Gensokyo:Shovel","Gensokyo:LockedMedkit","Gensokyo:BlemishedSteel","RobotSpaceExplorer:ToxicBomb","RobotSpaceExplorer:Comet"],"relics":["RobotSpaceExplorer:RoboCore","Gensokyo:PortableGap","infinitespire:Broken Mirror","WingedGreaves","infinitespire:Midas Blood","Akabeko","Boot","Counterbalance","Ring of Chaos","DollysMirror","Toolbox","infinitespire:EmpoweringShard","Bottled Lightning"],"acts_visited":["Exordium","Gensokyo:Gensokyo"],"potions_floor_usage":[25,25,25,25,25,25,25,25,25],"damage_taken":[{"damage":2.0,"enemies":"Gensokyo:3_Fairies","floor":1.0,"turns":8.0},{"damage":10.0,"enemies":"Gensokyo:Python","floor":4.0,"turns":6.0},{"damage":27.0,"enemies":"Gensokyo:2_Kodama","floor":5.0,"turns":9.0},{"damage":7.0,"enemies":"Gensokyo:Aya","floor":6.0,"turns":6.0},{"damage":9.0,"enemies":"Gensokyo:Mamizou","floor":7.0,"turns":7.0},{"damage":6.0,"enemies":"Gensokyo:Cirno","floor":8.0,"turns":10.0},{"damage":10.0,"enemies":"Gensokyo:VengefulSpirit","floor":12.0,"turns":4.0},{"damage":16.0,"enemies":"Gensokyo:Mamizou","floor":13.0,"turns":9.0},{"damage":19.0,"enemies":"Gensokyo:Kokoro","floor":16.0,"turns":10.0},{"damage":9.0,"enemies":"Gensokyo:3_Dogs","floor":18.0,"turns":6.0},{"damage":10.0,"enemies":"Gensokyo:2_Gloops","floor":20.0,"turns":5.0},{"damage":41.0,"enemies":"Gensokyo:Slime_Group","floor":21.0,"turns":6.0},{"damage":0.0,"enemies":"Gensokyo:Chomper_and_Gloop","floor":24.0,"turns":3.0},{"damage":42,"enemies":"Nightmare","floor":25,"turns":11},{"damage":31,"enemies":"Gensokyo:Monolith_and_Dog","floor":27,"turns":4}],"seed_played":"2176601534553445719","potions_obtained":[{"floor":6.0,"key":"Block Potion"},{"floor":8.0,"key":"SkillPotion"},{"floor":13.0,"key":"Fire Potion"},{"floor":16.0,"key":"SpeedPotion"},{"floor":20.0,"key":"Strength Potion"},{"floor":21.0,"key":"Regen Potion"}],"is_trial":false,"path_per_floor":["M","?","COS","M","M","E","E","E","T","R","?","M","E","?","R","B",null,"M","?","M","M","COS","R","M","NM","T","M"],"character_chosen":"RobotSpaceExplorer","items_purchased":[],"campfire_rested":1,"item_purchase_floors":[],"current_hp_per_floor":[73,68,68,58,46,39,30,24,24,24,24,33,27,27,46,42,65,65,65,55,24,24,43,52,20,20,0,0],"gold":142,"neow_bonus":"RANDOM_COLORLESS_2","is_daily":false,"chose_seed":false,"campfire_upgraded":0,"win_rate":0.0,"timestamp":1609334093,"path_taken":["M","?","COS","M","M","E","E","E","T","R","?","?","E","?","R","BOSS","M","?","M","M","COS","R","M","NM","T","M"],"items_purchased_type":[],"build_version":"2020-12-18","purchased_purges":0,"victory":false,"max_hp_per_floor":[75,68,68,68,68,65,65,65,65,65,65,65,65,65,65,65,65,65,65,65,65,65,65,65,65,65,65,65],"card_choices":[{"not_picked":["Poisoned Strike","Transmutation"],"picked":"ReplayTheSpireMod:Brewmster","floor":0.0},{"not_picked":["RobotSpaceExplorer:FranticSearch","RobotSpaceExplorer:MetalStrike"],"picked":"RobotSpaceExplorer:GlueShot","floor":1.0},{"not_picked":["RobotSpaceExplorer:SurgingShield","RobotSpaceExplorer:FranticSearch"],"picked":"RobotSpaceExplorer:ScrapToss","floor":4.0},{"not_picked":["RobotSpaceExplorer:MiniDrones","RobotSpaceExplorer:ExhaustFan"],"picked":"RobotSpaceExplorer:GearShield","floor":5.0},{"not_picked":["RobotSpaceExplorer:MiniDrones","RobotSpaceExplorer:SlimeMissile"],"picked":"RobotSpaceExplorer:FreezingShield","floor":6.0},{"not_picked":["RobotSpaceExplorer:ImprovisedAttack","RobotSpaceExplorer:Smokescreen"],"picked":"RobotSpaceExplorer:Multitool","floor":7.0},{"not_picked":["RobotSpaceExplorer:MetalStrike","RobotSpaceExplorer:SurgingStrike"],"picked":"RobotSpaceExplorer:Electropulse","floor":8.0},{"not_picked":["infinitespire:NeuralNetwork","Replay:Fractal Strike"],"picked":"infinitespire:Starlight","floor":11.0},{"not_picked":["RobotSpaceExplorer:Reload","RobotSpaceExplorer:Electroshield"],"picked":"RobotSpaceExplorer:Jetpack","floor":12.0},{"not_picked":["RobotSpaceExplorer:GlueSpray","RobotSpaceExplorer:SwiftStep"],"picked":"RobotSpaceExplorer:StarLightning","floor":13.0},{"not_picked":["RobotSpaceExplorer:MetalStrike","RobotSpaceExplorer:DualCore"],"picked":"RobotSpaceExplorer:PowerCollector","floor":14.0},{"not_picked":["RobotSpaceExplorer:Arsenal","RobotSpaceExplorer:HighVoltage"],"picked":"RobotSpaceExplorer:ChargingLaser","floor":16.0},{"not_picked":["RobotSpaceExplorer:SurgingStrike","RobotSpaceExplorer:FrostMissile"],"picked":"RobotSpaceExplorer:ExhaustFan","floor":18.0},{"not_picked":["RobotSpaceExplorer:ImprovisedAttack","RobotSpaceExplorer:TurboDodge"],"picked":"RobotSpaceExplorer:PowerCollector","floor":20.0},{"not_picked":["RobotSpaceExplorer:SwiftStep","RobotSpaceExplorer:FranticSearch"],"picked":"RobotSpaceExplorer:Scanner","floor":21.0},{"not_picked":["RobotSpaceExplorer:ScrapToss","RobotSpaceExplorer:DoubleFind"],"picked":"RobotSpaceExplorer:ToxicBomb","floor":24.0},{"not_picked":["RobotSpaceExplorer:Pulsar","RobotSpaceExplorer:MetalStrike"],"picked":"RobotSpaceExplorer:Comet","floor":25}],"player_experience":322191,"relics_obtained":[{"floor":6.0,"key":"infinitespire:Broken Mirror"},{"floor":7.0,"key":"infinitespire:Midas Blood"},{"floor":8.0,"key":"Akabeko"},{"floor":13.0,"key":"Boot"},{"floor":14.0,"key":"Counterbalance"},{"floor":25,"key":"infinitespire:EmpoweringShard"},{"floor":26,"key":"Bottled Lightning"}],"event_choices":[],"is_beta":true,"boss_relics":[{"not_picked":["Velvet Choker","Snecko Eye"],"picked":"Ring of Chaos"}],"items_purged_floors":[],"is_endless":false,"potions_floor_spawned":[5,6,8,13,16,20,21],"killed_by":"Gensokyo:Monolith_and_Dog","ascension_level":0}}