{"host":"so6fnfq7th6ki9q5","time":1609306315,"event":{"mods":["AchievementEnabler","BaseMod","Colored Map","Colored Powertips","Minty Spire (QoL Compilation)","Quick Restart","StSLib"],"gold_per_floor":[111,131,131,56,70,70,89,89,89,114,114,144,144,163,163,262,262,276,276,276,276,276,276,311,326,626,659,659,254,268,56,56,158,158,171,187,206,206,206,206],"floor_reached":39,"playtime":2286,"items_purged":["Defend_G","Decay"],"score":603,"play_id":"ef42b48c-3d48-4b80-a4ae-3e068792bb46","local_time":"20201229233155","is_ascension_mode":true,"campfire_choices":[{"data":"Footwork","floor":6.0,"key":"SMITH"},{"data":"Dagger Spray","floor":8.0,"key":"SMITH"},{"data":"Survivor","floor":11.0,"key":"SMITH"},{"data":"Prepared","floor":13.0,"key":"SMITH"},{"data":"Terror","floor":15.0,"key":"SMITH"},{"data":"After Image","floor":23.0,"key":"SMITH"},{"data":"Eviscerate","floor":28.0,"key":"SMITH"},{"floor":32.0,"key":"REST"}],"circlet_count":0,"master_deck":["Strike_G+1","Strike_G","Strike_G","Strike_G","Defend_G","Defend_G","Defend_G","Defend_G","Survivor+1","Neutralize","Cloak And Dagger","Dagger Spray+1","Footwork+1","Prepared+1","Terror+1","After Image+1","Eviscerate+1","Dagger Throw+1","Underhanded Strike+1","Concentrate+1","After Image+1","Acrobatics","Blur","Unload","PiercingWail+1","Prepared+1"],"relics":["Ring of the Serpent","Incense Burner","Question Card","Art of War","Enchiridion","MutagenicStrength","White Beast Statue","Old Coin","Regal Pillow","Oddly Smooth Stone","DollysMirror","Whetstone","Black Star"],"acts_visited":["Exordium","TheCity","TheBeyond"],"potions_floor_usage":[37,39],"damage_taken":[{"damage":0.0,"enemies":"Small Slimes","floor":1.0,"turns":4.0},{"damage":2.0,"enemies":"Cultist","floor":2.0,"turns":4.0},{"damage":1.0,"enemies":"Jaw Worm","floor":5.0,"turns":5.0},{"damage":0.0,"enemies":"2 Fungi Beasts","floor":7.0,"turns":5.0},{"damage":1.0,"enemies":"Blue Slaver","floor":14.0,"turns":4.0},{"damage":0.0,"enemies":"Hexaghost","floor":16.0,"turns":12.0},{"damage":1.0,"enemies":"Chosen","floor":18.0,"turns":6.0},{"damage":14.0,"enemies":"Book of Stabbing","floor":24.0,"turns":9.0},{"damage":2.0,"enemies":"Spheric Guardian","floor":25.0,"turns":4.0},{"damage":0.0,"enemies":"Gremlin Leader","floor":27.0,"turns":4.0},{"damage":0.0,"enemies":"Shelled Parasite and Fungi","floor":30.0,"turns":5.0},{"damage":45.0,"enemies":"Champ","floor":33.0,"turns":10.0},{"damage":0.0,"enemies":"3 Shapes","floor":35.0,"turns":6.0},{"damage":34.0,"enemies":"3 Darklings","floor":36.0,"turns":6.0},{"damage":3,"enemies":"4 Shapes","floor":37,"turns":6},{"damage":29,"enemies":"Transient","floor":39,"turns":3}],"seed_played":"-2707150196822413399","potions_obtained":[{"floor":5.0,"key":"AttackPotion"},{"floor":7.0,"key":"Block Potion"},{"floor":14.0,"key":"DuplicationPotion"},{"floor":24.0,"key":"SteroidPotion"},{"floor":25.0,"key":"Strength Potion"},{"floor":27.0,"key":"CunningPotion"},{"floor":33.0,"key":"Explosive Potion"},{"floor":35.0,"key":"Ancient Potion"},{"floor":36.0,"key":"BlessingOfTheForge"},{"floor":37,"key":"DistilledChaos"}],"is_trial":false,"path_per_floor":["M","M","?","$","M","R","M","R","T","T","R","?","R","M","R","B",null,"M","?","?","?","?","R","E","M","T","E","R","$","M","$","R","B",null,"M","M","M","?","M"],"character_chosen":"THE_SILENT","items_purchased":["Oddly Smooth Stone","DollysMirror","Whetstone","Blur"],"campfire_rested":1,"item_purchase_floors":[29,29,31,31],"current_hp_per_floor":[49,47,47,47,46,46,46,46,46,46,46,46,46,45,45,45,64,63,47,47,47,47,47,33,31,31,31,31,31,31,31,67,22,58,58,24,21,21,0,0],"gold":206,"neow_bonus":"ONE_RARE_RELIC","is_daily":false,"chose_seed":false,"campfire_upgraded":7,"win_rate":0.0,"timestamp":1609306315,"path_taken":["M","M","?","$","?","R","M","R","T","?","R","?","R","M","R","BOSS","M","?","?","?","?","R","E","M","T","E","R","$","M","?","R","BOSS","M","?","M","?","?"],"items_purchased_type":["Relic","Relic","Relic","Card"],"build_version":"2020-12-22","purchased_purges":2,"victory":false,"max_hp_per_floor":[70,70,70,70,70,70,70,70,70,70,70,70,70,70,70,70,70,70,70,70,70,70,70,70,70,70,70,70,70,70,70,70,70,70,70,70,70,70,70,70],"card_choices":[{"not_picked":["Flying Knee","Slice"],"picked":"Cloak And Dagger","floor":1.0},{"not_picked":["Expertise","Terror"],"picked":"Dagger Spray","floor":2.0},{"not_picked":["Bane","Underhanded Strike"],"picked":"Footwork","floor":5.0},{"not_picked":["Backflip","Bane"],"picked":"Prepared","floor":7.0},{"not_picked":["Outmaneuver","Poisoned Stab","Backflip"],"picked":"Terror","floor":14.0},{"not_picked":["Adrenaline","Grand Finale","Corpse Explosion"],"picked":"After Image","floor":16.0},{"not_picked":["Poisoned Stab","Sucker Punch","Concentrate"],"picked":"Eviscerate","floor":18.0},{"not_picked":["Catalyst+1","Poisoned Stab","Skewer"],"picked":"Dagger Throw+1","floor":24.0},{"not_picked":["Finisher","Setup+1","Deadly Poison+1"],"picked":"Underhanded Strike","floor":25.0},{"not_picked":["Well Laid Plans","Underhanded Strike","Venomology"],"picked":"Concentrate+1","floor":27.0},{"not_picked":["Setup","Bouncing Flask+1","Dagger Spray"],"picked":"Acrobatics","floor":30.0},{"not_picked":["Wraith Form v2","Corpse Explosion","Storm of Steel"],"picked":"Unload","floor":33.0},{"not_picked":["Dagger Throw","All Out Attack+1","Dodge and Roll"],"picked":"PiercingWail","floor":35.0},{"not_picked":["Dodge and Roll+1","Slice","Blade Dance+1"],"picked":"Prepared+1","floor":36.0},{"not_picked":["Dagger Throw+1","Riddle With Holes","Bane+1","Blade Dance"],"picked":"SKIP","floor":37}],"player_experience":296034,"relics_obtained":[{"floor":9.0,"key":"Question Card"},{"floor":10.0,"key":"Art of War"},{"floor":19.0,"key":"Enchiridion"},{"floor":24.0,"key":"White Beast Statue"},{"floor":26.0,"key":"Old Coin"},{"floor":27.0,"key":"Regal Pillow"}],"event_choices":[{"cards_removed":["Strike_G"],"damage_healed":0.0,"max_hp_gain":0.0,"max_hp_loss":0.0,"gold_gain":0.0,"event_name":"Purifier","player_choice":"Purged","floor":3.0,"gold_loss":0.0,"damage_taken":0.0},{"damage_healed":0.0,"max_hp_gain":0.0,"max_hp_loss":0.0,"gold_gain":30.0,"event_name":"Dead Adventurer","player_choice":"Searched \u00271\u0027 times","floor":12.0,"gold_loss":0.0,"damage_taken":0.0},{"damage_healed":0.0,"max_hp_gain":0.0,"max_hp_loss":0.0,"gold_gain":0.0,"event_name":"Cursed Tome","player_choice":"Obtained Book","floor":19.0,"gold_loss":0.0,"damage_taken":16.0},{"damage_healed":0.0,"max_hp_gain":0.0,"max_hp_loss":0.0,"gold_gain":0.0,"event_name":"Vampires","player_choice":"Ignored","floor":20.0,"gold_loss":0.0,"damage_taken":0.0},{"damage_healed":0.0,"max_hp_gain":0.0,"max_hp_loss":0.0,"gold_gain":0.0,"event_name":"Drug Dealer","player_choice":"Inject Mutagens","floor":21.0,"gold_loss":0.0,"damage_taken":0.0,"relics_obtained":["MutagenicStrength"]},{"damage_healed":0.0,"max_hp_gain":0.0,"max_hp_loss":0.0,"gold_gain":0.0,"event_name":"Forgotten Altar","player_choice":"Smashed Altar","floor":22.0,"gold_loss":0.0,"damage_taken":0.0,"cards_obtained":["Decay"]},{"damage_healed":0,"gold_gain":0,"player_choice":"Upgraded","damage_taken":0,"max_hp_gain":0,"max_hp_loss":0,"event_name":"Upgrade Shrine","floor":38,"gold_loss":0,"cards_upgraded":["PiercingWail"]}],"is_beta":false,"boss_relics":[{"not_picked":["Runic Pyramid","Philosopher\u0027s Stone"],"picked":"Ring of the Serpent"},{"not_picked":["Snecko Eye","Fusion Hammer"],"picked":"Black Star"}],"items_purged_floors":[4,29],"is_endless":false,"potions_floor_spawned":[5,7,14,24,25,27,30,33,35,36,37],"killed_by":"Transient","ascension_level":5}}