{"host":"gdt3r9fmwl0zcuhi","time":1609372724,"event":{"mods":["Aspiration","BaseMod","Better Altar","Better Match","Better Note","Better Third Choice","Better Vampires","BetterRewards","Card Forge","ChefMod","Clockwork Mod","Conspire","Downfall","Energized Spire","Gremlin Mod","GungeonMod","Hermit","Highlight Path","Hubris","Jedi Mod","Mimic Mod","Minty Spire (QoL Compilation)","Permanent Neow","Potionbrewer","Relic Sorter","Replay The Spire","Shedinja","Shop Mod","Spicy Shops","Spikes Relics","Spire Birthday Party","StSLib","Thieving Mod","Unceasing Turn Reminder","everything is the same but u backflip on backflip","slay the spire mod where everything is the same but ironclad has a cowboy hat","themimic","vexMod"],"gold_per_floor":[123,123,123,139,165,165,202,225,252,252,271,314,328,438,438,551,551,568,568,568,568,589,631,864,864,888,900,929,964,989,989,989,1129,1129,1149,1163,1163,1219,1238,1277,1277,1344,1344,1344,1361,1411,1435,1473,1473,1513,1513,1513,1513,1588,1628],"floor_reached":56,"playtime":9196,"items_purged":["Shedinja:Endure"],"score":2018,"play_id":"86e95e8f-441b-4a9e-89be-d70c09c2ee50","local_time":"20201230185844","is_ascension_mode":false,"campfire_choices":[{"data":"Shedinja:FurySwipes","floor":10.0,"key":"SMITH"},{"floor":15.0,"key":"RECALL"},{"data":"expansioncontent:Corrupt","floor":25.0,"key":"SMITH"},{"data":"Adrenaline","floor":32,"key":"SMITH"},{"data":"Shedinja:StringShot","floor":44,"key":"SMITH"},{"data":"hubris:Insight","floor":49,"key":"SMITH"},{"data":"Insight","floor":52,"key":"SMITH"}],"circlet_count":0,"master_deck":["Shedinja:FocusSash+1","Shedinja:FocusSash+1","Dark Echo+1","DemoMod:Deposit+1","jedi:forcepull+1","jedi:forcepush+1","LiveForever+1","Master of Strategy+1","Panache+1","potionbrewer:Reaction+1","Secret Technique+1","Secret Weapon+1","DemoMod:TableTechMoney+1","hermit:GoldenBullet+1","Adrenaline+1","Pummel+1","Impervious+1","Double Tap+1","Disarm+1","Buffer+1","Escape Plan","Crippling Poison","Calculated Gamble","Adrenaline+1","Shrug It Off","Metallicize","Shedinja:SafetyGoggles","Shedinja:FurySwipes+1","Shedinja:DoubleTeam","Insight+1","Shedinja:Elixir","Shedinja:Elixir","hubris:Insight+1","expansioncontent:Corrupt+1","Shedinja:Mimic+1","Shedinja:DoubleTeam","Shedinja:StringShot+1","Shedinja:Elixir+1","Shedinja:StringShot+1"],"relics":["Shedinja:WonderGuard","DemoMod:ResourcefulSack","DemoMod:LamentConfigurum","hubris:Icosahedron","Hammer of Thor","Anvil of the Gods","Seething Fire","hubris:PeanutButter","DemoMod:JetPack","Oddly Smooth Stone","DemoMod:GlassGuonStoneRelic","HornCleat","energizedSpire:OgreHead","GremlinMask","Blue Doll","hubris:NiceRug","Strawberry","jedi:fakemustache","vexMod:Dragonfruit","ClockworkSouvenir","potionbrewer:ToyAutogyro","SpikesRelics:DaevaFist","Gremlin Horn","conspire:RunicOctahedron","Replay:Bottled Steam","jedi:arcanewood","Mercury Hourglass","aspiration:StickyExplosives_weak","jedi:Pinwheel","Replay:Accelerometer","jedi:bottledfury"],"acts_visited":["Exordium","TheCity","TheBeyond","TheEnding"],"potions_floor_usage":[28,29,55,55,55],"damage_taken":[{"damage":0.0,"enemies":"2 Louse","floor":1.0,"turns":1.0},{"damage":0.0,"enemies":"Small Slimes","floor":4.0,"turns":1.0},{"damage":0.0,"enemies":"Cultist","floor":5.0,"turns":2.0},{"damage":0.0,"enemies":"Gremlin Nob","floor":7.0,"turns":1.0},{"damage":0.0,"enemies":"2 Fungi Beasts","floor":8.0,"turns":2.0},{"damage":0.0,"enemies":"conspire:2 RoseBushes","floor":11.0,"turns":1.0},{"damage":0.0,"enemies":"Replay:BlueRogue","floor":12.0,"turns":1.0},{"damage":0.0,"enemies":"Blue Slaver","floor":13.0,"turns":1.0},{"damage":0.0,"enemies":"Exordium Thugs","floor":14.0,"turns":2.0},{"damage":0.0,"enemies":"Hexaghost","floor":16.0,"turns":2.0},{"damage":0.0,"enemies":"2 Thieves","floor":18.0,"turns":1.0},{"damage":0.0,"enemies":"Shell Parasite","floor":22.0,"turns":2.0},{"damage":0.0,"enemies":"Replay:Snechameleon","floor":23.0,"turns":3.0},{"damage":0.0,"enemies":"hubris:Merchant","floor":24.0,"turns":5.0},{"damage":0.0,"enemies":"3 Cultists","floor":27.0,"turns":1.0},{"damage":0,"enemies":"conspire:HollyBat","floor":28,"turns":3},{"damage":0,"enemies":"Gremlin Leader","floor":29,"turns":4},{"damage":0,"enemies":"Snake Plant","floor":30,"turns":1},{"damage":0,"enemies":"Collector","floor":33,"turns":3},{"damage":0,"enemies":"3 Shapes","floor":35,"turns":1},{"damage":0,"enemies":"3 Darklings","floor":36,"turns":1},{"damage":0,"enemies":"Writhing Mass","floor":38,"turns":3},{"damage":0,"enemies":"4 Shapes","floor":39,"turns":2},{"damage":0,"enemies":"Reptomancer","floor":40,"turns":1},{"damage":0,"enemies":"Nemesis","floor":42,"turns":3},{"damage":0,"enemies":"Jaw Worm Horde","floor":45,"turns":1},{"damage":0,"enemies":"Transient","floor":46,"turns":5},{"damage":0,"enemies":"Maw","floor":47,"turns":3},{"damage":0,"enemies":"R_Hoarder","floor":48,"turns":2},{"damage":0,"enemies":"conspire:OrnateMirror","floor":50,"turns":3},{"damage":0,"enemies":"Shield and Spear","floor":54,"turns":3},{"damage":0,"enemies":"The Heart","floor":55,"turns":5}],"seed_played":"-5638804904794718205","potions_obtained":[{"floor":5.0,"key":"Death Potion"},{"floor":8.0,"key":"potionbrewer:AcidPotion"},{"floor":11.0,"key":"Regen Potion"},{"floor":14.0,"key":"BlessingOfTheForge"},{"floor":16.0,"key":"potionbrewer:BoundlessPotion"},{"floor":24.0,"key":"Strength Potion"},{"floor":27,"key":"Swift Potion"},{"floor":29,"key":"DistilledChaos"},{"floor":30,"key":"Explosive Potion"},{"floor":39,"key":"PowerPotion"},{"floor":46,"key":"sneckomod:MuddlingPotion"},{"floor":48,"key":"potionbrewer:ToxicPotion"}],"is_trial":false,"path_per_floor":["M","?","?","M","M","?","E","M","T","R","M","E","M","M","R","B",null,"M","?","?","?","M","E","$","R","T","M","M","E","M","$","R","B",null,"M","M","M","M","M","E","?","E","T","R","M","M","M","E","R","B",null,"R","$","E","B",null],"character_chosen":"THE_DEFAULT","items_purchased":["hubris:PeanutButter","DemoMod:LamentConfigurum","Shedinja:Elixir"],"campfire_rested":0,"item_purchase_floors":[0,24,24],"current_hp_per_floor":[1,1,1,1,1,1,1,1,1,1,1,1,1,1,1,1,1,1,1,1,1,1,1,1,1,1,1,1,1,1,1,1,1,1,1,1,1,1,1,1,1,1,1,1,1,1,1,1,1,1,1,1,1,1,1],"gold":1628,"neow_bonus":"","is_daily":false,"chose_seed":false,"campfire_upgraded":6,"win_rate":0.0,"timestamp":1609372724,"path_taken":["M","?","?","M","M","?","E","M","T","R","M","E","?","M","R","BOSS","M","?","?","?","M","E","?","R","T","?","M","E","M","$","R","BOSS","M","M","M","M","M","E","?","E","T","?","M","M","?","E","R","BOSS","R","$","E","BOSS"],"items_purchased_type":["Relic","Relic","Card"],"build_version":"2020-12-22","purchased_purges":1,"victory":true,"max_hp_per_floor":[1,1,1,1,1,1,1,1,1,1,1,1,1,1,1,1,1,1,1,1,1,1,1,1,1,1,1,1,1,1,1,1,1,1,1,1,1,1,1,1,1,1,1,1,1,1,1,1,1,1,1,1,1,1,1],"card_choices":[{"not_picked":["Shedinja:StruggleBug","Shedinja:ShadowBall"],"picked":"Shedinja:SafetyGoggles","floor":1.0},{"not_picked":["Shedinja:PowerBracer","Shedinja:MindReader","Shedinja:Absorb"],"picked":"SKIP","floor":4.0},{"not_picked":["Shedinja:Round","Shedinja:Facade"],"picked":"Shedinja:FurySwipes","floor":5.0},{"not_picked":["Shedinja:Agility","Shedinja:PowerBelt","Shedinja:Harden"],"picked":"SKIP","floor":7.0},{"not_picked":["Shedinja:Elixir","Shedinja:GigaDrain","Shedinja:StruggleBug"],"picked":"SKIP","floor":8.0},{"not_picked":["Shedinja:SuckerPunch","Shedinja:Mimic","Shedinja:PowerBracer"],"picked":"SKIP","floor":11.0},{"not_picked":["Shedinja:Mimic","Shedinja:SuckerPunch","Shedinja:PowerBelt"],"picked":"SKIP","floor":12.0},{"not_picked":["Shedinja:PowerBracer","Shedinja:RockyHelmet"],"picked":"Shedinja:PokeBall","floor":13.0},{"not_picked":["Shedinja:Absorb","Shedinja:Elixir","Shedinja:FurySwipes"],"picked":"SKIP","floor":14.0},{"not_picked":["Shedinja:PhantomForce","Shedinja:Substitute"],"picked":"Shedinja:DoubleTeam","floor":16.0},{"not_picked":["Shedinja:Mimic","Shedinja:NightSlash","Shedinja:StruggleBug"],"picked":"SKIP","floor":18.0},{"not_picked":["Shedinja:Agility","Shedinja:ShadowClaw","Shedinja:XScissor"],"picked":"SKIP","floor":22.0},{"not_picked":["Shedinja:LumBerry","Shedinja:MindReader","Shedinja:ArtifactCard"],"picked":"SKIP","floor":23.0},{"not_picked":[],"picked":"hubris:Insight","floor":24.0},{"not_picked":[],"picked":"expansioncontent:Corrupt","floor":24.0},{"not_picked":["Shedinja:GigaDrain+1"],"picked":"SKIP","floor":24.0},{"not_picked":["Shedinja:Round"],"picked":"SKIP","floor":24.0},{"not_picked":["Shedinja:WillOWisp"],"picked":"SKIP","floor":24.0},{"not_picked":["Shedinja:Agility"],"picked":"SKIP","floor":24.0},{"not_picked":["Shedinja:SafetyGoggles","Shedinja:RockyHelmet+1","Shedinja:HoneClaws"],"picked":"SKIP","floor":27},{"not_picked":["Shedinja:ArtifactCard","Shedinja:SafetyGoggles+1","Shedinja:Substitute"],"picked":"SKIP","floor":28},{"not_picked":["Shedinja:Mimic","Shedinja:GigaDrain","Shedinja:Absorb"],"picked":"SKIP","floor":29},{"not_picked":["Shedinja:PowerBracer","Shedinja:ShadowBall","Shedinja:SafetyGoggles"],"picked":"SKIP","floor":30},{"not_picked":["Shedinja:Absorb+1","Shedinja:Harden+1"],"picked":"Shedinja:Mimic+1","floor":35},{"not_picked":["Shedinja:HoneClaws+1","Shedinja:ArtifactCard","Shedinja:DoubleTeam"],"picked":"SKIP","floor":36},{"not_picked":["Shedinja:HoneClaws+1","Shedinja:ArtifactCard"],"picked":"Shedinja:DoubleTeam","floor":36},{"not_picked":["Shedinja:GigaDrain","Shedinja:WillOWisp+1","Shedinja:Facade+1"],"picked":"SKIP","floor":38},{"not_picked":["Shedinja:FinalGambit","Shedinja:NightSlash+1","Shedinja:ShadowBall+1"],"picked":"SKIP","floor":39},{"not_picked":["Shedinja:GigaDrain","Shedinja:RockyHelmet","Shedinja:NightSlash+1"],"picked":"SKIP","floor":40},{"not_picked":["Shedinja:Trick","Shedinja:ShadowSneak+1"],"picked":"Shedinja:StringShot","floor":42},{"not_picked":["Shedinja:LumBerry","Shedinja:PowerBracer"],"picked":"Shedinja:Elixir+1","floor":45},{"not_picked":["Shedinja:GigaDrain+1","Shedinja:Facade+1","Shedinja:PowerBracer+1"],"picked":"SKIP","floor":46},{"not_picked":["Shedinja:Mimic","Shedinja:GigaDrain+1"],"picked":"Shedinja:StringShot+1","floor":47},{"not_picked":["Shedinja:Agility","Shedinja:PowerBracer","Shedinja:Round+1"],"picked":"SKIP","floor":48},{"not_picked":["Shedinja:ShadowBall","Shedinja:PokeBall","Shedinja:ShadowSneak"],"picked":"SKIP","floor":54}],"player_experience":5590310,"relics_obtained":[{"floor":7.0,"key":"DemoMod:JetPack"},{"floor":9.0,"key":"Oddly Smooth Stone"},{"floor":12.0,"key":"HornCleat"},{"floor":23.0,"key":"Blue Doll"},{"floor":24.0,"key":"Strawberry"},{"floor":24.0,"key":"jedi:fakemustache"},{"floor":24.0,"key":"DemoMod:ResourcefulSack"},{"floor":24.0,"key":"vexMod:Dragonfruit"},{"floor":24.0,"key":"ClockworkSouvenir"},{"floor":26.0,"key":"potionbrewer:ToyAutogyro"},{"floor":29,"key":"SpikesRelics:DaevaFist"},{"floor":40,"key":"jedi:arcanewood"},{"floor":42,"key":"aspiration:StickyExplosives_weak"},{"floor":48,"key":"jedi:Pinwheel"},{"floor":54,"key":"jedi:bottledfury"}],"event_choices":[{"damage_healed":0.0,"max_hp_gain":0.0,"max_hp_loss":0.0,"gold_gain":0.0,"event_name":"Accursed Blacksmith","player_choice":"Forge","floor":6.0,"gold_loss":0.0,"damage_taken":0.0,"cards_upgraded":["Buffer"]},{"damage_healed":0.0,"max_hp_gain":0.0,"max_hp_loss":0.0,"gold_gain":0.0,"event_name":"FaceTrader","player_choice":"Trade","floor":19.0,"gold_loss":0.0,"damage_taken":0.0,"relics_obtained":["GremlinMask"]},{"cards_removed":["Dark Echo"],"damage_healed":0.0,"max_hp_gain":0.0,"max_hp_loss":0.0,"gold_gain":0.0,"event_name":"betterNote:BetterNote","player_choice":"Give","floor":20.0,"gold_loss":0.0,"damage_taken":0.0,"cards_obtained":["Slimebound:OozeBath"]},{"damage_healed":0.0,"max_hp_gain":0.0,"max_hp_loss":0.0,"gold_gain":0.0,"event_name":"betterThird:BetterWriting","player_choice":"Insight","floor":21.0,"gold_loss":0.0,"damage_taken":0.0,"cards_obtained":["Insight"]},{"cards_removed":["Parasite"],"damage_healed":0,"gold_gain":0,"player_choice":"Removed Curses","damage_taken":0,"max_hp_gain":0,"max_hp_loss":0,"event_name":"Fountain of Cleansing","floor":41,"gold_loss":0}],"is_beta":false,"boss_relics":[{"not_picked":["aspiration:FutureDiary","Abe\u0027s Treasure"],"picked":"energizedSpire:OgreHead"},{"not_picked":["Replay:Ancient Bell","Cursed Key"],"picked":"conspire:RunicOctahedron"}],"items_purged_floors":[0],"is_endless":false,"potions_floor_spawned":[5,8,11,14,16,18,27,29,30,39,42,46,47,48,54],"ascension_level":0}}