{"host":"zh52cun1g5egmafn","time":1609309060,"event":{"mods":["Arknights The Spire","BaseMod","DeckTracker","Highlight Path","Minty Spire (QoL Compilation)","StSLib"],"gold_per_floor":[117,117,135,36,36,36,50,66,92,105,105,119,38,48,48,144,144,126,51,71,71,0,33,33,33,59,76,76,76,92,111,111,111,111],"floor_reached":33,"playtime":1533,"items_purged":["Strike_G"],"score":259,"play_id":"6b943c8c-6c8e-426a-ae25-00a784f29883","local_time":"20201230151740","is_ascension_mode":false,"campfire_choices":[{"data":"Noxious Fumes","floor":6,"key":"SMITH"},{"data":"Neutralize","floor":11,"key":"SMITH"},{"data":"Footwork","floor":15,"key":"SMITH"},{"floor":24,"key":"REST"},{"floor":29,"key":"REST"},{"floor":32,"key":"REST"}],"circlet_count":0,"master_deck":["Strike_G","Strike_G","Strike_G","Strike_G","Defend_G","Defend_G","Defend_G","Defend_G","Defend_G","Survivor","Neutralize+1","Poisoned Stab","Noxious Fumes+1","Acrobatics","Blur","Backflip","PiercingWail","Footwork+1","Caltrops","After Image","Noxious Fumes","Calculated Gamble+1","Outmaneuver","Backflip"],"relics":["Ring of the Snake","NeowsBlessing","Nunchaku","Black Star","ats:Originium","Strawberry","PreservedInsect","Lantern"],"acts_visited":["Exordium","TheCity"],"potions_floor_usage":[16,16,18,23],"damage_taken":[{"damage":0,"enemies":"Small Slimes","floor":1,"turns":1},{"damage":0,"enemies":"2 Louse","floor":3,"turns":1},{"damage":0,"enemies":"Cultist","floor":7,"turns":1},{"damage":9,"enemies":"Large Slime","floor":8,"turns":8},{"damage":0,"enemies":"3 Louse","floor":10,"turns":3},{"damage":0,"enemies":"2 Fungi Beasts","floor":12,"turns":4},{"damage":6,"enemies":"Gremlin Gang","floor":14,"turns":6},{"damage":3,"enemies":"Hexaghost","floor":16,"turns":10},{"damage":14,"enemies":"2 Thieves","floor":18,"turns":4},{"damage":5,"enemies":"Chosen","floor":20,"turns":6},{"damage":48,"enemies":"Slavers","floor":23,"turns":6},{"damage":10,"enemies":"Shelled Parasite and Fungi","floor":27,"turns":6},{"damage":11,"enemies":"Colosseum Slavers","floor":28,"turns":6},{"damage":29,"enemies":"Snecko","floor":30,"turns":10},{"damage":6,"enemies":"Centurion and Healer","floor":31,"turns":9},{"damage":42,"enemies":"Champ","floor":33,"turns":17}],"seed_played":"1667254344090016801","potions_obtained":[{"floor":7,"key":"LiquidBronze"},{"floor":8,"key":"BlessingOfTheForge"},{"floor":10,"key":"Explosive Potion"},{"floor":18,"key":"LiquidMemories"}],"is_trial":false,"path_per_floor":["M","?","M","$","?","R","M","M","T","M","R","M","$","M","R","B",null,"M","$","M","$","?","E","R","?","T","M","?","R","M","M","R","B"],"character_chosen":"THE_SILENT","items_purchased":["Noxious Fumes","Acrobatics","Footwork"],"campfire_rested":3,"item_purchase_floors":[4,4,13],"current_hp_per_floor":[70,70,70,70,70,70,70,61,61,61,61,61,61,55,55,52,70,56,56,51,51,51,10,33,58,58,48,37,60,31,25,48,6,6],"gold":111,"neow_bonus":"THREE_ENEMY_KILL","is_daily":false,"chose_seed":false,"campfire_upgraded":3,"win_rate":0.0,"timestamp":1609309060,"path_taken":["M","?","M","$","?","R","?","M","T","M","R","M","$","M","R","BOSS","M","$","M","$","?","E","R","?","T","M","?","R","M","M","R","BOSS"],"items_purchased_type":["Card","Card","Card"],"build_version":"2020-12-22","purchased_purges":1,"victory":false,"max_hp_per_floor":[70,70,70,70,70,70,70,70,70,70,70,70,70,70,70,70,70,70,70,70,70,70,77,77,77,77,77,77,77,77,77,77,77,77],"card_choices":[{"not_picked":["Calculated Gamble","Underhanded Strike"],"picked":"Poisoned Stab","floor":1},{"not_picked":["Underhanded Strike","Expertise","Bane"],"picked":"SKIP","floor":3},{"not_picked":["Backflip","Flying Knee"],"picked":"Blur","floor":7},{"not_picked":["Heel Hook","Masterful Stab","Leg Sweep"],"picked":"SKIP","floor":8},{"not_picked":["Dagger Throw","PiercingWail"],"picked":"Backflip","floor":10},{"not_picked":["Finisher","Dagger Throw"],"picked":"PiercingWail","floor":12},{"not_picked":["Deflect","Predator"],"picked":"Caltrops","floor":14},{"not_picked":["Doppelganger","Burst"],"picked":"After Image","floor":16},{"not_picked":["Poisoned Stab+1","Deflect","Dagger Spray"],"picked":"SKIP","floor":18},{"not_picked":["Slice","Prepared"],"picked":"Noxious Fumes","floor":20},{"not_picked":["Dagger Throw","Underhanded Strike"],"picked":"Calculated Gamble+1","floor":23},{"not_picked":["Slice+1","Quick Slash+1","Deflect"],"picked":"SKIP","floor":27},{"not_picked":["Predator","Quick Slash"],"picked":"Outmaneuver","floor":30},{"not_picked":["Catalyst+1","Flying Knee"],"picked":"Backflip","floor":31}],"player_experience":175513,"relics_obtained":[{"floor":9,"key":"Nunchaku"},{"floor":23,"key":"ats:Originium"},{"floor":23,"key":"Strawberry"},{"floor":23,"key":"PreservedInsect"},{"floor":26,"key":"Lantern"}],"event_choices":[{"damage_healed":0,"gold_gain":0,"player_choice":"Ignored","damage_taken":0,"max_hp_gain":0,"max_hp_loss":0,"event_name":"Shining Light","floor":2,"gold_loss":0},{"damage_healed":0,"gold_gain":0,"player_choice":"Ignored","damage_taken":0,"max_hp_gain":0,"max_hp_loss":0,"event_name":"Transmorgrifier","floor":5,"gold_loss":0},{"damage_healed":0,"gold_gain":0,"player_choice":"Paid Fearfully","damage_taken":0,"max_hp_gain":0,"max_hp_loss":0,"event_name":"Masked Bandits","floor":22,"gold_loss":71},{"damage_healed":25,"gold_gain":0,"player_choice":"Heal","damage_taken":0,"max_hp_gain":0,"max_hp_loss":0,"event_name":"The Library","floor":25,"gold_loss":0},{"damage_healed":0,"gold_gain":0,"player_choice":"Fight","damage_taken":0,"max_hp_gain":0,"max_hp_loss":0,"event_name":"Colosseum","floor":28,"gold_loss":0},{"damage_healed":0,"gold_gain":0,"player_choice":"Fled From Nobs","damage_taken":0,"max_hp_gain":0,"max_hp_loss":0,"event_name":"Colosseum","floor":28,"gold_loss":0}],"is_beta":false,"boss_relics":[{"not_picked":["Ectoplasm","Philosopher\u0027s Stone"],"picked":"Black Star"}],"items_purged_floors":[19],"is_endless":false,"potions_floor_spawned":[7,8,10,18,28],"killed_by":"Champ","ascension_level":0}}