{"host":"867cnhxguf2bzj4x","time":1609350928,"event":{"mods":["BaseMod","Duelist Mod","GifTheSpireLib","Minty Spire (QoL Compilation)","StSLib","The Bug Knight","The Cursed","The Disciple","The Jungle"],"gold_per_floor":[137,87,105,117,217,217,249,261,284,295,310,310,322,247,247,342,342,357,357,377,397,118,118,145,145,191,201,215,215,215],"floor_reached":29,"playtime":2019,"items_purged":["theDuelist:BeaverWarrior","theDuelist:Sparks"],"score":249,"play_id":"abd5d56a-c37c-4488-86aa-163c6581abb2","local_time":"20201230185528","is_ascension_mode":false,"campfire_choices":[{"data":"theDuelist:CyberDragonVier","floor":6,"key":"SMITH"},{"data":"theDuelist:CyberLaserDragon","floor":12,"key":"SMITH"},{"data":"theDuelist:CyberDragonNachster","floor":15,"key":"SMITH"},{"floor":23,"key":"REST"},{"data":"theDuelist:AncientGearGadjiltron","floor":25,"key":"SMITH"}],"circlet_count":0,"master_deck":["theDuelist:BeaverWarrior","theDuelist:CastleWalls","theDuelist:FinalFlame","theDuelist:GiantSoldier","theDuelist:GiantSoldier","theDuelist:ScrapFactory+1","theDuelist:CyberDragonVier+1","theDuelist:MudGolem","theDuelist:CyberDragonNachster+1","theDuelist:BlockGolem","theDuelist:CyberLaserDragon+1","theDuelist:SnowDragon","theDuelist:TailSwipe","theDuelist:AncientRules+1","theDuelist:AncientGearGadjiltron+1","theDuelist:PotForbidden"],"relics":["theDuelist:MillenniumPuzzle","theDuelist:CardPoolRelic","theDuelist:CardPoolBasicRelic","theDuelist:BoosterPackPoolRelic","theDuelist:CardPoolAddRelic","theDuelist:CardPoolMinusRelic","theDuelist:CardPoolSaveRelic","theDuelist:CardPoolOptionsRelic","HollowMod:PaleOreRelic","theDuelist:MetronomeRelicB","Empty Cage","Bag of Preparation"],"acts_visited":["Exordium","TheCity"],"potions_floor_usage":[11],"damage_taken":[{"damage":0,"enemies":"Cultist","floor":1,"turns":4},{"damage":0,"enemies":"2 Louse","floor":3,"turns":1},{"damage":0,"enemies":"Small Slimes","floor":4,"turns":3},{"damage":20,"enemies":"Lagavulin","floor":7,"turns":6},{"damage":2,"enemies":"Looter","floor":8,"turns":3},{"damage":1,"enemies":"Gremlin Gang","floor":10,"turns":4},{"damage":17,"enemies":"Large Slime","floor":11,"turns":5},{"damage":0,"enemies":"Blue Slaver","floor":13,"turns":4},{"damage":15,"enemies":"Slime Boss","floor":16,"turns":5},{"damage":7,"enemies":"Chosen","floor":18,"turns":6},{"damage":22,"enemies":"3 Byrds","floor":20,"turns":6},{"damage":10,"enemies":"Snecko","floor":21,"turns":6},{"damage":17,"enemies":"theDuelist:KaibaA2","floor":24,"turns":5},{"damage":16,"enemies":"Snake Plant","floor":27,"turns":5},{"damage":12,"enemies":"Centurion and Healer","floor":28,"turns":8},{"damage":30,"enemies":"Chosen and Byrds","floor":29,"turns":4}],"seed_played":"-6791077706411867092","potions_obtained":[{"floor":4,"key":"theDuelist:BurningPotionB"},{"floor":7,"key":"theDuelist:WhiteBottle"},{"floor":10,"key":"theDuelist:SolderPotionB"},{"floor":13,"key":"SkillPotion"}],"is_trial":false,"path_per_floor":["M","?","M","M","?","R","E","M","T","M","M","R","M","$","R","B",null,"M","?","M","M","$","R","E","R","T","M","M","M"],"character_chosen":"THE_DUELIST","items_purchased":["theDuelist:PotForbidden"],"campfire_rested":1,"item_purchase_floors":[22],"current_hp_per_floor":[80,80,80,80,80,80,60,58,58,57,40,40,40,40,40,25,80,73,73,51,44,44,68,51,51,51,35,23,0,0],"gold":215,"neow_bonus":"UPGRADE_CARD","is_daily":false,"chose_seed":false,"campfire_upgraded":4,"win_rate":0.0,"timestamp":1609350928,"path_taken":["M","?","M","M","?","R","E","?","T","M","M","R","M","?","R","BOSS","M","?","M","M","$","R","E","R","T","?","M","M"],"items_purchased_type":["Card"],"build_version":"2020-12-22","purchased_purges":2,"victory":false,"max_hp_per_floor":[80,80,80,80,80,80,80,80,80,80,80,80,80,80,80,80,80,80,80,80,80,80,80,80,80,80,80,80,80,80],"card_choices":[{"not_picked":["theDuelist:GauntletWarrior","theDuelist:GoldenApples","theDuelist:RedHeadedOni","theDuelist:LabyrinthWall"],"picked":"theDuelist:MagicalStone","floor":1},{"not_picked":["theDuelist:BlackStego","theDuelist:DragonPiper","theDuelist:CloudianGhost","theDuelist:AncientDragon"],"picked":"theDuelist:CyberDragonVier","floor":3},{"not_picked":["theDuelist:BattleguardKing","theDuelist:RainbowOverdragon","theDuelist:Sangan","theDuelist:WormKing"],"picked":"theDuelist:MudGolem","floor":4},{"not_picked":["theDuelist:GenesisDragon","theDuelist:RedRisingDragon","theDuelist:SauropodBrachion","theDuelist:ClawHermos","theDuelist:HymnOfLight"],"picked":"SKIP","floor":7},{"not_picked":["theDuelist:Beatraptor","theDuelist:MirageDragon","theDuelist:AncientPixieDragon","theDuelist:WhiteHornDragon"],"picked":"theDuelist:CyberDragonNachster","floor":8},{"not_picked":["theDuelist:EarthquakeGiant","theDuelist:GemElephant","theDuelist:GolemSentry","theDuelist:PowerGiant"],"picked":"theDuelist:BlockGolem","floor":10},{"not_picked":["theDuelist:CastleDragonSouls","theDuelist:Vandalgyon","theDuelist:WhiteHowling"],"picked":"theDuelist:CyberLaserDragon","floor":11},{"not_picked":["theDuelist:CyberDinosaur","theDuelist:AquaDolphin","theDuelist:RedRisingDragon","theDuelist:BlackVeloci"],"picked":"theDuelist:SnowDragon","floor":13},{"not_picked":["theDuelist:DoomkaiserDragon","theDuelist:OceanDragonLord","theDuelist:QueenDragunDjinn","theDuelist:WingedDragonRa"],"picked":"theDuelist:TailSwipe","floor":16},{"not_picked":["theDuelist:BlackStego","theDuelist:GiantRex+1","theDuelist:StampingDestruction","theDuelist:WhiteNightDragon","theDuelist:ArmageddonDragonEmp+1"],"picked":"SKIP","floor":18},{"not_picked":["theDuelist:Earthquake","theDuelist:SilverWing","theDuelist:SystemDown","theDuelist:DragonRavine+1"],"picked":"theDuelist:AncientRules+1","floor":20},{"not_picked":["theDuelist:BlueEyesUltimate","theDuelist:RedEyesZombie+1"],"picked":"theDuelist:AncientGearGadjiltron","floor":21},{"not_picked":["theDuelist:BlackBrachios+1","theDuelist:BlackStego","theDuelist:Freezadon","theDuelist:Frostosaurus","theDuelist:GalaxyTyranno"],"picked":"SKIP","floor":24},{"not_picked":["theDuelist:TwinBarrelDragon","theDuelist:SafeZone","theDuelist:DragonPiper","theDuelist:Pyrorex","theDuelist:DragonMirror"],"picked":"SKIP","floor":27},{"not_picked":["theDuelist:Earthquake","theDuelist:OneDayPeace","theDuelist:DragonMirror","theDuelist:SystemDown","theDuelist:UltraEvolutionPill+1"],"picked":"SKIP","floor":28}],"player_experience":85879,"relics_obtained":[{"floor":7,"key":"HollowMod:PaleOreRelic"},{"floor":9,"key":"theDuelist:MetronomeRelicB"},{"floor":24,"key":"Bag of Preparation"}],"event_choices":[{"cards_removed":["theDuelist:Sparks"],"damage_healed":0,"gold_gain":0,"player_choice":"Card Removal","damage_taken":0,"max_hp_gain":0,"max_hp_loss":0,"event_name":"The Cleric","floor":2,"gold_loss":50},{"damage_healed":0,"gold_gain":100,"player_choice":"Pray","damage_taken":0,"max_hp_gain":0,"max_hp_loss":0,"event_name":"Golden Shrine","floor":5,"gold_loss":0},{"damage_healed":0,"gold_gain":0,"player_choice":"Leave","duelist":true,"damage_taken":0,"max_hp_gain":0,"max_hp_loss":0,"event_name":"Relic Duplicator","floor":19,"gold_loss":0}],"is_beta":false,"boss_relics":[{"not_picked":["SacredBark","Inserter"],"picked":"Empty Cage"}],"items_purged_floors":[14,22],"is_endless":false,"potions_floor_spawned":[4,7,10,13,21],"killed_by":"Chosen and Byrds","ascension_level":0}}