{"host":"foq4mrde4mssg7vt","time":1609347987,"event":{"mods":["AchievementEnabler","BaseMod","Colored Map","Colored Powertips","Highlight Path","Minty Spire (QoL Compilation)","Relic Stats","everything is the same but u backflip on backflip"],"gold_per_floor":[111,130,110,120,130,161,161,67,116,41,73,73,87,87,87,161,161,178,189,189,189,189],"floor_reached":21,"playtime":758,"items_purged":["Strike_G"],"score":340,"play_id":"a4643ef4-5f71-4f3e-b2ea-98fff1dd3785","local_time":"20201231010627","is_ascension_mode":true,"campfire_choices":[{"data":"Neutralize","floor":7,"key":"SMITH"},{"floor":12,"key":"REST"},{"data":"Bane","floor":15,"key":"SMITH"}],"circlet_count":0,"master_deck":["AscendersBane","Strike_G","Strike_G","Strike_G","Strike_G","Defend_G","Defend_G","Defend_G","Defend_G","Defend_G","Survivor","Neutralize+1","Poisoned Stab","Dagger Throw","Bane+1","Die Die Die","Bouncing Flask","Noxious Fumes+1","Backflip","Cloak And Dagger","PiercingWail","Wraith Form v2","Crippling Poison","Calculated Gamble"],"relics":["Ring of the Serpent","Bag of Preparation","Letter Opener","Omamori","Happy Flower"],"acts_visited":["Exordium","TheCity"],"potions_floor_usage":[5,21],"damage_taken":[{"damage":1,"enemies":"Small Slimes","floor":1,"turns":4},{"damage":0,"enemies":"Cultist","floor":2,"turns":3},{"damage":4,"enemies":"2 Louse","floor":4,"turns":2},{"damage":1,"enemies":"Looter","floor":5,"turns":4},{"damage":28,"enemies":"Gremlin Nob","floor":6,"turns":4},{"damage":17,"enemies":"Lagavulin","floor":11,"turns":6},{"damage":0,"enemies":"Exordium Wildlife","floor":13,"turns":3},{"damage":8,"enemies":"Hexaghost","floor":16,"turns":9},{"damage":16,"enemies":"Chosen","floor":18,"turns":5},{"damage":14,"enemies":"3 Byrds","floor":19,"turns":4},{"damage":31,"enemies":"Masked Bandits","floor":21,"turns":3}],"seed_played":"-4819635853617008018","potions_obtained":[{"floor":2,"key":"Poison Potion"},{"floor":3,"key":"Fruit Juice"},{"floor":5,"key":"BlessingOfTheForge"}],"is_trial":false,"path_per_floor":["M","M","?","M","M","E","R","$","T","$","E","R","M","?","R","B",null,"M","M","?","?"],"character_chosen":"THE_SILENT","items_purchased":["Noxious Fumes","Backflip"],"campfire_rested":1,"item_purchase_floors":[8,8],"current_hp_per_floor":[58,58,58,54,58,30,30,30,30,30,13,34,34,34,34,26,60,44,30,30,0,0],"gold":189,"neow_bonus":"RANDOM_COMMON_RELIC","is_daily":false,"chose_seed":false,"campfire_upgraded":2,"win_rate":0.0,"timestamp":1609347987,"path_taken":["M","M","?","?","M","E","R","?","T","$","E","R","?","?","R","BOSS","M","M","?","?"],"items_purchased_type":["Card","Card"],"build_version":"2020-12-22","purchased_purges":1,"victory":false,"max_hp_per_floor":[66,66,66,66,71,71,71,71,71,71,71,71,71,71,71,71,71,71,71,71,71,71],"relic_stats":{"Happy Flower":[8],"counters":[11,47],"Bag of Preparation":[22],"Letter Opener":[15],"obtain_stats":[{"Happy Flower":11,"Bag of Preparation":0,"Omamori":9,"Letter Opener":6,"Ring of the Serpent":17,"Ring of the Snake":0},{"Happy Flower":6,"Bag of Preparation":0,"Omamori":5,"Letter Opener":5,"Ring of the Serpent":8,"Ring of the Snake":0},{"Happy Flower":23,"Bag of Preparation":0,"Omamori":17,"Letter Opener":17,"Ring of the Serpent":35,"Ring of the Snake":0}]},"card_choices":[{"not_picked":["Crippling Poison","Acrobatics"],"picked":"Poisoned Stab","floor":1},{"not_picked":["Envenom","Accuracy"],"picked":"Dagger Throw","floor":2},{"not_picked":["Escape Plan","Cloak And Dagger"],"picked":"Bane","floor":4},{"not_picked":["Skewer","Blade Dance"],"picked":"Die Die Die","floor":5},{"not_picked":["Sucker Punch","Acrobatics"],"picked":"Bouncing Flask","floor":6},{"not_picked":["Outmaneuver","Eviscerate"],"picked":"Cloak And Dagger","floor":11},{"not_picked":["Endless Agony","Calculated Gamble"],"picked":"PiercingWail","floor":13},{"not_picked":["Phantasmal Killer","Malaise"],"picked":"Wraith Form v2","floor":16},{"not_picked":["Poisoned Stab","Escape Plan"],"picked":"Crippling Poison","floor":18},{"not_picked":["Outmaneuver","Blade Dance"],"picked":"Calculated Gamble","floor":19}],"player_experience":323964,"relics_obtained":[{"floor":6,"key":"Letter Opener"},{"floor":9,"key":"Omamori"},{"floor":11,"key":"Happy Flower"}],"event_choices":[{"damage_healed":0,"gold_gain":0,"player_choice":"Bought 1 Potion","damage_taken":0,"max_hp_gain":0,"max_hp_loss":0,"event_name":"The Woman in Blue","floor":3,"gold_loss":0},{"damage_healed":0,"gold_gain":0,"player_choice":"Grow","damage_taken":0,"max_hp_gain":0,"max_hp_loss":0,"event_name":"Living Wall","floor":14,"gold_loss":0,"cards_upgraded":["Noxious Fumes"]},{"damage_healed":0,"gold_gain":0,"player_choice":"Ignored","damage_taken":0,"max_hp_gain":0,"max_hp_loss":0,"event_name":"Vampires","floor":20,"gold_loss":0},{"damage_healed":0,"gold_gain":0,"player_choice":"Fought Bandits","damage_taken":0,"max_hp_gain":0,"max_hp_loss":0,"event_name":"Masked Bandits","floor":21,"gold_loss":0}],"is_beta":false,"boss_relics":[{"not_picked":["SlaversCollar","Snecko Eye"],"picked":"Ring of the Serpent"}],"items_purged_floors":[10],"is_endless":false,"potions_floor_spawned":[2,5,11,16,18,19],"killed_by":"Masked Bandits","ascension_level":16}}