{"host":"vmo6qas4tfa0p776","time":1609369728,"event":{"mods":["AchievementEnabler","BaseMod","Bestiary","Better Altar","Better Match","Better Note","Better Sensory Stone","Better Skull","Better Third Choice","Colored Map","Downfall","Minty Spire (QoL Compilation)","Relic Stats","Robot Space Explorer","Spicy Shops","StSLib","The Marked"],"gold_per_floor":[99,109,121,2,14,14,14,40,55,55,55,72,91,115,132,228,228,228,244,244,22,130,130,130,130,22,76,88,100,7,40,59,160,160,160,175,175,175,191,191,191],"floor_reached":40,"playtime":2665,"items_purged":[],"score":508,"play_id":"2b4cebfa-d763-416e-99aa-2a1116c670b8","local_time":"20201230180848","is_ascension_mode":false,"campfire_choices":[{"floor":1,"key":"RECALL"},{"data":"sneckomod:SnekBite","floor":6,"key":"SMITH"},{"floor":18,"key":"REST"},{"floor":23,"key":"REST"},{"floor":25,"key":"REST"},{"floor":35,"key":"REST"}],"circlet_count":0,"master_deck":["sneckomod:Strike","sneckomod:Strike","sneckomod:Defend","sneckomod:Defend","sneckomod:TailWhip","sneckomod:SnekBite+1","sneckomod:Unknown","sneckomod:Unknown","sneckomod:UnknownWeak","sneckomod:UnknownStrike","sneckomod:UnknownClassDEFAULT_GRAY_COLOR","sneckomod:UnknownCommonAttack","sneckomod:UnknownClassRED","sneckomod:UnknownUncommonPower","sneckomod:UnknownDexterity","sneckomod:UnknownUncommonAttack","sneckomod:UnknownClassGREEN","sneckomod:MorePower","sneckomod:UnknownClassPURPLE+1","sneckomod:Unknown3Cost+1","sneckomod:UnknownClassGREEN+1","sneckomod:Unknown","hexamod:SecondSeal","sneckomod:DangerNoodle","sneckomod:UnknownStrike","sneckomod:SoulDraw","sneckomod:UnknownStrike","sneckomod:SlitherStrike","J.A.X.","sneckomod:UnknownUncommonPower+1","sneckomod:DiceBlock","sneckomod:QuickBite+1","sneckomod:WideSting","sneckomod:UnknownUncommonAttack+1","sneckomod:SnekBeam+1","sneckomod:DiceBoulder","sneckomod:UnknownRarePower+1","sneckomod:RainOfDice","sneckomod:SnakeSap","sneckomod:UnknownClassDEFAULT_GRAY_COLOR","sneckomod:SnekBite+1","sneckomod:UnknownClassTHE_CHAMP_GRAY+1","sneckomod:UnknownUncommonPower+1","sneckomod:Rotation","sneckomod:UnknownClassHEXA_GHOST_PURPLE+1","sneckomod:UnknownRarePower","sneckomod:PureSnecko","sneckomod:RainOfDice+1","expansioncontent:Chronoboost","expansioncontent:DefensiveMode","expansioncontent:TimeRipple","sneckomod:UnknownBlock+1"],"relics":["sneckomod:SneckoSoul","HandDrill","Pear","Dream Catcher","Fusion Hammer","Membership Card","MutagenicStrength","Oddly Smooth Stone","Orichalcum","Bronze Scales","DollysMirror","Ginger","SacredBark","Thread and Needle"],"acts_visited":["Exordium","TheCity","TheBeyond"],"potions_floor_usage":[8,11,16,19,22,22,30,30,32,39,40,40],"damage_taken":[{"damage":6,"enemies":"Cultist","floor":2,"turns":3},{"damage":5,"enemies":"2 Louse","floor":3,"turns":3},{"damage":0,"enemies":"downfall:FleeingMerchant","floor":4,"turns":4},{"damage":8,"enemies":"Jaw Worm","floor":5,"turns":2},{"damage":1,"enemies":"Gremlin Nob","floor":8,"turns":3},{"damage":16,"enemies":"2 Fungi Beasts","floor":9,"turns":3},{"damage":0,"enemies":"Exordium Thugs","floor":11,"turns":1},{"damage":2,"enemies":"Exordium Wildlife","floor":12,"turns":3},{"damage":9,"enemies":"Exordium Thugs","floor":13,"turns":4},{"damage":8,"enemies":"Blue Slaver","floor":15,"turns":4},{"damage":25,"enemies":"downfall:Watcher","floor":16,"turns":9},{"damage":32,"enemies":"Spheric Guardian","floor":19,"turns":7},{"damage":10,"enemies":"downfall:FleeingMerchant","floor":21,"turns":4},{"damage":62,"enemies":"downfall:Augmenter","floor":22,"turns":8},{"damage":4,"enemies":"downfall:FleeingMerchant","floor":26,"turns":4},{"damage":19,"enemies":"Centurion and Healer","floor":28,"turns":6},{"damage":17,"enemies":"Snake Plant","floor":29,"turns":3},{"damage":12,"enemies":"downfall:FleeingMerchant","floor":30,"turns":4},{"damage":13,"enemies":"Book of Stabbing","floor":31,"turns":5},{"damage":5,"enemies":"Sentry and Sphere","floor":32,"turns":3},{"damage":30,"enemies":"downfall:Ironclad","floor":33,"turns":4},{"damage":14,"enemies":"Orb Walker","floor":36,"turns":3},{"damage":6,"enemies":"3 Darklings","floor":39,"turns":3},{"damage":155,"enemies":"Giant Head","floor":40,"turns":11}],"seed_played":"5695571718550102973","potions_obtained":[{"floor":3,"key":"Energy Potion"},{"floor":8,"key":"Explosive Potion"},{"floor":9,"key":"SmokeBomb"},{"floor":15,"key":"GamblersBrew"},{"floor":16,"key":"Block Potion"},{"floor":19,"key":"Dexterity Potion"},{"floor":28,"key":"Slimebound:ThreeZeroPotion"},{"floor":29,"key":"sneckomod:MuddlingPotion"},{"floor":31,"key":"SkillPotion"},{"floor":33,"key":"SteroidPotion"},{"floor":36,"key":"sneckomod:DiceRollPotion"},{"floor":39,"key":"SkillPotion"}],"is_trial":false,"path_per_floor":["R","M","M","$","M","R","T","E","M","?","M","M","M","T","M","B",null,"R","M","?","$","?","R","T","R","$","T","M","M","$","E","M","B",null,"R","M","?","T","M","E"],"character_chosen":"THE_SNECKO","items_purchased":["HandDrill","sneckomod:UnknownCommonAttack","sneckomod:UnknownStrike","Membership Card","sneckomod:SoulDraw","Orichalcum","sneckomod:DiceBoulder","DollysMirror"],"campfire_rested":4,"item_purchase_floors":[4,4,21,21,21,26,26,30],"current_hp_per_floor":[99,94,90,92,85,85,85,95,80,126,126,125,117,117,110,85,129,130,100,101,92,32,72,72,112,109,109,91,74,63,51,57,39,143,143,129,119,119,114,0,0],"gold":191,"neow_bonus":"TEN_PERCENT_HP_BONUS","is_daily":false,"chose_seed":false,"campfire_upgraded":1,"win_rate":0.0,"timestamp":1609369728,"path_taken":["R","M","?","$","M","R","T","E","M","?","?","?","M","?","M","BOSS","R","M","?","$","?","R","T","R","$","?","M","M","$","E","M","BOSS","R","M","?","?","?","E"],"items_purchased_type":["Relic","Card","Card","Relic","Card","Relic","Card","Relic"],"build_version":"2020-12-22","purchased_purges":0,"victory":false,"max_hp_per_floor":[99,100,101,103,104,104,104,115,116,126,126,127,128,128,129,129,129,130,132,133,134,136,136,136,136,137,137,138,138,139,140,141,143,143,143,143,143,143,144,144,144],"relic_stats":{"Dream Catcher":4,"counters":[24,104],"Bronze Scales":[96],"HandDrill":[42],"Ginger":[3],"Orichalcum":[78],"obtain_stats":[{"Pear":8,"SacredBark":34,"Oddly Smooth Stone":24,"Thread and Needle":38,"Ginger":31,"Orichalcum":26,"sneckomod:SneckoSoul":0,"Dream Catcher":14,"DollysMirror":30,"MutagenicStrength":22,"Bronze Scales":27,"Fusion Hammer":17,"HandDrill":4,"Membership Card":21},{"Pear":5,"SacredBark":21,"Oddly Smooth Stone":14,"Thread and Needle":22,"Ginger":19,"Orichalcum":15,"sneckomod:SneckoSoul":0,"Dream Catcher":9,"DollysMirror":18,"MutagenicStrength":14,"Bronze Scales":15,"Fusion Hammer":11,"HandDrill":3,"Membership Card":13},{"Pear":15,"SacredBark":87,"Oddly Smooth Stone":58,"Thread and Needle":90,"Ginger":80,"Orichalcum":62,"sneckomod:SneckoSoul":0,"Dream Catcher":26,"DollysMirror":75,"MutagenicStrength":58,"Bronze Scales":62,"Fusion Hammer":39,"HandDrill":10,"Membership Card":50}]},"card_choices":[{"not_picked":["sneckomod:UnknownCommonSkill","sneckomod:SoulRoll"],"picked":"sneckomod:UnknownWeak","floor":2},{"not_picked":["sneckomod:DiceCrush","sneckomod:MasterEye"],"picked":"sneckomod:UnknownStrike","floor":3},{"not_picked":["sneckomod:DiceBlock","sneckomod:UnknownExhaust"],"picked":"sneckomod:UnknownClassDEFAULT_GRAY_COLOR","floor":4},{"not_picked":["sneckomod:SnekBeam","sneckomod:WideSting"],"picked":"sneckomod:UnknownClassRED","floor":5},{"not_picked":["sneckomod:DiceCrush","sneckomod:UnknownClassSLIMEBOUND"],"picked":"sneckomod:UnknownUncommonPower","floor":8},{"not_picked":["sneckomod:UnknownClassRED","sneckomod:SoulRoll"],"picked":"sneckomod:UnknownRareSkill","floor":9},{"not_picked":["sneckomod:SnakeSap","sneckomod:UnknownClassGUARDIAN"],"picked":"sneckomod:UnknownDexterity","floor":12},{"not_picked":["sneckomod:RainOfDice","sneckomod:Nope"],"picked":"sneckomod:UnknownUncommonAttack","floor":13},{"not_picked":["sneckomod:Unknown1Cost","sneckomod:IronFang"],"picked":"sneckomod:UnknownClassGREEN","floor":15},{"not_picked":["sneckomod:SerpentMind","sneckomod:Restock"],"picked":"sneckomod:MorePower","floor":16},{"not_picked":["sneckomod:UnknownStrike","sneckomod:SoulRoll"],"picked":"sneckomod:UnknownClassPURPLE+1","floor":18},{"not_picked":["sneckomod:UnknownEthereal+1","sneckomod:UnknownX+1"],"picked":"sneckomod:Unknown3Cost+1","floor":19},{"not_picked":["sneckomod:UnknownCommonAttack","sneckomod:DiceBlock"],"picked":"sneckomod:UnknownClassGREEN+1","floor":19},{"not_picked":["hexamod:ThirdSeal","hexamod:SixthSeal"],"picked":"hexamod:SecondSeal","floor":21},{"not_picked":["sneckomod:UnknownClassDEFAULT_GRAY_COLOR","sneckomod:ImprovisedAttack"],"picked":"sneckomod:DangerNoodle","floor":21},{"not_picked":[],"picked":"J.A.X.","floor":22},{"not_picked":["sneckomod:UnknownUncommonSkill+1","sneckomod:UnknownCommonAttack+1"],"picked":"sneckomod:UnknownUncommonPower+1","floor":22},{"not_picked":["sneckomod:UnknownUncommonSkill","sneckomod:UnknownClassPURPLE"],"picked":"sneckomod:DiceBlock","floor":22},{"not_picked":["sneckomod:WideSting+1","sneckomod:DefensiveFlair"],"picked":"sneckomod:QuickBite+1","floor":23},{"not_picked":["sneckomod:MasterEye","sneckomod:QuickMove+1"],"picked":"sneckomod:WideSting","floor":25},{"not_picked":["sneckomod:UnknownWeak+1","sneckomod:UnknownClassGREEN+1"],"picked":"sneckomod:UnknownUncommonAttack+1","floor":26},{"not_picked":["sneckomod:UnknownBlock+1","sneckomod:UnknownClassSLIMEBOUND"],"picked":"sneckomod:SnekBeam+1","floor":26},{"not_picked":["sneckomod:UnknownClassPURPLE+1","sneckomod:UnknownBlock+1"],"picked":"sneckomod:UnknownRarePower+1","floor":28},{"not_picked":["sneckomod:SoulRoll","sneckomod:Nope"],"picked":"sneckomod:RainOfDice","floor":28},{"not_picked":["sneckomod:QuickMove+1","sneckomod:DefensiveFlair"],"picked":"sneckomod:SnakeSap","floor":29},{"not_picked":["sneckomod:DangerNoodle","sneckomod:TrashToTreasure"],"picked":"sneckomod:UnknownClassDEFAULT_GRAY_COLOR","floor":30},{"not_picked":["sneckomod:DiceBlock","sneckomod:Unknown0Cost"],"picked":"sneckomod:UnknownClassTHE_CHAMP_GRAY+1","floor":31},{"not_picked":["sneckomod:UnknownClassGREEN+1","sneckomod:UnknownClassTHE_CHAMP_GRAY+1"],"picked":"sneckomod:UnknownUncommonPower+1","floor":32},{"not_picked":["sneckomod:SoulDraw","sneckomod:RainOfDice"],"picked":"sneckomod:Rotation","floor":32},{"not_picked":["sneckomod:UnknownClassDEFAULT_GRAY_COLOR+1","sneckomod:UnknownStrength+1"],"picked":"sneckomod:UnknownClassHEXA_GHOST_PURPLE+1","floor":33},{"not_picked":["sneckomod:DangerNoodle","sneckomod:Unknown3Cost"],"picked":"sneckomod:UnknownRarePower","floor":33},{"not_picked":["sneckomod:SnekBeam","sneckomod:Unknown1Cost+1"],"picked":"sneckomod:PureSnecko","floor":35},{"not_picked":["sneckomod:UnknownEthereal","sneckomod:SoulRoll+1"],"picked":"sneckomod:RainOfDice+1","floor":36},{"not_picked":["expansioncontent:BronzeBeam","expansioncontent:SuperHexaguard"],"picked":"expansioncontent:Chronoboost","floor":37},{"not_picked":["expansioncontent:GuardianWhirl","expansioncontent:YouAreMine"],"picked":"expansioncontent:DefensiveMode","floor":37},{"not_picked":["expansioncontent:ChargeUp","expansioncontent:SuperHexaguard"],"picked":"expansioncontent:TimeRipple","floor":37},{"not_picked":["sneckomod:WideSting","sneckomod:UnknownClassGREEN+1"],"picked":"sneckomod:UnknownBlock+1","floor":39}],"player_experience":204802,"relics_obtained":[{"floor":8,"key":"Pear"},{"floor":14,"key":"Dream Catcher"},{"floor":22,"key":"MutagenicStrength"},{"floor":24,"key":"Oddly Smooth Stone"},{"floor":27,"key":"Bronze Scales"},{"floor":31,"key":"Ginger"},{"floor":38,"key":"Thread and Needle"}],"event_choices":[{"cards_removed":["sneckomod:UnknownRareSkill"],"damage_healed":36,"gold_gain":0,"player_choice":"Offered Rare","damage_taken":0,"max_hp_gain":10,"max_hp_loss":0,"event_name":"Bonfire Elementals","floor":10,"gold_loss":0},{"cards_removed":["sneckomod:UnknownClassGREEN"],"damage_healed":0,"gold_gain":0,"player_choice":"Take \u0026 Give","damage_taken":0,"max_hp_gain":0,"max_hp_loss":0,"event_name":"betterNote:BetterNote","floor":20,"gold_loss":0,"cards_obtained":["sneckomod:Unknown"]}],"is_beta":false,"boss_relics":[{"not_picked":["Runic Pyramid","Coffee Dripper"],"picked":"Fusion Hammer"},{"not_picked":["Philosopher\u0027s Stone","Empty Cage"],"picked":"SacredBark"}],"items_purged_floors":[],"is_endless":false,"potions_floor_spawned":[3,8,11,15,16,19,28,29,31,33,36,39],"killed_by":"Giant Head","ascension_level":0}}