{"host":"raai0vtvcfkt8csp","time":1609306160,"event":{"mods":["2.2 Compatiblity","AchievementEnabler","BaseMod","Block Reminder","DeckTracker","Defective Defect","GifTheSpireLib","Minty Spire (QoL Compilation)","Quick Restart","Random Character Button","Rare Cards Sparkle","StSLib","Unceasing Turn Reminder"],"gold_per_floor":[109,1,12,29,44,76,76,151,177,224,247,293,315,347,359,475,487,454,454],"floor_reached":18,"playtime":673,"items_purged":[],"score":272,"play_id":"ed929cc4-c3fa-4446-9e32-f36618e2875c","local_time":"20201230062920","is_ascension_mode":true,"campfire_choices":[{"floor":7,"key":"REST"},{"floor":15,"key":"REST"}],"circlet_count":0,"master_deck":["Strike_P","Strike_P","Strike_P","Strike_P","Defend_P","Defend_P","Defend_P","Defend_P","Eruption","Vigilance","CrushJoints","BattleHymn","EmptyBody","Consecrate","WaveOfTheHand","Establishment","Wallop","ForeignInfluence","DeceiveReality","Consecrate","Omniscience"],"relics":["PureWater","NeowsBlessing","Centennial Puzzle","Smiling Mask","MawBank","Blue Candle","InkBottle","Velvet Choker"],"acts_visited":["Exordium","TheCity"],"potions_floor_usage":[6,14],"damage_taken":[{"damage":0,"enemies":"Jaw Worm","floor":1,"turns":1},{"damage":0,"enemies":"Cultist","floor":3,"turns":1},{"damage":0,"enemies":"Small Slimes","floor":4,"turns":1},{"damage":6,"enemies":"Exordium Wildlife","floor":5,"turns":5},{"damage":18,"enemies":"Lagavulin","floor":6,"turns":5},{"damage":0,"enemies":"Gremlin Nob","floor":10,"turns":3},{"damage":4,"enemies":"Large Slime","floor":11,"turns":6},{"damage":49,"enemies":"Lagavulin","floor":12,"turns":9},{"damage":0,"enemies":"3 Louse","floor":13,"turns":2},{"damage":0,"enemies":"Gremlin Gang","floor":14,"turns":6},{"damage":0,"enemies":"Slime Boss","floor":16,"turns":6},{"damage":3,"enemies":"2 Thieves","floor":18,"turns":3}],"seed_played":"8590331458149674298","potions_obtained":[{"floor":3,"key":"StancePotion"},{"floor":5,"key":"Regen Potion"},{"floor":12,"key":"Ambrosia"},{"floor":14,"key":"FearPotion"},{"floor":16,"key":"CultistPotion"}],"is_trial":false,"path_per_floor":["M","?","M","M","M","E","R","?","T","E","M","E","M","M","R","B",null,"M"],"character_chosen":"WATCHER","items_purchased":[],"campfire_rested":2,"item_purchase_floors":[],"current_hp_per_floor":[72,72,72,72,66,48,69,58,58,58,54,5,5,19,40,40,72,69,69],"gold":454,"neow_bonus":"THREE_ENEMY_KILL","is_daily":false,"chose_seed":false,"campfire_upgraded":0,"win_rate":0.0,"timestamp":1609306160,"path_taken":["M","?","M","?","?","E","R","?","T","E","M","E","M","M","R","BOSS","M"],"items_purchased_type":[],"build_version":"2020-12-22","purchased_purges":0,"victory":false,"max_hp_per_floor":[72,72,72,72,72,72,72,72,72,72,72,72,72,72,72,72,72,72,72],"card_choices":[{"not_picked":["ClearTheMind","FlyingSleeves"],"picked":"CrushJoints","floor":1},{"not_picked":["Collect","Conclude"],"picked":"BattleHymn","floor":3},{"not_picked":["BowlingBash","SashWhip"],"picked":"EmptyBody","floor":4},{"not_picked":["ThirdEye","JustLucky"],"picked":"Consecrate","floor":5},{"not_picked":["Wireheading","Nirvana"],"picked":"WaveOfTheHand","floor":6},{"not_picked":["Crescendo","EmptyBody"],"picked":"Establishment","floor":10},{"not_picked":["CutThroughFate","Prostrate"],"picked":"Wallop","floor":11},{"not_picked":["Crescendo","Meditate"],"picked":"ForeignInfluence","floor":12},{"not_picked":["BowlingBash","CrushJoints"],"picked":"DeceiveReality","floor":13},{"not_picked":["ThirdEye","SashWhip"],"picked":"Consecrate","floor":14},{"not_picked":["Vault","Blasphemy"],"picked":"Omniscience","floor":16}],"player_experience":516367,"relics_obtained":[{"floor":6,"key":"Smiling Mask"},{"floor":9,"key":"MawBank"},{"floor":10,"key":"Blue Candle"},{"floor":12,"key":"InkBottle"}],"event_choices":[{"damage_healed":0,"gold_gain":0,"player_choice":"Paid Gold","damage_taken":0,"relics_obtained":["Centennial Puzzle"],"max_hp_gain":0,"max_hp_loss":0,"event_name":"WeMeetAgain","floor":2,"gold_loss":108},{"damage_healed":0,"gold_gain":75,"player_choice":"Gather Gold","damage_taken":11,"max_hp_gain":0,"max_hp_loss":0,"event_name":"World of Goop","floor":8,"gold_loss":0}],"is_beta":false,"boss_relics":[{"not_picked":["Black Star","Runic Pyramid"],"picked":"Velvet Choker"}],"items_purged_floors":[],"is_endless":false,"potions_floor_spawned":[3,5,12,14,16],"killed_by":"2 Thieves","ascension_level":1}}