{"host":"tmf10eeko6je6wes","time":1609369886,"event":{"mods":["AchievementEnabler","BaseMod","Colored Map","Colored Powertips","DeckTracker","Highlight Path","Minty Spire (QoL Compilation)","Permanent Neow","Quick Restart","Relic Sorter","Relic Stats","Shop Mod","StSLib","SuperFastMode","Synergy Search"],"gold_per_floor":[19,19,33,46,56,56,74,108,108,108,108,108,33,53,53,53,53],"floor_reached":16,"playtime":345,"items_purged":["Injury"],"score":102,"play_id":"69eb8f19-8788-474f-8ff7-221d82acd570","local_time":"20201230181126","is_ascension_mode":false,"campfire_choices":[{"data":"Judgement","floor":6,"key":"SMITH"},{"floor":11,"key":"REST"},{"data":"Wireheading","floor":15,"key":"SMITH"}],"circlet_count":0,"master_deck":["Strike_P","Strike_P","Strike_P","Strike_P","Defend_P","Defend_P","Defend_P","Defend_P","Eruption","Vigilance","PathToVictory+1","FlurryOfBlows","Judgement+1","Nirvana","EmptyFist","Wireheading+1","Nirvana"],"relics":["PureWater","Incense Burner","Juzu Bracelet","Peace Pipe","Golden Idol"],"acts_visited":["Exordium"],"potions_floor_usage":[8,16,16],"damage_taken":[{"damage":8,"enemies":"2 Louse","floor":1,"turns":4},{"damage":0,"enemies":"Small Slimes","floor":3,"turns":2},{"damage":6,"enemies":"Jaw Worm","floor":4,"turns":2},{"damage":0,"enemies":"2 Fungi Beasts","floor":5,"turns":3},{"damage":2,"enemies":"Large Slime","floor":7,"turns":5},{"damage":10,"enemies":"3 Sentries","floor":8,"turns":7},{"damage":0,"enemies":"Looter","floor":14,"turns":2},{"damage":67,"enemies":"Hexaghost","floor":16,"turns":2}],"seed_played":"-449267341545638303","potions_obtained":[{"floor":4,"key":"DuplicationPotion"},{"floor":8,"key":"BottledMiracle"},{"floor":14,"key":"LiquidBronze"}],"is_trial":false,"path_per_floor":["M","?","M","M","M","R","M","E","T","?","R","?","$","M","R","B"],"character_chosen":"WATCHER","items_purchased":[],"campfire_rested":1,"item_purchase_floors":[],"current_hp_per_floor":[64,64,64,58,58,58,56,46,46,46,67,67,67,67,67,0,0],"gold":53,"neow_bonus":"ONE_RARE_RELIC","is_daily":false,"chose_seed":false,"campfire_upgraded":2,"win_rate":0.0,"timestamp":1609369886,"path_taken":["M","?","M","M","M","R","M","E","T","?","R","?","$","M","R","BOSS"],"items_purchased_type":[],"build_version":"2020-12-22","purchased_purges":1,"victory":false,"max_hp_per_floor":[72,72,72,72,72,72,72,72,72,72,72,72,72,72,72,72,72],"relic_stats":{"Peace Pipe":0,"counters":[8,27],"Golden Idol":4,"Juzu Bracelet":0,"obtain_stats":[{"Peace Pipe":9,"Golden Idol":12,"Incense Burner":0,"Juzu Bracelet":8,"PureWater":0},{"Peace Pipe":6,"Golden Idol":6,"Incense Burner":0,"Juzu Bracelet":6,"PureWater":0},{"Peace Pipe":23,"Golden Idol":23,"Incense Burner":0,"Juzu Bracelet":23,"PureWater":0}]},"card_choices":[{"not_picked":["Crescendo","FlyingSleeves"],"picked":"PathToVictory","floor":1},{"not_picked":["Protect","ClearTheMind"],"picked":"FlurryOfBlows","floor":3},{"not_picked":["PathToVictory","CutThroughFate"],"picked":"Judgement","floor":4},{"not_picked":["FlurryOfBlows","Worship"],"picked":"Nirvana","floor":5},{"not_picked":["Halt","FlyingSleeves"],"picked":"EmptyFist","floor":7},{"not_picked":["MasterReality","JustLucky"],"picked":"Wireheading","floor":8},{"not_picked":["FlyingSleeves","SashWhip"],"picked":"Nirvana","floor":14}],"player_experience":30805,"relics_obtained":[{"floor":8,"key":"Juzu Bracelet"},{"floor":9,"key":"Peace Pipe"}],"event_choices":[{"damage_healed":0,"gold_gain":0,"player_choice":"Grow","damage_taken":0,"max_hp_gain":0,"max_hp_loss":0,"event_name":"Living Wall","floor":2,"gold_loss":0,"cards_upgraded":["PathToVictory"]},{"damage_healed":0,"gold_gain":0,"player_choice":"Ignored","damage_taken":0,"max_hp_gain":0,"max_hp_loss":0,"event_name":"Golden Wing","floor":10,"gold_loss":0},{"damage_healed":0,"gold_gain":0,"player_choice":"Take Wound","damage_taken":0,"relics_obtained":["Golden Idol"],"max_hp_gain":0,"max_hp_loss":0,"event_name":"Golden Idol","floor":12,"gold_loss":0,"cards_obtained":["Injury"]}],"is_beta":false,"boss_relics":[],"items_purged_floors":[13],"is_endless":false,"potions_floor_spawned":[4,8,14],"killed_by":"Hexaghost","ascension_level":0}}