{"host":"kw4o7b3ro2ktmmbe","time":1609321915,"event":{"mods":["BaseMod","ChefMod","Evolution","Minty Spire (QoL Compilation)","StSLib"],"gold_per_floor":[114,125,139,139,158,158,178,178,178,197,214,214,176,187,187,286,286,300,300,156,255,269,269,269,269,269,302,302,302,302,302],"floor_reached":30,"playtime":3008,"items_purged":[],"score":240,"play_id":"ba2e029d-d850-4c16-ae83-807f88d296dc","local_time":"20201230225155","is_ascension_mode":false,"campfire_choices":[{"data":"chefmod:QuickThaw","floor":6.0,"key":"SMITH"},{"data":"chefmod:FarmersMarket","floor":15.0,"key":"SMITH"},{"data":"chefmod:Cleavers","floor":23.0,"key":"SMITH"},{"data":"chefmod:Leftovers","floor":25,"key":"SMITH"}],"circlet_count":0,"master_deck":["chefmod:Strike","chefmod:Strike+1","chefmod:Strike","chefmod:Strike","chefmod:Strike","chefmod:Defend","chefmod:Defend+1","chefmod:Defend","chefmod:QuickThaw+1","chefmod:TodaysSpecial+1","chefmod:MonsterBait","chefmod:IceCreamCone","chefmod:FarmersMarket+1","chefmod:SaveForLater","chefmod:Cleavers+1","chefmod:Leftovers+1","chefmod:FullCourseMeal","chefmod:Bruschetta+1","chefmod:Tenderizer"],"relics":["chefmod:TrustyPot","EVO:Axolotl","Ginger","Blue Candle","SlaversCollar","Sling","Mercury Hourglass","Singing Bowl"],"acts_visited":["Exordium","TheCity"],"potions_floor_usage":[],"damage_taken":[{"damage":0.0,"enemies":"2 Louse","floor":1.0,"turns":2.0},{"damage":2.0,"enemies":"Cultist","floor":2.0,"turns":5.0},{"damage":0.0,"enemies":"Small Slimes","floor":3.0,"turns":4.0},{"damage":0.0,"enemies":"Blue Slaver","floor":5.0,"turns":4.0},{"damage":0.0,"enemies":"Exordium Wildlife","floor":7.0,"turns":3.0},{"damage":8.0,"enemies":"Lots of Slimes","floor":10.0,"turns":4.0},{"damage":13.0,"enemies":"Exordium Thugs","floor":11.0,"turns":5.0},{"damage":0.0,"enemies":"Large Slime","floor":14.0,"turns":5.0},{"damage":32.0,"enemies":"Hexaghost","floor":16.0,"turns":8.0},{"damage":39.0,"enemies":"Shell Parasite","floor":18.0,"turns":9.0},{"damage":11.0,"enemies":"Chosen","floor":22.0,"turns":5.0},{"damage":46,"enemies":"Slavers","floor":27,"turns":6},{"damage":16,"enemies":"Centurion and Healer","floor":30,"turns":5}],"seed_played":"-2752628567886934335","potions_obtained":[{"floor":1.0,"key":"PowerPotion"},{"floor":3.0,"key":"DuplicationPotion"},{"floor":7.0,"key":"PowerPotion"}],"is_trial":false,"path_per_floor":["M","M","M","?","M","R","M","?","T","M","M","T","$","M","R","B",null,"M","?","$","?","M","R","?","R","T","E","?","$","M"],"character_chosen":"THE_CHEF","items_purchased":["chefmod:Leftovers","Sling"],"campfire_rested":0,"item_purchase_floors":[13,20],"current_hp_per_floor":[83,81,81,81,81,81,81,64,64,56,43,43,43,43,43,11,83,44,71,71,71,60,60,60,60,60,16,16,16,0,0],"gold":302,"neow_bonus":"TEN_PERCENT_HP_BONUS","is_daily":false,"chose_seed":false,"campfire_upgraded":4,"win_rate":0.0,"timestamp":1609321915,"path_taken":["M","M","M","?","?","R","M","?","T","M","M","?","?","?","R","BOSS","M","?","$","?","M","R","?","R","T","E","?","$","?"],"items_purchased_type":["Card","Relic"],"build_version":"2020-12-22","purchased_purges":0,"victory":false,"max_hp_per_floor":[83,83,83,83,83,83,83,83,83,83,83,83,83,83,83,83,83,83,83,83,83,83,83,83,83,83,85,85,85,85,85],"card_choices":[{"not_picked":["chefmod:Sorbet","chefmod:DinoKale"],"picked":"chefmod:MonsterBait","floor":1.0},{"not_picked":["chefmod:Fillet","chefmod:SliceAndDice","chefmod:Defrost"],"picked":"SKIP","floor":2.0},{"not_picked":["chefmod:Leftovers","chefmod:Gelato"],"picked":"chefmod:IceCreamCone","floor":3.0},{"not_picked":["chefmod:Granita","chefmod:Defrost","chefmod:Gelato"],"picked":"SKIP","floor":5.0},{"not_picked":["chefmod:ColdSteel","chefmod:Defrost"],"picked":"chefmod:FarmersMarket","floor":7.0},{"not_picked":["chefmod:FryPan","chefmod:FireUp"],"picked":"chefmod:SaveForLater","floor":10.0},{"not_picked":["chefmod:ColdSteel","chefmod:FireUp"],"picked":"chefmod:Cleavers","floor":11.0},{"not_picked":["chefmod:Cleavers","chefmod:SliceAndDice","chefmod:SpaghettiCarbonara"],"picked":"SKIP","floor":14.0},{"not_picked":["chefmod:Cleavers","chefmod:SliceAndDice","chefmod:SpaghettiCarbonara"],"picked":"SKIP","floor":14.0},{"not_picked":["chefmod:DeepFreeze","chefmod:CapreseSalad"],"picked":"chefmod:FullCourseMeal","floor":16.0},{"not_picked":["chefmod:DoubleChop","chefmod:ColdSteel"],"picked":"chefmod:Bruschetta+1","floor":18.0},{"not_picked":["chefmod:Defrost","chefmod:SearedScallops","chefmod:Julienne"],"picked":"SKIP","floor":22.0},{"not_picked":["chefmod:ColdSteel","chefmod:Gelato","chefmod:CayenneCloud"],"picked":"Singing Bowl","floor":27}],"player_experience":1771482,"relics_obtained":[{"floor":9.0,"key":"Ginger"},{"floor":12.0,"key":"Blue Candle"},{"floor":26,"key":"Mercury Hourglass"},{"floor":27,"key":"Singing Bowl"}],"event_choices":[{"damage_healed":0.0,"max_hp_gain":0.0,"max_hp_loss":0.0,"gold_gain":0.0,"event_name":"Upgrade Shrine","player_choice":"Upgraded","floor":4.0,"gold_loss":0.0,"damage_taken":0.0,"cards_upgraded":["chefmod:TodaysSpecial"]},{"damage_healed":0.0,"max_hp_gain":0.0,"max_hp_loss":0.0,"gold_gain":0.0,"event_name":"Shining Light","player_choice":"Entered Light","floor":8.0,"gold_loss":0.0,"damage_taken":17.0,"cards_upgraded":["chefmod:Defend","chefmod:Strike"]},{"damage_healed":27.0,"max_hp_gain":0.0,"max_hp_loss":0.0,"gold_gain":0.0,"event_name":"The Library","player_choice":"Heal","floor":19.0,"gold_loss":0.0,"damage_taken":0.0},{"damage_healed":0.0,"max_hp_gain":0.0,"max_hp_loss":0.0,"gold_gain":99.0,"event_name":"Nest","player_choice":"Stole From Cult","floor":21.0,"gold_loss":0.0,"damage_taken":0.0},{"damage_healed":0,"gold_gain":0,"player_choice":"Ignored","damage_taken":0,"max_hp_gain":0,"max_hp_loss":0,"event_name":"Beggar","floor":24,"gold_loss":0},{"damage_healed":0,"gold_gain":0,"player_choice":"1 cards matched","damage_taken":0,"max_hp_gain":0,"max_hp_loss":0,"event_name":"Match and Keep!","floor":28,"gold_loss":0,"cards_obtained":["chefmod:Tenderizer"]}],"is_beta":false,"boss_relics":[{"not_picked":["chefmod:OldKettle","Runic Pyramid"],"picked":"SlaversCollar"}],"items_purged_floors":[],"is_endless":false,"potions_floor_spawned":[1,3,7,14],"killed_by":"Centurion and Healer","ascension_level":0}}