{"host":"sz8c8ni79nvzjmmg","time":1609309140,"event":{"mods":["AchievementEnabler","BaseMod","DeckTracker","Keyboard Shortcuts","Minty Spire (QoL Compilation)","SuperFastMode"],"gold_per_floor":[19,29,44,63,63,63,95,105,132,132,144,3,29,39,39,110,110,126,137,62,80,92,92,92,12,12,62,62,62,78,116,116,190,240,255,280,330,341,341,341,360,360,385,285,285,285],"floor_reached":45,"playtime":1758,"items_purged":["Strike_B","Strike_B"],"score":854,"play_id":"04013483-73d1-4cc4-90b8-3b6b1610ded2","local_time":"20201230151900","is_ascension_mode":true,"campfire_choices":[{"data":"Zap","floor":6.0,"key":"SMITH"},{"data":"Defragment","floor":10.0,"key":"SMITH"},{"data":"Skim","floor":15.0,"key":"SMITH"},{"data":"Thunder Strike","floor":23.0,"key":"SMITH"},{"data":"Blizzard","floor":28.0,"key":"SMITH"},{"data":"Biased Cognition","floor":32.0,"key":"SMITH"},{"data":"Seek","floor":40,"key":"SMITH"}],"circlet_count":0,"master_deck":["AscendersBane","Defend_B","Defend_B","Zap+1","Dualcast","Ball Lightning","Cold Snap","Compile Driver+1","Hologram","Defragment+1","Biased Cognition+1","Skim+1","Turbo","Thunder Strike+1","Sweeping Beam+1","Coolheaded+1","Blizzard+1","Glacier+1","Redo+1","Seek+1","Defragment","Coolheaded+1"],"relics":["FrozenCore","Akabeko","Blood Vial","Anchor","Art of War","Tiny House","Thread and Needle"],"acts_visited":["Exordium","TheCity","TheBeyond"],"potions_floor_usage":[38],"damage_taken":[{"damage":7.0,"enemies":"Jaw Worm","floor":1.0,"turns":3.0},{"damage":0.0,"enemies":"Cultist","floor":2.0,"turns":3.0},{"damage":12.0,"enemies":"Small Slimes","floor":3.0,"turns":3.0},{"damage":12.0,"enemies":"Blue Slaver","floor":4.0,"turns":3.0},{"damage":11.0,"enemies":"Gremlin Nob","floor":7.0,"turns":3.0},{"damage":7.0,"enemies":"Red Slaver","floor":8.0,"turns":2.0},{"damage":0.0,"enemies":"Exordium Wildlife","floor":11.0,"turns":3.0},{"damage":12.0,"enemies":"Lagavulin","floor":13.0,"turns":6.0},{"damage":0.0,"enemies":"Large Slime","floor":14.0,"turns":3.0},{"damage":1.0,"enemies":"Slime Boss","floor":16.0,"turns":6.0},{"damage":0.0,"enemies":"Shell Parasite","floor":18.0,"turns":5.0},{"damage":0.0,"enemies":"Chosen","floor":19.0,"turns":4.0},{"damage":0.0,"enemies":"Snake Plant","floor":21.0,"turns":5.0},{"damage":3.0,"enemies":"Sentry and Sphere","floor":22.0,"turns":4.0},{"damage":5.0,"enemies":"Snecko","floor":30.0,"turns":5.0},{"damage":1.0,"enemies":"Cultist and Chosen","floor":31.0,"turns":6.0},{"damage":30.0,"enemies":"Automaton","floor":33.0,"turns":10.0},{"damage":4,"enemies":"3 Shapes","floor":35,"turns":6},{"damage":9,"enemies":"Mind Bloom Boss Battle","floor":36,"turns":11},{"damage":14,"enemies":"3 Darklings","floor":38,"turns":7},{"damage":5,"enemies":"Jaw Worm Horde","floor":41,"turns":6},{"damage":19,"enemies":"Giant Head","floor":45,"turns":8}],"seed_played":"7221159254093061981","potions_obtained":[{"floor":1.0,"key":"FearPotion"},{"floor":2.0,"key":"Weak Potion"},{"floor":5.0,"key":"Regen Potion"},{"floor":8.0,"key":"Energy Potion"},{"floor":14.0,"key":"Block Potion"},{"floor":18.0,"key":"EssenceOfSteel"},{"floor":19.0,"key":"ColorlessPotion"},{"floor":34,"key":"Fire Potion"},{"floor":38,"key":"BlessingOfTheForge"}],"is_trial":false,"path_per_floor":["M","M","M","M","?","R","E","M","T","R","M","$","E","M","R","B",null,"M","M","$","M","M","R","?","$","T","?","R","$","M","M","R","B",null,"M","?","?","M","?","R","M","?","T","$","E"],"character_chosen":"DEFECT","items_purchased":["Skim","Turbo","Blizzard"],"campfire_rested":0,"item_purchase_floors":[12,12,25],"current_hp_per_floor":[57,57,45,33,33,33,31,24,24,24,26,26,16,18,18,19,58,60,62,62,64,63,63,63,63,63,63,63,63,60,61,61,33,67,65,58,58,46,46,46,43,43,43,43,26,26],"gold":285,"neow_bonus":"REMOVE_TWO","is_daily":false,"chose_seed":false,"campfire_upgraded":7,"win_rate":0.0,"timestamp":1609309140,"path_taken":["M","M","M","M","?","R","E","M","T","R","M","$","E","M","R","BOSS","M","M","$","M","M","R","?","$","T","?","R","?","M","?","R","BOSS","M","?","?","?","?","R","?","?","T","$","E"],"items_purchased_type":["Card","Card","Card"],"build_version":"2020-12-22","purchased_purges":2,"victory":false,"max_hp_per_floor":[71,71,71,71,71,71,71,71,71,71,71,71,71,71,71,71,71,71,71,71,71,71,71,71,71,71,71,71,71,71,71,71,71,76,76,76,76,76,76,76,76,76,76,76,76,76],"card_choices":[{"not_picked":["Undo","Gash"],"picked":"Ball Lightning","floor":1.0},{"not_picked":["White Noise","Stack"],"picked":"Cold Snap","floor":2.0},{"not_picked":["Leap","Turbo","Beam Cell"],"picked":"SKIP","floor":3.0},{"not_picked":["Stack","Go for the Eyes"],"picked":"Compile Driver","floor":4.0},{"not_picked":["Turbo","Streamline"],"picked":"Hologram","floor":7.0},{"not_picked":["Steam","Darkness"],"picked":"Defragment","floor":8.0},{"not_picked":["Fusion","Double Energy"],"picked":"Biased Cognition","floor":11.0},{"not_picked":["Aggregate","Go for the Eyes","Compile Driver"],"picked":"SKIP","floor":13.0},{"not_picked":["Stack","Streamline","Aggregate"],"picked":"SKIP","floor":14.0},{"not_picked":["Multi-Cast","Meteor Strike"],"picked":"Thunder Strike","floor":16.0},{"not_picked":["Scrape","Redo","Sweeping Beam"],"picked":"SKIP","floor":18.0},{"not_picked":["Barrage","Redo"],"picked":"Sweeping Beam+1","floor":19.0},{"not_picked":["Lockon","Ball Lightning","Consume"],"picked":"SKIP","floor":21.0},{"not_picked":["Compile Driver","BootSequence"],"picked":"Coolheaded+1","floor":22.0},{"not_picked":["Compile Driver","Hello World"],"picked":"Glacier+1","floor":30.0},{"not_picked":["Steam+1","Lockon"],"picked":"Redo+1","floor":31.0},{"not_picked":["All For One","Biased Cognition"],"picked":"Seek","floor":33.0},{"not_picked":["Sweeping Beam","Hello World+1","Scrape+1"],"picked":"SKIP","floor":35},{"not_picked":["Sweeping Beam","Reinforced Body"],"picked":"Defragment","floor":36},{"not_picked":["Hologram","Go for the Eyes","Gash"],"picked":"SKIP","floor":38},{"not_picked":["Streamline","Coolheaded","Reinforced Body"],"picked":"SKIP","floor":41},{"not_picked":["Streamline","Coolheaded","Reinforced Body"],"picked":"SKIP","floor":41}],"player_experience":1217390,"relics_obtained":[{"floor":7.0,"key":"Akabeko"},{"floor":9.0,"key":"Blood Vial"},{"floor":13.0,"key":"Anchor"},{"floor":26.0,"key":"Art of War"},{"floor":36,"key":"Thread and Needle"}],"event_choices":[{"damage_healed":0.0,"max_hp_gain":0.0,"max_hp_loss":0.0,"gold_gain":0.0,"event_name":"Lab","player_choice":"Got Potions","floor":5.0,"gold_loss":0.0,"damage_taken":0.0},{"cards_removed":["Strike_B"],"damage_healed":0.0,"max_hp_gain":0.0,"max_hp_loss":0.0,"gold_gain":0.0,"event_name":"Back to Basics","player_choice":"Elegance","floor":24.0,"gold_loss":0.0,"damage_taken":0.0},{"damage_healed":0.0,"max_hp_gain":0.0,"max_hp_loss":0.0,"gold_gain":50.0,"event_name":"Nest","player_choice":"Stole From Cult","floor":27.0,"gold_loss":0.0,"damage_taken":0.0},{"damage_healed":0,"gold_gain":0,"player_choice":"Fight","damage_taken":0,"max_hp_gain":0,"max_hp_loss":0,"event_name":"MindBloom","floor":36,"gold_loss":0},{"damage_healed":0,"gold_gain":50,"player_choice":"Pray","damage_taken":0,"max_hp_gain":0,"max_hp_loss":0,"event_name":"Golden Shrine","floor":37,"gold_loss":0},{"damage_healed":0,"gold_gain":0,"player_choice":"Copied","damage_taken":0,"max_hp_gain":0,"max_hp_loss":0,"event_name":"Duplicator","floor":39,"gold_loss":0,"cards_obtained":["Coolheaded"]},{"cards_removed":["Defend_B"],"damage_healed":0,"gold_gain":0,"player_choice":"Removed Skill","damage_taken":0,"max_hp_gain":0,"max_hp_loss":0,"event_name":"Falling","floor":42,"gold_loss":0}],"is_beta":false,"boss_relics":[{"not_picked":["Fusion Hammer","Velvet Choker"],"picked":"FrozenCore"},{"not_picked":["SlaversCollar","Black Star"],"picked":"Tiny House"}],"items_purged_floors":[20,44],"is_endless":false,"potions_floor_spawned":[1,2,3,8,14,18,19,22,38],"killed_by":"Giant Head","ascension_level":20}}