{"host":"kh6fvhxn285ncg0o","time":1609292948,"event":{"mods":["Act Like it!","BaseMod","Colored Map","Friendly Minions","Keyboard Shortcuts","Minty Spire (QoL Compilation)","Quick Restart","Relic Stats","StSLib","SuperFastMode"],"gold_per_floor":[364,364,364,42,61,61,89,104,104,114,137,137,21,47,47,126,126,140,156,166,66,82,111,111,122,122,122,122,122,157,176,176,249,249,265,265,140,152,168,195,207,207,207,237,237,255,290,300,300,300,300,300,300,131,164,164],"floor_reached":57,"playtime":1529,"items_purged":["Strike_R","Strike_R","Bash+1"],"score":3584,"play_id":"4c555164-e8f5-493f-8edb-0713b33a133a","local_time":"20201230104908","is_ascension_mode":true,"campfire_choices":[{"data":"Carnage","floor":6.0,"key":"SMITH"},{"data":"Evolve","floor":12.0,"key":"SMITH"},{"data":"Body Slam","floor":15.0,"key":"SMITH"},{"data":"Offering","floor":24,"key":"SMITH"},{"data":"Dark Embrace","floor":32,"key":"SMITH"},{"data":"Power Through","floor":42,"key":"SMITH"},{"data":"Feel No Pain","floor":45,"key":"SMITH"},{"floor":49,"key":"RECALL"},{"data":"Second Wind","floor":53,"key":"SMITH"}],"circlet_count":0,"master_deck":["AscendersBane","Defend_R","Defend_R","Defend_R","Defend_R","Second Wind+1","Reckless Charge","Evolve+1","Carnage+1","Fire Breathing","Power Through+1","Feel No Pain+1","Battle Trance","Dark Embrace+1","Body Slam+1","Offering+1","Disarm","Impervious"],"relics":["Burning Blood","Happy Flower","Paper Frog","Whetstone","Bag of Preparation","Shuriken","Runic Dome","Toy Ornithopter","TungstenRod","Bag of Marbles","Sozu","Vajra","MealTicket","Boot","TheAbacus","Blood Vial"],"acts_visited":["Exordium","TheCity","TheBeyond","TheEnding"],"potions_floor_usage":[23,56,56],"damage_taken":[{"damage":11.0,"enemies":"Jaw Worm","floor":1.0,"turns":5.0},{"damage":1.0,"enemies":"Small Slimes","floor":5.0,"turns":5.0},{"damage":10.0,"enemies":"Lagavulin","floor":7.0,"turns":5.0},{"damage":0.0,"enemies":"Cultist","floor":8.0,"turns":3.0},{"damage":5.0,"enemies":"Exordium Wildlife","floor":10.0,"turns":4.0},{"damage":0.0,"enemies":"Gremlin Nob","floor":14.0,"turns":2.0},{"damage":0.0,"enemies":"Slime Boss","floor":16.0,"turns":4.0},{"damage":6.0,"enemies":"3 Byrds","floor":18.0,"turns":3.0},{"damage":7.0,"enemies":"Shell Parasite","floor":19.0,"turns":3.0},{"damage":0.0,"enemies":"Centurion and Healer","floor":20.0,"turns":6.0},{"damage":24,"enemies":"Shelled Parasite and Fungi","floor":22,"turns":3},{"damage":0,"enemies":"Gremlin Leader","floor":23,"turns":5},{"damage":6,"enemies":"Snake Plant","floor":25,"turns":4},{"damage":5,"enemies":"Book of Stabbing","floor":30,"turns":3},{"damage":5,"enemies":"Chosen and Byrds","floor":31,"turns":2},{"damage":9,"enemies":"Champ","floor":33,"turns":4},{"damage":0,"enemies":"3 Shapes","floor":35,"turns":3},{"damage":5,"enemies":"3 Darklings","floor":38,"turns":3},{"damage":5,"enemies":"Jaw Worm Horde","floor":39,"turns":3},{"damage":5,"enemies":"Reptomancer","floor":40,"turns":3},{"damage":5,"enemies":"Spire Growth","floor":41,"turns":3},{"damage":9,"enemies":"Giant Head","floor":44,"turns":3},{"damage":5,"enemies":"Writhing Mass","floor":46,"turns":1},{"damage":0,"enemies":"Nemesis","floor":47,"turns":5},{"damage":5,"enemies":"Transient","floor":48,"turns":6},{"damage":5,"enemies":"Time Eater","floor":50,"turns":9},{"damage":5,"enemies":"Awakened One","floor":51,"turns":6},{"damage":5,"enemies":"Shield and Spear","floor":55,"turns":3},{"damage":5,"enemies":"The Heart","floor":56,"turns":5}],"seed_played":"7442271524373885807","potions_obtained":[{"floor":1.0,"key":"Block Potion"},{"floor":5.0,"key":"Explosive Potion"},{"floor":8.0,"key":"EssenceOfSteel"},{"floor":20.0,"key":"Strength Potion"},{"floor":22,"key":"AttackPotion"},{"floor":30,"key":"SteroidPotion"},{"floor":33,"key":"Fruit Juice"}],"is_trial":false,"path_per_floor":["M","?","?","$","M","R","E","M","T","M","T","R","$","E","R","B",null,"M","M","M","$","M","E","R","M","T","?","$","?","E","M","R","B",null,"M","?","$","M","M","E","M","R","T","E","R","M","E","M","R","B","B",null,"R","$","E","B",null],"character_chosen":"IRONCLAD","items_purchased":["Evolve","Happy Flower","Carnage","Dark Embrace","TheAbacus"],"campfire_rested":0,"item_purchase_floors":[4,4,4,13,54],"current_hp_per_floor":[45,45,45,45,50,50,46,52,52,53,53,53,53,59,59,65,73,73,72,75,75,57,63,63,63,63,63,63,63,64,65,65,62,72,75,75,75,75,75,75,75,75,75,72,72,73,75,75,75,75,75,75,75,75,75,80],"gold":164,"neow_bonus":"TWO_FIFTY_GOLD","is_daily":false,"chose_seed":false,"campfire_upgraded":8,"win_rate":0.0,"timestamp":1609292948,"path_taken":["M","?","?","$","M","R","E","M","T","?","?","R","?","E","R","BOSS","M","M","M","$","M","E","R","M","T","?","$","?","E","M","R","BOSS","M","?","?","?","M","E","M","R","T","E","R","M","E","M","R","BOSS","BOSS","R","$","E","BOSS"],"items_purchased_type":["Card","Relic","Card","Card","Relic"],"build_version":"2020-12-22","purchased_purges":3,"victory":true,"max_hp_per_floor":[75,75,75,75,75,75,75,75,75,75,75,75,75,75,75,75,75,75,75,75,75,75,75,75,75,75,75,75,75,75,75,75,75,75,75,75,75,75,75,75,75,75,75,75,75,75,75,75,75,75,75,75,75,75,75,80],"relic_stats":{"Happy Flower":[36],"counters":[29,114],"Bag of Preparation":[48],"Whetstone":["Strike_R","Bash"],"Boot":[2],"Burning Blood":150,"Sozu":3,"Blood Vial":0,"TheAbacus":[114],"Shuriken":[38],"MealTicket":0,"obtain_stats":[{"Happy Flower":4,"Vajra":40,"Bag of Preparation":11,"Whetstone":9,"Boot":47,"Burning Blood":0,"Sozu":34,"Blood Vial":55,"Runic Dome":17,"TheAbacus":54,"Shuriken":14,"MealTicket":44,"Bag of Marbles":30,"Toy Ornithopter":23,"TungstenRod":26,"Paper Frog":7},{"Happy Flower":1,"Vajra":20,"Bag of Preparation":5,"Whetstone":4,"Boot":24,"Burning Blood":0,"Sozu":16,"Blood Vial":28,"Runic Dome":7,"TheAbacus":27,"Shuriken":6,"MealTicket":22,"Bag of Marbles":14,"Toy Ornithopter":12,"TungstenRod":13,"Paper Frog":3},{"Happy Flower":5,"Vajra":73,"Bag of Preparation":22,"Whetstone":18,"Boot":85,"Burning Blood":0,"Sozu":61,"Blood Vial":109,"Runic Dome":28,"TheAbacus":106,"Shuriken":24,"MealTicket":79,"Bag of Marbles":55,"Toy Ornithopter":48,"TungstenRod":52,"Paper Frog":15}],"Toy Ornithopter":5,"TungstenRod":16},"card_choices":[{"not_picked":["Uppercut","Searing Blow"],"picked":"Second Wind","floor":1.0},{"not_picked":["Warcry","Evolve"],"picked":"Fire Breathing","floor":5.0},{"not_picked":["Rage","Battle Trance"],"picked":"Power Through","floor":7.0},{"not_picked":["Warcry","Anger"],"picked":"Feel No Pain","floor":8.0},{"not_picked":["Havoc","Dropkick"],"picked":"Battle Trance","floor":10.0},{"not_picked":["Shrug It Off","Clash"],"picked":"Body Slam","floor":14.0},{"not_picked":["Brutality","Bludgeon"],"picked":"Offering","floor":16.0},{"not_picked":["Armaments+1","Rupture+1","Warcry"],"picked":"SKIP","floor":18.0},{"not_picked":["Bloodletting","Infernal Blade","Cleave"],"picked":"SKIP","floor":19.0},{"not_picked":["Twin Strike","Sentinel"],"picked":"Disarm","floor":20.0},{"not_picked":["Clothesline","Sword Boomerang","Warcry"],"picked":"SKIP","floor":22},{"not_picked":["Warcry","Iron Wave","Dual Wield+1"],"picked":"SKIP","floor":23},{"not_picked":["Anger","Cleave","Feel No Pain"],"picked":"SKIP","floor":25},{"not_picked":["Uppercut","Flame Barrier","Body Slam"],"picked":"SKIP","floor":30},{"not_picked":["Cleave","Disarm","Limit Break"],"picked":"SKIP","floor":31},{"not_picked":["Double Tap","Berserk"],"picked":"Impervious","floor":33},{"not_picked":["True Grit","Pummel","Rupture"],"picked":"SKIP","floor":35},{"not_picked":["Armaments","Havoc","Blood for Blood"],"picked":"SKIP","floor":38},{"not_picked":["Thunderclap","Hemokinesis","Iron Wave"],"picked":"SKIP","floor":39},{"not_picked":["Reckless Charge+1","Bloodletting","Rupture+1"],"picked":"SKIP","floor":40},{"not_picked":["Infernal Blade","Headbutt","Heavy Blade+1"],"picked":"SKIP","floor":41},{"not_picked":["Evolve","Hemokinesis+1","Disarm"],"picked":"SKIP","floor":44},{"not_picked":["Iron Wave+1","Perfected Strike","Twin Strike"],"picked":"SKIP","floor":46},{"not_picked":["Sword Boomerang","Havoc","Dual Wield"],"picked":"SKIP","floor":47},{"not_picked":["Spot Weakness","Feel No Pain","Body Slam"],"picked":"SKIP","floor":48},{"not_picked":["Limit Break","Corruption","Entrench"],"picked":"SKIP","floor":55}],"player_experience":3315933,"relics_obtained":[{"floor":7.0,"key":"Paper Frog"},{"floor":9.0,"key":"Whetstone"},{"floor":11.0,"key":"Bag of Preparation"},{"floor":14.0,"key":"Shuriken"},{"floor":23,"key":"Toy Ornithopter"},{"floor":26,"key":"TungstenRod"},{"floor":30,"key":"Bag of Marbles"},{"floor":40,"key":"Vajra"},{"floor":44,"key":"MealTicket"},{"floor":47,"key":"Boot"},{"floor":55,"key":"Blood Vial"}],"event_choices":[{"cards_removed":["Strike_R"],"damage_healed":0.0,"max_hp_gain":0.0,"max_hp_loss":0.0,"gold_gain":0.0,"event_name":"Living Wall","player_choice":"Forget","floor":2.0,"gold_loss":0.0,"damage_taken":0.0},{"damage_healed":0.0,"max_hp_gain":0.0,"max_hp_loss":0.0,"gold_gain":0.0,"cards_transformed":["Strike_R"],"event_name":"Transmorgrifier","player_choice":"Transformed","floor":3.0,"gold_loss":0.0,"damage_taken":0.0,"cards_obtained":["Reckless Charge"]},{"cards_removed":["Strike_R"],"damage_healed":0,"gold_gain":0,"player_choice":"Elegance","damage_taken":0,"max_hp_gain":0,"max_hp_loss":0,"event_name":"Back to Basics","floor":27,"gold_loss":0},{"damage_healed":0,"gold_gain":0,"player_choice":"Ignored","damage_taken":0,"max_hp_gain":0,"max_hp_loss":0,"event_name":"The Mausoleum","floor":29,"gold_loss":0},{"damage_healed":0,"gold_gain":0,"player_choice":"Ignored","damage_taken":0,"max_hp_gain":0,"max_hp_loss":0,"event_name":"Tomb of Lord Red Mask","floor":36,"gold_loss":0}],"is_beta":false,"boss_relics":[{"not_picked":["Ectoplasm","Runic Pyramid"],"picked":"Runic Dome"},{"not_picked":["Cursed Key","Fusion Hammer"],"picked":"Sozu"}],"items_purged_floors":[13,21,37],"is_endless":false,"potions_floor_spawned":[1,5,8,20,22,30,33,38,40,44,47,48,55],"ascension_level":20}}