{"host":"sxnl403xm2xmiyj1","time":1609323519,"event":{"mods":["AchievementEnabler","BaseMod","Colored Map","Keyboard Shortcuts","Minty Spire (QoL Compilation)","Quick Restart","StSLib","SuperFastMode"],"gold_per_floor":[20,20,20,32,46,46,81,81,81,97,123,135,154,154,154,227,227,237,268,27,27,46,46,81,81,152,52,52,68,68,96,96,180,180,203,222,77,86,107,107,144,144,170,196,229,451,471,489,498,498],"floor_reached":51,"playtime":1047,"items_purged":["Zap","Strike_B","Dualcast"],"score":1567,"play_id":"50d50493-b868-4c46-be1b-a9a3027dbca2","local_time":"20201230191839","is_ascension_mode":true,"campfire_choices":[{"data":"Gash","floor":6.0,"key":"SMITH"},{"data":"Gash","floor":8.0,"key":"SMITH"},{"floor":15.0,"key":"REST"},{"data":"Reprogram","floor":23.0,"key":"SMITH"},{"data":"Beam Cell","floor":25.0,"key":"SMITH"},{"data":"Coolheaded","floor":28.0,"key":"SMITH"},{"floor":30.0,"key":"DIG"},{"floor":32.0,"key":"DIG"},{"floor":40,"key":"REST"},{"data":"Go for the Eyes","floor":42,"key":"SMITH"},{"floor":49,"key":"REST"}],"circlet_count":0,"master_deck":["AscendersBane","Strike_B","Defend_B","Defend_B+1","Defend_B","Defend_B+1","Hyperbeam+1","Gash+1","Gash+1","Coolheaded+1","Echo Form","Rebound","Self Repair","Machine Learning","Gash","Beam Cell+1","Reprogram+1","Stack+1","Leap+1","Streamline","All For One","Go for the Eyes+1","Leap+1","Gash","Finesse","Gash","Leap","Hologram","Madness","Madness","Beam Cell"],"relics":["Cracked Core","InkBottle","CaptainsWheel","Oddly Smooth Stone","Shovel","Empty Cage","Red Mask","War Paint","Incense Burner","CeramicFish","Vajra","SlaversCollar","Akabeko","Lantern","Dream Catcher"],"acts_visited":["Exordium","TheCity","TheBeyond"],"potions_floor_usage":[39,45,50],"damage_taken":[{"damage":5.0,"enemies":"Small Slimes","floor":1.0,"turns":2.0},{"damage":0.0,"enemies":"Cultist","floor":4.0,"turns":2.0},{"damage":2.0,"enemies":"Jaw Worm","floor":5.0,"turns":2.0},{"damage":31.0,"enemies":"Gremlin Nob","floor":7.0,"turns":4.0},{"damage":0.0,"enemies":"3 Louse","floor":10.0,"turns":2.0},{"damage":2.0,"enemies":"3 Sentries","floor":11.0,"turns":2.0},{"damage":18.0,"enemies":"Exordium Wildlife","floor":12.0,"turns":3.0},{"damage":0.0,"enemies":"Gremlin Gang","floor":13.0,"turns":1.0},{"damage":0.0,"enemies":"The Guardian","floor":16.0,"turns":8.0},{"damage":26.0,"enemies":"3 Byrds","floor":18.0,"turns":4.0},{"damage":0.0,"enemies":"Masked Bandits","floor":19.0,"turns":2.0},{"damage":0.0,"enemies":"Spheric Guardian","floor":22.0,"turns":4.0},{"damage":0.0,"enemies":"Gremlin Leader","floor":24.0,"turns":5.0},{"damage":0.0,"enemies":"Cultist and Chosen","floor":29.0,"turns":3.0},{"damage":15.0,"enemies":"Snake Plant","floor":31.0,"turns":5.0},{"damage":50.0,"enemies":"Automaton","floor":33.0,"turns":8.0},{"damage":40.0,"enemies":"3 Darklings","floor":35.0,"turns":6.0},{"damage":7.0,"enemies":"3 Shapes","floor":36.0,"turns":7.0},{"damage":3,"enemies":"Transient","floor":39,"turns":6},{"damage":23,"enemies":"Giant Head","floor":41,"turns":5},{"damage":8,"enemies":"Maw","floor":44,"turns":5},{"damage":0,"enemies":"Nemesis","floor":45,"turns":3},{"damage":3,"enemies":"Writhing Mass","floor":47,"turns":6},{"damage":53,"enemies":"Time Eater","floor":50,"turns":12}],"seed_played":"-1073400215417351372","potions_obtained":[{"floor":1.0,"key":"LiquidBronze"},{"floor":12.0,"key":"Swift Potion"},{"floor":13.0,"key":"EssenceOfDarkness"},{"floor":16.0,"key":"Swift Potion"},{"floor":19.0,"key":"PowerPotion"},{"floor":29.0,"key":"Strength Potion"},{"floor":39,"key":"Explosive Potion"},{"floor":44,"key":"Weak Potion"},{"floor":45,"key":"Weak Potion"}],"is_trial":false,"path_per_floor":["M","?","?","M","M","R","E","R","T","M","E","M","M","?","R","B",null,"M","?","$","?","M","R","E","R","T","$","R","M","R","M","R","B",null,"M","M","$","?","M","R","E","R","T","M","E","?","M","?","R","B",null],"character_chosen":"DEFECT","items_purchased":["War Paint","Gash"],"campfire_rested":3,"item_purchase_floors":[20,37],"current_hp_per_floor":[59,59,59,59,57,57,26,26,26,26,24,6,6,6,27,34,62,43,50,50,50,64,64,71,71,71,71,71,71,71,63,63,20,58,25,25,25,25,29,50,41,41,41,40,47,47,51,38,59,13],"gold":498,"neow_bonus":"THREE_RARE_CARDS","is_daily":false,"chose_seed":false,"campfire_upgraded":6,"win_rate":0.0,"timestamp":1609323519,"path_taken":["M","?","?","M","?","R","E","R","T","M","E","M","M","?","R","BOSS","M","?","$","?","M","R","E","R","T","?","R","?","R","?","R","BOSS","M","M","$","?","M","R","E","R","T","M","E","?","M","?","R","BOSS"],"items_purchased_type":["Relic","Card"],"build_version":"2020-12-22","purchased_purges":3,"victory":true,"max_hp_per_floor":[71,71,71,71,71,71,71,71,71,71,71,71,71,71,71,71,71,71,71,71,71,71,71,71,71,71,71,71,71,71,71,71,71,71,71,71,71,71,71,71,71,71,71,71,71,71,71,71,71,71],"card_choices":[{"not_picked":["Fission","Biased Cognition"],"picked":"Hyperbeam","floor":0.0},{"not_picked":["Auto Shields","Reprogram"],"picked":"Gash","floor":1.0},{"not_picked":["Consume","Steam","Compile Driver"],"picked":"SKIP","floor":4.0},{"not_picked":["Tempest","Turbo","Defragment"],"picked":"SKIP","floor":5.0},{"not_picked":["Stack","Steam"],"picked":"Gash","floor":7.0},{"not_picked":["Steam","Chaos"],"picked":"Coolheaded","floor":10.0},{"not_picked":["Coolheaded","Beam Cell"],"picked":"Echo Form","floor":11.0},{"not_picked":["Capacitor","Redo"],"picked":"Rebound","floor":12.0},{"not_picked":["Turbo","Recycle"],"picked":"Self Repair","floor":13.0},{"not_picked":["Hyperbeam","Biased Cognition"],"picked":"Machine Learning","floor":16.0},{"not_picked":["Darkness","Streamline"],"picked":"Gash","floor":18.0},{"not_picked":["Cold Snap","Streamline+1"],"picked":"Beam Cell","floor":19.0},{"not_picked":["Consume","Coolheaded"],"picked":"Reprogram","floor":22.0},{"not_picked":["Scrape","Capacitor"],"picked":"Stack+1","floor":24.0},{"not_picked":["Hologram","Consume"],"picked":"Leap+1","floor":29.0},{"not_picked":["Barrage+1","Cold Snap"],"picked":"Streamline","floor":31.0},{"not_picked":["Creative AI","Hyperbeam"],"picked":"All For One","floor":33.0},{"not_picked":["Defragment","Rebound"],"picked":"Go for the Eyes","floor":35.0},{"not_picked":["Turbo","Barrage"],"picked":"Leap+1","floor":36.0},{"not_picked":["Magnetism","Discovery"],"picked":"Finesse","floor":38.0},{"not_picked":["Genetic Algorithm","Beam Cell"],"picked":"Gash","floor":39},{"not_picked":["Streamline+1","Turbo"],"picked":"Leap","floor":41},{"not_picked":["Static Discharge","Rebound+1"],"picked":"Hologram","floor":44},{"not_picked":["Thunder Strike","Recycle","Steam"],"picked":"SKIP","floor":45},{"not_picked":["Go for the Eyes+1","Turbo","Glacier"],"picked":"SKIP","floor":47},{"not_picked":["Doom and Gloom","Barrage"],"picked":"Beam Cell","floor":49}],"player_experience":137584,"relics_obtained":[{"floor":7.0,"key":"CaptainsWheel"},{"floor":9.0,"key":"Oddly Smooth Stone"},{"floor":11.0,"key":"Shovel"},{"floor":19.0,"key":"Red Mask"},{"floor":24.0,"key":"Incense Burner"},{"floor":30.0,"key":"CeramicFish"},{"floor":32.0,"key":"Vajra"},{"floor":41,"key":"Akabeko"},{"floor":43,"key":"Lantern"},{"floor":45,"key":"Dream Catcher"}],"event_choices":[{"damage_healed":0.0,"max_hp_gain":0.0,"max_hp_loss":0.0,"gold_gain":0.0,"event_name":"Living Wall","player_choice":"Grow","floor":2.0,"gold_loss":0.0,"damage_taken":0.0,"cards_upgraded":["Hyperbeam"]},{"damage_healed":0.0,"max_hp_gain":0.0,"max_hp_loss":0.0,"gold_gain":0.0,"event_name":"WeMeetAgain","player_choice":"Gave Potion","floor":3.0,"gold_loss":0.0,"damage_taken":0.0,"relics_obtained":["InkBottle"]},{"damage_healed":0.0,"max_hp_gain":0.0,"max_hp_loss":0.0,"gold_gain":0.0,"event_name":"Scrap Ooze","player_choice":"Fled","floor":14.0,"gold_loss":0.0,"damage_taken":0.0},{"damage_healed":0.0,"max_hp_gain":0.0,"max_hp_loss":0.0,"gold_gain":0.0,"event_name":"Masked Bandits","player_choice":"Fought Bandits","floor":19.0,"gold_loss":0.0,"damage_taken":0.0},{"damage_healed":0.0,"max_hp_gain":0.0,"max_hp_loss":0.0,"gold_gain":0.0,"event_name":"Cursed Tome","player_choice":"Ignored","floor":21.0,"gold_loss":0.0,"damage_taken":0.0},{"damage_healed":0.0,"max_hp_gain":0.0,"max_hp_loss":0.0,"gold_gain":0.0,"event_name":"SensoryStone","player_choice":"Memory 1","floor":38.0,"gold_loss":0.0,"damage_taken":0.0},{"damage_healed":0,"gold_gain":222,"player_choice":"Wore Mask","damage_taken":0,"max_hp_gain":0,"max_hp_loss":0,"event_name":"Tomb of Lord Red Mask","floor":46,"gold_loss":0},{"damage_healed":0,"gold_gain":0,"player_choice":"Embrace Madness","damage_taken":13,"max_hp_gain":0,"max_hp_loss":0,"event_name":"Winding Halls","floor":48,"gold_loss":0,"cards_obtained":["Madness","Madness"]}],"is_beta":false,"boss_relics":[{"not_picked":["FrozenCore","Ectoplasm"],"picked":"Empty Cage"},{"not_picked":["Runic Dome","Astrolabe"],"picked":"SlaversCollar"}],"items_purged_floors":[20,27,37],"is_endless":false,"potions_floor_spawned":[1,12,13,16,19,29,31,39,44,45],"ascension_level":18}}