{"host":"ne0yiqbtx1vmhgo0","time":1609342612,"event":{"mods":["BaseMod","Minty Spire (QoL Compilation)","Replay The Spire","Shop Mod","StSLib","The Bug Knight","The Cursed","The Runesmith","The Servant 0.9.4","UnlockEverythingMod"],"gold_per_floor":[114,114,114,134,158,192,213,237,237,237,273,273,308,48,48,48,48],"floor_reached":16,"playtime":1295,"items_purged":["Strike_G"],"score":120,"play_id":"e63d92ae-9939-4447-b5f7-8f9142ba10c8","local_time":"20201230233652","is_ascension_mode":false,"campfire_choices":[{"floor":10,"key":"REST"}],"circlet_count":0,"master_deck":["Strike_G","Strike_G","Strike_G","Defend_G","Defend_G","Defend_G","Defend_G","Defend_G","Survivor+1","Neutralize","Terror","Outmaneuver","PiercingWail","Flechettes","Mayhem","ReplayTheSpireMod:Shiv Toss"],"relics":["Ring of the Snake","Golden Idol","Snack Pack","Singing Bowl","Mercury Hourglass","Blue Candle","Bronze Scales"],"acts_visited":["Exordium"],"potions_floor_usage":[],"damage_taken":[{"damage":0,"enemies":"Jaw Worm","floor":1,"turns":6},{"damage":0,"enemies":"2 Louse","floor":4,"turns":3},{"damage":0,"enemies":"Small Slimes","floor":5,"turns":7},{"damage":18,"enemies":"Gremlin Nob","floor":6,"turns":5},{"damage":8,"enemies":"2 Fungi Beasts","floor":7,"turns":5},{"damage":2,"enemies":"Blue Slaver","floor":8,"turns":6},{"damage":14,"enemies":"3 Sentries","floor":11,"turns":7},{"damage":15,"enemies":"Lagavulin","floor":13,"turns":8},{"damage":54,"enemies":"Fading Forest","floor":16,"turns":9}],"seed_played":"-6568141191907528290","potions_obtained":[{"floor":4,"key":"Ancient Potion"},{"floor":7,"key":"Poison Potion"},{"floor":11,"key":"SkillPotion"}],"is_trial":false,"path_per_floor":["M","?","?","M","M","E","M","M","T","R","E","?","E","$","R","B"],"character_chosen":"THE_SILENT","items_purchased":["Mayhem"],"campfire_rested":1,"item_purchase_floors":[14],"current_hp_per_floor":[77,58,51,53,55,43,37,37,37,61,51,51,36,36,36,0,0],"gold":48,"neow_bonus":"TEN_PERCENT_HP_BONUS","is_daily":false,"chose_seed":false,"campfire_upgraded":0,"win_rate":0.0,"timestamp":1609342612,"path_taken":["M","?","?","M","M","E","M","M","T","R","E","?","E","?","R","BOSS"],"items_purchased_type":["Card"],"build_version":"2020-12-22","purchased_purges":1,"victory":false,"max_hp_per_floor":[77,77,77,77,77,79,79,81,81,81,83,83,83,83,83,83,83],"card_choices":[{"not_picked":["Quick Slash","Sucker Punch"],"picked":"Terror","floor":1},{"not_picked":["Dagger Spray","Quick Slash"],"picked":"Outmaneuver","floor":4},{"not_picked":["Finisher","Hidden Blade","Cloak And Dagger"],"picked":"SKIP","floor":5},{"not_picked":["Bane","ReplayTheSpireMod:Scrap Shanks","Dagger Spray"],"picked":"Singing Bowl","floor":6},{"not_picked":["Bouncing Flask","Fluid Movement"],"picked":"PiercingWail","floor":7},{"not_picked":["Bouncing Flask","Sucker Punch","Slice"],"picked":"Singing Bowl","floor":8},{"not_picked":["ReplayTheSpireMod:Speed Training","Backflip","Caltrops"],"picked":"Singing Bowl","floor":11},{"not_picked":["Poisoned Stab","Glass Knife"],"picked":"Flechettes","floor":13}],"player_experience":6141,"relics_obtained":[{"floor":6,"key":"Singing Bowl"},{"floor":9,"key":"Mercury Hourglass"},{"floor":11,"key":"Blue Candle"},{"floor":13,"key":"Bronze Scales"}],"event_choices":[{"damage_healed":0,"gold_gain":0,"player_choice":"Take Damage","damage_taken":19,"relics_obtained":["Golden Idol"],"max_hp_gain":0,"max_hp_loss":0,"event_name":"Golden Idol","floor":2,"gold_loss":0},{"damage_healed":0,"gold_gain":0,"player_choice":"Success","damage_taken":7,"relics_obtained":["Snack Pack"],"max_hp_gain":0,"max_hp_loss":0,"event_name":"Scrap Ooze","floor":3,"gold_loss":0}],"is_beta":false,"boss_relics":[],"items_purged_floors":[14],"is_endless":false,"potions_floor_spawned":[4,7,11],"killed_by":"Fading Forest","ascension_level":0}}