{"host":"2e3z4r48quhw80cc","time":1609328415,"event":{"mods":["BaseMod","Minty Spire (QoL Compilation)","Quick Restart","StSLib","SuperFastMode"],"gold_per_floor":[34,34,34,34,74,117,117,162,162,162,87,180,229,274,274,404,404,427,467,566,566,466,547,547,611,611,660,675,741,741,769,769,889,889,899,941,533,533,578,578,589,619,619,660,735,735,751,768,768,793],"floor_reached":51,"playtime":2650,"items_purged":["Pain","Injury"],"score":983,"play_id":"d462072d-af4a-42ff-b9c8-e68794a06978","local_time":"20201230204015","is_ascension_mode":true,"campfire_choices":[{"data":"HandOfGreed","floor":7.0,"key":"SMITH"},{"data":"Go for the Eyes","floor":15.0,"key":"SMITH"},{"data":"Storm","floor":24.0,"key":"SMITH"},{"data":"Buffer","floor":32.0,"key":"SMITH"},{"data":"Fission","floor":40,"key":"SMITH"},{"data":"Defragment","floor":49,"key":"SMITH"}],"circlet_count":0,"master_deck":["Strike_B","Defend_B+1","Defend_B","Defend_B","Defend_B","Zap","Dualcast","HandOfGreed+1","Go for the Eyes+1","Ball Lightning+1","Sweeping Beam+1","Self Repair","Buffer+1","Seek+1","Storm+1","Reinforced Body","Glacier","Force Field","Fission+1","White Noise+1","Conserve Battery+1","Streamline+1","Buffer","Storm","Buffer+1","Double Energy+1","Defragment+1","Core Surge"],"relics":["Cracked Core","WarpedTongs","Symbiotic Virus","Bloody Idol","HornCleat","Bronze Scales","Sozu","War Paint","Mercury Hourglass","Whetstone","Bag of Preparation","Regal Pillow","Coffee Dripper","Toxic Egg 2","Orrery","Unceasing Top","Bottled Tornado","Pocketwatch"],"acts_visited":["Exordium","TheCity","TheBeyond"],"potions_floor_usage":[36,50,50],"damage_taken":[{"damage":7.0,"enemies":"Jaw Worm","floor":1.0,"turns":3.0},{"damage":14.0,"enemies":"Small Slimes","floor":5.0,"turns":4.0},{"damage":3.0,"enemies":"Cultist","floor":6.0,"turns":3.0},{"damage":6.0,"enemies":"3 Louse","floor":8.0,"turns":2.0},{"damage":24.0,"enemies":"3 Sentries","floor":12.0,"turns":8.0},{"damage":0.0,"enemies":"Blue Slaver","floor":14.0,"turns":4.0},{"damage":5.0,"enemies":"Hexaghost","floor":16.0,"turns":8.0},{"damage":12.0,"enemies":"Chosen","floor":18.0,"turns":4.0},{"damage":0.0,"enemies":"Shell Parasite","floor":19.0,"turns":4.0},{"damage":30.0,"enemies":"Slavers","floor":23.0,"turns":4.0},{"damage":10.0,"enemies":"Book of Stabbing","floor":25.0,"turns":4.0},{"damage":0.0,"enemies":"3 Cultists","floor":27.0,"turns":3.0},{"damage":0.0,"enemies":"Snecko","floor":28.0,"turns":3.0},{"damage":0.0,"enemies":"Gremlin Leader","floor":29.0,"turns":8.0},{"damage":10.0,"enemies":"Book of Stabbing","floor":31.0,"turns":4.0},{"damage":27.0,"enemies":"Collector","floor":33.0,"turns":14.0},{"damage":0,"enemies":"3 Darklings","floor":35,"turns":5},{"damage":0,"enemies":"Orb Walker","floor":36,"turns":2},{"damage":4,"enemies":"4 Shapes","floor":39,"turns":3},{"damage":0,"enemies":"Jaw Worm Horde","floor":41,"turns":4},{"damage":0,"enemies":"Nemesis","floor":42,"turns":7},{"damage":0,"enemies":"Spire Growth","floor":44,"turns":2},{"damage":0,"enemies":"Mind Bloom Boss Battle","floor":45,"turns":6},{"damage":0,"enemies":"Maw","floor":47,"turns":5},{"damage":0,"enemies":"3 Darklings","floor":48,"turns":3},{"damage":23,"enemies":"Awakened One","floor":50,"turns":15}],"seed_played":"4602406257061702017","potions_obtained":[{"floor":6.0,"key":"Swift Potion"},{"floor":14.0,"key":"EssenceOfSteel"},{"floor":16.0,"key":"SpeedPotion"}],"is_trial":false,"path_per_floor":["M","?","?","?","M","M","R","M","T","?","$","E","T","M","R","B",null,"M","M","?","?","$","E","R","E","T","M","M","E","?","E","R","B",null,"M","M","$","?","M","R","M","E","T","M","?","?","M","M","R","B",null],"character_chosen":"DEFECT","items_purchased":["Toxic Egg 2","Orrery"],"campfire_rested":0,"item_purchase_floors":[37,37],"current_hp_per_floor":[68,68,61,61,47,44,44,38,38,38,38,21,21,28,28,33,75,73,75,75,75,75,52,52,49,49,56,63,70,70,72,72,62,75,75,75,75,75,75,75,75,75,75,75,75,75,75,75,75,64],"gold":793,"neow_bonus":"RANDOM_COLORLESS_2","is_daily":false,"chose_seed":false,"campfire_upgraded":6,"win_rate":0.0,"timestamp":1609328415,"path_taken":["M","?","?","?","M","?","R","M","T","?","$","E","?","M","R","BOSS","M","M","?","?","$","E","R","E","T","M","M","E","?","E","R","BOSS","M","M","$","?","?","R","M","E","T","M","?","?","M","?","R","BOSS"],"items_purchased_type":["Relic","Relic"],"build_version":"2020-12-22","purchased_purges":2,"victory":true,"max_hp_per_floor":[75,75,75,75,75,75,75,75,75,75,75,75,75,75,75,75,75,75,75,75,75,75,75,75,75,75,75,75,75,75,75,75,75,75,75,75,75,75,75,75,75,75,75,75,75,75,75,75,75,75],"card_choices":[{"not_picked":["The Bomb","Mayhem"],"picked":"HandOfGreed","floor":0.0},{"not_picked":["Compile Driver","Redo","Gash"],"picked":"SKIP","floor":1.0},{"not_picked":["Rebound","Turbo"],"picked":"Ball Lightning","floor":5.0},{"not_picked":["Streamline","Lockon"],"picked":"Sweeping Beam","floor":6.0},{"not_picked":["Cold Snap","Compile Driver"],"picked":"Self Repair","floor":8.0},{"not_picked":["Streamline","Sweeping Beam"],"picked":"Buffer","floor":12.0},{"not_picked":["Compile Driver","Turbo","Streamline"],"picked":"SKIP","floor":14.0},{"not_picked":["Machine Learning","Multi-Cast"],"picked":"Seek","floor":16.0},{"not_picked":["Chill","Consume"],"picked":"Storm","floor":18.0},{"not_picked":["Genetic Algorithm","Scrape","Redo"],"picked":"SKIP","floor":19.0},{"not_picked":["Fusion","Beam Cell","Auto Shields"],"picked":"SKIP","floor":23.0},{"not_picked":["Hologram","Auto Shields"],"picked":"Reinforced Body","floor":25.0},{"not_picked":["Force Field+1","Self Repair"],"picked":"Glacier","floor":27.0},{"not_picked":["Cold Snap","Barrage","Streamline+1"],"picked":"SKIP","floor":28.0},{"not_picked":["Aggregate","Reprogram","Sweeping Beam+1"],"picked":"SKIP","floor":29.0},{"not_picked":["Multi-Cast","Streamline"],"picked":"Force Field","floor":31.0},{"not_picked":["Hyperbeam","Machine Learning"],"picked":"Fission","floor":33.0},{"not_picked":["Conserve Battery+1","Turbo","Steam+1"],"picked":"SKIP","floor":35},{"not_picked":["Cold Snap+1","Scrape+1","Gash"],"picked":"SKIP","floor":36},{"not_picked":["BootSequence+1","Static Discharge+1"],"picked":"White Noise+1","floor":37},{"not_picked":["Gash+1","Turbo+1"],"picked":"Conserve Battery+1","floor":37},{"not_picked":["Barrage+1","BootSequence+1"],"picked":"Streamline+1","floor":37},{"not_picked":["Conserve Battery+1","Gash"],"picked":"Buffer","floor":37},{"not_picked":["Skim+1","Conserve Battery+1"],"picked":"Storm","floor":37},{"not_picked":["Turbo+1","Compile Driver","Streamline+1"],"picked":"SKIP","floor":39},{"not_picked":["Genetic Algorithm+1","Gash+1"],"picked":"Double Energy+1","floor":41},{"not_picked":["Skim+1","Cold Snap","Aggregate+1"],"picked":"SKIP","floor":42},{"not_picked":["Compile Driver","Stack+1","Rebound"],"picked":"SKIP","floor":44},{"not_picked":["Conserve Battery+1","Ball Lightning"],"picked":"Defragment","floor":45},{"not_picked":["Leap+1","Gash"],"picked":"Core Surge","floor":47},{"not_picked":["Cold Snap","Hologram+1","Stack+1"],"picked":"SKIP","floor":48}],"player_experience":47210,"relics_obtained":[{"floor":9.0,"key":"Symbiotic Virus"},{"floor":12.0,"key":"HornCleat"},{"floor":13.0,"key":"Bronze Scales"},{"floor":23.0,"key":"War Paint"},{"floor":25.0,"key":"Mercury Hourglass"},{"floor":26.0,"key":"Whetstone"},{"floor":29.0,"key":"Bag of Preparation"},{"floor":31.0,"key":"Regal Pillow"},{"floor":42,"key":"Unceasing Top"},{"floor":43,"key":"Bottled Tornado"},{"floor":45,"key":"Pocketwatch"}],"event_choices":[{"damage_healed":0.0,"max_hp_gain":0.0,"max_hp_loss":0.0,"gold_gain":0.0,"cards_transformed":["Strike_B"],"event_name":"Living Wall","player_choice":"Change","floor":2.0,"gold_loss":0.0,"damage_taken":0.0,"cards_obtained":["Go for the Eyes"]},{"cards_removed":["Strike_B"],"damage_healed":0.0,"max_hp_gain":0.0,"max_hp_loss":0.0,"gold_gain":0.0,"event_name":"Golden Wing","player_choice":"Card Removal","floor":3.0,"gold_loss":0.0,"damage_taken":7.0},{"damage_healed":0.0,"max_hp_gain":0.0,"max_hp_loss":0.0,"gold_gain":0.0,"event_name":"Accursed Blacksmith","player_choice":"Rummage","floor":4.0,"gold_loss":0.0,"damage_taken":0.0,"relics_obtained":["WarpedTongs"],"cards_obtained":["Pain"]},{"damage_healed":0.0,"max_hp_gain":0.0,"max_hp_loss":0.0,"gold_gain":0.0,"event_name":"Golden Idol","player_choice":"Take Wound","floor":10.0,"gold_loss":0.0,"damage_taken":0.0,"relics_obtained":["Golden Idol"],"cards_obtained":["Injury"]},{"damage_healed":0.0,"max_hp_gain":0.0,"max_hp_loss":0.0,"gold_gain":99.0,"event_name":"Nest","player_choice":"Stole From Cult","floor":20.0,"gold_loss":0.0,"damage_taken":0.0},{"damage_healed":0.0,"max_hp_gain":0.0,"max_hp_loss":0.0,"gold_gain":0.0,"event_name":"Vampires","player_choice":"Ignored","floor":21.0,"gold_loss":0.0,"damage_taken":0.0},{"damage_healed":0.0,"max_hp_gain":0.0,"max_hp_loss":0.0,"gold_gain":0.0,"event_name":"Forgotten Altar","player_choice":"Gave Idol","floor":30.0,"relics_lost":["Golden Idol"],"gold_loss":0.0,"damage_taken":0.0,"relics_obtained":["Bloody Idol"]},{"damage_healed":0,"gold_gain":0,"player_choice":"Copied","damage_taken":0,"max_hp_gain":0,"max_hp_loss":0,"event_name":"Duplicator","floor":38,"gold_loss":0,"cards_obtained":["Buffer"]},{"damage_healed":0,"gold_gain":0,"player_choice":"Fight","damage_taken":0,"max_hp_gain":0,"max_hp_loss":0,"event_name":"MindBloom","floor":45,"gold_loss":0},{"cards_removed":["Strike_B"],"damage_healed":0,"gold_gain":0,"player_choice":"Purged","damage_taken":0,"max_hp_gain":0,"max_hp_loss":0,"event_name":"Purifier","floor":46,"gold_loss":0}],"is_beta":false,"boss_relics":[{"not_picked":["SlaversCollar","Astrolabe"],"picked":"Sozu"},{"not_picked":["Cursed Key","Philosopher\u0027s Stone"],"picked":"Coffee Dripper"}],"items_purged_floors":[11,22],"is_endless":false,"potions_floor_spawned":[6,14,16,18,23,25,31,33,36,39,41,45,48],"ascension_level":4}}