{"host":"2461dio7vetlq1z3","time":1609350829,"event":{"mods":["2.2 Compatiblity","AchievementEnabler","Aspiration","BaseMod","Better Third Choice","Friendly Minions","Hermit","Minty Spire (QoL Compilation)","Relic Stats","Spicy Shops","StSLib","The Hierophant","Waifu the Spire"],"gold_per_floor":[110,110,126,145,162,162,189,202,255,300,322,334,346,378,390,495,507,540,90,113,136,136,136],"floor_reached":22,"playtime":955,"items_purged":["Strike_P"],"score":500,"play_id":"d3dfb080-ccd8-4a43-99a1-b03563791031","local_time":"20201230185349","is_ascension_mode":true,"campfire_choices":[{"data":"Trip","floor":6,"key":"SMITH"},{"floor":12,"key":"REST"},{"data":"Alpha","floor":15,"key":"SMITH"}],"circlet_count":0,"master_deck":["AscendersBane","Strike_P","Defend_P","Defend_P","Defend_P","Defend_P","Eruption","Vigilance","Trip+1","CrushJoints","CarveReality","FlurryOfBlows","Alpha+1","Tantrum","EmptyBody","Halt","TalkToTheHand","ClearTheMind","Scrawl","ThirdEye","Good Instincts","Sanctity","Protect"],"relics":["PureWater","aspiration:FrozenJewel","MawBank","Matryoshka","Golden Idol","Empty Cage","Peace Pipe","TheAbacus"],"acts_visited":["Exordium","TheCity"],"potions_floor_usage":[7,8,10,14,21,22],"damage_taken":[{"damage":6,"enemies":"2 Louse","floor":1,"turns":4},{"damage":0,"enemies":"Cultist","floor":3,"turns":3},{"damage":0,"enemies":"Jaw Worm","floor":4,"turns":3},{"damage":0,"enemies":"3 Louse","floor":5,"turns":2},{"damage":25,"enemies":"Lagavulin","floor":7,"turns":6},{"damage":0,"enemies":"Lots of Slimes","floor":8,"turns":3},{"damage":11,"enemies":"3 Sentries","floor":10,"turns":8},{"damage":1,"enemies":"Looter","floor":11,"turns":4},{"damage":2,"enemies":"Exordium Thugs","floor":14,"turns":3},{"damage":0,"enemies":"Slime Boss","floor":16,"turns":6},{"damage":7,"enemies":"Chosen","floor":18,"turns":4},{"damage":15,"enemies":"Shell Parasite","floor":20,"turns":4},{"damage":26,"enemies":"Shelled Parasite and Fungi","floor":21,"turns":4},{"damage":12,"enemies":"Sentry and Sphere","floor":22,"turns":3}],"seed_played":"-273995058856658765","potions_obtained":[{"floor":2,"key":"Explosive Potion"},{"floor":2,"key":"Swift Potion"},{"floor":3,"key":"Weak Potion"},{"floor":7,"key":"BlessingOfTheForge"},{"floor":8,"key":"BlessingOfTheForge"},{"floor":11,"key":"FearPotion"},{"floor":20,"key":"ColorlessPotion"},{"floor":21,"key":"BottledMiracle"}],"is_trial":false,"path_per_floor":["M","?","M","M","M","R","E","M","T","E","M","R","?","M","R","B",null,"M","$","M","M","M"],"character_chosen":"WATCHER","items_purchased":["Peace Pipe","TheAbacus","Good Instincts"],"campfire_rested":1,"item_purchase_floors":[19,19,19],"current_hp_per_floor":[55,55,55,55,55,55,30,30,30,19,18,38,38,36,36,36,56,49,49,34,8,0,0],"gold":136,"neow_bonus":"RANDOM_COLORLESS","is_daily":false,"chose_seed":false,"campfire_upgraded":2,"win_rate":0.0,"timestamp":1609350829,"path_taken":["M","?","M","?","M","R","E","M","T","E","M","R","?","M","R","BOSS","M","$","M","M","M"],"items_purchased_type":["Relic","Relic","Card"],"build_version":"2020-12-22","purchased_purges":1,"victory":false,"max_hp_per_floor":[68,68,68,68,68,68,68,68,68,68,68,68,62,62,62,62,62,62,62,62,62,62,62],"relic_stats":{"Peace Pipe":0,"TheAbacus":[12],"counters":[14,57],"Golden Idol":37,"MawBank":120,"obtain_stats":[{"Peace Pipe":19,"Matryoshka":10,"TheAbacus":19,"Golden Idol":13,"PureWater":0,"MawBank":9,"Empty Cage":17,"aspiration:FrozenJewel":7},{"Peace Pipe":11,"Matryoshka":7,"TheAbacus":11,"Golden Idol":8,"PureWater":0,"MawBank":6,"Empty Cage":10,"aspiration:FrozenJewel":5},{"Peace Pipe":46,"Matryoshka":29,"TheAbacus":46,"Golden Idol":33,"PureWater":0,"MawBank":21,"Empty Cage":42,"aspiration:FrozenJewel":18}]},"card_choices":[{"not_picked":["Dramatic Entrance","Blind"],"picked":"Trip","floor":0},{"not_picked":["Swivel","SashWhip"],"picked":"CrushJoints","floor":1},{"not_picked":["ThirdEye","Prostrate"],"picked":"CarveReality","floor":3},{"not_picked":["EmptyBody","Halt"],"picked":"FlurryOfBlows","floor":4},{"not_picked":["Prostrate","BowlingBash"],"picked":"Alpha","floor":5},{"not_picked":["JustLucky","Meditate"],"picked":"Tantrum","floor":7},{"not_picked":["Evaluate","PathToVictory"],"picked":"EmptyBody","floor":8},{"not_picked":["EmptyBody","Crescendo"],"picked":"Halt","floor":10},{"not_picked":["Protect","Conclude"],"picked":"TalkToTheHand","floor":11},{"not_picked":["Alpha","Prostrate"],"picked":"ClearTheMind","floor":14},{"not_picked":["DevaForm","MasterReality"],"picked":"Scrawl","floor":16},{"not_picked":["CutThroughFate","Collect"],"picked":"ThirdEye","floor":18},{"not_picked":["WheelKick","Consecrate"],"picked":"Sanctity","floor":20},{"not_picked":["SashWhip","Indignation"],"picked":"Protect","floor":21}],"player_experience":1014513,"relics_obtained":[{"floor":7,"key":"aspiration:FrozenJewel"},{"floor":9,"key":"MawBank"},{"floor":10,"key":"Matryoshka"}],"event_choices":[{"damage_healed":0,"gold_gain":0,"player_choice":"Got Potions","damage_taken":0,"max_hp_gain":0,"max_hp_loss":0,"event_name":"Lab","floor":2,"gold_loss":0},{"damage_healed":0,"gold_gain":0,"player_choice":"Lose Max HP","damage_taken":0,"relics_obtained":["Golden Idol"],"max_hp_gain":0,"max_hp_loss":6,"event_name":"Golden Idol","floor":13,"gold_loss":0}],"is_beta":false,"boss_relics":[{"not_picked":["aspiration:RitualDagger","aspiration:IroncladSkillbook"],"picked":"Empty Cage"}],"items_purged_floors":[19],"is_endless":false,"potions_floor_spawned":[3,7,8,11,20,21],"killed_by":"Sentry and Sphere","ascension_level":20}}