{"host":"6r341r9cz00j2qc1","time":1609370466,"event":{"mods":["BaseMod","Better Third Choice","Downfall","GungeonMod","Hermit","Lobotomy","LobotomyExtend","Minty Spire (QoL Compilation)","Shop Mod","StSLib"],"gold_per_floor":[115,130,130,141,160,185,198,198,224,224,240,255,272,272,272,272,126,126,126,126,126,152,221,271,271,375,375,375,425,1,99,99,99,99,99],"floor_reached":24,"playtime":1752,"items_purged":[],"score":208,"play_id":"234b734a-425e-414f-98ab-ede25f7fba2a","local_time":"20201231002106","is_ascension_mode":false,"campfire_choices":[{"floor":10,"key":"REST"},{"data":"hermit:Spite","floor":6,"key":"SMITH"},{"data":"hermit:Feint","floor":8,"key":"SMITH"},{"data":"hermit:ShadowCloak","floor":10,"key":"SMITH"},{"data":"hermit:SprayPray","floor":15,"key":"SMITH"},{"data":"hermit:HeroicBravado","floor":23,"key":"SMITH"}],"circlet_count":0,"master_deck":["BigBird","hermit:Strike_Hermit","hermit:Strike_Hermit","hermit:Strike_Hermit","hermit:Strike_Hermit","hermit:Defend_Hermit","hermit:Defend_Hermit","hermit:Defend_Hermit","hermit:Defend_Hermit","hermit:Snapshot","hermit:Covet","Mercenary","hermit:Spite+1","hermit:SprayPray","Bloodbath","hermit:Feint+1","Scorched","BlueStar","hermit:ShadowCloak+1","CherryBlossoms","OSAHOGD","hermit:Misfire","hermit:Malice+1","Wellcheers","OldLady","hermit:SprayPray+1","Parasite","hermit:HeroicBravado+1"],"relics":["hermit:Momento","CogitoBucket","Pantograph","hermit:CharredGlove","ChangeAnything","Nunchaku","LetterFromLob","Anchor","Shuriken","SsserpentHead","DemoMod:PoisonVial","BackwardClock","SacredBark","Happy Flower","MerchantsRug","Dead Branch","Dream Catcher","Lamp_r"],"acts_visited":["Exordium","TheCity"],"potions_floor_usage":[16,24,24],"damage_taken":[{"damage":3,"enemies":"Small Slimes","floor":1,"turns":3},{"damage":1,"enemies":"Cultist","floor":2,"turns":3},{"damage":1,"enemies":"Jaw Worm","floor":4,"turns":2},{"damage":8,"enemies":"Exordium Thugs","floor":5,"turns":5},{"damage":30,"enemies":"Gremlin Nob","floor":6,"turns":4},{"damage":0,"enemies":"Exordium Wildlife","floor":7,"turns":1},{"damage":0,"enemies":"Small Slimes","floor":1,"turns":2},{"damage":0,"enemies":"Jaw Worm","floor":2,"turns":3},{"damage":0,"enemies":"2 Louse","floor":3,"turns":1},{"damage":16,"enemies":"3 Sentries","floor":12,"turns":3},{"damage":8,"enemies":"2 Fungi Beasts","floor":13,"turns":6},{"damage":18,"enemies":"Hexaghost","floor":16,"turns":7},{"damage":77,"enemies":"Gremlin Leader","floor":24,"turns":9}],"seed_played":"789746247601808972","potions_obtained":[{"floor":2,"key":"DuplicationPotion"},{"floor":5,"key":"Fire Potion"},{"floor":2,"key":"champ:CounterPotion"},{"floor":16,"key":"SpeedPotion"}],"is_trial":false,"path_per_floor":["M","M","?","M","M","E","M","?","T","R","E","M","M","M","?","?","R","$","R","T","R","?","E","M","?","R","B",null,"M","?","$","T","$","R","E"],"character_chosen":"HERMIT","items_purchased":["DemoMod:MeatBun","MerchantsRug","Dead Branch"],"campfire_rested":1,"item_purchase_floors":[7,20,20],"current_hp_per_floor":[72,71,71,70,64,34,34,34,34,56,75,75,75,75,63,63,75,75,75,75,75,60,53,71,71,57,75,75,75,75,75,75,75,0,0],"gold":99,"neow_bonus":"","is_daily":false,"chose_seed":false,"campfire_upgraded":5,"win_rate":0.0,"timestamp":1609370466,"path_taken":["M","M","?","M","M","E","?","?","T","R","E","M","M","M","?","?","R","$","R","T","R","?","E","?","?","R","BOSS","M","?","$","?","$","R","E"],"items_purchased_type":["Relic","Relic","Relic"],"build_version":"2020-12-22","purchased_purges":0,"victory":false,"max_hp_per_floor":[75,75,75,75,75,75,75,75,75,75,75,75,75,75,75,75,75,75,75,75,75,75,75,75,75,75,75,75,75,75,75,75,75,75,75],"card_choices":[{"not_picked":["LittlePrince","FieryBird"],"picked":"Mercenary","floor":1},{"not_picked":["hermit:PistolWhip","hermit:LuckOfTheDraw"],"picked":"hermit:Spite","floor":1},{"not_picked":["MHz","UniverseFragment"],"picked":"DespairKnight","floor":2},{"not_picked":["hermit:LuckOfTheDraw","hermit:Desperado"],"picked":"hermit:SprayPray","floor":2},{"not_picked":["WallGazer","CrumblingArmor"],"picked":"Bloodbath","floor":4},{"not_picked":["hermit:Headshot","hermit:Vantage"],"picked":"hermit:Feint","floor":4},{"not_picked":["CrumblingArmor","UniverseFragment"],"picked":"Scorched","floor":5},{"not_picked":["hermit:GhostlyPresence","hermit:TrackingShot"],"picked":"hermit:Coalescence","floor":5},{"not_picked":["MeatLantern","PunishingBird","FairyFestival"],"picked":"Singing Bowl","floor":6},{"not_picked":["HappyTeddy","CherryBlossoms"],"picked":"BlueStar","floor":6},{"not_picked":["hermit:Ricochet","hermit:Glare"],"picked":"hermit:ShadowCloak","floor":6},{"not_picked":["FairyFestival","PunishingBird","Freischutz"],"picked":"Singing Bowl","floor":7},{"not_picked":["BeautyBeast","SnowQueen"],"picked":"CherryBlossoms","floor":7},{"not_picked":["hermit:Coalescence","hermit:WideOpen","hermit:LowProfile"],"picked":"SKIP","floor":7},{"not_picked":["PunishingBird","WallGazer","CrumblingArmor"],"picked":"Singing Bowl","floor":1},{"not_picked":["Funeral","RedShoes"],"picked":"OSAHOGD","floor":1},{"not_picked":["hermit:RoundhouseKick","hermit:HoleUp"],"picked":"hermit:Misfire","floor":1},{"not_picked":["LittlePrince","MHz","Murderer"],"picked":"Singing Bowl","floor":2},{"not_picked":["hermit:Misfire","hermit:TakeAim"],"picked":"hermit:Malice","floor":2},{"not_picked":["GreedKing","DreamingCurrent","PunishingBird"],"picked":"Singing Bowl","floor":3},{"not_picked":["BeautyBeast","MeatLantern"],"picked":"Wellcheers","floor":3},{"not_picked":["hermit:LowProfile","hermit:FlashPowder","hermit:Enervate"],"picked":"SKIP","floor":3},{"not_picked":["FieryBird","MeatLantern","RedShoes"],"picked":"Singing Bowl","floor":12},{"not_picked":["WallGazer","Alriune"],"picked":"OldLady","floor":12},{"not_picked":["hermit:Deadeye","hermit:RoundhouseKick"],"picked":"hermit:SprayPray","floor":12},{"not_picked":["ShyLook","SpiderBud","CrumblingArmor"],"picked":"Singing Bowl","floor":13},{"not_picked":["hermit:FlashPowder","hermit:Snipe","hermit:TrackingShot"],"picked":"SKIP","floor":13},{"not_picked":["MeatLantern","PunishingBird","UniverseFragment"],"picked":"Singing Bowl","floor":16},{"not_picked":["Alriune","LittlePrince"],"picked":"BigBird","floor":16},{"not_picked":["hermit:Roughhouse","hermit:Gambit"],"picked":"hermit:HeroicBravado","floor":16}],"player_experience":442784,"relics_obtained":[{"floor":1,"key":"LetterFromLob"},{"floor":6,"key":"hermit:CharredGlove"},{"floor":9,"key":"Nunchaku"},{"floor":1,"key":"LetterFromLob"},{"floor":9,"key":"Shuriken"},{"floor":12,"key":"DemoMod:PoisonVial"},{"floor":21,"key":"Dream Catcher"}],"event_choices":[{"damage_healed":0,"gold_gain":0,"player_choice":"Gave Potion","damage_taken":0,"relics_obtained":["Pantograph"],"max_hp_gain":0,"max_hp_loss":0,"event_name":"WeMeetAgain","floor":3,"gold_loss":0},{"damage_healed":0,"gold_gain":0,"player_choice":"Grow","damage_taken":0,"max_hp_gain":0,"max_hp_loss":0,"event_name":"Living Wall","floor":4,"gold_loss":0,"cards_upgraded":["hermit:Malice"]},{"damage_healed":0,"gold_gain":0,"player_choice":"Relic ","damage_taken":12,"max_hp_gain":0,"max_hp_loss":0,"event_name":"betterThird:BetterScrap","floor":5,"gold_loss":0,"cards_obtained":["WindmillStrike"]},{"damage_healed":0,"gold_gain":0,"player_choice":"Trade","damage_taken":0,"relics_obtained":["SsserpentHead"],"max_hp_gain":0,"max_hp_loss":0,"event_name":"FaceTrader","floor":11,"gold_loss":0},{"damage_healed":18,"gold_gain":0,"player_choice":"Healed and dodged fight","damage_taken":0,"max_hp_gain":0,"max_hp_loss":0,"event_name":"Mushrooms","floor":14,"gold_loss":0,"cards_obtained":["Parasite"]},{"cards_removed":["hermit:Coalescence"],"damage_healed":0,"gold_gain":0,"player_choice":"Gave Card","damage_taken":0,"relics_obtained":["Happy Flower"],"max_hp_gain":0,"max_hp_loss":0,"event_name":"WeMeetAgain","floor":19,"gold_loss":0}],"is_beta":false,"boss_relics":[{"not_picked":["Empty Cage","Snecko Eye"],"picked":"SacredBark"}],"items_purged_floors":[],"is_endless":false,"potions_floor_spawned":[2,5,2,16],"killed_by":"Gremlin Leader","ascension_level":0}}