{"host":"j0a1jfichhxu8b8p","time":1609317925,"event":{"mods":["BaseMod","Colored Map","DeckTracker","Keyboard Shortcuts","Minty Spire (QoL Compilation)","Permanent Neow","StSLib","The Dragon Tamer"],"gold_per_floor":[115,115,135,152,171,171,202,202,202,202,202,233,243,308,308,385,385,397,408,507,507,507,507,538,538,538,564,574,609,609,626,626,697,697,716,458,483,483,497,497,516,516,540,551,62,76,103,154,154,154],"floor_reached":51,"playtime":3196,"items_purged":["Strike_G"],"score":1243,"play_id":"4e6baf8e-57e1-4729-9323-6411e880f694","local_time":"20201230174525","is_ascension_mode":true,"campfire_choices":[{"data":"Neutralize","floor":6.0,"key":"SMITH"},{"data":"Cloak And Dagger","floor":8.0,"key":"SMITH"},{"data":"Blade Dance","floor":10.0,"key":"SMITH"},{"data":"A Thousand Cuts","floor":15.0,"key":"SMITH"},{"floor":23.0,"key":"DIG"},{"floor":25.0,"key":"DIG"},{"floor":30.0,"key":"DIG"},{"floor":32.0,"key":"REST"},{"floor":40.0,"key":"DIG"},{"floor":42,"key":"DIG"},{"floor":49,"key":"DIG"}],"circlet_count":0,"master_deck":["AscendersBane","Defend_G","Defend_G","Defend_G","Defend_G","Survivor","Neutralize+1","Blade Dance+1","Backstab","Outmaneuver","Reflex","Endless Agony","Cloak And Dagger+1","Finesse","Footwork","Dagger Spray","PiercingWail","Crippling Poison","A Thousand Cuts+1","Adrenaline","CurseOfTheBell","Acrobatics+1","Reflex+1","Prepared+1","Flechettes+1","Backstab","PiercingWail+1","Bullet Time+1","Backflip+1","Venomology+1","Flying Knee+1","Accuracy","Prepared+1","Blur+1","Phantasmal Killer+1","Dark Shackles+1","Finesse+1","Madness+1","Mayhem","Acrobatics+1","Backflip+1"],"relics":["Ring of the Snake","Strawberry","Ninja Scroll","TungstenRod","HornCleat","Calling Bell","Omamori","Toxic Egg 2","Shovel","Enchiridion","StrikeDummy","Snake Skull","Gremlin Horn","Sundial","Anchor","Kunai","The Courier","Astrolabe","Bottled Tornado","Bird Faced Urn","Question Card","Bag of Marbles","Art of War","Paper Crane","Du-Vu Doll","Centennial Puzzle"],"acts_visited":["Exordium","TheCity","TheBeyond"],"potions_floor_usage":[41,46,48,50,50,50],"damage_taken":[{"damage":0.0,"enemies":"Small Slimes","floor":1.0,"turns":5.0},{"damage":0.0,"enemies":"2 Louse","floor":3.0,"turns":3.0},{"damage":0.0,"enemies":"Cultist","floor":4.0,"turns":3.0},{"damage":1.0,"enemies":"2 Fungi Beasts","floor":5.0,"turns":4.0},{"damage":22.0,"enemies":"Gremlin Nob","floor":7.0,"turns":6.0},{"damage":3.0,"enemies":"3 Sentries","floor":12.0,"turns":6.0},{"damage":0.0,"enemies":"Exordium Wildlife","floor":13.0,"turns":3.0},{"damage":1.0,"enemies":"3 Sentries","floor":14.0,"turns":9.0},{"damage":18.0,"enemies":"Hexaghost","floor":16.0,"turns":13.0},{"damage":6.0,"enemies":"Shell Parasite","floor":18.0,"turns":5.0},{"damage":5.0,"enemies":"2 Thieves","floor":19.0,"turns":5.0},{"damage":9.0,"enemies":"Gremlin Leader","floor":24.0,"turns":7.0},{"damage":16.0,"enemies":"Book of Stabbing","floor":27.0,"turns":7.0},{"damage":0.0,"enemies":"Snake Plant","floor":28.0,"turns":3.0},{"damage":3.0,"enemies":"Gremlin Leader","floor":29.0,"turns":5.0},{"damage":5.0,"enemies":"Chosen and Byrds","floor":31.0,"turns":5.0},{"damage":18.0,"enemies":"Collector","floor":33.0,"turns":11.0},{"damage":0.0,"enemies":"3 Darklings","floor":35.0,"turns":5.0},{"damage":0.0,"enemies":"Mind Bloom Boss Battle","floor":37.0,"turns":6.0},{"damage":0.0,"enemies":"Orb Walker","floor":39.0,"turns":3.0},{"damage":12,"enemies":"Transient","floor":41,"turns":5},{"damage":8,"enemies":"Spire Growth","floor":44,"turns":5},{"damage":0,"enemies":"Maw","floor":46,"turns":7},{"damage":12,"enemies":"Giant Head","floor":47,"turns":7},{"damage":0,"enemies":"2 Orb Walkers","floor":48,"turns":3},{"damage":30,"enemies":"Time Eater","floor":50,"turns":8}],"seed_played":"3235148672111267351","potions_obtained":[{"floor":4.0,"key":"SpeedPotion"},{"floor":5.0,"key":"Ancient Potion"},{"floor":13.0,"key":"Block Potion"},{"floor":14.0,"key":"SkillPotion"},{"floor":27.0,"key":"SteroidPotion"},{"floor":28.0,"key":"CunningPotion"},{"floor":29.0,"key":"Weak Potion"},{"floor":33.0,"key":"ColorlessPotion"}],"is_trial":false,"path_per_floor":["M","?","M","M","M","R","E","R","T","R","?","E","M","?","R","B",null,"M","M","?","?","?","R","E","R","T","E","M","E","R","M","R","B",null,"M","$","?","?","M","R","M","R","T","M","$","M","E","?","R","B",null],"character_chosen":"THE_SILENT","items_purchased":["Bottled Tornado","Phantasmal Killer+1","Dark Shackles+1","Finesse+1","Madness+1","Mayhem"],"campfire_rested":1,"item_purchase_floors":[36,45,45,45,45,45],"current_hp_per_floor":[63,63,63,63,62,62,47,47,47,47,47,44,44,43,43,25,64,58,53,53,53,41,41,32,32,32,16,16,13,13,8,31,13,61,61,61,61,61,63,63,59,59,59,59,59,67,65,73,73,51],"gold":154,"neow_bonus":"TRANSFORM_CARD","is_daily":false,"chose_seed":false,"campfire_upgraded":4,"win_rate":0.0,"timestamp":1609317925,"path_taken":["M","?","M","M","M","R","E","R","T","R","?","E","?","?","R","BOSS","M","M","?","?","?","R","E","R","T","E","M","E","R","M","R","BOSS","M","$","?","?","M","R","M","R","T","M","$","?","E","?","R","BOSS"],"items_purchased_type":["Relic","Card","Card","Card","Card","Card"],"build_version":"2020-12-22","purchased_purges":1,"victory":true,"max_hp_per_floor":[70,70,70,70,70,70,77,77,77,77,77,77,77,77,77,77,77,77,77,77,77,77,77,77,77,77,77,77,77,77,77,77,77,77,77,77,77,77,77,77,77,77,77,77,77,77,77,77,77,77],"card_choices":[{"not_picked":["Bane","Deadly Poison"],"picked":"Backstab","floor":1.0},{"not_picked":["Underhanded Strike","Poisoned Stab"],"picked":"Reflex","floor":3.0},{"not_picked":["Sucker Punch","Outmaneuver"],"picked":"Endless Agony","floor":4.0},{"not_picked":["Caltrops","Slice"],"picked":"Footwork","floor":5.0},{"not_picked":["Noxious Fumes","Quick Slash"],"picked":"Cloak And Dagger","floor":7.0},{"not_picked":["Choke","Outmaneuver"],"picked":"PiercingWail","floor":12.0},{"not_picked":["Bouncing Flask","Dagger Throw"],"picked":"Crippling Poison","floor":13.0},{"not_picked":["Sucker Punch","Noxious Fumes"],"picked":"A Thousand Cuts","floor":14.0},{"not_picked":["Tools of the Trade","Storm of Steel"],"picked":"Adrenaline","floor":16.0},{"not_picked":["Sucker Punch","Crippling Poison+1"],"picked":"Acrobatics+1","floor":18.0},{"not_picked":["Quick Slash","Bouncing Flask+1"],"picked":"Reflex+1","floor":19.0},{"not_picked":["Distraction+1","Dagger Throw"],"picked":"Prepared+1","floor":24.0},{"not_picked":["Dagger Throw","Riddle With Holes+1"],"picked":"Flechettes+1","floor":27.0},{"not_picked":["Distraction+1","Reflex+1"],"picked":"Backstab","floor":28.0},{"not_picked":["Heel Hook","Quick Slash"],"picked":"PiercingWail+1","floor":29.0},{"not_picked":["PiercingWail+1","Crippling Poison+1","Deflect+1"],"picked":"SKIP","floor":31.0},{"not_picked":["Venomology+1","Unload"],"picked":"Bullet Time+1","floor":33.0},{"not_picked":["Noxious Fumes+1","Dagger Throw"],"picked":"Accuracy","floor":35.0},{"not_picked":["Bane","Riddle With Holes"],"picked":"Prepared+1","floor":39.0},{"not_picked":["Quick Slash","Flechettes","Deadly Poison+1","All Out Attack"],"picked":"SKIP","floor":41},{"not_picked":["Bullet Time+1","Bane","Backstab"],"picked":"Blur+1","floor":44},{"not_picked":["Outmaneuver+1","Dagger Spray+1","Underhanded Strike+1"],"picked":"Acrobatics+1","floor":46},{"not_picked":["Outmaneuver+1","Riddle With Holes","Skewer","Prepared+1"],"picked":"SKIP","floor":47},{"not_picked":["Slice","Outmaneuver+1","Bouncing Flask+1"],"picked":"Backflip+1","floor":48}],"player_experience":363601,"relics_obtained":[{"floor":7.0,"key":"Strawberry"},{"floor":9.0,"key":"Ninja Scroll"},{"floor":12.0,"key":"TungstenRod"},{"floor":14.0,"key":"HornCleat"},{"floor":17.0,"key":"Omamori"},{"floor":17.0,"key":"Toxic Egg 2"},{"floor":17.0,"key":"Shovel"},{"floor":22.0,"key":"Enchiridion"},{"floor":23.0,"key":"StrikeDummy"},{"floor":24.0,"key":"Snake Skull"},{"floor":25.0,"key":"Gremlin Horn"},{"floor":26.0,"key":"Sundial"},{"floor":27.0,"key":"Anchor"},{"floor":29.0,"key":"Kunai"},{"floor":30.0,"key":"The Courier"},{"floor":37.0,"key":"Bird Faced Urn"},{"floor":40.0,"key":"Question Card"},{"floor":42,"key":"Bag of Marbles"},{"floor":43,"key":"Art of War"},{"floor":47,"key":"Paper Crane"},{"floor":48,"key":"Du-Vu Doll"},{"floor":49,"key":"Centennial Puzzle"}],"event_choices":[{"damage_healed":0.0,"max_hp_gain":0.0,"max_hp_loss":0.0,"gold_gain":0.0,"cards_transformed":["Strike_G"],"event_name":"Living Wall","player_choice":"Change","floor":2.0,"gold_loss":0.0,"damage_taken":0.0,"cards_obtained":["Outmaneuver"]},{"damage_healed":0.0,"max_hp_gain":0.0,"max_hp_loss":0.0,"gold_gain":0.0,"event_name":"Match and Keep!","player_choice":"3 cards matched","floor":11.0,"gold_loss":0.0,"damage_taken":0.0,"cards_obtained":["Finesse","Footwork","Dagger Spray"]},{"damage_healed":0.0,"max_hp_gain":0.0,"max_hp_loss":0.0,"gold_gain":0.0,"event_name":"Dead Adventurer","player_choice":"Searched \u00271\u0027 times","floor":14.0,"gold_loss":0.0,"damage_taken":0.0},{"damage_healed":0.0,"max_hp_gain":0.0,"max_hp_loss":0.0,"gold_gain":99.0,"event_name":"Nest","player_choice":"Stole From Cult","floor":20.0,"gold_loss":0.0,"damage_taken":0.0},{"damage_healed":0.0,"max_hp_gain":0.0,"max_hp_loss":0.0,"gold_gain":0.0,"event_name":"Ghosts","player_choice":"Ignored","floor":21.0,"gold_loss":0.0,"damage_taken":0.0},{"damage_healed":0.0,"max_hp_gain":0.0,"max_hp_loss":0.0,"gold_gain":0.0,"event_name":"Cursed Tome","player_choice":"Obtained Book","floor":22.0,"gold_loss":0.0,"damage_taken":16.0},{"damage_healed":0.0,"max_hp_gain":0.0,"max_hp_loss":0.0,"gold_gain":0.0,"event_name":"MindBloom","player_choice":"Fight","floor":37.0,"gold_loss":0.0,"damage_taken":0.0},{"cards_removed":["Footwork"],"damage_healed":0.0,"max_hp_gain":0.0,"max_hp_loss":0.0,"gold_gain":0.0,"event_name":"Falling","player_choice":"Removed Power","floor":38.0,"gold_loss":0.0,"damage_taken":0.0},{"damage_healed":0,"gold_gain":0,"player_choice":"Fight","damage_taken":0,"max_hp_gain":0,"max_hp_loss":0,"event_name":"Mysterious Sphere","floor":48,"gold_loss":0}],"is_beta":false,"boss_relics":[{"not_picked":["Empty Cage","Fusion Hammer"],"picked":"Calling Bell"},{"not_picked":["Runic Dome","Runic Pyramid"],"picked":"Astrolabe"}],"items_purged_floors":[36],"is_endless":false,"potions_floor_spawned":[4,5,13,14,16,27,28,29,33,35,37,44,48],"ascension_level":13}}