{"host":"agflykcedf93aoo8","time":1609357797,"event":{"mods":["BaseMod","Hermit","Minty Spire (QoL Compilation)","StSLib","Td1madao Mod","The Bug Knight","The Cursed","The Gatherer","The Hierophant","The Runesmith"],"gold_per_floor":[116,291,366,385,462,488,488,520,546,546,563,563,268,300,312,429,441,471,330,330,344,344,344,354,354,354,354,370,404,42,62,62,160,160,174,174,174,74,74,107,157,157,208,6,6,6],"floor_reached":45,"playtime":3907,"items_purged":["hermit:Defend_Hermit","hermit:Snapshot","hermit:Purgatory"],"score":627,"play_id":"9faf03e1-351e-4f00-9be0-a3c9656db872","local_time":"20201231044957","is_ascension_mode":true,"campfire_choices":[{"data":"hermit:Brawl","floor":7.0,"key":"SMITH"},{"floor":10.0,"key":"REST"},{"floor":15.0,"key":"REST"},{"floor":23.0,"key":"REST"},{"floor":25.0,"key":"REST"},{"data":"RitualDagger","floor":27.0,"key":"SMITH"},{"data":"1","floor":32.0,"key":"LIFT"},{"data":"hermit:HighNoon","floor":42,"key":"SMITH"}],"circlet_count":0,"master_deck":["hermit:Strike_Hermit+1","hermit:Strike_Hermit","hermit:Strike_Hermit","hermit:Strike_Hermit","hermit:Defend_Hermit+1","hermit:Defend_Hermit","hermit:Defend_Hermit+1","hermit:Covet","hermit:Brawl+1","hermit:GoldenBullet","hermit:Magnum","hermit:Deadeye","hermit:Deadeye+1","hermit:GoldenBullet","hermit:HighNoon+1","hermit:CalledShot+1","hermit:FullyLoaded+1","RitualDagger+1","hermit:Showdown+1","hermit:TakeCover+1","Madness","Madness","hermit:Maintenance"],"relics":["hermit:Momento","NeowsBlessing","Dream Catcher","Meat on the Bone","War Paint","Oddly Smooth Stone","HandDrill","MawBank","Runic Pyramid","Lantern","Question Card","Girya","StoneCalendar","Busted Crown","Anchor","Gambling Chip","Whetstone"],"acts_visited":["Exordium","TheCity","TheBeyond"],"potions_floor_usage":[41],"damage_taken":[{"damage":0.0,"enemies":"2 Louse","floor":1.0,"turns":1.0},{"damage":0.0,"enemies":"Jaw Worm","floor":4.0,"turns":1.0},{"damage":0.0,"enemies":"HollowMod:MossKnight","floor":6.0,"turns":1.0},{"damage":38.0,"enemies":"3 Sentries","floor":8.0,"turns":9.0},{"damage":4.0,"enemies":"Small Slimes","floor":11.0,"turns":3.0},{"damage":6.0,"enemies":"Lagavulin","floor":14.0,"turns":4.0},{"damage":0.0,"enemies":"Slime Boss","floor":16.0,"turns":5.0},{"damage":29.0,"enemies":"3 Byrds","floor":18.0,"turns":7.0},{"damage":24.0,"enemies":"2 Thieves","floor":21.0,"turns":4.0},{"damage":17.0,"enemies":"Centurion and Healer","floor":24.0,"turns":5.0},{"damage":11.0,"enemies":"Chosen and Byrds","floor":28.0,"turns":3.0},{"damage":0.0,"enemies":"Gremlin Leader","floor":29.0,"turns":5.0},{"damage":18.0,"enemies":"Snake Plant","floor":31.0,"turns":3.0},{"damage":6.0,"enemies":"Automaton","floor":33.0,"turns":6.0},{"damage":0.0,"enemies":"Orb Walker","floor":35.0,"turns":2.0},{"damage":28,"enemies":"Giant Head","floor":40,"turns":7},{"damage":19,"enemies":"Mind Bloom Boss Battle","floor":41,"turns":5},{"damage":49,"enemies":"Nemesis","floor":45,"turns":4}],"seed_played":"3298640688021044584","potions_obtained":[{"floor":4.0,"key":"Weak Potion"},{"floor":8.0,"key":"hermit:BlackBile"},{"floor":11.0,"key":"PowerPotion"},{"floor":24.0,"key":"Weak Potion"},{"floor":31.0,"key":"Energy Potion"},{"floor":40,"key":"Regen Potion"}],"is_trial":false,"path_per_floor":["M","?","?","M","?","E","R","E","T","R","M","?","$","E","R","B",null,"M","$","?","M","?","R","M","R","T","R","M","E","$","M","R","B",null,"M","?","?","$","?","E","?","R","T","$","E"],"character_chosen":"HERMIT","items_purchased":["Oddly Smooth Stone","HandDrill","Lantern","StoneCalendar","hermit:Maintenance"],"campfire_rested":4,"item_purchase_floors":[13,13,19,30,44],"current_hp_per_floor":[75,75,64,64,64,64,64,26,26,48,44,44,44,38,60,60,75,46,46,32,20,14,38,33,57,57,57,46,46,46,40,40,46,80,80,70,70,70,70,42,47,47,47,47,0,0],"gold":6,"neow_bonus":"THREE_ENEMY_KILL","is_daily":false,"chose_seed":false,"campfire_upgraded":3,"win_rate":0.0,"timestamp":1609357797,"path_taken":["M","?","?","M","?","E","R","E","T","R","M","?","$","E","R","BOSS","M","$","?","M","?","R","M","R","T","R","M","E","$","M","R","BOSS","M","?","?","$","?","E","?","R","T","$","E"],"items_purchased_type":["Relic","Relic","Relic","Relic","Card"],"build_version":"2020-12-22","purchased_purges":3,"victory":false,"max_hp_per_floor":[75,75,75,75,75,75,75,75,75,75,75,75,75,75,75,75,75,75,75,80,80,80,80,80,80,80,80,80,80,80,80,80,80,80,80,80,80,80,80,80,80,80,80,80,80,80],"card_choices":[{"not_picked":["hermit:Snipe","hermit:Dive","hermit:Manifest"],"picked":"SKIP","floor":1.0},{"not_picked":["hermit:Manifest","hermit:Headshot"],"picked":"hermit:Brawl","floor":4.0},{"not_picked":["hermit:Roulette","hermit:TakeCover"],"picked":"hermit:GoldenBullet","floor":6.0},{"not_picked":["hermit:WideOpen","hermit:HighCaliber"],"picked":"hermit:Magnum","floor":8.0},{"not_picked":["hermit:Misfire","hermit:Horror"],"picked":"hermit:Deadeye","floor":10.0},{"not_picked":["hermit:ItchyTrigger","hermit:Manifest","hermit:Snipe"],"picked":"SKIP","floor":11.0},{"not_picked":["hermit:DeadMansHand","hermit:Headshot"],"picked":"hermit:Deadeye","floor":14.0},{"not_picked":["hermit:Vantage","hermit:GhostlyPresence"],"picked":"hermit:GoldenBullet","floor":15.0},{"not_picked":["hermit:FinalCanter","hermit:Gambit"],"picked":"hermit:HighNoon","floor":16.0},{"not_picked":["hermit:Ricochet","hermit:LuckOfTheDraw"],"picked":"hermit:CalledShot+1","floor":18.0},{"not_picked":["hermit:Brawl","hermit:LowProfile+1"],"picked":"hermit:FullyLoaded+1","floor":21.0},{"not_picked":["hermit:Determination","hermit:LowProfile+1"],"picked":"hermit:Showdown+1","floor":23.0},{"not_picked":["hermit:Coalescence+1","hermit:Shortfuse","hermit:Misfire"],"picked":"SKIP","floor":24.0},{"not_picked":["hermit:Manifest","hermit:Roulette","hermit:WideOpen"],"picked":"hermit:TakeCover+1","floor":28.0},{"not_picked":["hermit:Headshot","hermit:HoleUp","hermit:Reprieve","hermit:Coalescence+1"],"picked":"SKIP","floor":29.0},{"not_picked":["hermit:BodyArmor","hermit:Coalescence","hermit:Midnight","hermit:Misfire"],"picked":"SKIP","floor":31.0},{"not_picked":["hermit:Gambit","hermit:DeadOrAlive","hermit:HighNoon"],"picked":"hermit:Purgatory","floor":33.0},{"not_picked":["hermit:TrackingShot+1","hermit:NoHoldsBarred"],"picked":"SKIP","floor":35.0},{"not_picked":["hermit:GoldenBullet","hermit:Headshot"],"picked":"SKIP","floor":40}],"player_experience":338493,"relics_obtained":[{"floor":6.0,"key":"Dream Catcher"},{"floor":8.0,"key":"Meat on the Bone"},{"floor":9.0,"key":"War Paint"},{"floor":14.0,"key":"MawBank"},{"floor":26.0,"key":"Question Card"},{"floor":29.0,"key":"Girya"},{"floor":40,"key":"Anchor"},{"floor":41,"key":"Gambling Chip"},{"floor":43,"key":"Whetstone"}],"event_choices":[{"damage_healed":0.0,"max_hp_gain":0.0,"max_hp_loss":0.0,"gold_gain":175.0,"event_name":"Liars Game","player_choice":"AGREE","floor":2.0,"gold_loss":0.0,"damage_taken":0.0,"cards_obtained":["Doubt"]},{"damage_healed":0.0,"max_hp_gain":0.0,"max_hp_loss":0.0,"gold_gain":75.0,"event_name":"World of Goop","player_choice":"Gather Gold","floor":3.0,"gold_loss":0.0,"damage_taken":11.0},{"damage_healed":0.0,"max_hp_gain":0.0,"max_hp_loss":0.0,"gold_gain":77.0,"event_name":"Golden Wing","player_choice":"Gained Gold","floor":5.0,"gold_loss":0.0,"damage_taken":0.0},{"cards_removed":["Doubt"],"damage_healed":0.0,"max_hp_gain":0.0,"max_hp_loss":0.0,"gold_gain":0.0,"event_name":"Living Wall","player_choice":"Forget","floor":12.0,"gold_loss":0.0,"damage_taken":0.0},{"damage_healed":0.0,"max_hp_gain":5.0,"max_hp_loss":0.0,"gold_gain":0.0,"event_name":"Forgotten Altar","player_choice":"Shed Blood","floor":20.0,"gold_loss":0.0,"damage_taken":19.0},{"damage_healed":0.0,"max_hp_gain":0.0,"max_hp_loss":0.0,"gold_gain":0.0,"event_name":"Nest","player_choice":"Joined the Cult","floor":22.0,"gold_loss":0.0,"damage_taken":6.0,"cards_obtained":["RitualDagger"]},{"damage_healed":0.0,"max_hp_gain":0.0,"max_hp_loss":0.0,"gold_gain":0.0,"event_name":"Winding Halls","player_choice":"Embrace Madness","floor":36.0,"gold_loss":0.0,"damage_taken":10.0,"cards_obtained":["Madness","Madness"]},{"damage_healed":0.0,"max_hp_gain":0.0,"max_hp_loss":0.0,"gold_gain":0.0,"event_name":"Mysterious Sphere","player_choice":"Ignored","floor":37.0,"gold_loss":0.0,"damage_taken":0.0},{"damage_healed":0.0,"max_hp_gain":0.0,"max_hp_loss":0.0,"gold_gain":0.0,"event_name":"SensoryStone","player_choice":"Memory 1","floor":39.0,"gold_loss":0.0,"damage_taken":0.0},{"damage_healed":0,"gold_gain":0,"player_choice":"Fight","damage_taken":0,"max_hp_gain":0,"max_hp_loss":0,"event_name":"MindBloom","floor":41,"gold_loss":0}],"is_beta":false,"boss_relics":[{"not_picked":["Snecko Eye","hermit:DentedPlate"],"picked":"Runic Pyramid"},{"not_picked":["Empty Cage","Black Star"],"picked":"Busted Crown"}],"items_purged_floors":[30,38,44],"is_endless":false,"potions_floor_spawned":[4,8,11,24,31,40],"killed_by":"Nemesis","ascension_level":1}}