{"host":"80x1ozqd5wpd4nvo","time":1609295961,"event":{"mods":["2.2 Compatiblity","Aspiration","BaseMod","Better Altar","Better Match","Better Note","Better Sensory Stone","Better Skull","Better Third Choice","BetterRewards","Card Forge","Custom Start","DNKmod","Defuse TimeMaze Blight","Dota2Spire","Duelist Mod","Energized Spire","Friendly Minions","GifTheSpireLib","Hubris","Infinite Spire","Minty Spire (QoL Compilation)","Permanent Neow","Shop Mod","Spicy Shops","StSLib","The Blue Laboratory","??????REMEMod"],"gold_per_floor":[1213,1213,966,984,999,1028,1095,1095,1095,1127,1171,1219,1219,1246,1246,1400,1400,1462,1475,1585,1438,1438,1438,1482,1482,1594,1594,1594,1608,1654,1654,1792,1792,1804,1804,1831,1831,1851,1926,1941,1995,1995,2092,2052,2052,2097,2112,2112,2162,2162,2162,1033,1063,1233],"floor_reached":56,"playtime":4240,"items_purged":[],"score":1412,"play_id":"33473583-fe28-4d90-bbe4-99a9bf80d4e0","local_time":"20201230033921","is_ascension_mode":false,"campfire_choices":[{"data":"theDuelist:TyrantWing","floor":8,"key":"SMITH"},{"data":"theDuelist:HymnOfLight","floor":13,"key":"SMITH"},{"data":"theDuelist:CyberDragonVier","floor":15,"key":"SMITH"},{"data":"theDuelist:CyberDragonNachster","floor":23,"key":"SMITH"},{"data":"theDuelist:MythicWaterDragon","floor":29,"key":"SMITH"},{"data":"theDuelist:DragonMastery","floor":32,"key":"SMITH"},{"floor":46,"key":"RECALL"},{"floor":49,"key":"REST"},{"floor":52,"key":"DIG"}],"circlet_count":0,"master_deck":["theDuelist:Hinotama+1","theDuelist:TotemDragon","theDuelist:MoltenDestruction","theDuelist:DragonMastery+1","theDuelist:GoldSarcophagus","Doubt","hubris:EnhanceAbility","theDuelist:Kabazauls","theDuelist:Sparks","theDuelist:SilverWing","theDuelist:GravityLash","theDuelist:LesserDragon","theDuelist:DragonCaptureJar+2","theDuelist:PotGreed+1","theDuelist:MagicalStone+1","theDuelist:BabyDragon","theDuelist:Duoterion","theDuelist:MirageDragon","theDuelist:YamataDragon","theDuelist:BurstBreath","theDuelist:SpiralSpearStrike","theDuelist:CastleWalls","theDuelist:CastleDragonSouls","theDuelist:BackgroundDragon","theDuelist:RainbowOverdragon+1","theDuelist:MythicWaterDragon+1","theDuelist:LesserDragon","theDuelist:WaterDragon","theDuelist:DefenseDraw+1","theDuelist:TailSwipe","theDuelist:AncientDragon","theDuelist:Sparks","theDuelist:ForbiddenLance","theDuelist:ShardGreed","theDuelist:CastleWalls","theDuelist:CyberDragonNachster+1","theDuelist:Dracocension","theDuelist:HymnOfLight+1","REME_FirmDetermination","theDuelist:CyberDragonVier+1","theDuelist:ThunderDragon+1","theDuelist:CaveDragon","theDuelist:CaveDragon","theDuelist:QueenDragunDjinn","Trip+1","theDuelist:TyrantWing+1","theDuelist:SnowdustDragon+1"],"relics":["theDuelist:MillenniumPuzzle","theDuelist:CardPoolRelic","theDuelist:CardPoolBasicRelic","theDuelist:BoosterPackPoolRelic","theDuelist:CardPoolAddRelic","theDuelist:CardPoolMinusRelic","theDuelist:CardPoolSaveRelic","theDuelist:CardPoolOptionsRelic","Hammer of Thor","Seething Fire","Anvil of the Gods","REME_ComplimentaryCards","hubris:Icosahedron","Orichalcum","hubris:MedicalManual","Champion Belt","Dota2Spire:HandOfMidas","Centennial Puzzle","Dota2Spire:RefresherOrb","hubris:Teleporter","Dota2Spire:DivineRapier","StoneCalendar","REME_CardOfGreed","theDuelist:TributeEggRelic","theDuelist:MetronomeRelicB","Shovel","Snake Skull","Smiling Mask","theDuelist:CardRewardRelicE","Charon\u0027s Ashes","OrangePellets","infinitespire:Golems Mask","theDuelist:MerchantPendant","Paper Crane","theDuelist:DragonRelicC"],"acts_visited":["Exordium","TheCity","TheBeyond","TheEnding"],"potions_floor_usage":[11,20,27,41,41,50,55],"damage_taken":[{"damage":0,"enemies":"Jaw Worm","floor":1,"turns":1},{"damage":0,"enemies":"Small Slimes","floor":4,"turns":2},{"damage":0,"enemies":"Cultist","floor":5,"turns":1},{"damage":5,"enemies":"Large Slime","floor":6,"turns":2},{"damage":4,"enemies":"Exordium Wildlife","floor":10,"turns":3},{"damage":0,"enemies":"3 Sentries","floor":11,"turns":5},{"damage":1,"enemies":"Looter","floor":12,"turns":2},{"damage":0,"enemies":"Gremlin Nob","floor":14,"turns":3},{"damage":4,"enemies":"Slime Boss","floor":16,"turns":7},{"damage":0,"enemies":"3 Byrds","floor":18,"turns":4},{"damage":1,"enemies":"Spheric Guardian","floor":19,"turns":4},{"damage":8,"enemies":"Spheric Guardian","floor":20,"turns":8},{"damage":0,"enemies":"Centurion and Healer","floor":25,"turns":4},{"damage":0,"enemies":"theDuelist:KaibaA2","floor":27,"turns":3},{"damage":10,"enemies":"Chosen and Byrds","floor":30,"turns":3},{"damage":4,"enemies":"3 Cultists","floor":31,"turns":3},{"damage":1,"enemies":"Champ","floor":33,"turns":7},{"damage":0,"enemies":"Orb Walker","floor":35,"turns":1},{"damage":17,"enemies":"3 Darklings","floor":39,"turns":3},{"damage":10,"enemies":"Reptomancer","floor":40,"turns":5},{"damage":31,"enemies":"infinitespire:Three Voidlings","floor":41,"turns":3},{"damage":0,"enemies":"Transient","floor":42,"turns":5},{"damage":4,"enemies":"Nemesis","floor":44,"turns":5},{"damage":0,"enemies":"Maw","floor":47,"turns":5},{"damage":0,"enemies":"Spire Growth","floor":48,"turns":2},{"damage":0,"enemies":"hubris:GrandSnecko","floor":50,"turns":6},{"damage":0,"enemies":"Shield and Spear","floor":54,"turns":4},{"damage":7,"enemies":"The Heart","floor":55,"turns":8}],"seed_played":"-2014428155892386353","potions_obtained":[{"floor":5,"key":"PowerPotion"},{"floor":6,"key":"blueLaboratory:ForbiddenFruitJuice"},{"floor":12,"key":"Dexterity Potion"},{"floor":25,"key":"theDuelist:StunPotion"},{"floor":40,"key":"Dota2Spire:HealingSalve"},{"floor":42,"key":"blueLaboratory:EnragingPotion"},{"floor":44,"key":"theDuelist:FlamingBottle"},{"floor":45,"key":"blueLaboratory:CorrosionFlask"}],"is_trial":false,"path_per_floor":["M","?","$","M","M","M","?","R","T","M","E","M","R","E","R","B",null,"M","M","?","$","R","?","M","T","E","?","R","M","M","R","B",null,"M","?","T","?","M","E","?","M","T","E","?","R","M","M","R","B",null,"R","$","E","B",null],"character_chosen":"THE_DUELIST","items_purchased":["Orichalcum","hubris:MedicalManual","REME_CardOfGreed","Charon\u0027s Ashes","OrangePellets","theDuelist:TotemDragon","infinitespire:Golems Mask","theDuelist:MerchantPendant","Paper Crane","hubris:EnhanceAbility","blueLaboratory:LouseDecoction","theDuelist:BackgroundDragon"],"campfire_rested":1,"item_purchase_floors":[3,3,22,53,53,53,53,53,53,53,53,53],"current_hp_per_floor":[100,100,100,100,100,95,95,95,95,91,91,90,90,90,90,86,100,100,99,91,91,91,91,91,91,91,83,83,73,69,69,68,100,100,100,100,100,83,73,59,59,59,55,55,55,55,55,82,82,90,90,90,90,83],"gold":1233,"neow_bonus":"THREE_CARDS","is_daily":false,"chose_seed":false,"campfire_upgraded":6,"win_rate":0.0,"timestamp":1609295961,"path_taken":["M","?","$","M","M","M","?","R","T","M","E","M","R","E","R","BOSS","M","M","?","$","R","?","M","T","E","?","R","M","M","R","BOSS","M","?","?","?","M","E","?","M","T","E","?","R","?","M","R","BOSS","R","$","E","BOSS"],"items_purchased_type":["Relic","Relic","Relic","Relic","Relic","Card","Relic","Relic","Relic","Card","Potion","Card"],"build_version":"2020-12-22","purchased_purges":0,"victory":true,"max_hp_per_floor":[100,100,100,100,100,100,100,100,100,100,100,100,100,100,100,100,100,100,100,100,100,100,100,100,100,100,100,100,100,100,100,100,100,100,100,100,100,100,100,90,90,90,90,90,90,90,90,90,90,90,90,90,90,90],"card_choices":[{"not_picked":["theDuelist:RedRisingDragon","theDuelist:DefenseZone"],"picked":"theDuelist:SilverWing","floor":0},{"not_picked":["theDuelist:Earthquake","theDuelist:HazyFlameHydra","theDuelist:BusterDrake","theDuelist:InfernityDoomDragon"],"picked":"theDuelist:Kabazauls","floor":1},{"not_picked":["theDuelist:BlackTyranno","theDuelist:BlackStego"],"picked":"theDuelist:GoldSarcophagus","floor":1},{"not_picked":["theDuelist:BigFire","theDuelist:PreventRat","theDuelist:GreenGraveOni","theDuelist:HarpieFeather"],"picked":"theDuelist:ShardGreed","floor":4},{"not_picked":["theDuelist:FrozenFitzgerald","theDuelist:SuperancientDinobeast","theDuelist:Pyrorex"],"picked":"SKIP","floor":4},{"not_picked":["theDuelist:Pyrorex","theDuelist:TornadoDragon"],"picked":"theDuelist:MoltenDestruction","floor":5},{"not_picked":["theDuelist:SpiralSpearStrike+1","theDuelist:FireDarts","theDuelist:DefenseZone+1","theDuelist:DefenseDraw"],"picked":"theDuelist:TyrantWing","floor":5},{"not_picked":["theDuelist:MaskedDragon","theDuelist:HazyFlameHydra","theDuelist:DefenseZone","theDuelist:StarlightRoad"],"picked":"theDuelist:Duoterion","floor":6},{"not_picked":["theDuelist:Carboneddon","theDuelist:DarkDriceratops"],"picked":"theDuelist:CyberDragonVier","floor":6},{"not_picked":["theDuelist:TwinBarrelDragon","theDuelist:Kabazauls","theDuelist:Earthquake","theDuelist:CyberTwinDragon"],"picked":"theDuelist:BurstBreath","floor":10},{"not_picked":["theDuelist:Duoterion","theDuelist:CaveDragon","theDuelist:AncientPixieDragon"],"picked":"SKIP","floor":10},{"not_picked":["theDuelist:Duoterion","theDuelist:CaveDragon","theDuelist:AncientPixieDragon"],"picked":"SKIP","floor":10},{"not_picked":["theDuelist:LeviaDragon","theDuelist:TwinHeadedFire"],"picked":"theDuelist:HymnOfLight","floor":11},{"not_picked":["theDuelist:LightningDarts","theDuelist:StrayLambs","theDuelist:HaneHane","theDuelist:DarkFactory","theDuelist:BlueBloodedOni"],"picked":"SKIP","floor":11},{"not_picked":["theDuelist:CyberneticRevolution","theDuelist:AncientGearGadjiltron"],"picked":"theDuelist:MirageDragon","floor":12},{"not_picked":["theDuelist:MadSwordBeast","theDuelist:MadFlameKaiju","theDuelist:BlackStego","theDuelist:TrihornedDragon","theDuelist:GiantRex"],"picked":"SKIP","floor":12},{"not_picked":["theDuelist:FireDarts","theDuelist:BlackBrutdrago"],"picked":"theDuelist:CyberDragonNachster","floor":14},{"not_picked":["theDuelist:TwinHeadedFire","theDuelist:StarlightRoad","theDuelist:HazyFlameHydra","theDuelist:MoltenDestruction","theDuelist:SilverDragon"],"picked":"SKIP","floor":14},{"not_picked":["theDuelist:StardustDragon","theDuelist:BlueDuston","theDuelist:BerserkScales","theDuelist:GravityLash"],"picked":"theDuelist:DragonMastery","floor":16},{"not_picked":["theDuelist:ArmedProtectorDragon","theDuelist:Scapegoat"],"picked":"theDuelist:GravityLash","floor":16},{"not_picked":["Bandage Up","Metamorphosis","The Bomb"],"picked":"Trip+1","floor":18},{"not_picked":["theDuelist:RedDragonArchfiend+1","theDuelist:BusterDrake","theDuelist:MirageDragon"],"picked":"SKIP","floor":18},{"not_picked":["theDuelist:BlackPtera","theDuelist:Kabazauls"],"picked":"theDuelist:Dracocension","floor":19},{"not_picked":["theDuelist:SauropodBrachion","theDuelist:MadSwordBeast","theDuelist:Hydrogeddon","theDuelist:HazyFlameHydra","theDuelist:Beatraptor"],"picked":"SKIP","floor":19},{"not_picked":["theDuelist:EvilMind","theDuelist:DragonTreasure","theDuelist:DragonMirror","theDuelist:ArtifactIgnition"],"picked":"theDuelist:SpiralSpearStrike","floor":20},{"not_picked":["theDuelist:Kabazauls","theDuelist:DarkHorus","theDuelist:CyberValley","theDuelist:BusterBlader+1"],"picked":"theDuelist:MythicWaterDragon","floor":25},{"not_picked":["theDuelist:Earthquake+1","theDuelist:HazyFlameHydra","theDuelist:BlackTyranno"],"picked":"SKIP","floor":25},{"not_picked":["theDuelist:CaveDragon","theDuelist:SafeZone"],"picked":"theDuelist:DefenseDraw+1","floor":27},{"not_picked":["theDuelist:SauropodBrachion","theDuelist:HazyFlameHydra","theDuelist:Frostosaurus","theDuelist:Duoterion","theDuelist:DarkDriceratops+1"],"picked":"SKIP","floor":27},{"not_picked":["theDuelist:BattleguardKing","theDuelist:Hinotama","theDuelist:LightningDarts","theDuelist:SmashingGround"],"picked":"theDuelist:RainbowOverdragon+1","floor":30},{"not_picked":["theDuelist:MirageDragon","theDuelist:LavaDragon"],"picked":"theDuelist:AncientDragon","floor":30},{"not_picked":["theDuelist:TrihornedDragon","theDuelist:MadSwordBeast+1","theDuelist:GiantRex","theDuelist:BlackTyranno","theDuelist:BarrelDragon"],"picked":"SKIP","floor":31},{"not_picked":["theDuelist:GoldSarcophagus+1","theDuelist:Anthrosaurus+1","theDuelist:CyberDragonDrei"],"picked":"SKIP","floor":31},{"not_picked":["theDuelist:StardustDragon+1","theDuelist:GaiaDragonChamp+1","theDuelist:FiveHeaded+1","theDuelist:BusterBladerDDS"],"picked":"theDuelist:QueenDragunDjinn","floor":33},{"not_picked":["theDuelist:BSkullDragon","theDuelist:ChimeratechOverdragon"],"picked":"theDuelist:WaterDragon","floor":33},{"not_picked":["theDuelist:LesserDragon+1","theDuelist:Kabazauls+1","theDuelist:CurseDragon","theDuelist:BlackPtera+1","theDuelist:FiendSkull+1"],"picked":"SKIP","floor":35},{"not_picked":["theDuelist:Pyrorex","theDuelist:BeserkDragon","theDuelist:FrostflameDragon+1"],"picked":"SKIP","floor":35},{"not_picked":["Bandage Up","Apotheosis"],"picked":"REME_FirmDetermination","floor":38},{"not_picked":["Good Instincts","Jack Of All Trades"],"picked":"theDuelist:ForbiddenLance","floor":38},{"not_picked":["theDuelist:ArmedDragon5+1","theDuelist:MadFlameKaiju","theDuelist:FireDarts","theDuelist:BusterBladerDDS"],"picked":"theDuelist:ThunderDragon+1","floor":39},{"not_picked":["theDuelist:CyberDragonNachster","theDuelist:HazyFlameHydra","theDuelist:Earthquake"],"picked":"SKIP","floor":39},{"not_picked":["theDuelist:CyberneticRevolution","theDuelist:CyberDragonVier+1"],"picked":"theDuelist:SnowdustDragon+1","floor":40},{"not_picked":["theDuelist:LesserDragon+1","theDuelist:GaiaDragonChamp+1","theDuelist:CyberDragonCore","theDuelist:CurseDragon+1","theDuelist:ArmedProtectorDragon"],"picked":"SKIP","floor":40},{"not_picked":["theDuelist:RainbowOverdragon+1","theDuelist:Wiseman+1","theDuelist:PreventRat","theDuelist:HarpieFeather"],"picked":"theDuelist:MagicalStone+1","floor":42},{"not_picked":["theDuelist:CyberDragonVier+1","theDuelist:YamataDragon","theDuelist:GiantRex+1"],"picked":"SKIP","floor":42},{"not_picked":["theDuelist:RainbowOverdragon+1","theDuelist:RainbowBridge","theDuelist:PurplePainOni+1","theDuelist:ShardGreed+1"],"picked":"theDuelist:Hinotama+1","floor":44},{"not_picked":["theDuelist:BarrelDragon","theDuelist:Pyrorex+1","theDuelist:AncientDragon+1"],"picked":"SKIP","floor":44},{"not_picked":["theDuelist:Pyrorex","theDuelist:AquaDolphin+1","theDuelist:YamataDragon+1","theDuelist:Anthrosaurus"],"picked":"theDuelist:DragonCaptureJar+2","floor":47},{"not_picked":["theDuelist:ExploderDragon","theDuelist:CoralDragon+1"],"picked":"theDuelist:TailSwipe","floor":47},{"not_picked":["theDuelist:BabyDragon+1","theDuelist:TrihornedDragon"],"picked":"theDuelist:CastleDragonSouls","floor":48},{"not_picked":["theDuelist:BusterBlader+1","theDuelist:CyberDragonVier+1","theDuelist:AquaDolphin","theDuelist:BabyDragon+1","theDuelist:SuperancientDinobeast+1"],"picked":"SKIP","floor":48},{"not_picked":["theDuelist:LightningDarts+11","theDuelist:PreventRat+1","theDuelist:Jinzo+1","theDuelist:GreyGreedOni+1"],"picked":"theDuelist:PotGreed+1","floor":54},{"not_picked":["theDuelist:ScrapIronScarecrow+1","theDuelist:WaterDragonCluster","theDuelist:LavaDragon+1"],"picked":"SKIP","floor":54}],"player_experience":351517,"relics_obtained":[{"floor":9,"key":"Champion Belt"},{"floor":11,"key":"Dota2Spire:HandOfMidas"},{"floor":14,"key":"Centennial Puzzle"},{"floor":20,"key":"hubris:Teleporter"},{"floor":20,"key":"Dota2Spire:DivineRapier"},{"floor":20,"key":"StoneCalendar"},{"floor":26,"key":"theDuelist:TributeEggRelic"},{"floor":27,"key":"theDuelist:MetronomeRelicB"},{"floor":40,"key":"Shovel"},{"floor":43,"key":"Snake Skull"},{"floor":44,"key":"Smiling Mask"},{"floor":52,"key":"theDuelist:CardRewardRelicE"},{"floor":54,"key":"theDuelist:DragonRelicC"}],"event_choices":[{"damage_healed":0,"gold_gain":67,"player_choice":"Gained Gold","damage_taken":0,"max_hp_gain":0,"max_hp_loss":0,"event_name":"Golden Wing","floor":7,"gold_loss":0},{"damage_healed":0,"gold_gain":0,"player_choice":"Fight","duelist":true,"damage_taken":0,"max_hp_gain":0,"max_hp_loss":0,"event_name":"Battle City","floor":20,"gold_loss":0},{"cards_removed":["theDuelist:CaveDragon"],"damage_healed":0,"gold_gain":0,"player_choice":"Give","damage_taken":0,"max_hp_gain":0,"max_hp_loss":0,"event_name":"betterNote:BetterNote","floor":24,"gold_loss":0,"cards_obtained":["None"]},{"damage_healed":0,"gold_gain":0,"player_choice":"Leave","duelist":true,"damage_taken":0,"max_hp_gain":0,"max_hp_loss":0,"event_name":"Egyptian Village","floor":36,"gold_loss":0},{"damage_healed":0,"gold_gain":3,"player_choice":"1","damage_taken":0,"max_hp_gain":0,"max_hp_loss":0,"event_name":"betterStone:BetterStone","floor":38,"gold_loss":0},{"damage_healed":0,"gold_gain":0,"player_choice":"Bought 3 Potions","damage_taken":0,"max_hp_gain":0,"max_hp_loss":0,"event_name":"The Woman in Blue","floor":45,"gold_loss":0}],"is_beta":false,"boss_relics":[{"not_picked":["SacredBark","energizedSpire:DeadBattery"],"picked":"Dota2Spire:RefresherOrb"},{"not_picked":["aspiration:RunicSpoon","aspiration:FutureDiary","hubris:VirtuousBlindfold"]}],"items_purged_floors":[],"is_endless":false,"potions_floor_spawned":[5,6,12,14,19,25,40,41,42,44,47,54],"ascension_level":0}}