{"host":"eemx8njkng76fu5x","time":1609345853,"event":{"mods":["2.2 Compatiblity","BaseMod","Downfall","Minty Spire (QoL Compilation)","Permanent Neow","StSLib","Unceasing Turn Reminder"],"gold_per_floor":[99,111,111,128,144,144,193,193,193,206,232,232,82,135,152,249,249,174,187,199,218,218,218,245,279,49,69,81,81,99,133,144,240,240,240,255,265,312,312,323,346,21,21,21,71,71,84,112,123,123],"floor_reached":51,"playtime":2998,"items_purged":["champ:Execute+1","champ:Strike"],"score":1704,"play_id":"1e3ba956-fe18-48c9-9d74-2f8027e8e9bc","local_time":"20201231003053","is_ascension_mode":true,"campfire_choices":[{"data":"champ:Taunt","floor":1.0,"key":"SMITH"},{"floor":9.0,"key":"RECALL"},{"data":"champ:Circumvent","floor":13.0,"key":"SMITH"},{"data":"champ:Lariat","floor":18.0,"key":"SMITH"},{"data":"champ:EnchantShield","floor":23.0,"key":"SMITH"},{"data":"champ:DefensiveStyle","floor":29.0,"key":"SMITH"},{"data":"champ:FalseCounter","floor":35.0,"key":"SMITH"},{"data":"expansioncontent:QuickStudy","floor":44.0,"key":"SMITH"},{"data":"champ:ViciousMockery","floor":46,"key":"SMITH"}],"circlet_count":0,"master_deck":["AscendersBane","champ:Strike","champ:Strike+1","champ:Defend","champ:Defend","champ:Defend","champ:Defend+1","champ:Taunt+1","CurseOfTheBell","champ:BringItOn+1","champ:TornadoPunch+1","champ:Circumvent+1","champ:DefensiveShout","champ:Lariat+1","champ:EnchantShield+1","champ:Circumvent+1","champ:FocusedDefense+1","champ:FalseCounter+1","champ:DefensiveStyle+1","champ:FocusedDefense","champ:CalledShot+1","champ:ViciousMockery+1","champ:EnGarde+1","champ:RageSigil+1","champ:ShieldWall+1","champ:Circumvent","expansioncontent:QuickStudy+1","champ:BringItOn","champ:ShieldSigil+1","champ:ViciousMockery+1"],"relics":["Calling Bell","hexamod:BolsterEngine","Kunai","Calipers","War Paint","Strawberry","downfall:HeartBlessingGreen","downfall:HeartBlessingRed","Coffee Dripper","downfall:HeartBlessingBlue","Whetstone","champ:FightingForDummies","champ:SpectersHand","expansioncontent:StudyCardRelic","Girya","Juzu Bracelet","Bronze Scales","Shovel","The Courier"],"acts_visited":["Exordium","TheCity","TheBeyond"],"potions_floor_usage":[49,50,50],"damage_taken":[{"damage":10.0,"enemies":"Jaw Worm","floor":2.0,"turns":5.0},{"damage":5.0,"enemies":"2 Louse","floor":4.0,"turns":3.0},{"damage":5.0,"enemies":"Cultist","floor":5.0,"turns":4.0},{"damage":2.0,"enemies":"2 Fungi Beasts","floor":10.0,"turns":3.0},{"damage":42.0,"enemies":"Lagavulin","floor":11.0,"turns":12.0},{"damage":5.0,"enemies":"Blue Slaver","floor":15.0,"turns":3.0},{"damage":29.0,"enemies":"downfall:Silent","floor":16.0,"turns":17.0},{"damage":5.0,"enemies":"3 Byrds","floor":19.0,"turns":7.0},{"damage":0.0,"enemies":"Chosen","floor":20.0,"turns":6.0},{"damage":5.0,"enemies":"Centurion and Healer","floor":21.0,"turns":11.0},{"damage":7.0,"enemies":"Slavers","floor":25.0,"turns":5.0},{"damage":0.0,"enemies":"downfall:FleeingMerchant","floor":26.0,"turns":4.0},{"damage":0.0,"enemies":"Snecko","floor":27.0,"turns":7.0},{"damage":6.0,"enemies":"Chosen and Byrds","floor":28.0,"turns":6.0},{"damage":0.0,"enemies":"Snake Plant","floor":30.0,"turns":4.0},{"damage":12.0,"enemies":"Gremlin Leader","floor":31.0,"turns":14.0},{"damage":0.0,"enemies":"Cultist and Chosen","floor":32.0,"turns":8.0},{"damage":0.0,"enemies":"downfall:Watcher","floor":33.0,"turns":9.0},{"damage":21.0,"enemies":"3 Shapes","floor":36.0,"turns":5.0},{"damage":0.0,"enemies":"Orb Walker","floor":37.0,"turns":3.0},{"damage":5.0,"enemies":"2 Orb Walkers","floor":38.0,"turns":4.0},{"damage":0.0,"enemies":"Maw","floor":40.0,"turns":7.0},{"damage":0.0,"enemies":"downfall:FleeingMerchant","floor":42.0,"turns":4.0},{"damage":7.0,"enemies":"Mind Bloom Boss Battle","floor":45.0,"turns":8.0},{"damage":8,"enemies":"Sphere and 2 Shapes","floor":47,"turns":4},{"damage":0,"enemies":"Nemesis","floor":48,"turns":15},{"damage":17,"enemies":"Jaw Worm Horde","floor":49,"turns":3},{"damage":0,"enemies":"downfall:Ironclad","floor":50,"turns":9}],"seed_played":"5411470490328152523","potions_obtained":[{"floor":4.0,"key":"Dexterity Potion"},{"floor":11.0,"key":"BlessingOfTheForge"},{"floor":19.0,"key":"PowerPotion"},{"floor":27.0,"key":"ColorlessPotion"},{"floor":28.0,"key":"AttackPotion"},{"floor":30.0,"key":"Fire Potion"},{"floor":31.0,"key":"sneckomod:MuddlingPotion"},{"floor":37.0,"key":"champ:OpenerPotion"},{"floor":47,"key":"Dexterity Potion"},{"floor":48,"key":"BlessingOfTheForge"},{"floor":49,"key":"Energy Potion"}],"is_trial":false,"path_per_floor":["R","M","?","M","M","?","T","?","R","M","E","?","R","T","M","B",null,"R","M","M","M","?","R","T","E","$","M","M","R","M","E","M","B",null,"R","M","M","?","?","M","T","$","?","R","?","R","M","E","M","B",null],"character_chosen":"THE_CHAMP","items_purchased":["champ:FalseCounter","champ:DefensiveStyle","champ:Circumvent","expansioncontent:QuickStudy"],"campfire_rested":0,"item_purchase_floors":[26,26,42,42],"current_hp_per_floor":[81,81,81,76,76,76,76,76,76,74,49,49,49,49,49,30,80,90,90,90,90,90,90,90,83,83,83,77,77,77,65,65,65,97,97,76,76,71,94,94,94,94,94,94,87,87,79,79,62,62],"gold":123,"neow_bonus":"BOSS_RELIC","is_daily":false,"chose_seed":false,"campfire_upgraded":8,"win_rate":0.0,"timestamp":1609345853,"path_taken":["R","M","?","M","M","?","T","?","R","?","E","?","R","?","M","BOSS","R","M","M","M","?","R","T","E","$","M","M","R","M","E","M","BOSS","R","M","M","?","?","M","T","$","?","R","?","R","M","E","M","BOSS"],"items_purchased_type":["Card","Card","Card","Card"],"build_version":"2020-12-22","purchased_purges":2,"victory":true,"max_hp_per_floor":[90,90,90,90,90,90,90,90,90,90,97,97,97,97,97,97,97,107,107,107,107,107,107,107,107,107,107,107,107,107,107,107,107,107,107,107,107,107,94,94,94,94,94,94,94,94,94,94,94,94],"card_choices":[{"not_picked":["champ:FalseCounter","champ:Backstep"],"picked":"champ:BringItOn","floor":2.0},{"not_picked":["champ:BladeFlurry","champ:PerfectedStrike"],"picked":"champ:TornadoPunch","floor":4.0},{"not_picked":["champ:ViciousMockery","champ:SwordSigil"],"picked":"champ:Circumvent","floor":5.0},{"not_picked":["champ:BerserkersShout","champ:StanceDance","champ:DancingMaster"],"picked":"SKIP","floor":10.0},{"not_picked":["champ:BerserkersShout","champ:StanceDance","champ:DancingMaster"],"picked":"SKIP","floor":10.0},{"not_picked":["champ:BerserkersShout","champ:StanceDance","champ:DancingMaster"],"picked":"SKIP","floor":10.0},{"not_picked":["champ:BringItOn","champ:FocusedBerserking"],"picked":"champ:DefensiveShout","floor":11.0},{"not_picked":["champ:Aggression","champ:Circumvent"],"picked":"champ:Lariat","floor":15.0},{"not_picked":["champ:EnchantCrown","champ:SteelEdge"],"picked":"champ:EnchantShield","floor":16.0},{"not_picked":["champ:Control","champ:Aggression+1","champ:Riposte"],"picked":"SKIP","floor":19.0},{"not_picked":["champ:FocusedBerserking","champ:GladiatorStyle+1"],"picked":"champ:Circumvent+1","floor":20.0},{"not_picked":["champ:RageSigil","champ:FocusedBerserking+1","champ:StanceDance+1"],"picked":"SKIP","floor":21.0},{"not_picked":["champ:StanceDance","champ:CrookedStrike"],"picked":"champ:FocusedDefense+1","floor":25.0},{"not_picked":["champ:Backstep+1","champ:AdrenalArmor+1","champ:Aggression"],"picked":"SKIP","floor":26.0},{"not_picked":["champ:ShieldSigil","champ:GutPunch+1","champ:BladeFlurry"],"picked":"SKIP","floor":27.0},{"not_picked":["champ:FocusedGladiator","champ:BringItOn+1"],"picked":"champ:FocusedDefense","floor":28.0},{"not_picked":["champ:RageSigil","champ:ArenaPreparation","champ:HeartStrike"],"picked":"SKIP","floor":30.0},{"not_picked":["champ:RapidStrikes","champ:IronFortress"],"picked":"champ:CalledShot+1","floor":31.0},{"not_picked":["champ:RageSigil","champ:BladeFlurry+1"],"picked":"champ:ViciousMockery","floor":32.0},{"not_picked":["champ:FaceSlap+1","champ:PerfectedStrike+1"],"picked":"champ:EnGarde+1","floor":36.0},{"not_picked":["champ:StanceDance","champ:CrookedStrike+1","champ:Devastate"],"picked":"SKIP","floor":37.0},{"not_picked":["champ:FlashCut","champ:EnragedBash+1"],"picked":"champ:RageSigil+1","floor":38.0},{"not_picked":["champ:CrookedStrike+1","champ:StanceDance","champ:Aggression"],"picked":"SKIP","floor":40.0},{"not_picked":["champ:Control+1","champ:TornadoPunch"],"picked":"champ:ShieldWall+1","floor":42.0},{"not_picked":["champ:StanceDance+1","champ:EnragedBash"],"picked":"champ:BringItOn","floor":47},{"not_picked":["champ:RecklessLeap","champ:PreciseThrust+1"],"picked":"champ:ShieldSigil+1","floor":48},{"not_picked":["champ:LastStand","champ:FanOfKnives+1"],"picked":"champ:ViciousMockery+1","floor":49}],"player_experience":413286,"relics_obtained":[{"floor":0.0,"key":"hexamod:BolsterEngine"},{"floor":0.0,"key":"Kunai"},{"floor":0.0,"key":"Calipers"},{"floor":7.0,"key":"War Paint"},{"floor":11.0,"key":"Strawberry"},{"floor":24.0,"key":"Whetstone"},{"floor":25.0,"key":"champ:FightingForDummies"},{"floor":31.0,"key":"champ:SpectersHand"},{"floor":38.0,"key":"Girya"},{"floor":41.0,"key":"Juzu Bracelet"},{"floor":43.0,"key":"Bronze Scales"},{"floor":45.0,"key":"Shovel"},{"floor":48,"key":"The Courier"}],"event_choices":[{"damage_healed":0.0,"max_hp_gain":0.0,"max_hp_loss":0.0,"gold_gain":0.0,"event_name":"Accursed Blacksmith","player_choice":"Forge","floor":8.0,"gold_loss":0.0,"damage_taken":0.0,"cards_upgraded":["champ:TornadoPunch"]},{"damage_healed":0.0,"max_hp_gain":0.0,"max_hp_loss":0.0,"gold_gain":0.0,"event_name":"Mysterious Sphere","player_choice":"Fight","floor":38.0,"gold_loss":0.0,"damage_taken":0.0}],"is_beta":false,"boss_relics":[{"not_picked":["Velvet Choker","Busted Crown"],"picked":"Coffee Dripper"},{"not_picked":["SacredBark","Astrolabe"],"picked":"expansioncontent:StudyCardRelic"}],"items_purged_floors":[26,42],"is_endless":false,"potions_floor_spawned":[4,11,19,27,28,30,31,37,38,47,48,49],"ascension_level":10}}