{"host":"ftwsn2kbtsx9x7xs","time":1609305735,"event":{"mods":["BaseMod","Hermit","Minty Spire (QoL Compilation)","Replay The Spire","StSLib","Td1madao Mod","The Dragon Tamer"],"gold_per_floor":[110,180,197,197,213,213,70,86,86,98,98,124,189,200,200,303,303,313,313,81,98,114,149,164,164,164,182,182,215,140,157,157,255,255,265,265,285,285,300,333,333,23,23,36,49,61,61,71,71,71,71,71,22,47,47],"floor_reached":56,"playtime":5083,"items_purged":["hermit:Defend_Hermit"],"score":1298,"play_id":"26830ba7-e2e0-44bf-bfdf-f093e2691ad3","local_time":"20201230142215","is_ascension_mode":false,"campfire_choices":[{"floor":6.0,"key":"RECALL"},{"floor":11.0,"key":"REST"},{"floor":15.0,"key":"REST"},{"data":"hermit:FatalDesire","floor":25.0,"key":"SMITH"},{"floor":32.0,"key":"REST"},{"floor":41.0,"key":"REST"},{"data":"hermit:Midnight","floor":49.0,"key":"SMITH"}],"circlet_count":0,"master_deck":["hermit:Strike_Hermit+1","hermit:Covet","Pot Of Greed","hermit:GoldenBullet","hermit:ShadowCloak","Pot Of Greed","hermit:Roulette","hermit:FromBeyond","hermit:LowProfile","hermit:Horror+1","hermit:FatalDesire+1","Injury","Decay","hermit:Grudge","hermit:Grudge","hermit:ShadowCloak","hermit:ShadowCloak","Pot Of Greed","hermit:Manifest+1","hermit:Virtue+1","hermit:Midnight+1","Decay","hermit:FinalCanter","Parasite","hermit:Adapt","ReplayTheSpireMod:IOU","ReplayTheSpireMod:IOU"],"relics":["hermit:Momento","Grinning Jar","Chameleon Ring","Centennial Puzzle","Garlic","Kintsugi","DollysMirror","Gremlin Food","Darkstone Periapt","Replay:Wax Seal","Empty Cage","Bird Faced Urn","CaptainsWheel","Iron Hammer","Durian","Letter Opener","Strawberry"],"acts_visited":["Exordium","TheCity","TheBeyond","TheEnding"],"potions_floor_usage":[55,55],"damage_taken":[{"damage":4.0,"enemies":"Jaw Worm","floor":1.0,"turns":4.0},{"damage":0.0,"enemies":"Small Slimes","floor":3.0,"turns":3.0},{"damage":5.0,"enemies":"Cultist","floor":5.0,"turns":4.0},{"damage":5.0,"enemies":"Exordium Wildlife","floor":8.0,"turns":4.0},{"damage":2.0,"enemies":"Blue Slaver","floor":10.0,"turns":2.0},{"damage":13.0,"enemies":"3 Sentries","floor":12.0,"turns":4.0},{"damage":20.0,"enemies":"3 Sentries","floor":13.0,"turns":6.0},{"damage":11.0,"enemies":"Lots of Slimes","floor":14.0,"turns":3.0},{"damage":27.0,"enemies":"The Guardian","floor":16.0,"turns":9.0},{"damage":6.0,"enemies":"Spheric Guardian","floor":18.0,"turns":6.0},{"damage":0.0,"enemies":"3 Byrds","floor":21.0,"turns":5.0},{"damage":0.0,"enemies":"Snake Plant","floor":22.0,"turns":6.0},{"damage":22.0,"enemies":"Gremlin Leader","floor":23.0,"turns":11.0},{"damage":0.0,"enemies":"3 Cultists","floor":24.0,"turns":4.0},{"damage":24.0,"enemies":"Centurion and Healer","floor":27.0,"turns":9.0},{"damage":10.0,"enemies":"Slavers","floor":29.0,"turns":6.0},{"damage":0.0,"enemies":"Sentry and Sphere","floor":31.0,"turns":5.0},{"damage":21.0,"enemies":"Champ","floor":33.0,"turns":17.0},{"damage":6.0,"enemies":"Orb Walker","floor":35.0,"turns":3.0},{"damage":0.0,"enemies":"3 Darklings","floor":37.0,"turns":5.0},{"damage":24.0,"enemies":"Writhing Mass","floor":39.0,"turns":6.0},{"damage":18.0,"enemies":"Reptomancer","floor":40.0,"turns":10.0},{"damage":0.0,"enemies":"Spire Growth","floor":44.0,"turns":5.0},{"damage":0.0,"enemies":"Jaw Worm Horde","floor":45.0,"turns":3.0},{"damage":0.0,"enemies":"Maw","floor":46.0,"turns":8.0},{"damage":11.0,"enemies":"Sphere and 2 Shapes","floor":48.0,"turns":4.0},{"damage":35.0,"enemies":"Awakened One","floor":50.0,"turns":21.0},{"damage":10.0,"enemies":"Shield and Spear","floor":54.0,"turns":8.0},{"damage":41,"enemies":"The Heart","floor":55,"turns":14}],"seed_played":"97121816479941672","potions_obtained":[{"floor":1.0,"key":"Elixir"},{"floor":3.0,"key":"hermit:BlackBile"},{"floor":10.0,"key":"SteroidPotion"},{"floor":13.0,"key":"Fire Potion"},{"floor":21.0,"key":"Strength Potion"},{"floor":37.0,"key":"Block Potion"},{"floor":44.0,"key":"LiquidBronze"},{"floor":45.0,"key":"hermit:Tonic"},{"floor":52.0,"key":"Milkshake"}],"is_trial":false,"path_per_floor":["M","?","M","?","M","R","$","M","T","M","R","E","?","M","R","B",null,"M","?","$","M","M","E","M","R","T","M","?","E","$","M","R","B",null,"M","?","M","?","M","E","R","$","T","M","M","M","T","M","R","B",null,"R","$","E","B",null],"character_chosen":"HERMIT","items_purchased":["hermit:FromBeyond","hermit:ShadowCloak","DollysMirror","CaptainsWheel","Letter Opener"],"campfire_rested":4,"item_purchase_floors":[7,20,20,42,53],"current_hp_per_floor":[71,71,71,46,41,41,41,36,36,34,56,43,23,12,34,7,75,69,69,69,69,69,47,47,47,47,23,29,19,19,19,43,22,81,75,75,75,91,73,55,84,84,84,90,94,97,102,94,94,69,102,102,114,111,80],"gold":47,"neow_bonus":"RANDOM_COMMON_RELIC","is_daily":false,"chose_seed":false,"campfire_upgraded":2,"win_rate":0.0,"timestamp":1609305735,"path_taken":["M","?","M","?","M","R","$","?","T","M","R","E","?","M","R","BOSS","M","?","$","M","M","E","M","R","T","?","?","E","$","M","R","BOSS","M","?","M","?","?","E","R","$","T","M","M","M","?","M","R","BOSS","R","$","E","BOSS"],"items_purchased_type":["Card","Card","Relic","Relic","Relic"],"build_version":"2020-12-22","purchased_purges":1,"victory":true,"max_hp_per_floor":[75,75,75,75,75,75,75,75,75,75,75,75,75,75,75,75,75,75,75,75,75,75,75,75,75,75,75,81,81,81,81,81,81,81,81,81,81,91,97,97,97,97,97,97,97,97,102,102,102,102,102,102,114,121,121],"card_choices":[{"not_picked":["hermit:HoleUp","hermit:Ricochet"],"picked":"hermit:GoldenBullet","floor":1.0},{"not_picked":["hermit:PistolWhip","hermit:TrackingShot"],"picked":"hermit:ShadowCloak","floor":3.0},{"not_picked":["hermit:Enervate","hermit:BodyArmor"],"picked":"hermit:Roulette","floor":5.0},{"not_picked":["hermit:FromBeyond","hermit:Desperado"],"picked":"hermit:SprayPray","floor":8.0},{"not_picked":["hermit:Virtue","hermit:Quickdraw"],"picked":"hermit:LowProfile","floor":10.0},{"not_picked":["hermit:Midnight","hermit:Ricochet","hermit:Headshot"],"picked":"SKIP","floor":12.0},{"not_picked":["hermit:Dive","hermit:Gestalt"],"picked":"hermit:Horror","floor":14.0},{"not_picked":["hermit:EternalForm","hermit:Magnum"],"picked":"hermit:FatalDesire","floor":16.0},{"not_picked":["hermit:FlashPowder","hermit:CalledShot"],"picked":"hermit:Grudge","floor":18.0},{"not_picked":["hermit:ItchyTrigger+1","hermit:CalledShot"],"picked":"hermit:Manifest+1","floor":21.0},{"not_picked":["hermit:HoleUp","hermit:HighCaliber","hermit:SprayPray+1"],"picked":"SKIP","floor":22.0},{"not_picked":["hermit:Dive","hermit:ItchyTrigger","hermit:FullyLoaded"],"picked":"SKIP","floor":23.0},{"not_picked":["hermit:Maintenance","hermit:Shortfuse"],"picked":"hermit:Virtue+1","floor":24.0},{"not_picked":["hermit:LowProfile","hermit:Vantage+1"],"picked":"hermit:Midnight","floor":27.0},{"not_picked":["hermit:Glare","hermit:HoleUp+1"],"picked":"hermit:BlackWind","floor":29.0},{"not_picked":["hermit:Manifest","hermit:Feint","hermit:Cheat"],"picked":"SKIP","floor":31.0},{"not_picked":["hermit:FromBeyond","hermit:Gambit"],"picked":"hermit:FinalCanter","floor":33.0},{"not_picked":["hermit:FullyLoaded","hermit:Combo","hermit:Feint+1"],"picked":"SKIP","floor":35.0},{"not_picked":["hermit:Determination","hermit:LowProfile","hermit:Vantage"],"picked":"SKIP","floor":37.0},{"not_picked":["hermit:Ricochet","hermit:Scavenge+1","hermit:SprayPray+1"],"picked":"SKIP","floor":39.0},{"not_picked":["hermit:FromBeyond","hermit:Maintenance","hermit:Headshot+1"],"picked":"SKIP","floor":40.0},{"not_picked":["hermit:Ricochet","hermit:HoleUp+1","hermit:GoldenBullet"],"picked":"SKIP","floor":44.0},{"not_picked":["hermit:CursedWeapon+1","hermit:Coalescence"],"picked":"hermit:Adapt","floor":45.0},{"not_picked":["hermit:BigShot+1","hermit:Cheat+1","hermit:SprayPray+1"],"picked":"SKIP","floor":46.0},{"not_picked":["hermit:Headshot+1","hermit:Ricochet","hermit:WideOpen+1"],"picked":"SKIP","floor":48.0},{"not_picked":["hermit:Horror","hermit:EyeOfTheStorm+1","hermit:Glare"],"picked":"SKIP","floor":54.0}],"player_experience":164494,"relics_obtained":[{"floor":12.0,"key":"Centennial Puzzle"},{"floor":23.0,"key":"Gremlin Food"},{"floor":26.0,"key":"Darkstone Periapt"},{"floor":29.0,"key":"Replay:Wax Seal"},{"floor":40.0,"key":"Bird Faced Urn"},{"floor":43.0,"key":"Iron Hammer"},{"floor":47.0,"key":"Durian"},{"floor":54.0,"key":"Strawberry"}],"event_choices":[{"damage_healed":0.0,"max_hp_gain":0.0,"max_hp_loss":0.0,"gold_gain":70.0,"event_name":"Golden Wing","player_choice":"Gained Gold","floor":2.0,"gold_loss":0.0,"damage_taken":0.0},{"damage_healed":0.0,"max_hp_gain":0.0,"max_hp_loss":0.0,"gold_gain":0.0,"event_name":"Scrap Ooze","player_choice":"Success","floor":4.0,"gold_loss":0.0,"damage_taken":25.0,"relics_obtained":["Chameleon Ring"]},{"damage_healed":0.0,"max_hp_gain":0.0,"max_hp_loss":0.0,"gold_gain":0.0,"event_name":"Dead Adventurer","player_choice":"Searched \u00272\u0027 times","floor":13.0,"gold_loss":0.0,"damage_taken":0.0,"relics_obtained":["Garlic"]},{"damage_healed":0.0,"max_hp_gain":0.0,"max_hp_loss":0.0,"gold_gain":0.0,"event_name":"Duplicator","player_choice":"Copied","floor":19.0,"gold_loss":0.0,"damage_taken":0.0,"cards_obtained":["hermit:Grudge"]},{"damage_healed":0.0,"max_hp_gain":0.0,"max_hp_loss":0.0,"gold_gain":0.0,"event_name":"Forgotten Altar","player_choice":"Smashed Altar","floor":28.0,"gold_loss":0.0,"damage_taken":0.0,"cards_obtained":["Decay"]},{"cards_removed":["hermit:SprayPray"],"damage_healed":0.0,"max_hp_gain":0.0,"max_hp_loss":0.0,"gold_gain":0.0,"event_name":"Falling","player_choice":"Removed Attack","floor":36.0,"gold_loss":0.0,"damage_taken":0.0},{"cards_removed":["hermit:BlackWind"],"damage_healed":6.0,"max_hp_gain":10.0,"max_hp_loss":0.0,"gold_gain":0.0,"event_name":"Bonfire Elementals","player_choice":"Offered Rare","floor":38.0,"gold_loss":0.0,"damage_taken":0.0}],"is_beta":false,"boss_relics":[{"not_picked":["ReplayTheSpireMod:DimensionalGlitch","Snecko Eye"],"picked":"Kintsugi"},{"not_picked":["Replay:Bronze Core","Pandora\u0027s Box"],"picked":"Empty Cage"}],"items_purged_floors":[30],"is_endless":false,"potions_floor_spawned":[1,3,10,13,21,23,27,37,44,45,54],"ascension_level":0}}