{"host":"sav7uxregyirlf69","time":1609326314,"event":{"mods":["AchievementEnabler","BaseMod","Colored Map","DeckTracker","Keyboard Shortcuts","Minty Spire (QoL Compilation)","READ ME - Guardian Mod","StSLib","SuperFastMode"],"gold_per_floor":[14,34,34,34,47,47,67,91,117,137,178,178,212,226,226,315,378,392,16,32,53,103,103,123,123,123],"floor_reached":25,"playtime":641,"items_purged":["Strike_G"],"score":434,"play_id":"c678305f-8fee-481c-a3bf-39a9e7b3d72c","local_time":"20201230200514","is_ascension_mode":true,"campfire_choices":[{"floor":6,"key":"REST"},{"data":"Blade Dance","floor":12,"key":"SMITH"},{"data":"Accuracy","floor":15,"key":"SMITH"},{"data":"Noxious Fumes","floor":23,"key":"SMITH"}],"circlet_count":0,"master_deck":["AscendersBane","Strike_G","Strike_G+1","Strike_G","Defend_G+1","Defend_G","Defend_G","Defend_G","Survivor","Neutralize","Accuracy+1","Glass Knife","Predator","Footwork","Noxious Fumes+1","Blade Dance+1","Tactician","Backflip+1","PiercingWail","Calculated Gamble"],"relics":["Ring of the Snake","Golden Idol","Centennial Puzzle","Bag of Marbles","Strawberry","Tiny House","Ornamental Fan"],"acts_visited":["Exordium","TheCity"],"potions_floor_usage":[2,8,11,13,16],"damage_taken":[{"damage":0,"enemies":"2 Louse","floor":1,"turns":2},{"damage":0,"enemies":"Jaw Worm","floor":2,"turns":3},{"damage":0,"enemies":"Cultist","floor":5,"turns":3},{"damage":1,"enemies":"Exordium Wildlife","floor":7,"turns":5},{"damage":0,"enemies":"Gremlin Gang","floor":8,"turns":3},{"damage":1,"enemies":"Large Slime","floor":10,"turns":4},{"damage":13,"enemies":"3 Sentries","floor":11,"turns":7},{"damage":10,"enemies":"Lagavulin","floor":13,"turns":6},{"damage":0,"enemies":"Exordium Thugs","floor":14,"turns":2},{"damage":8,"enemies":"Slime Boss","floor":16,"turns":7},{"damage":4,"enemies":"Chosen","floor":18,"turns":4},{"damage":2,"enemies":"Spheric Guardian","floor":20,"turns":4},{"damage":3,"enemies":"Centurion and Healer","floor":21,"turns":8},{"damage":11,"enemies":"Snake Plant","floor":24,"turns":5},{"damage":42,"enemies":"Snecko","floor":25,"turns":6}],"seed_played":"3785404315920441674","potions_obtained":[{"floor":1,"key":"FearPotion"},{"floor":2,"key":"Explosive Potion"},{"floor":5,"key":"Strength Potion"},{"floor":11,"key":"CunningPotion"},{"floor":14,"key":"CultistPotion"},{"floor":16,"key":"GamblersBrew"},{"floor":17,"key":"PowerPotion"}],"is_trial":false,"path_per_floor":["M","M","?","?","M","R","M","M","T","M","E","R","E","M","R","B",null,"M","$","M","M","?","R","M","M"],"character_chosen":"THE_SILENT","items_purchased":["Ornamental Fan","PiercingWail"],"campfire_rested":1,"item_purchase_floors":[19,19],"current_hp_per_floor":[59,59,36,16,16,35,34,34,34,33,20,20,17,17,17,9,62,58,58,56,53,53,53,42,0,0],"gold":123,"neow_bonus":"TRANSFORM_TWO_CARDS","is_daily":false,"chose_seed":false,"campfire_upgraded":3,"win_rate":0.0,"timestamp":1609326314,"path_taken":["M","M","?","?","M","R","M","M","T","?","E","R","E","M","R","BOSS","M","$","?","M","?","R","?","M"],"items_purchased_type":["Relic","Card"],"build_version":"2020-12-22","purchased_purges":1,"victory":false,"max_hp_per_floor":[66,66,66,66,66,66,66,66,66,66,66,66,73,73,73,73,78,78,78,78,78,78,78,78,78,78],"card_choices":[{"not_picked":["Sucker Punch","Eviscerate"],"picked":"Predator","floor":1},{"not_picked":["Escape Plan","Dodge and Roll"],"picked":"Footwork","floor":2},{"not_picked":["Endless Agony","Masterful Stab"],"picked":"Noxious Fumes","floor":5},{"not_picked":["Poisoned Stab","Outmaneuver"],"picked":"Blade Dance","floor":7},{"not_picked":["Deflect","Flying Knee","Prepared"],"picked":"SKIP","floor":8},{"not_picked":["Crippling Poison","Dash","Outmaneuver"],"picked":"SKIP","floor":10},{"not_picked":["Dagger Spray","Bouncing Flask"],"picked":"Tactician","floor":11},{"not_picked":["Unload","Deadly Poison"],"picked":"Backflip","floor":13},{"not_picked":["Eviscerate","Outmaneuver","Backflip"],"picked":"SKIP","floor":14},{"not_picked":["Sucker Punch","Caltrops","Underhanded Strike"],"picked":"SKIP","floor":18},{"not_picked":["PiercingWail","Quick Slash","Deadly Poison"],"picked":"SKIP","floor":20},{"not_picked":["Dagger Throw","Expertise"],"picked":"Calculated Gamble","floor":21},{"not_picked":["Dagger Throw","Sucker Punch+1","Choke"],"picked":"SKIP","floor":24}],"player_experience":1073122,"relics_obtained":[{"floor":9,"key":"Centennial Puzzle"},{"floor":11,"key":"Bag of Marbles"},{"floor":13,"key":"Strawberry"}],"event_choices":[{"damage_healed":0,"gold_gain":0,"player_choice":"Take Damage","damage_taken":23,"relics_obtained":["Golden Idol"],"max_hp_gain":0,"max_hp_loss":0,"event_name":"Golden Idol","floor":3,"gold_loss":0},{"damage_healed":0,"gold_gain":0,"player_choice":"Entered Light","damage_taken":20,"max_hp_gain":0,"max_hp_loss":0,"event_name":"Shining Light","floor":4,"gold_loss":0,"cards_upgraded":["Strike_G","Defend_G"]},{"damage_healed":0,"gold_gain":100,"player_choice":"Bet on Murderer","damage_taken":0,"max_hp_gain":0,"max_hp_loss":0,"event_name":"The Joust","floor":22,"gold_loss":50}],"is_beta":false,"boss_relics":[{"not_picked":["HoveringKite","SacredBark"],"picked":"Tiny House"}],"items_purged_floors":[19],"is_endless":false,"potions_floor_spawned":[1,2,5,11,14,16],"killed_by":"Snecko","ascension_level":20}}