{"host":"soyfmymeou4emntr","time":1609297774,"event":{"mods":["BaseMod","Minty Spire (QoL Compilation)","Relic Sorter","Relic Stats","StSLib"],"gold_per_floor":[116,76,20,39,51,51,61,61,61,89,106,31,45,76,76,150,150,169,185,215,227,227,243,243,243],"floor_reached":24,"playtime":1568,"items_purged":["Strike_R"],"score":420,"play_id":"fe4bd34a-c171-4455-b05a-31273b82d196","local_time":"20201229200934","is_ascension_mode":true,"campfire_choices":[{"data":"Bash","floor":6.0,"key":"SMITH"},{"data":"Fiend Fire","floor":8.0,"key":"SMITH"},{"data":"Uppercut","floor":15.0,"key":"SMITH"}],"circlet_count":0,"master_deck":["AscendersBane","Strike_R","Strike_R","Strike_R","Strike_R","Defend_R","Defend_R","Defend_R","Defend_R","Bash+1","True Grit","Cleave","Pommel Strike","Fiend Fire+1","Bludgeon","Carnage","Uppercut+1","Brutality","Shrug It Off","Evolve","Combust+1","Disarm"],"relics":["Burning Blood","Akabeko","Gremlin Horn","CaptainsWheel","Sundial","Velvet Choker","Red Mask"],"acts_visited":["Exordium","TheCity"],"potions_floor_usage":[],"damage_taken":[{"damage":0.0,"enemies":"2 Louse","floor":1.0,"turns":2.0},{"damage":6.0,"enemies":"Cultist","floor":4.0,"turns":4.0},{"damage":5.0,"enemies":"Small Slimes","floor":5.0,"turns":3.0},{"damage":1.0,"enemies":"3 Louse","floor":7.0,"turns":4.0},{"damage":19.0,"enemies":"3 Sentries","floor":10.0,"turns":9.0},{"damage":6.0,"enemies":"Large Slime","floor":11.0,"turns":4.0},{"damage":0.0,"enemies":"Red Slaver","floor":13.0,"turns":1.0},{"damage":20.0,"enemies":"Lagavulin","floor":14.0,"turns":3.0},{"damage":44.0,"enemies":"The Guardian","floor":16.0,"turns":10.0},{"damage":14.0,"enemies":"Chosen","floor":18.0,"turns":3.0},{"damage":21.0,"enemies":"Shell Parasite","floor":19.0,"turns":2.0},{"damage":16.0,"enemies":"Masked Bandits","floor":20.0,"turns":4.0},{"damage":4.0,"enemies":"3 Cultists","floor":21.0,"turns":5.0},{"damage":19,"enemies":"Centurion and Healer","floor":23,"turns":7},{"damage":39,"enemies":"Chosen and Byrds","floor":24,"turns":5}],"seed_played":"-3431413368774111830","potions_obtained":[{"floor":2.0,"key":"HeartOfIron"},{"floor":2.0,"key":"FearPotion"},{"floor":14.0,"key":"ColorlessPotion"},{"floor":16.0,"key":"Weak Potion"}],"is_trial":false,"path_per_floor":["M","?","$","M","M","R","M","R","T","E","M","$","M","E","R","B",null,"M","M","?","M","?","M","M"],"character_chosen":"IRONCLAD","items_purchased":["Cleave"],"campfire_rested":0,"item_purchase_floors":[3],"current_hp_per_floor":[74,74,74,74,75,75,75,75,75,62,62,62,68,54,54,16,60,52,37,27,29,29,16,0,0],"gold":243,"neow_bonus":"RANDOM_COMMON_RELIC","is_daily":false,"chose_seed":false,"campfire_upgraded":3,"win_rate":0.0,"timestamp":1609297774,"path_taken":["M","?","$","M","M","R","M","R","T","E","M","?","?","E","R","BOSS","M","M","?","M","?","M","M"],"items_purchased_type":["Card"],"build_version":"2020-12-22","purchased_purges":1,"victory":false,"max_hp_per_floor":[75,75,75,75,75,75,75,75,75,75,75,75,75,75,75,75,75,75,75,75,75,75,75,75,75],"relic_stats":{"Gremlin Horn":[8,8],"counters":[15,66],"Sundial":[6],"obtain_stats":[{"CaptainsWheel":10,"Gremlin Horn":9,"Sundial":14,"Velvet Choker":17,"Red Mask":20,"Burning Blood":0,"Akabeko":0},{"CaptainsWheel":5,"Gremlin Horn":4,"Sundial":8,"Velvet Choker":9,"Red Mask":12,"Burning Blood":0,"Akabeko":0},{"CaptainsWheel":22,"Gremlin Horn":13,"Sundial":30,"Velvet Choker":40,"Red Mask":49,"Burning Blood":0,"Akabeko":0}],"Burning Blood":79},"card_choices":[{"not_picked":["Iron Wave","Intimidate"],"picked":"True Grit","floor":1.0},{"not_picked":["Armaments","True Grit"],"picked":"Pommel Strike","floor":4.0},{"not_picked":["True Grit","Twin Strike","Infernal Blade"],"picked":"SKIP","floor":5.0},{"not_picked":["Battle Trance","Headbutt"],"picked":"Fiend Fire","floor":7.0},{"not_picked":["Flex","Reckless Charge"],"picked":"Bludgeon","floor":10.0},{"not_picked":["Iron Wave","Perfected Strike"],"picked":"Carnage","floor":11.0},{"not_picked":["Reckless Charge","Warcry","Flex"],"picked":"SKIP","floor":13.0},{"not_picked":["Shrug It Off","Infernal Blade"],"picked":"Uppercut","floor":14.0},{"not_picked":["Juggernaut","Barricade"],"picked":"Brutality","floor":16.0},{"not_picked":["Iron Wave","Rampage","Armaments"],"picked":"SKIP","floor":18.0},{"not_picked":["Clothesline","Warcry"],"picked":"Shrug It Off","floor":19.0},{"not_picked":["Twin Strike","Headbutt"],"picked":"Evolve","floor":20.0},{"not_picked":["Bloodletting","Iron Wave"],"picked":"Combust+1","floor":21.0},{"not_picked":["Headbutt","Wild Strike"],"picked":"Disarm","floor":23}],"player_experience":2641290,"relics_obtained":[{"floor":9.0,"key":"Gremlin Horn"},{"floor":10.0,"key":"CaptainsWheel"},{"floor":14.0,"key":"Sundial"},{"floor":20.0,"key":"Red Mask"}],"event_choices":[{"damage_healed":0.0,"max_hp_gain":0.0,"max_hp_loss":0.0,"gold_gain":0.0,"event_name":"The Woman in Blue","player_choice":"Bought 3 Potions","floor":2.0,"gold_loss":0.0,"damage_taken":0.0},{"damage_healed":0.0,"max_hp_gain":0.0,"max_hp_loss":0.0,"gold_gain":0.0,"event_name":"Masked Bandits","player_choice":"Fought Bandits","floor":20.0,"gold_loss":0.0,"damage_taken":0.0},{"damage_healed":0.0,"max_hp_gain":0.0,"max_hp_loss":0.0,"gold_gain":0.0,"event_name":"Cursed Tome","player_choice":"Ignored","floor":22.0,"gold_loss":0.0,"damage_taken":0.0}],"is_beta":false,"boss_relics":[{"not_picked":["Pandora\u0027s Box","Runic Cube"],"picked":"Velvet Choker"}],"items_purged_floors":[12],"is_endless":false,"potions_floor_spawned":[5,7,14,16,18],"killed_by":"Chosen and Byrds","ascension_level":20}}