{"host":"e7zuhi56g3dzdmnx","time":1609289833,"event":{"mods":["AchievementEnabler","Act Like it!","BaseMod","Conspire","Downfall","Hermit","Minty Spire (QoL Compilation)","Rare Cards Sparkle","StSLib"],"gold_per_floor":[99,115,126,75,88,13,13,24,24,24,44,44,44,29,46,151,151,76,76,90,40,57,72,72,72,72,72,72],"floor_reached":26,"playtime":3506,"items_purged":[],"score":198,"play_id":"ab34c711-90a1-482d-8567-0098b3ed5855","local_time":"20201230005713","is_ascension_mode":false,"campfire_choices":[{"floor":1,"key":"RECALL"},{"data":"hexamod:Rewind","floor":6,"key":"SMITH"},{"data":"hexamod:Sear","floor":10,"key":"SMITH"},{"data":"hexamod:NecessarySacrifice","floor":13,"key":"SMITH"},{"data":"hexamod:TimeOfNeed","floor":18,"key":"SMITH"}],"circlet_count":0,"master_deck":["hexamod:Strike","hexamod:Strike","hexamod:Strike","hexamod:Strike","hexamod:Defend","hexamod:Defend","hexamod:Defend","hexamod:Defend","hexamod:Sear+1","hexamod:Float","hexamod:SwordOfDarkness","hexamod:Rewind+1","hexamod:AdvancingGuard","hexamod:PhantomFireball","hexamod:ChargedBarrage","hexamod:EtherealExpedition+1","hexamod:NecessarySacrifice+1","hexamod:FourthSeal","hexamod:TimeOfNeed+1","hexamod:Firestarter","hexamod:EmpoweringStance","hexamod:TimeOfNeed+1","hexamod:Rewind","hexamod:Rewind","hexamod:RadiantFlame","hexamod:ThermalTransfer","Slimebound:CheckThePlaybook"],"relics":["hexamod:SpiritBrand","downfall:HeartBlessingRed","Philosopher\u0027s Stone","downfall:HeartBlessingBlue","Sundial"],"acts_visited":["Exordium","TheCity"],"potions_floor_usage":[16,16,16,16,16,20,20,21,23,23,23,26,26],"damage_taken":[{"damage":1,"enemies":"Cultist","floor":2,"turns":3},{"damage":0,"enemies":"Small Slimes","floor":3,"turns":4},{"damage":0,"enemies":"downfall:FleeingMerchant","floor":4,"turns":4},{"damage":8,"enemies":"Jaw Worm","floor":5,"turns":4},{"damage":6,"enemies":"Exordium Thugs","floor":8,"turns":5},{"damage":2,"enemies":"conspire:2 RoseBushes","floor":11,"turns":3},{"damage":7,"enemies":"downfall:FleeingMerchant","floor":14,"turns":4},{"damage":10,"enemies":"3 Louse","floor":15,"turns":3},{"damage":13,"enemies":"downfall:Watcher","floor":16,"turns":5},{"damage":36,"enemies":"3 Byrds","floor":20,"turns":7},{"damage":10,"enemies":"downfall:FleeingMerchant","floor":21,"turns":4},{"damage":3,"enemies":"Shell Parasite","floor":22,"turns":6},{"damage":3,"enemies":"Centurion and Healer","floor":23,"turns":6},{"damage":44,"enemies":"Book of Stabbing","floor":26,"turns":3}],"seed_played":"-841780884886606614","potions_obtained":[{"floor":5,"key":"SteroidPotion"},{"floor":8,"key":"BlessingOfTheForge"},{"floor":11,"key":"Strength Potion"},{"floor":14,"key":"EntropicBrew"},{"floor":16,"key":"BlessingOfTheForge"},{"floor":16,"key":"Weak Potion"},{"floor":20,"key":"LiquidMemories"},{"floor":21,"key":"FearPotion"},{"floor":22,"key":"champ:CounterPotion"},{"floor":23,"key":"Fire Potion"},{"floor":23,"key":"Fire Potion"}],"is_trial":false,"path_per_floor":["R","M","M","$","M","R","T","M","?","R","M","?","R","$","M","B",null,"R","?","M","$","M","M","T","?","E"],"character_chosen":"THE_SPIRIT","items_purchased":["hexamod:PhantomFireball","hexamod:Rewind"],"campfire_rested":0,"item_purchase_floors":[4,21],"current_hp_per_floor":[77,76,76,76,68,68,68,62,62,62,60,60,60,53,43,30,77,87,87,51,41,38,35,35,35,0,0,0],"gold":72,"neow_bonus":"TEN_PERCENT_HP_BONUS","is_daily":false,"chose_seed":false,"campfire_upgraded":4,"win_rate":0.0,"timestamp":1609289833,"path_taken":["R","M","M","?","M","R","T","M","?","R","?","?","R","?","M","BOSS","R","?","M","?","?","M","T","?","E"],"items_purchased_type":["Card","Card"],"build_version":"2020-12-22","purchased_purges":0,"victory":false,"max_hp_per_floor":[77,77,77,77,77,77,77,77,77,77,77,77,77,77,77,77,77,87,87,87,87,87,87,87,79,79,79,79],"card_choices":[{"not_picked":["hexamod:ShieldOfDarkness","hexamod:ChargedBarrage"],"picked":"hexamod:SwordOfDarkness","floor":2},{"not_picked":["hexamod:PhantomCloak","hexamod:RainOfEmbers"],"picked":"hexamod:Rewind","floor":3},{"not_picked":["hexamod:FastForward","hexamod:ShieldOfDarkness"],"picked":"hexamod:AdvancingGuard","floor":4},{"not_picked":["hexamod:SpectersWail","hexamod:ShieldOfDarkness"],"picked":"hexamod:ChargedBarrage","floor":5},{"not_picked":["hexamod:FastForward","hexamod:GhostShield"],"picked":"hexamod:EtherealExpedition","floor":8},{"not_picked":["hexamod:GhostOfSpirePast","hexamod:SpectralAdrenaline"],"picked":"hexamod:NecessarySacrifice","floor":11},{"not_picked":["hexamod:RetreatToShadows","hexamod:GhostLash"],"picked":"hexamod:TimeOfNeed","floor":14},{"not_picked":["hexamod:Incineration","hexamod:FastForward"],"picked":"hexamod:Firestarter","floor":15},{"not_picked":["hexamod:UnleashSpirits","hexamod:ParanormalForm"],"picked":"hexamod:EmpoweringStance","floor":16},{"not_picked":["hexamod:RainOfEmbers","hexamod:Firestarter"],"picked":"hexamod:Rewind","floor":20},{"not_picked":["hexamod:BurningTouch","hexamod:TimeOfNeed","hexamod:PhantomCloak"],"picked":"SKIP","floor":21},{"not_picked":["hexamod:HauntingEcho","hexamod:BurningTouch"],"picked":"hexamod:RadiantFlame","floor":22},{"not_picked":["hexamod:SwordOfDarkness+1","hexamod:GhostShield"],"picked":"hexamod:ThermalTransfer","floor":23}],"player_experience":48745,"relics_obtained":[{"floor":24,"key":"Sundial"}],"event_choices":[{"damage_healed":0,"gold_gain":0,"player_choice":"Upgraded","damage_taken":0,"max_hp_gain":0,"max_hp_loss":0,"event_name":"Upgrade Shrine","floor":9,"gold_loss":0,"cards_upgraded":["hexamod:EtherealExpedition"]},{"damage_healed":0,"gold_gain":0,"player_choice":"Copied","damage_taken":0,"max_hp_gain":0,"max_hp_loss":0,"event_name":"Duplicator","floor":19,"gold_loss":0,"cards_obtained":["hexamod:TimeOfNeed"]}],"is_beta":false,"boss_relics":[{"not_picked":["Cursed Key","Velvet Choker"],"picked":"Philosopher\u0027s Stone"}],"items_purged_floors":[],"is_endless":false,"potions_floor_spawned":[5,8,11,16,22,23],"killed_by":"Book of Stabbing","ascension_level":0}}