{"host":"2h34w377mcmn31br","time":1609327978,"event":{"mods":["Act Like it!","AlwaysNeverKeys","BaseMod","Better Third Choice","BetterRewards","Colored Map","Minty Spire (QoL Compilation)","StSLib"],"gold_per_floor":[111,111,32,46,59,59,59,71,121,139,139,172,182,202,202,307,307,325,352,201,201,215,242,261,261,287,321,321,334,352,364,364,462,462,482,533,533,551,348,348,75,75,75,109,121,171,182,212,212,212,212,212,26,60,60],"floor_reached":56,"playtime":2612,"items_purged":["Defend_P","Defend_P","Vigilance","Defend_P","Strike_P","Strike_P","Strike_P","Defend_P"],"score":2569,"play_id":"b7e3a516-97aa-4b1c-af57-b51a63b69874","local_time":"20201230033258","is_ascension_mode":true,"campfire_choices":[{"data":"Eruption","floor":6.0,"key":"SMITH"},{"data":"Strike_P","floor":7.0,"key":"SMITH"},{"floor":15.0,"key":"DIG"},{"data":"Alpha+1","floor":25.0,"key":"PURGE"},{"data":"Eruption+1","floor":28.0,"key":"PURGE"},{"data":"Strike_P+1","floor":32.0,"key":"PURGE"},{"floor":40,"key":"DIG"},{"floor":42,"key":"DIG"},{"floor":49,"key":"DIG"},{"floor":52,"key":"DIG"}],"circlet_count":1,"master_deck":["Sadistic Nature+1","Adaptation+1","Mayhem+1","LikeWater+1","MasterReality+1","TalkToTheHand+1","ClearTheMind+1","Ragnarok+1","Mayhem+1","Tantrum+1","Blasphemy+1","Tantrum+1","Vault+1","Fasting2+1","Weave+1","Tantrum+1"],"relics":["PureWater","Frozen Egg 2","Calipers","Orrery","Unceasing Top","Toxic Egg 2","Happy Flower","Sling","Ginger","Peace Pipe","TeardropLocket","Prayer Wheel","Frozen Eye","Torii","Shovel","GoldenEye","Bronze Scales","Cauldron","Membership Card","Art of War","TungstenRod","Pocketwatch","Mummified Hand","Incense Burner","Melange","Orichalcum","Regal Pillow","Turnip","Chemical X","Pen Nib","Matryoshka","Dead Branch","Molten Egg 2","ClockworkSouvenir","Bird Faced Urn","FossilizedHelix","HandDrill","Bag of Preparation","Question Card","WingedGreaves","Ice Cream","Bottled Lightning","Pear","CaptainsWheel","CloakClasp","Strange Spoon","Oddly Smooth Stone","Bag of Marbles","Gambling Chip","Thread and Needle","Medical Kit","Pantograph","Meat on the Bone","Omamori","Blood Vial","Smiling Mask","Darkstone Periapt","Gremlin Horn","Runic Dome","Red Mask","Potion Belt","Tiny Chest","betterThird:NestCultRelic","Mango","Toy Ornithopter","Boot","White Beast Statue","Coffee Dripper","Akabeko","Shuriken","PreservedInsect","Eternal Feather","Kunai","Lizard Tail","Bottled Flame","CeramicFish","Damaru","Circlet","Ornamental Fan","War Paint","Yang","Anchor","Lee\u0027s Waffle","Blue Candle"],"acts_visited":["Exordium","TheCity","TheBeyond","TheEnding"],"potions_floor_usage":[50,50,55],"damage_taken":[{"damage":0.0,"enemies":"Small Slimes","floor":1.0,"turns":2.0},{"damage":0.0,"enemies":"Cultist","floor":4.0,"turns":1.0},{"damage":0.0,"enemies":"Jaw Worm","floor":5.0,"turns":2.0},{"damage":0.0,"enemies":"Blue Slaver","floor":8.0,"turns":2.0},{"damage":0.0,"enemies":"3 Louse","floor":10.0,"turns":1.0},{"damage":0.0,"enemies":"Lagavulin","floor":12.0,"turns":1.0},{"damage":0.0,"enemies":"Exordium Thugs","floor":13.0,"turns":3.0},{"damage":0.0,"enemies":"Looter","floor":14.0,"turns":1.0},{"damage":0.0,"enemies":"The Guardian","floor":16.0,"turns":1.0},{"damage":0.0,"enemies":"3 Byrds","floor":18.0,"turns":1.0},{"damage":0.0,"enemies":"Masked Bandits","floor":19.0,"turns":1.0},{"damage":0.0,"enemies":"Spheric Guardian","floor":22.0,"turns":1.0},{"damage":0.0,"enemies":"Slavers","floor":23.0,"turns":1.0},{"damage":0.0,"enemies":"Centurion and Healer","floor":24.0,"turns":1.0},{"damage":0.0,"enemies":"Book of Stabbing","floor":27.0,"turns":1.0},{"damage":0.0,"enemies":"Snecko","floor":29.0,"turns":1.0},{"damage":0.0,"enemies":"Chosen and Byrds","floor":30.0,"turns":1.0},{"damage":0.0,"enemies":"Shelled Parasite and Fungi","floor":31.0,"turns":1.0},{"damage":0.0,"enemies":"Champ","floor":33.0,"turns":1.0},{"damage":0.0,"enemies":"3 Shapes","floor":35.0,"turns":1.0},{"damage":0.0,"enemies":"2 Orb Walkers","floor":36.0,"turns":2.0},{"damage":0.0,"enemies":"3 Darklings","floor":38.0,"turns":2.0},{"damage":0,"enemies":"Nemesis","floor":44,"turns":2},{"damage":0,"enemies":"Maw","floor":45,"turns":1},{"damage":0,"enemies":"Mind Bloom Boss Battle","floor":46,"turns":1},{"damage":6,"enemies":"4 Shapes","floor":47,"turns":3},{"damage":0,"enemies":"Reptomancer","floor":48,"turns":1},{"damage":20,"enemies":"Donu and Deca","floor":50,"turns":5},{"damage":0,"enemies":"Shield and Spear","floor":54,"turns":2},{"damage":0,"enemies":"The Heart","floor":55,"turns":4}],"seed_played":"7268828998373805040","potions_obtained":[{"floor":0.0,"key":"FairyPotion"},{"floor":0.0,"key":"DistilledChaos"},{"floor":16.0,"key":"AttackPotion"},{"floor":27.0,"key":"DuplicationPotion"},{"floor":29.0,"key":"AttackPotion"},{"floor":36.0,"key":"LiquidBronze"},{"floor":44,"key":"SkillPotion"},{"floor":54,"key":"PowerPotion"}],"is_trial":false,"path_per_floor":["M","?","$","M","M","R","R","M","T","M","?","E","M","M","R","B",null,"M","?","$","?","M","E","M","R","T","E","R","M","M","M","R","B",null,"M","?","T","M","$","R","$","R","T","E","M","?","M","E","R","B",null,"R","$","E","B",null],"character_chosen":"WATCHER","items_purchased":["Frozen Egg 2","Calipers","Orrery","Toxic Egg 2","Happy Flower","Sling","Sadistic Nature+1","PowerPotion","TeardropLocket","Prayer Wheel","Frozen Eye","Adaptation+1","Strength Potion","Mayhem+1","GoldenEye","Bronze Scales","Cauldron","Membership Card","Art of War","TungstenRod","Mummified Hand","Melange","Orichalcum","Regal Pillow","Alpha+1","LikeWater+1","Chemical X","Pen Nib","Matryoshka","MasterReality+1","Molten Egg 2","ClockworkSouvenir","Bird Faced Urn","HandDrill","Bag of Preparation","Question Card","TalkToTheHand+1","ClearTheMind+1","Bottled Lightning","Pear","CaptainsWheel","Ragnarok+1","Strange Spoon","Oddly Smooth Stone","Bag of Marbles","Mayhem+1","Medical Kit","Pantograph","Meat on the Bone","Omamori","Potion Belt","Tiny Chest","Shuriken","PreservedInsect","Kunai","Lizard Tail","Anchor","Lee\u0027s Waffle","Fasting2+1","Weave+1"],"campfire_rested":0,"item_purchase_floors":[0,0,0,0,0,0,0,0,0,0,0,0,0,0,0,0,0,0,0,0,0,0,0,0,0,0,0,0,0,0,0,0,0,0,0,0,0,0,0,0,0,0,0,0,0,0,0,0,0,3,20,20,39,39,41,41,53,53,53,53],"current_hp_per_floor":[78,78,78,82,82,82,82,82,82,82,82,82,82,82,82,82,82,82,82,82,82,82,96,96,96,96,96,96,96,96,96,96,96,96,96,96,96,96,96,96,96,96,96,96,96,96,90,96,96,76,91,96,103,103,103],"gold":60,"neow_bonus":"","is_daily":false,"chose_seed":false,"campfire_upgraded":2,"win_rate":0.0,"timestamp":1609327978,"path_taken":["M","?","$","M","M","R","R","?","T","M","?","E","M","M","R","BOSS","M","?","$","?","M","E","M","R","T","E","R","M","?","M","R","BOSS","M","?","?","M","$","R","$","R","T","E","?","?","M","E","R","BOSS","R","$","E","BOSS"],"items_purchased_type":["Relic","Relic","Relic","Relic","Relic","Relic","Card","Potion","Relic","Relic","Relic","Card","Potion","Card","Relic","Relic","Relic","Relic","Relic","Relic","Relic","Relic","Relic","Relic","Card","Card","Relic","Relic","Relic","Card","Relic","Relic","Relic","Relic","Relic","Relic","Card","Card","Relic","Relic","Relic","Card","Relic","Relic","Relic","Card","Relic","Relic","Relic","Relic","Relic","Relic","Relic","Relic","Relic","Relic","Relic","Relic","Card","Card"],"build_version":"2020-12-22","purchased_purges":8,"victory":true,"max_hp_per_floor":[82,82,82,82,82,82,82,82,82,82,82,82,82,82,82,82,82,82,82,82,82,82,96,96,96,96,96,96,96,96,96,96,96,96,96,96,96,96,96,96,96,96,96,96,96,96,96,96,96,96,96,96,103,103,103],"card_choices":[{"not_picked":["CrushJoints+1","SashWhip+1","Prostrate+1","Consecrate+1"],"picked":"SKIP","floor":1.0},{"not_picked":["EmptyMind+1","FollowUp+1","BowlingBash+1","CutThroughFate+1"],"picked":"SKIP","floor":1.0},{"not_picked":["BattleHymn+1","ThirdEye+1","BowlingBash+1","Weave+1"],"picked":"SKIP","floor":4.0},{"not_picked":["DeceiveReality+1","Crescendo+1","Adaptation+1","JustLucky+1"],"picked":"SKIP","floor":4.0},{"not_picked":["EmptyFist+1","Protect+1","Study+1","Prostrate+1"],"picked":"SKIP","floor":5.0},{"not_picked":["Weave+1","CutThroughFate+1","Pray+1","Worship+1"],"picked":"SKIP","floor":5.0},{"not_picked":["SashWhip+1","Pray+1","JustLucky+1","PathToVictory+1"],"picked":"SKIP","floor":8.0},{"not_picked":["SashWhip+1","Protect+1","SignatureMove+1","MasterReality+1"],"picked":"SKIP","floor":8.0},{"not_picked":["Tantrum+1","Meditate+1","FollowUp+1"],"picked":"SashWhip+1","floor":10.0},{"not_picked":["ClearTheMind+1","Worship+1","Tantrum+1","BowlingBash+1"],"picked":"SKIP","floor":10.0},{"not_picked":["BowlingBash+1","Establishment+1","PathToVictory+1","SashWhip+1"],"picked":"SKIP","floor":12.0},{"not_picked":["ThirdEye+1","Study+1","CutThroughFate+1"],"picked":"Tantrum+1","floor":13.0},{"not_picked":["Fasting2+1","FlurryOfBlows+1","DeceiveReality+1","FlyingSleeves+1"],"picked":"SKIP","floor":13.0},{"not_picked":["Fasting2+1","FlurryOfBlows+1","DeceiveReality+1","FlyingSleeves+1"],"picked":"SKIP","floor":13.0},{"not_picked":["FlurryOfBlows+1","CutThroughFate+1","PathToVictory+1"],"picked":"Blasphemy+1","floor":14.0},{"not_picked":["InnerPeace+1","Weave+1","FlurryOfBlows+1"],"picked":"Tantrum+1","floor":14.0},{"not_picked":["Meditate+1","Halt+1","PathToVictory+1","Perseverance+1"],"picked":"SKIP","floor":18.0},{"not_picked":["SashWhip+1","CutThroughFate+1","PathToVictory+1","EmptyFist+1"],"picked":"SKIP","floor":18.0},{"not_picked":["CutThroughFate+1","Vengeance+1","WindmillStrike+1","WreathOfFlame+1"],"picked":"SKIP","floor":22.0},{"not_picked":["Fasting2+1","Study+1","Vengeance+1","Halt+1"],"picked":"SKIP","floor":22.0},{"not_picked":["FlurryOfBlows+1","CarveReality+1","TalkToTheHand+1","SashWhip+1"],"picked":"SKIP","floor":23.0},{"not_picked":["Protect+1","EmptyMind+1","CutThroughFate+1","ClearTheMind+1"],"picked":"SKIP","floor":24.0},{"not_picked":["PathToVictory+1","JustLucky+1","Crescendo+1","Protect+1"],"picked":"SKIP","floor":24.0},{"not_picked":["BowlingBash+1","LikeWater+1","Wireheading+1","CrushJoints+1"],"picked":"SKIP","floor":27.0},{"not_picked":["Conclude+1","Wireheading+1","TalkToTheHand+1","ReachHeaven+1"],"picked":"SKIP","floor":29.0},{"not_picked":["Perseverance+1","FlyingSleeves+1","PathToVictory+1","CutThroughFate+1"],"picked":"SKIP","floor":29.0},{"not_picked":["PathToVictory+1","Crescendo+1","WindmillStrike+1","WreathOfFlame+1"],"picked":"SKIP","floor":30.0},{"not_picked":["SandsOfTime+1","Crescendo+1","Brilliance+1","LikeWater+1"],"picked":"SKIP","floor":30.0},{"not_picked":["CutThroughFate+1","BattleHymn+1","SashWhip+1","Swivel+1"],"picked":"SKIP","floor":31.0},{"not_picked":["JustLucky+1","Study+1","ThirdEye+1","Protect+1"],"picked":"SKIP","floor":31.0},{"not_picked":["DevaForm+1","Scrawl+1","Brilliance+1"],"picked":"Vault+1","floor":33.0},{"not_picked":["LikeWater+1","BowlingBash+1","PathToVictory+1","FlyingSleeves+1"],"picked":"SKIP","floor":35.0},{"not_picked":["SashWhip+1","Evaluate+1","Perseverance+1","CutThroughFate+1"],"picked":"SKIP","floor":35.0},{"not_picked":["WindmillStrike+1","EmptyMind+1","CutThroughFate+1","ClearTheMind+1"],"picked":"SKIP","floor":38.0},{"not_picked":["FlyingSleeves+1","FlurryOfBlows+1","Evaluate+1","MasterReality+1"],"picked":"SKIP","floor":38.0},{"not_picked":["Wallop+1","Sanctity+1","EmptyBody+1","Judgement+1"],"picked":"SKIP","floor":44},{"not_picked":["Protect+1","Collect+1","SandsOfTime+1","EmptyBody+1"],"picked":"SKIP","floor":45},{"not_picked":["EmptyMind+1","InnerPeace+1","JustLucky+1","FlurryOfBlows+1"],"picked":"SKIP","floor":45},{"not_picked":["ClearTheMind+1","Evaluate+1","Prostrate+1","MentalFortress+1"],"picked":"SKIP","floor":47},{"not_picked":["Meditate+1","TalkToTheHand+1","Consecrate+1","Protect+1"],"picked":"SKIP","floor":47},{"not_picked":["DevaForm+1","ClearTheMind+1","SashWhip+1","WindmillStrike+1"],"picked":"SKIP","floor":48},{"not_picked":["InnerPeace+1","BowlingBash+1","Swivel+1"],"picked":"Tantrum+1","floor":54}],"player_experience":192125,"relics_obtained":[{"floor":9.0,"key":"Blood Vial"},{"floor":9.0,"key":"Smiling Mask"},{"floor":12.0,"key":"Darkstone Periapt"},{"floor":15.0,"key":"Gremlin Horn"},{"floor":19.0,"key":"Red Mask"},{"floor":23.0,"key":"Mango"},{"floor":26.0,"key":"Toy Ornithopter"},{"floor":26.0,"key":"Boot"},{"floor":27.0,"key":"White Beast Statue"},{"floor":37.0,"key":"Akabeko"},{"floor":40,"key":"Eternal Feather"},{"floor":42,"key":"Bottled Flame"},{"floor":43,"key":"CeramicFish"},{"floor":44,"key":"Damaru"},{"floor":46,"key":"Circlet"},{"floor":48,"key":"Ornamental Fan"},{"floor":49,"key":"War Paint"},{"floor":52,"key":"Yang"},{"floor":54,"key":"Blue Candle"}],"event_choices":[{"damage_healed":0.0,"max_hp_gain":0.0,"max_hp_loss":0.0,"gold_gain":0.0,"event_name":"Purifier","player_choice":"Ignored","floor":2.0,"gold_loss":0.0,"damage_taken":0.0},{"cards_removed":["SashWhip"],"damage_healed":0.0,"max_hp_gain":0.0,"max_hp_loss":0.0,"gold_gain":0.0,"event_name":"Living Wall","player_choice":"Forget","floor":11.0,"gold_loss":0.0,"damage_taken":0.0},{"damage_healed":0.0,"max_hp_gain":0.0,"max_hp_loss":0.0,"gold_gain":0.0,"event_name":"Masked Bandits","player_choice":"Fought Bandits","floor":19.0,"gold_loss":0.0,"damage_taken":0.0},{"damage_healed":0.0,"max_hp_gain":0.0,"max_hp_loss":0.0,"gold_gain":0.0,"event_name":"betterThird:BetterNest","player_choice":"Madness","floor":21.0,"gold_loss":0.0,"damage_taken":0.0,"relics_obtained":["betterThird:NestCultRelic"]},{"damage_healed":0.0,"max_hp_gain":0.0,"max_hp_loss":0.0,"gold_gain":0.0,"event_name":"Mysterious Sphere","player_choice":"Fight","floor":36.0,"gold_loss":0.0,"damage_taken":0.0},{"damage_healed":0,"gold_gain":0,"player_choice":"Fight","damage_taken":0,"max_hp_gain":0,"max_hp_loss":0,"event_name":"MindBloom","floor":46,"gold_loss":0}],"is_beta":false,"boss_relics":[{"not_picked":["Empty Cage","Sozu"],"picked":"Runic Dome"},{"not_picked":["HolyWater","Pandora\u0027s Box"],"picked":"Coffee Dripper"}],"items_purged_floors":[0,0,0,0,0,0,0,0],"is_endless":false,"potions_floor_spawned":[1,8,16,22,24,27,29,30,31,33,35,36,38,44,45,46,47,48,54],"ascension_level":8}}