{"host":"wjw2tk2y2rycscg9","time":1609316826,"event":{"mods":["2.2 Compatiblity","Act Like it!","Aspiration","BaseMod","Colored Map","Dota2Spire","Downfall","Hallownest","Hubris","Infinite Spire","Marisa????????","Minty Spire (QoL Compilation)","Relic Stats","Replay The Spire","Shade Mod","StSLib","The Alterego","The Servant 0.9.4","TheSwordswoman","Unceasing Turn Reminder","Yakumo Yukari mod"],"gold_per_floor":[120,120,120,134,150,178,278,295,295,295,325,340,356,368,368,368,368],"floor_reached":16,"playtime":860,"items_purged":[],"score":114,"play_id":"64052ac4-12ec-4586-a0ba-20b82945d60b","local_time":"20201230012706","is_ascension_mode":false,"campfire_choices":[{"floor":10,"key":"REST"},{"data":"alterego_mod:Smother","floor":15,"key":"SMITH"}],"circlet_count":0,"master_deck":["alterego_mod:Strike","alterego_mod:Strike","alterego_mod:Strike","alterego_mod:Strike","alterego_mod:Defend","alterego_mod:Defend","alterego_mod:Defend","alterego_mod:Defend","alterego_mod:Impale","alterego_mod:BigMeatyClaws","alterego_mod:BrynhildrsRune","alterego_mod:IndependentAction","alterego_mod:GoddessCore","alterego_mod:IndependentAction","alterego_mod:MagicResistance","alterego_mod:Smother+1"],"relics":["alterego_mod:MasochisticConstitution","hubris:Towel","aspiration:StickyExplosives_weak","infinitespire:Broken Mirror","infinitespire:ShieldingShard"],"acts_visited":["Exordium"],"potions_floor_usage":[6,6,11],"damage_taken":[{"damage":5,"enemies":"2 Louse","floor":1,"turns":5},{"damage":10,"enemies":"Small Slimes","floor":4,"turns":3},{"damage":14,"enemies":"Cultist","floor":5,"turns":4},{"damage":38,"enemies":"Lagavulin","floor":6,"turns":8},{"damage":8,"enemies":"3 Louse","floor":8,"turns":5},{"damage":46,"enemies":"3 Sentries","floor":11,"turns":16},{"damage":4,"enemies":"Blue Slaver","floor":12,"turns":4},{"damage":0,"enemies":"2 Fungi Beasts","floor":13,"turns":3},{"damage":13,"enemies":"Lots of Slimes","floor":14,"turns":6},{"damage":77,"enemies":"The Guardian","floor":16,"turns":8}],"seed_played":"-3139168654032416038","potions_obtained":[{"floor":1,"key":"Flashbang"},{"floor":5,"key":"ColorlessPotion"},{"floor":8,"key":"Venom Potion"}],"is_trial":true,"path_per_floor":["M","$","?","M","M","E","?","M","T","R","E","M","M","M","R","B"],"character_chosen":"The_Alterego","items_purchased":[],"campfire_rested":1,"item_purchase_floors":[],"current_hp_per_floor":[71,71,71,69,56,19,19,26,26,48,24,28,42,58,58,0,0],"gold":368,"neow_bonus":"","is_daily":false,"chose_seed":false,"campfire_upgraded":1,"win_rate":0.0,"timestamp":1609316826,"path_taken":["M","$","?","M","M","E","?","M","T","R","E","M","M","?","R","BOSS"],"items_purchased_type":[],"build_version":"2020-12-22","purchased_purges":0,"victory":false,"max_hp_per_floor":[71,71,71,72,73,74,74,75,75,75,76,77,77,78,78,78,78],"relic_stats":{"counters":[10,62],"obtain_stats":[{"alterego_mod:MasochisticConstitution":0,"infinitespire:ShieldingShard":11,"infinitespire:Broken Mirror":9,"hubris:Towel":3,"aspiration:StickyExplosives_weak":6},{"alterego_mod:MasochisticConstitution":0,"infinitespire:ShieldingShard":6,"infinitespire:Broken Mirror":5,"hubris:Towel":1,"aspiration:StickyExplosives_weak":4},{"alterego_mod:MasochisticConstitution":0,"infinitespire:ShieldingShard":41,"infinitespire:Broken Mirror":25,"hubris:Towel":5,"aspiration:StickyExplosives_weak":20}]},"card_choices":[{"not_picked":["alterego_mod:Pet","alterego_mod:DiscoLights","alterego_mod:Table"],"picked":"SKIP","floor":1},{"not_picked":["alterego_mod:DiscoLights","alterego_mod:BeGentle","alterego_mod:Pet"],"picked":"SKIP","floor":4},{"not_picked":["alterego_mod:BiFurious","alterego_mod:Cooking","alterego_mod:PerceptionDisorder"],"picked":"SKIP","floor":5},{"not_picked":["alterego_mod:Mirror","alterego_mod:DustData"],"picked":"alterego_mod:IndependentAction","floor":6},{"not_picked":["alterego_mod:GachaTicket","alterego_mod:Table"],"picked":"alterego_mod:GoddessCore","floor":8},{"not_picked":["alterego_mod:Bounce","alterego_mod:Lingerie","alterego_mod:DiscoLights"],"picked":"SKIP","floor":11},{"not_picked":["alterego_mod:RocketPunch","alterego_mod:Stockings"],"picked":"alterego_mod:IndependentAction","floor":12},{"not_picked":["alterego_mod:RingBreak","alterego_mod:Cooking"],"picked":"alterego_mod:MagicResistance","floor":13},{"not_picked":["alterego_mod:DeftHands","alterego_mod:Bounce"],"picked":"alterego_mod:Smother","floor":14}],"player_experience":1162076,"relics_obtained":[{"floor":6,"key":"aspiration:StickyExplosives_weak"},{"floor":9,"key":"infinitespire:Broken Mirror"},{"floor":11,"key":"infinitespire:ShieldingShard"}],"event_choices":[{"damage_healed":0,"gold_gain":100,"player_choice":"Gold","damage_taken":0,"max_hp_gain":0,"max_hp_loss":0,"event_name":"Wheel of Change","floor":7,"gold_loss":0}],"is_beta":false,"boss_relics":[],"items_purged_floors":[],"is_endless":false,"potions_floor_spawned":[1,5,8],"killed_by":"The Guardian","ascension_level":0}}