{"host":"kw4o7b3ro2ktmmbe","time":1609309833,"event":{"mods":["BaseMod","Evolution","Minty Spire (QoL Compilation)","StSLib","The Administrix"],"gold_per_floor":[112,37,37,37,48,48,80,96,150,178,198,198,210,110,110,209,209,221,221,221,221,241,241,268,30,55,55,69,94,120,120,120,216,216,231,231,10,10,22,52,52,83,108,108,118,118,133,146,146,146],"floor_reached":51,"playtime":13829,"items_purged":["AdministrixMod:Defend_Administrix","AdministrixMod:Defend_Administrix","Writhe"],"score":865,"play_id":"00b7b074-26c1-4341-8969-2057fd17e704","local_time":"20201230193033","is_ascension_mode":true,"campfire_choices":[{"data":"AdministrixMod:BlueCloak","floor":6,"key":"SMITH"},{"data":"AdministrixMod:Transition","floor":12,"key":"SMITH"},{"data":"AdministrixMod:PassageOfAges","floor":15,"key":"SMITH"},{"data":"AdministrixMod:FaithfulFlames","floor":23,"key":"SMITH"},{"floor":27,"key":"REST"},{"data":"Bite","floor":32,"key":"SMITH"},{"data":"Bite","floor":41,"key":"SMITH"},{"data":"AdministrixMod:DreamsMausoleum","floor":44,"key":"SMITH"},{"data":"Bite","floor":46,"key":"SMITH"},{"data":"Bite","floor":49,"key":"SMITH"}],"circlet_count":0,"master_deck":["AdministrixMod:RedCloak+1","AdministrixMod:Defend_Administrix","AdministrixMod:BlueCloak+1","AdministrixMod:PassageOfAges+1","AdministrixMod:Transition+1","AdministrixMod:FaithfulFlames+1","Bite+1","Bite+1","Bite+1","Bite+1","Bite+1","AdministrixMod:DreamsMausoleum+1","AdministrixMod:HarmonicReverence+1"],"relics":["AdministrixMod:ConductorRitualBaton","EVO:Axolotl","Bronze Scales","FossilizedHelix","War Paint","Mummified Hand","Runic Dome","Enchiridion","MutagenicStrength","Pen Nib","InkBottle","PreservedInsect","Pear","Nunchaku","Busted Crown","AdministrixMod:PrescriptionBottle","Pantograph","Bag of Preparation"],"acts_visited":["Exordium","TheCity","TheBeyond"],"potions_floor_usage":[24,33,37,50,50],"damage_taken":[{"damage":0,"enemies":"Cultist","floor":1,"turns":3},{"damage":0,"enemies":"2 Louse","floor":5,"turns":2},{"damage":23,"enemies":"Lagavulin","floor":7,"turns":8},{"damage":0,"enemies":"Small Slimes","floor":8,"turns":2},{"damage":0,"enemies":"Gremlin Nob","floor":10,"turns":3},{"damage":0,"enemies":"Blue Slaver","floor":11,"turns":2},{"damage":0,"enemies":"Looter","floor":13,"turns":3},{"damage":6,"enemies":"The Guardian","floor":16,"turns":11},{"damage":0,"enemies":"3 Byrds","floor":18,"turns":3},{"damage":0,"enemies":"2 Thieves","floor":22,"turns":4},{"damage":4,"enemies":"Gremlin Leader","floor":24,"turns":5},{"damage":5,"enemies":"Snake Plant","floor":28,"turns":4},{"damage":0,"enemies":"Book of Stabbing","floor":29,"turns":3},{"damage":19,"enemies":"Automaton","floor":33,"turns":7},{"damage":24,"enemies":"3 Shapes","floor":35,"turns":5},{"damage":0,"enemies":"3 Darklings","floor":39,"turns":2},{"damage":29,"enemies":"Nemesis","floor":40,"turns":3},{"damage":0,"enemies":"Reptomancer","floor":42,"turns":5},{"damage":21,"enemies":"4 Shapes","floor":45,"turns":4},{"damage":0,"enemies":"Spire Growth","floor":47,"turns":3},{"damage":0,"enemies":"Transient","floor":48,"turns":5},{"damage":28,"enemies":"Awakened One","floor":50,"turns":7}],"seed_played":"8862247689199110007","potions_obtained":[{"floor":1,"key":"SpeedPotion"},{"floor":5,"key":"Fire Potion"},{"floor":11,"key":"Fire Potion"},{"floor":28,"key":"AdministrixMod:AttunementTonic"},{"floor":29,"key":"Explosive Potion"},{"floor":39,"key":"Strength Potion"}],"is_trial":false,"path_per_floor":["M","$","T","$","M","R","E","M","T","E","M","R","M","$","R","B",null,"M","?","?","?","M","R","E","$","T","R","M","E","T","?","R","B",null,"M","?","$","?","M","E","R","E","T","R","M","R","M","M","R","B",null],"character_chosen":"TheAdministrix","items_purchased":["InkBottle","Fruit Juice"],"campfire_rested":1,"item_purchase_floors":[25,37],"current_hp_per_floor":[71,71,71,71,71,71,48,48,48,48,48,48,48,48,48,42,71,71,71,55,55,57,57,55,55,55,71,66,78,78,78,78,74,81,64,64,69,69,86,69,69,86,86,86,76,76,86,86,86,86],"gold":146,"neow_bonus":"TEN_PERCENT_HP_BONUS","is_daily":false,"chose_seed":false,"campfire_upgraded":9,"win_rate":0.0,"timestamp":1609309833,"path_taken":["M","?","?","$","?","R","E","M","T","E","M","R","M","$","R","BOSS","M","?","?","?","M","R","E","?","T","R","M","E","?","?","R","BOSS","M","?","$","?","M","E","R","E","T","R","M","R","?","?","R","BOSS"],"items_purchased_type":["Relic","Potion"],"build_version":"2020-12-22","purchased_purges":3,"victory":true,"max_hp_per_floor":[71,71,71,71,71,71,71,71,71,71,71,71,71,71,71,71,71,71,71,71,71,71,71,71,71,71,71,71,81,81,81,81,81,81,81,81,86,86,86,86,86,86,86,86,86,86,86,86,86,86],"card_choices":[{"not_picked":["AdministrixMod:ShadowPlay","AdministrixMod:HarmonicReverence","AdministrixMod:DiversionaryTactic"],"picked":"SKIP","floor":1},{"not_picked":["AdministrixMod:Untouchable","AdministrixMod:ExtolVirtue","AdministrixMod:ImmortalPurity"],"picked":"SKIP","floor":5},{"not_picked":["AdministrixMod:Mastermind","AdministrixMod:WickedPunishment","AdministrixMod:FiendishCrimson"],"picked":"SKIP","floor":7},{"not_picked":["AdministrixMod:PlateOfAntiquity","AdministrixMod:GuanyinBlessing"],"picked":"AdministrixMod:PassageOfAges","floor":8},{"not_picked":["AdministrixMod:Metempsychosis","AdministrixMod:ReachToHeaven"],"picked":"AdministrixMod:Transition","floor":10},{"not_picked":["AdministrixMod:Overdrive","AdministrixMod:FuneraryRites","AdministrixMod:TrickOfTheLight"],"picked":"SKIP","floor":11},{"not_picked":["AdministrixMod:NewbornDivinity","AdministrixMod:TouchOfCinnabar","AdministrixMod:ExtolVirtue"],"picked":"SKIP","floor":13},{"not_picked":["AdministrixMod:Schism","AdministrixMod:WifeLightning"],"picked":"AdministrixMod:FaithfulFlames","floor":16},{"not_picked":["AdministrixMod:RegentEdict","AdministrixMod:ImmortalPurity","AdministrixMod:Transition"],"picked":"SKIP","floor":18},{"not_picked":["AdministrixMod:Transition","AdministrixMod:BloodlessSapphire+1","AdministrixMod:CenturiesAscent"],"picked":"SKIP","floor":22},{"not_picked":["AdministrixMod:SyncreticSurge+1","AdministrixMod:ImmortalGrace","AdministrixMod:Transcension+1"],"picked":"SKIP","floor":24},{"not_picked":["AdministrixMod:QuietConspiracy","AdministrixMod:ImmortalGrace+1","AdministrixMod:TrickOfTheLight"],"picked":"SKIP","floor":28},{"not_picked":["AdministrixMod:Transition","AdministrixMod:FearOfDeath","AdministrixMod:CenturiesAscent"],"picked":"SKIP","floor":29},{"not_picked":[],"picked":"AdministrixMod:DreamsMausoleum","floor":35},{"not_picked":["AdministrixMod:SipOfSparks+1"],"picked":"SKIP","floor":39},{"not_picked":["AdministrixMod:ExtolVirtue"],"picked":"SKIP","floor":40},{"not_picked":[],"picked":"AdministrixMod:HarmonicReverence+1","floor":42},{"not_picked":["AdministrixMod:Transition"],"picked":"SKIP","floor":45},{"not_picked":["AdministrixMod:ShadowPlay"],"picked":"SKIP","floor":47},{"not_picked":["AdministrixMod:FuneraryRites+1"],"picked":"SKIP","floor":48}],"player_experience":1783125,"relics_obtained":[{"floor":3,"key":"Bronze Scales"},{"floor":7,"key":"FossilizedHelix"},{"floor":9,"key":"War Paint"},{"floor":10,"key":"Mummified Hand"},{"floor":20,"key":"Enchiridion"},{"floor":24,"key":"Pen Nib"},{"floor":26,"key":"PreservedInsect"},{"floor":29,"key":"Pear"},{"floor":30,"key":"Nunchaku"},{"floor":40,"key":"AdministrixMod:PrescriptionBottle"},{"floor":42,"key":"Pantograph"},{"floor":43,"key":"Bag of Preparation"}],"event_choices":[{"damage_healed":0,"gold_gain":0,"player_choice":"Opened","damage_taken":0,"relics_obtained":["Blood Vial"],"max_hp_gain":0,"max_hp_loss":0,"event_name":"The Mausoleum","floor":19,"gold_loss":0,"cards_obtained":["Writhe"]},{"damage_healed":0,"gold_gain":0,"player_choice":"Obtained Book","damage_taken":16,"max_hp_gain":0,"max_hp_loss":0,"event_name":"Cursed Tome","floor":20,"gold_loss":0},{"damage_healed":0,"gold_gain":0,"player_choice":"Inject Mutagens","damage_taken":0,"relics_obtained":["MutagenicStrength"],"max_hp_gain":0,"max_hp_loss":0,"event_name":"Drug Dealer","floor":21,"gold_loss":0},{"damage_healed":0,"gold_gain":0,"player_choice":"Became a vampire (Vial)","damage_taken":0,"max_hp_gain":0,"max_hp_loss":0,"event_name":"Vampires","floor":31,"relics_lost":["Blood Vial"],"gold_loss":0,"cards_obtained":["Bite","Bite","Bite","Bite","Bite"]},{"cards_removed":["AdministrixMod:Defend_Administrix"],"damage_healed":0,"gold_gain":0,"player_choice":"Removed Skill","damage_taken":0,"max_hp_gain":0,"max_hp_loss":0,"event_name":"Falling","floor":36,"gold_loss":0},{"damage_healed":0,"gold_gain":0,"player_choice":"Upgraded","damage_taken":0,"max_hp_gain":0,"max_hp_loss":0,"event_name":"Upgrade Shrine","floor":38,"gold_loss":0,"cards_upgraded":["Bite"]}],"is_beta":false,"boss_relics":[{"not_picked":["Astrolabe","Cursed Key"],"picked":"Runic Dome"},{"not_picked":["Tiny House","Velvet Choker"],"picked":"Busted Crown"}],"items_purged_floors":[2,14,37],"is_endless":false,"potions_floor_spawned":[1,5,11,28,29,39,45,48],"ascension_level":1}}