{"host":"e8rlfedn69rz2s07","time":1609287548,"event":{"mods":["Act Like it!","BaseMod","Conspire","Hubris","Infinite Spire","Minty Spire (QoL Compilation)","Permanent Neow","Relic Stats","Replay The Spire","Shop Mod","StSLib","The Jungle"],"gold_per_floor":[116,7,7,20,95,95,121,121,146,146,146,173,204,154,154,272,272,309,309,309,309],"floor_reached":20,"playtime":776,"items_purged":[],"score":352,"play_id":"a0ddb42e-9b8a-4303-b19a-f5b82e3759e2","local_time":"20201230021908","is_ascension_mode":true,"campfire_choices":[{"data":"Zap","floor":6.0,"key":"SMITH"},{"floor":8.0,"key":"REST"},{"floor":11.0,"key":"REST"},{"data":"Hologram","floor":15.0,"key":"SMITH"}],"circlet_count":0,"master_deck":["AscendersBane","Strike_B","Strike_B","Strike_B","Strike_B","Defend_B","Defend_B","Defend_B","Defend_B","Zap+1","Dualcast","Ball Lightning","Gash","Gash","Hologram+1","conspire:SpireCoStock","hubris:SpecializedCircuitry","Turbo"],"relics":["SacredBark","hubris:Towel","ReplayTheSpireMod:TigerMarble","Juzu Bracelet","Golden Idol","infinitespire:Satchel","Potion Belt","hubris:Backtick","infinitespire:BottledMercury","theJungle:BirthdayCake"],"acts_visited":["Exordium","Exordium"],"potions_floor_usage":[],"damage_taken":[{"damage":2.0,"enemies":"2 Louse","floor":1.0,"turns":3.0},{"damage":0.0,"enemies":"Jaw Worm","floor":4.0,"turns":3.0},{"damage":43.0,"enemies":"Gremlin Nob","floor":7.0,"turns":4.0},{"damage":25.0,"enemies":"Lagavulin","floor":13.0,"turns":5.0},{"damage":20.0,"enemies":"Hexaghost","floor":16.0,"turns":9.0},{"damage":32,"enemies":"theJungle:MUSHROOMGANG","floor":18,"turns":10},{"damage":39,"enemies":"theJungle:5_Spyders","floor":20,"turns":8}],"seed_played":"3183688615145306271","potions_obtained":[{"floor":13.0,"key":"ColorlessPotion"},{"floor":16.0,"key":"FocusPotion"}],"is_trial":false,"path_per_floor":["M","$","?","M","?","R","E","R","T","?","R","T","E","?","R","B",null,"M","?","M"],"character_chosen":"DEFECT","items_purchased":["Weak Potion","FearPotion"],"campfire_rested":2,"item_purchase_floors":[2,2],"current_hp_per_floor":[62,62,62,62,51,51,8,29,29,29,48,48,23,23,23,3,49,17,37,0,0],"gold":309,"neow_bonus":"BOSS_RELIC","is_daily":false,"chose_seed":false,"campfire_upgraded":2,"win_rate":0.0,"timestamp":1609287548,"path_taken":["M","$","?","M","?","R","E","R","T","?","R","?","E","?","R","BOSS","M","?","M"],"items_purchased_type":["Potion","Potion"],"build_version":"2020-12-22","purchased_purges":0,"victory":false,"max_hp_per_floor":[71,71,71,71,71,71,71,71,71,64,64,64,64,64,64,64,64,64,84,84,84],"relic_stats":{"counters":[7,42],"Golden Idol":35,"Juzu Bracelet":0,"obtain_stats":[{"Potion Belt":13,"infinitespire:BottledMercury":17,"hubris:Backtick":17,"Golden Idol":10,"SacredBark":0,"infinitespire:Satchel":12,"ReplayTheSpireMod:TigerMarble":7,"Juzu Bracelet":9,"theJungle:BirthdayCake":19,"hubris:Towel":3,"Cracked Core":0},{"Potion Belt":4,"infinitespire:BottledMercury":5,"hubris:Backtick":5,"Golden Idol":3,"SacredBark":0,"infinitespire:Satchel":3,"ReplayTheSpireMod:TigerMarble":3,"Juzu Bracelet":3,"theJungle:BirthdayCake":6,"hubris:Towel":1,"Cracked Core":0},{"Potion Belt":15,"infinitespire:BottledMercury":24,"hubris:Backtick":24,"Golden Idol":10,"SacredBark":0,"infinitespire:Satchel":10,"ReplayTheSpireMod:TigerMarble":10,"Juzu Bracelet":10,"theJungle:BirthdayCake":34,"hubris:Towel":3,"Cracked Core":0}]},"card_choices":[{"not_picked":["Reprogram","Redo"],"picked":"Ball Lightning","floor":1.0},{"not_picked":["ReplaySolidLightProjector","Barrage"],"picked":"Gash","floor":4.0},{"not_picked":["FTL","Redo"],"picked":"Gash","floor":7.0},{"not_picked":["Doom and Gloom","Time Bomb"],"picked":"Hologram","floor":13.0},{"not_picked":["Fission","Rainbow"],"picked":"hubris:SpecializedCircuitry","floor":16.0},{"not_picked":["Barrage","Stack"],"picked":"Turbo","floor":18}],"player_experience":930082,"relics_obtained":[{"floor":7.0,"key":"ReplayTheSpireMod:TigerMarble"},{"floor":9.0,"key":"Juzu Bracelet"},{"floor":12.0,"key":"infinitespire:Satchel"},{"floor":13.0,"key":"Potion Belt"}],"event_choices":[{"damage_healed":0.0,"max_hp_gain":0.0,"max_hp_loss":0.0,"gold_gain":75.0,"event_name":"World of Goop","player_choice":"Gather Gold","floor":5.0,"gold_loss":0.0,"damage_taken":11.0},{"damage_healed":0.0,"max_hp_gain":0.0,"max_hp_loss":7.0,"gold_gain":0.0,"event_name":"Golden Idol","player_choice":"Lose Max HP","floor":10.0,"gold_loss":0.0,"damage_taken":0.0,"relics_obtained":["Golden Idol"]},{"damage_healed":0.0,"max_hp_gain":0.0,"max_hp_loss":0.0,"gold_gain":0.0,"event_name":"conspire:Investor","player_choice":"Invest 1","floor":14.0,"gold_loss":0.0,"damage_taken":0.0}],"is_beta":false,"boss_relics":[{"not_picked":["SlaversCollar","Inserter"],"picked":"hubris:Backtick"}],"items_purged_floors":[],"is_endless":false,"potions_floor_spawned":[13,16],"killed_by":"theJungle:5_Spyders","ascension_level":20}}