{"host":"girf3bnli6r7x4ah","time":1609288198,"event":{"mods":["2.2 Compatiblity","AchievementEnabler","BaseMod","Colored Map","DeckTracker","Highlight Path","Minty Spire (QoL Compilation)","Random Character Button","Rare Cards Sparkle"],"gold_per_floor":[116,68,88,263,263,296,296,296,296],"floor_reached":8,"playtime":561,"items_purged":[],"score":57,"play_id":"a3d84409-f2cc-4ec6-bbf1-896906bc1b7e","local_time":"20201230012958","is_ascension_mode":true,"campfire_choices":[{"floor":7.0,"key":"REST"}],"circlet_count":0,"master_deck":["Strike_B","Strike_B","Strike_B","Strike_B","Defend_B","Defend_B","Defend_B","Defend_B","Zap","Dualcast","Defragment","Turbo","White Noise","Doubt","Conserve Battery"],"relics":["Inserter","Frozen Egg 2","Bottled Lightning"],"acts_visited":["Exordium"],"potions_floor_usage":[8,8],"damage_taken":[{"damage":2.0,"enemies":"2 Louse","floor":1.0,"turns":4.0},{"damage":1.0,"enemies":"Jaw Worm","floor":3.0,"turns":4.0},{"damage":61.0,"enemies":"3 Sentries","floor":6.0,"turns":12.0},{"damage":45,"enemies":"Gremlin Nob","floor":8,"turns":4}],"seed_played":"5544025464418896511","potions_obtained":[{"floor":1.0,"key":"Strength Potion"},{"floor":6.0,"key":"DistilledChaos"}],"is_trial":false,"path_per_floor":["M","$","M","?","?","E","R","E"],"character_chosen":"DEFECT","items_purchased":["Turbo"],"campfire_rested":1,"item_purchase_floors":[2],"current_hp_per_floor":[73,73,72,72,69,8,30,0,0],"gold":296,"neow_bonus":"BOSS_RELIC","is_daily":false,"chose_seed":false,"campfire_upgraded":0,"win_rate":0.0,"timestamp":1609288198,"path_taken":["M","$","M","?","?","E","R","E"],"items_purchased_type":["Card"],"build_version":"2020-12-22","purchased_purges":0,"victory":false,"max_hp_per_floor":[75,75,75,75,75,75,75,75,75],"card_choices":[{"not_picked":["Aggregate","Conserve Battery"],"picked":"Defragment","floor":1.0},{"not_picked":["Stack","Turbo"],"picked":"White Noise","floor":3.0},{"not_picked":["Force Field","Coolheaded"],"picked":"Conserve Battery","floor":6.0}],"player_experience":127623,"relics_obtained":[{"floor":6.0,"key":"Bottled Lightning"}],"event_choices":[{"damage_healed":0.0,"max_hp_gain":0.0,"max_hp_loss":0.0,"gold_gain":175.0,"event_name":"Liars Game","player_choice":"AGREE","floor":4.0,"gold_loss":0.0,"damage_taken":0.0,"cards_obtained":["Doubt"]},{"damage_healed":0.0,"max_hp_gain":0.0,"max_hp_loss":0.0,"gold_gain":0.0,"event_name":"Scrap Ooze","player_choice":"Success","floor":5.0,"gold_loss":0.0,"damage_taken":3.0,"relics_obtained":["Frozen Egg 2"]}],"is_beta":false,"boss_relics":[],"items_purged_floors":[],"is_endless":false,"potions_floor_spawned":[1,6],"killed_by":"Gremlin Nob","ascension_level":1}}