{"host":"f3zc1jx8b75bp9n4","time":1609324729,"event":{"mods":["AchievementEnabler","Act Like it!","AlwaysNeverKeys","BaseMod","Bestiary","Better-Laid Plans","BetterRewards","Block Reminder","Clockwork Mod","Colored Map","Colored Powertips","Conspire","DeckTracker","Downfall","Emptier Cage","Energized Spire","Friendly Minions","GifTheSpireLib","Gold Saver","Grow up Mod","Highlight Path","Hubris","Infinite Spire","Marisa????????","Minty Spire (QoL Compilation)","Permanent Neow","Quick Restart","Rare Cards Sparkle","Relic Stats","Replay The Spire","StSLib","Stuff the Spire","SuperFastMode","Synergy Search","The Animator","The Bladedancer","The Bug Knight","The Construct","The Cursed","The Necromancer","The Poker Player","The Runesmith","The Senshi","The Servant 0.9.4","Transform Curses","Unceasing Turn Reminder","Yuri Mod"],"gold_per_floor":[1666,888,888,907,33,66,66,66,89,89,114,114,129,169,169,265,265,275,302,302,13,13,41,60,60,60,89,111,141,16,16,16,118,118,138,163,183,183,203,238,261,298,298,324,349,375,415,433,433,433,433,433,27,64,76],"floor_reached":56,"playtime":4891,"items_purged":["animator:Defend","animator:Defend","Amnesia"],"score":1466,"play_id":"e22c9481-c5c8-4892-a80e-881b47867001","local_time":"20201230123849","is_ascension_mode":true,"campfire_choices":[{"data":"Draining Mist","floor":7,"key":"SMITH"},{"data":"animator:Tyuule","floor":7,"key":"SMITH"},{"data":"animator:Benimaru","floor":10,"key":"SMITH"},{"data":"animator:Archer","floor":10,"key":"SMITH"},{"data":"animator:KyokoSakura","floor":15,"key":"SMITH"},{"data":"animator:QuestionMark","floor":15,"key":"SMITH"},{"data":"animator:Vesta","floor":25,"key":"SMITH"},{"data":"Corpse Explosion","floor":25,"key":"SMITH"},{"data":"PiercingWail","floor":32,"key":"SMITH"},{"data":"animator:Chris","floor":32,"key":"SMITH"},{"floor":49,"key":"REST"},{"data":"conspire:DoublingDagger","floor":52,"key":"SMITH"},{"data":"Bouncing Flask","floor":52,"key":"SMITH"}],"circlet_count":0,"master_deck":["animator:Strike_Elsword","animator:Defend_Elsword","animator:Strike","animator:Strike+1","animator:Strike","animator:Chung","animator:Raven","animator:Chung","animator:Cirno","animator:RoryMercury","animator:Bozes+1","animator:Sonic","animator:Archer+1","animator:Mitsurugi","animator:QuestionMark+1","animator:Elsword","animator:Elsword+1","animator:SuzuneAmano","animator:Tyuule+1","Draining Mist+1","animator:Benimaru+1","animator:YaoHaDucy","Concentrate","animator:KyokoSakura+1","Corpse Explosion+1","Dagger Throw","Hidden Blade","animator:Vesta+1","Pain","animator:Chris+1","animator:Vanir+1","PiercingWail+1","Deflect","animator:Vanir","ReplayTheSpireMod:Necrosis","CurseOfTheBell","Bouncing Flask+1","Deadly Poison","animator:YaoHaDucy","Sucker Punch","animator:YunYun","Flying Knee","animator:Mitsurugi+1","animator:Chris","animator:Megumin+1","Burst+1","conspire:DoublingDagger+1","animator:Rena+1","conspire:DoublingDagger"],"relics":["animator:LivingPicture","animator:TheMissingPiece","StuffTheSpire:CocoNut","Replay:Arrowhead","BargainBundle","hubris:DisguiseKit","Nunchaku","Tiny Chest","Medical Kit","Blood Vial","animator:Buoy","ReplayTheSpireMod:Ring of Addiction","Toy Ornithopter","Chameleon Ring","StuffTheSpire:Mouthbags","StuffTheSpire:ForceGauntlet","Juzu Bracelet","SlaversCollar","Red Mask","hubris:AstralHammer","Replay:WaspNest","WarpedTongs","Whetstone","infinitespire:Broken Mirror","hubris:TinFlute","animator:BattleDrones","Calling Bell","Akabeko","Mercury Hourglass","Replay:Kaleidoscope","animator:WornHelmet","Replay:Mystery Machine","Potion Belt","Golden Egg","Happy Flower","ReplayTheSpireMod:Lightbulb","Pantograph","infinitespire:Satchel","infinitespire:Beetle Shell","Replay:Rubber Ducky"],"acts_visited":["Exordium","TheCity","TheBeyond","TheEnding"],"potions_floor_usage":[4,6,11,13,16,19,23,28,35,39,41,50,54,55,55,55,55,55,55,55,55,55,55,55],"damage_taken":[{"damage":0,"enemies":"2 Louse","floor":1,"turns":3},{"damage":0,"enemies":"Cultist","floor":4,"turns":2},{"damage":12,"enemies":"3 Sentries","floor":6,"turns":5},{"damage":9,"enemies":"HollowMod:MossKnight","floor":11,"turns":3},{"damage":2,"enemies":"conspire:RoseBush","floor":13,"turns":2},{"damage":2,"enemies":"Replay:BlueRogue","floor":14,"turns":2},{"damage":90,"enemies":"Hexaghost","floor":16,"turns":5},{"damage":11,"enemies":"Shell Parasite","floor":18,"turns":4},{"damage":10,"enemies":"Masked Bandits","floor":19,"turns":3},{"damage":12,"enemies":"conspire:SneckoGhost","floor":23,"turns":4},{"damage":18,"enemies":"3 Byrds","floor":24,"turns":2},{"damage":10,"enemies":"HollowMod:Nosk","floor":27,"turns":4},{"damage":27,"enemies":"Centurion and Healer","floor":28,"turns":5},{"damage":2,"enemies":"Gremlin Leader","floor":29,"turns":4},{"damage":27,"enemies":"Automaton","floor":33,"turns":6},{"damage":9,"enemies":"3 Darklings","floor":35,"turns":4},{"damage":25,"enemies":"conspire:MimicChest","floor":36,"turns":5},{"damage":23,"enemies":"3 Shapes","floor":37,"turns":3},{"damage":23,"enemies":"Transient","floor":39,"turns":5},{"damage":44,"enemies":"Nightmare","floor":40,"turns":6},{"damage":11,"enemies":"Maw","floor":41,"turns":5},{"damage":16,"enemies":"Reptomancer","floor":42,"turns":6},{"damage":3,"enemies":"Nemesis","floor":44,"turns":3},{"damage":39,"enemies":"Spire Growth","floor":46,"turns":3},{"damage":22,"enemies":"Reptomancer","floor":47,"turns":4},{"damage":3,"enemies":"Sphere and 2 Shapes","floor":48,"turns":3},{"damage":49,"enemies":"infinitespire:MassOfShapes","floor":50,"turns":7},{"damage":33,"enemies":"Shield and Spear","floor":54,"turns":6},{"damage":57,"enemies":"The Heart","floor":55,"turns":6}],"seed_played":"-4620202119305167472","potions_obtained":[{"floor":1,"key":"SteroidPotion"},{"floor":6,"key":"Venom Potion"},{"floor":12,"key":"Flashbang"},{"floor":12,"key":"LiquidBronze"},{"floor":13,"key":"Block Potion"},{"floor":18,"key":"Explosive Potion"},{"floor":19,"key":"Adrenaline Potion"},{"floor":27,"key":"CultistPotion"},{"floor":33,"key":"PowerPotion"},{"floor":37,"key":"Elixir"},{"floor":40,"key":"PowerPotion"},{"floor":42,"key":"conspire:TimeTravelPotion"},{"floor":46,"key":"EntropicBrew"},{"floor":47,"key":"Energy Potion"},{"floor":54,"key":"PowerPotion"}],"is_trial":false,"path_per_floor":["M","$","?","M","$","E","R","?","T","R","E","?","M","E","R","B",null,"M","?","T","$","?","E","M","R","T","E","M","E","$","$","R","B",null,"M","?","M","AVR","M","NM","M","E","T","E","T","M","E","M","R","B",null,"R","$","E","B",null],"character_chosen":"THE_ANIMATOR","items_purchased":["StuffTheSpire:CocoNut","Replay:Arrowhead","BargainBundle","animator:Cirno","animator:RoryMercury","animator:Bozes+1","animator:Sonic","animator:Archer","FearPotion","CultistPotion","animator:FalseLifePotion","Nunchaku","Tiny Chest","Medical Kit","animator:QuestionMark","animator:Elsword","animator:SuzuneAmano","animator:Tyuule","Guardian:BlockOnCardUsePotion","Replay:WaspNest","animator:Vesta","infinitespire:Satchel","infinitespire:Beetle Shell","ColorlessPotion","animator:Rena+1"],"campfire_rested":1,"item_purchase_floors":[2,2,2,2,2,2,2,2,2,2,2,5,5,5,5,5,5,5,5,21,21,53,53,53,53],"current_hp_per_floor":[86,103,113,123,133,131,141,151,161,171,179,189,204,214,224,151,253,252,259,269,279,289,294,288,298,308,310,300,310,320,330,340,325,417,416,403,392,402,396,364,370,366,376,385,395,368,358,367,541,520,579,589,599,574,626],"gold":76,"neow_bonus":"TRANSFORM_CARD","is_daily":false,"chose_seed":false,"campfire_upgraded":12,"win_rate":0.0,"timestamp":1609324729,"path_taken":["M","$","?","M","$","E","R","?","T","R","E","?","M","E","R","BOSS","M","?","?","$","?","E","M","R","T","E","M","E","?","$","R","BOSS","M","?","M","AVR","M","NM","M","E","T","E","?","M","E","M","R","BOSS","R","$","E","BOSS"],"items_purchased_type":["Relic","Relic","Relic","Card","Card","Card","Card","Card","Potion","Potion","Potion","Relic","Relic","Relic","Card","Card","Card","Card","Potion","Relic","Card","Relic","Relic","Potion","Card"],"build_version":"2020-12-22","purchased_purges":3,"victory":true,"max_hp_per_floor":[86,103,113,123,133,143,153,163,173,183,193,203,213,223,233,243,253,263,273,283,293,303,311,321,331,341,349,359,369,379,389,397,407,417,425,435,445,455,463,473,483,493,503,513,521,531,541,549,559,569,579,589,599,607,627],"relic_stats":{"Happy Flower":[9],"counters":[29,120],"Juzu Bracelet":2,"Whetstone":["animator:Strike","animator:Elsword"],"Medical Kit":[4],"WarpedTongs":[90],"Mercury Hourglass":[265],"Blood Vial":44,"Nunchaku":[30],"Pantograph":43,"Tiny Chest":2,"obtain_stats":[{"Golden Egg":43,"animator:TheMissingPiece":0,"Juzu Bracelet":14,"Whetstone":23,"Replay:Mystery Machine":40,"Replay:Rubber Ducky":54,"Blood Vial":6,"Nunchaku":5,"Chameleon Ring":8,"hubris:AstralHammer":20,"Pantograph":47,"Tiny Chest":5,"Red Mask":19,"hubris:TinFlute":27,"animator:Buoy":6,"Potion Belt":42,"hubris:DisguiseKit":3,"BargainBundle":2,"Happy Flower":44,"ReplayTheSpireMod:Ring of Addiction":8,"StuffTheSpire:ForceGauntlet":11,"animator:BattleDrones":29,"Replay:WaspNest":21,"infinitespire:Beetle Shell":53,"Replay:Kaleidoscope":34,"animator:WornHelmet":36,"Medical Kit":5,"Replay:Arrowhead":2,"Akabeko":34,"WarpedTongs":22,"Mercury Hourglass":34,"Calling Bell":34,"SlaversCollar":17,"StuffTheSpire:Mouthbags":9,"infinitespire:Broken Mirror":26,"infinitespire:Satchel":53,"StuffTheSpire:CocoNut":2,"animator:LivingPicture":0,"ReplayTheSpireMod:Lightbulb":45,"Toy Ornithopter":8},{"Golden Egg":22,"animator:TheMissingPiece":0,"Juzu Bracelet":6,"Whetstone":10,"Replay:Mystery Machine":20,"Replay:Rubber Ducky":28,"Blood Vial":3,"Nunchaku":2,"Chameleon Ring":3,"hubris:AstralHammer":9,"Pantograph":25,"Tiny Chest":2,"Red Mask":9,"hubris:TinFlute":12,"animator:Buoy":3,"Potion Belt":22,"hubris:DisguiseKit":1,"BargainBundle":1,"Happy Flower":23,"ReplayTheSpireMod:Ring of Addiction":3,"StuffTheSpire:ForceGauntlet":4,"animator:BattleDrones":14,"Replay:WaspNest":9,"infinitespire:Beetle Shell":27,"Replay:Kaleidoscope":15,"animator:WornHelmet":17,"Medical Kit":2,"Replay:Arrowhead":1,"Akabeko":15,"WarpedTongs":9,"Mercury Hourglass":15,"Calling Bell":15,"SlaversCollar":7,"StuffTheSpire:Mouthbags":3,"infinitespire:Broken Mirror":11,"infinitespire:Satchel":27,"StuffTheSpire:CocoNut":1,"animator:LivingPicture":0,"ReplayTheSpireMod:Lightbulb":23,"Toy Ornithopter":3},{"Golden Egg":88,"animator:TheMissingPiece":0,"Juzu Bracelet":17,"Whetstone":33,"Replay:Mystery Machine":77,"Replay:Rubber Ducky":114,"Blood Vial":10,"Nunchaku":5,"Chameleon Ring":10,"hubris:AstralHammer":29,"Pantograph":98,"Tiny Chest":5,"Red Mask":29,"hubris:TinFlute":39,"animator:Buoy":10,"Potion Belt":88,"hubris:DisguiseKit":3,"BargainBundle":3,"Happy Flower":91,"ReplayTheSpireMod:Ring of Addiction":10,"StuffTheSpire:ForceGauntlet":13,"animator:BattleDrones":48,"Replay:WaspNest":29,"infinitespire:Beetle Shell":108,"Replay:Kaleidoscope":54,"animator:WornHelmet":63,"Medical Kit":5,"Replay:Arrowhead":3,"Akabeko":54,"WarpedTongs":29,"Mercury Hourglass":54,"Calling Bell":54,"SlaversCollar":22,"StuffTheSpire:Mouthbags":10,"infinitespire:Broken Mirror":35,"infinitespire:Satchel":108,"StuffTheSpire:CocoNut":3,"animator:LivingPicture":0,"ReplayTheSpireMod:Lightbulb":91,"Toy Ornithopter":10}],"Toy Ornithopter":62},"card_choices":[{"not_picked":["animator:Shion","animator:SilverFang"],"picked":"animator:Benimaru","floor":1},{"not_picked":["animator:Kazuma","animator:Melzalgald","Quick Slash"],"picked":"animator:Mitsurugi","floor":4},{"not_picked":["animator:Raven","animator:Rider","animator:Caster"],"picked":"Draining Mist","floor":6},{"not_picked":["animator:Tyuule","animator:TukaLunaMarceau"],"picked":"animator:YaoHaDucy","floor":11},{"not_picked":["animator:Vanir","animator:Benimaru","animator:Darkness"],"picked":"Concentrate","floor":13},{"not_picked":["animator:Raven","animator:Assassin","Replay:Bag of Tricks"],"picked":"animator:KyokoSakura","floor":14},{"not_picked":["animator:Saber","animator:Boros","animator:Saitama"],"picked":"Corpse Explosion","floor":16},{"not_picked":["animator:Geryuganshoop","animator:Melzalgald+1","animator:Shuna+1"],"picked":"Dagger Throw","floor":18},{"not_picked":["animator:Assassin","animator:Lu","animator:Benimaru"],"picked":"Hidden Blade","floor":19},{"not_picked":["animator:Kazuma","animator:Mitsurugi"],"picked":"animator:Chris","floor":23},{"not_picked":["animator:Kyubey","animator:SilverFang","StuffTheSpire:Sprint"],"picked":"animator:Vanir+1","floor":24},{"not_picked":["animator:Kaijin+1","animator:Shion","animator:Kyubey"],"picked":"PiercingWail","floor":27},{"not_picked":["animator:Add","animator:MetalKnight","animator:SakuraMatou"],"picked":"Deflect","floor":28},{"not_picked":["animator:Verdia","animator:Kazuma"],"picked":"animator:Vanir","floor":29},{"not_picked":["animator:Eve","animator:Rimuru","animator:Boros"],"picked":"ReplayTheSpireMod:Necrosis","floor":33},{"not_picked":["animator:Genos+1","animator:Berserker+1","animator:ShinjiMatou+1"],"picked":"Bouncing Flask","floor":35},{"not_picked":["animator:Berserker+1","animator:Archer","animator:Rider+1"],"picked":"Deadly Poison","floor":36},{"not_picked":["animator:Melzalgald+1","animator:Assassin+1","Dodge and Roll"],"picked":"animator:YaoHaDucy","floor":37},{"not_picked":["animator:SakuraMatou","animator:Caster+1","animator:YaoHaDucy"],"picked":"Sucker Punch","floor":39},{"not_picked":["animator:Verdia","animator:Chris"],"picked":"animator:YunYun","floor":40},{"not_picked":["animator:Verdia","animator:SayakaMiki","animator:Archer"],"picked":"Flying Knee","floor":41},{"not_picked":["animator:Tatsumaki","animator:Raven+1","Dagger Throw"],"picked":"animator:Mitsurugi+1","floor":42},{"not_picked":["animator:Kuribayashi+1","animator:SilverFang","Setup"],"picked":"animator:Chris","floor":44},{"not_picked":["animator:Vanir","animator:Verdia"],"picked":"animator:Megumin","floor":46},{"not_picked":["animator:Elsword","animator:Shion+1","animator:Caster"],"picked":"Burst","floor":47},{"not_picked":["animator:Assassin","animator:LeleiLaLalena","animator:Shuna+1"],"picked":"conspire:DoublingDagger","floor":48},{"not_picked":["animator:ShinjiMatou","animator:Lancer","animator:Genos"],"picked":"conspire:DoublingDagger","floor":54}],"player_experience":255866,"relics_obtained":[{"floor":6,"key":"Blood Vial"},{"floor":6,"key":"animator:Buoy"},{"floor":8,"key":"ReplayTheSpireMod:Ring of Addiction"},{"floor":8,"key":"Toy Ornithopter"},{"floor":8,"key":"Chameleon Ring"},{"floor":9,"key":"StuffTheSpire:Mouthbags"},{"floor":11,"key":"StuffTheSpire:ForceGauntlet"},{"floor":14,"key":"Juzu Bracelet"},{"floor":19,"key":"Red Mask"},{"floor":20,"key":"hubris:AstralHammer"},{"floor":23,"key":"Whetstone"},{"floor":26,"key":"infinitespire:Broken Mirror"},{"floor":27,"key":"hubris:TinFlute"},{"floor":29,"key":"animator:BattleDrones"},{"floor":34,"key":"Akabeko"},{"floor":34,"key":"Mercury Hourglass"},{"floor":34,"key":"Replay:Kaleidoscope"},{"floor":36,"key":"animator:WornHelmet"},{"floor":40,"key":"Replay:Mystery Machine"},{"floor":42,"key":"Potion Belt"},{"floor":43,"key":"Golden Egg"},{"floor":44,"key":"Happy Flower"},{"floor":45,"key":"ReplayTheSpireMod:Lightbulb"},{"floor":47,"key":"Pantograph"},{"floor":54,"key":"Replay:Rubber Ducky"}],"event_choices":[{"damage_healed":0,"gold_gain":0,"player_choice":"Got Potions","damage_taken":0,"max_hp_gain":0,"max_hp_loss":0,"event_name":"Lab","floor":12,"gold_loss":0},{"damage_healed":0,"gold_gain":0,"player_choice":"Fought Bandits","damage_taken":0,"max_hp_gain":0,"max_hp_loss":0,"event_name":"Masked Bandits","floor":19,"gold_loss":0},{"damage_healed":0,"gold_gain":0,"player_choice":"Rummage","damage_taken":0,"relics_obtained":["WarpedTongs"],"max_hp_gain":0,"max_hp_loss":0,"event_name":"Accursed Blacksmith","floor":22,"gold_loss":0,"cards_obtained":["Pain"]}],"is_beta":false,"boss_relics":[{"not_picked":["conspire:SpecialSausage","energizedSpire:NeverEndingSparkler"],"picked":"SlaversCollar"},{"not_picked":["Pandora\u0027s Box","hubris:Stopwatch"],"picked":"Calling Bell"}],"items_purged_floors":[2,5,30],"is_endless":false,"potions_floor_spawned":[1,6,13,14,18,19,27,33,37,40,42,46,47,54],"ascension_level":1}}