{"host":"rag04wbrzwiojxfu","time":1609316550,"event":{"mods":["AchievementEnabler","Alarm Clock","BaseMod","Bestiary","Block Reminder","Colored Powertips","Highlight Path","Minty Spire (QoL Compilation)","Quick Restart","Relic Sorter","Relic Stats","Shop Mod","StSLib"],"gold_per_floor":[116,41,191,191,210,210,210,210,210,210,43,43,43,61,61,132,182,201,201,147,147,157,157,157,157,180,180,100,100,100,100,100,100,100],"floor_reached":33,"playtime":2328,"items_purged":["Pray"],"score":450,"play_id":"b273163f-2f37-4c47-9839-9cef5679439e","local_time":"20201230022230","daily_mods":["Draft","Colorless Cards","Heirloom","Flight","Elite Swarm"],"is_ascension_mode":true,"campfire_choices":[{"data":"Doubt","floor":6,"key":"PURGE"},{"data":"CutThroughFate","floor":7,"key":"PURGE"},{"data":"Deep Breath","floor":8,"key":"PURGE"},{"data":"Indignation","floor":10,"key":"PURGE"},{"data":"Pray","floor":12,"key":"PURGE"},{"data":"Study","floor":15,"key":"PURGE"},{"data":"EmptyBody","floor":23,"key":"PURGE"},{"data":"Indignation+1","floor":24,"key":"PURGE"},{"data":"Eruption","floor":25,"key":"PURGE"},{"data":"Crescendo","floor":27,"key":"PURGE"},{"data":"LessonLearned","floor":29,"key":"SMITH"},{"data":"Writhe","floor":32,"key":"PURGE"}],"circlet_count":0,"master_deck":["AscendersBane","Panacea","InnerPeace+1","FlurryOfBlows","EmptyMind","TalkToTheHand","Tantrum","ClearTheMind","FearNoEvil","Crescendo","Flash of Steel+1","LessonLearned+1","TalkToTheHand","Crescendo","FlurryOfBlows","FearNoEvil"],"relics":["PureWater","Peace Pipe","Anchor","Tiny Chest","Tiny House","Letter Opener","Bag of Marbles","Vajra"],"acts_visited":["Exordium","TheCity"],"potions_floor_usage":[18,33],"damage_taken":[{"damage":8,"enemies":"Jaw Worm","floor":1,"turns":2},{"damage":0,"enemies":"Cultist","floor":5,"turns":2},{"damage":0,"enemies":"2 Louse","floor":14,"turns":2},{"damage":25,"enemies":"Slime Boss","floor":16,"turns":6},{"damage":0,"enemies":"Chosen","floor":18,"turns":2},{"damage":4,"enemies":"Shell Parasite","floor":22,"turns":3},{"damage":76,"enemies":"Champ","floor":33,"turns":6}],"seed_played":"8812143392097031021","potions_obtained":[{"floor":16,"key":"Dexterity Potion"},{"floor":17,"key":"SteroidPotion"}],"is_trial":true,"path_per_floor":["M","$","?","?","M","R","R","R","T","R","$","R","?","M","R","B",null,"M","?","$","T","M","R","R","R","T","R","$","R","?","$","R","B"],"character_chosen":"WATCHER","items_purchased":["Tiny Chest","FlurryOfBlows","FearNoEvil"],"campfire_rested":0,"item_purchase_floors":[11,20,28],"current_hp_per_floor":[53,53,53,53,53,53,53,53,53,53,53,53,53,53,53,28,63,63,63,63,63,59,59,59,59,59,59,59,59,59,59,59,0,0],"gold":100,"neow_bonus":"","is_daily":false,"chose_seed":false,"campfire_upgraded":1,"win_rate":0.0,"timestamp":1609316550,"path_taken":["M","$","?","?","?","R","R","R","T","R","$","R","?","?","R","BOSS","M","?","$","?","?","R","R","R","T","R","$","R","?","$","R","BOSS"],"items_purchased_type":["Relic","Card","Card"],"build_version":"2020-12-22","purchased_purges":1,"victory":false,"max_hp_per_floor":[68,68,68,68,68,68,68,68,68,68,68,68,68,68,68,68,73,73,73,73,73,73,73,73,73,73,73,73,73,73,73,73,73,73],"relic_stats":{"Peace Pipe":11,"counters":[7,23],"Tiny Chest":1,"Letter Opener":[15],"obtain_stats":[{"Peace Pipe":0,"Anchor":9,"Tiny House":17,"Vajra":30,"Tiny Chest":11,"Bag of Marbles":26,"Letter Opener":21,"PureWater":0},{"Peace Pipe":0,"Anchor":2,"Tiny House":4,"Vajra":6,"Tiny Chest":2,"Bag of Marbles":6,"Letter Opener":5,"PureWater":0},{"Peace Pipe":0,"Anchor":4,"Tiny House":12,"Vajra":17,"Tiny Chest":4,"Bag of Marbles":17,"Letter Opener":14,"PureWater":0}]},"card_choices":[{"not_picked":["CutThroughFate","Halt"],"picked":"Panacea","floor":0},{"not_picked":["Evaluate","FlyingSleeves"],"picked":"Sanctity","floor":0},{"not_picked":["CutThroughFate","ThirdEye"],"picked":"Pray","floor":0},{"not_picked":["CarveReality","Mind Blast"],"picked":"InnerPeace","floor":0},{"not_picked":["Meditate","ClearTheMind"],"picked":"Indignation","floor":0},{"not_picked":["Madness","Swift Strike"],"picked":"FlurryOfBlows","floor":0},{"not_picked":["FollowUp","Pray"],"picked":"EmptyMind","floor":0},{"not_picked":["SashWhip","EmptyMind"],"picked":"TalkToTheHand","floor":0},{"not_picked":["Halt","Prostrate"],"picked":"Pray","floor":0},{"not_picked":["Protect","TalkToTheHand"],"picked":"Tantrum","floor":0},{"not_picked":["CrushJoints","FlyingSleeves"],"picked":"ClearTheMind","floor":0},{"not_picked":["FollowUp","CrushJoints"],"picked":"CutThroughFate","floor":0},{"not_picked":["Protect","CutThroughFate"],"picked":"Indignation","floor":0},{"not_picked":["InnerPeace","Evaluate"],"picked":"FearNoEvil","floor":0},{"not_picked":["ThirdEye","Study"],"picked":"Deep Breath","floor":0},{"not_picked":["Protect","Mind Blast"],"picked":"EmptyBody","floor":1},{"not_picked":["Madness","Prostrate"],"picked":"Crescendo","floor":5},{"not_picked":["Study","ThirdEye"],"picked":"Flash of Steel","floor":14},{"not_picked":["Brilliance","Wish"],"picked":"LessonLearned","floor":16},{"not_picked":["EmptyFist","CarveReality"],"picked":"TalkToTheHand","floor":17},{"not_picked":["Sanctity+1","ForeignInfluence"],"picked":"Crescendo","floor":18},{"not_picked":["Prostrate","ThirdEye"],"picked":"Crescendo","floor":22}],"player_experience":253826,"relics_obtained":[{"floor":9,"key":"Anchor"},{"floor":21,"key":"Letter Opener"},{"floor":26,"key":"Bag of Marbles"}],"event_choices":[{"damage_healed":0,"gold_gain":150,"player_choice":"AGREE","damage_taken":0,"max_hp_gain":0,"max_hp_loss":0,"event_name":"Liars Game","floor":3,"gold_loss":0,"cards_obtained":["Doubt"]},{"damage_healed":0,"gold_gain":0,"player_choice":"1 cards matched","damage_taken":0,"max_hp_gain":0,"max_hp_loss":0,"event_name":"Match and Keep!","floor":4,"gold_loss":0,"cards_obtained":["Eruption"]},{"damage_healed":0,"gold_gain":0,"cards_transformed":["Sanctity"],"player_choice":"Transformed","damage_taken":0,"max_hp_gain":0,"max_hp_loss":0,"event_name":"Transmorgrifier","floor":13,"gold_loss":0,"cards_obtained":["Study"]},{"damage_healed":0,"gold_gain":0,"player_choice":"0 cards matched","damage_taken":0,"max_hp_gain":0,"max_hp_loss":0,"event_name":"Match and Keep!","floor":19,"gold_loss":0,"cards_obtained":[]},{"damage_healed":0,"gold_gain":0,"player_choice":"Opened","damage_taken":0,"relics_obtained":["Vajra"],"max_hp_gain":0,"max_hp_loss":0,"event_name":"The Mausoleum","floor":30,"gold_loss":0,"cards_obtained":["Writhe"]}],"is_beta":false,"boss_relics":[{"not_picked":["Ectoplasm","Runic Dome"],"picked":"Tiny House"}],"items_purged_floors":[2],"is_endless":false,"potions_floor_spawned":[16],"killed_by":"Champ","ascension_level":20}}