{"host":"31s8hzukbhz1k6i6","time":1609366087,"event":{"mods":["AchievementEnabler","BaseMod","Bestiary","Colored Map","Filter the Spire","Minty Spire (QoL Compilation)","Relic Stats","UnlockEverythingMod","ojb\u0027s Info Mod"],"gold_per_floor":[112,112,112,123,93,125,145,145,145,180,192,204,231,254,266,373,385,408,433,445,10,28,62,62,78,78,98,98,98],"floor_reached":28,"playtime":1249,"items_purged":["Strike_G"],"score":413,"play_id":"17a9e0b0-b280-4ba2-a421-1312a5aad50c","local_time":"20201230140807","is_ascension_mode":true,"campfire_choices":[{"data":"Skewer","floor":8.0,"key":"SMITH"},{"data":"Deadly Poison","floor":11.0,"key":"SMITH"},{"data":"Deadly Poison","floor":15.0,"key":"SMITH"},{"data":"Adrenaline","floor":24,"key":"SMITH"}],"circlet_count":0,"master_deck":["AscendersBane","Strike_G","Strike_G","Strike_G","Defend_G","Defend_G","Defend_G","Defend_G","Defend_G","Survivor","Neutralize","Quick Slash","Backflip","Skewer+1","Deadly Poison+1","Deadly Poison+1","Well Laid Plans","Acrobatics","Burst","Dagger Spray+1","Burst","Adrenaline+1","Noxious Fumes","Crippling Poison","Leg Sweep"],"relics":["Ring of the Snake","NeowsBlessing","Happy Flower","Sundial","Matryoshka","MawBank","Coffee Dripper","PreservedInsect","Prayer Wheel","Bronze Scales","Mercury Hourglass"],"acts_visited":["Exordium","TheCity"],"potions_floor_usage":[],"damage_taken":[{"damage":0.0,"enemies":"Small Slimes","floor":1.0,"turns":1.0},{"damage":0.0,"enemies":"Cultist","floor":4.0,"turns":1.0},{"damage":0.0,"enemies":"Lagavulin","floor":6.0,"turns":1.0},{"damage":0.0,"enemies":"2 Louse","floor":7.0,"turns":2.0},{"damage":15.0,"enemies":"3 Sentries","floor":10.0,"turns":6.0},{"damage":2.0,"enemies":"Gremlin Gang","floor":13.0,"turns":5.0},{"damage":3.0,"enemies":"Exordium Wildlife","floor":14.0,"turns":3.0},{"damage":45.0,"enemies":"Slime Boss","floor":16.0,"turns":15.0},{"damage":0.0,"enemies":"Chosen","floor":18.0,"turns":3.0},{"damage":18.0,"enemies":"2 Thieves","floor":19.0,"turns":3.0},{"damage":20.0,"enemies":"3 Cultists","floor":22.0,"turns":5.0},{"damage":12,"enemies":"Gremlin Leader","floor":23,"turns":4},{"damage":4,"enemies":"Centurion and Healer","floor":25,"turns":6},{"damage":3,"enemies":"Snake Plant","floor":27,"turns":3},{"damage":14,"enemies":"Slavers","floor":28,"turns":1}],"seed_played":"2503899816763003917","potions_obtained":[{"floor":1.0,"key":"Fire Potion"},{"floor":5.0,"key":"Swift Potion"},{"floor":5.0,"key":"Energy Potion"},{"floor":7.0,"key":"FairyPotion"},{"floor":13.0,"key":"Explosive Potion"},{"floor":23,"key":"FearPotion"},{"floor":27,"key":"CultistPotion"}],"is_trial":false,"path_per_floor":["M","?","?","M","?","E","M","R","T","E","R","?","M","M","R","B",null,"M","M","?","$","M","E","R","M","T","M","E"],"character_chosen":"THE_SILENT","items_purchased":["PreservedInsect","Adrenaline","Noxious Fumes"],"campfire_rested":0,"item_purchase_floors":[21,21,21],"current_hp_per_floor":[63,51,51,51,51,51,51,51,51,36,36,41,39,36,36,22,62,62,44,44,44,24,12,12,8,8,5,0,0],"gold":98,"neow_bonus":"THREE_ENEMY_KILL","is_daily":false,"chose_seed":false,"campfire_upgraded":4,"win_rate":0.0,"timestamp":1609366087,"path_taken":["M","?","?","?","?","E","?","R","T","E","R","?","M","M","R","BOSS","M","M","?","$","M","E","R","M","T","?","E"],"items_purchased_type":["Relic","Card","Card"],"build_version":"2020-12-22","purchased_purges":1,"victory":false,"max_hp_per_floor":[70,70,70,70,70,70,70,70,70,70,70,75,75,75,75,75,75,75,75,75,75,75,75,75,75,75,75,75,75],"relic_stats":{"Happy Flower":[19],"counters":[15,59],"Sundial":[10],"Bronze Scales":[15],"Prayer Wheel":2,"PreservedInsect":92,"MawBank":132,"obtain_stats":[{"Matryoshka":9,"NeowsBlessing":0,"Happy Flower":2,"Sundial":6,"Bronze Scales":26,"Prayer Wheel":23,"PreservedInsect":21,"Coffee Dripper":17,"MawBank":10,"Ring of the Snake":0,"Mercury Hourglass":26},{"Matryoshka":4,"NeowsBlessing":0,"Happy Flower":1,"Sundial":3,"Bronze Scales":13,"Prayer Wheel":12,"PreservedInsect":10,"Coffee Dripper":8,"MawBank":5,"Ring of the Snake":0,"Mercury Hourglass":13},{"Matryoshka":5,"NeowsBlessing":0,"Happy Flower":1,"Sundial":3,"Bronze Scales":55,"Prayer Wheel":49,"PreservedInsect":40,"Coffee Dripper":34,"MawBank":11,"Ring of the Snake":0,"Mercury Hourglass":55}],"Ring of the Snake":[30],"Mercury Hourglass":[18]},"card_choices":[{"not_picked":["Calculated Gamble","Prepared"],"picked":"Quick Slash","floor":1.0},{"not_picked":["Sucker Punch","Cloak And Dagger"],"picked":"Backflip","floor":4.0},{"not_picked":["Sucker Punch","Concentrate"],"picked":"Skewer","floor":6.0},{"not_picked":["Cloak And Dagger","Dagger Spray"],"picked":"Deadly Poison","floor":7.0},{"not_picked":["Dagger Spray","Infinite Blades"],"picked":"Deadly Poison","floor":10.0},{"not_picked":["Masterful Stab","Flying Knee"],"picked":"Well Laid Plans","floor":13.0},{"not_picked":["Underhanded Strike","Slice"],"picked":"Acrobatics","floor":14.0},{"not_picked":["Unload","Die Die Die"],"picked":"Burst","floor":16.0},{"not_picked":["Deflect","Poisoned Stab","Sucker Punch"],"picked":"SKIP","floor":18.0},{"not_picked":["Quick Slash","Escape Plan"],"picked":"Dagger Spray+1","floor":19.0},{"not_picked":["Concentrate","Sucker Punch","Reflex"],"picked":"SKIP","floor":22.0},{"not_picked":["Well Laid Plans","Expertise","Underhanded Strike"],"picked":"SKIP","floor":23},{"not_picked":["PiercingWail","Acrobatics"],"picked":"Crippling Poison","floor":25},{"not_picked":["Eviscerate","Cloak And Dagger+1","Choke"],"picked":"SKIP","floor":25},{"not_picked":["Masterful Stab","All Out Attack"],"picked":"Leg Sweep","floor":27},{"not_picked":["Prepared","Skewer","Noxious Fumes"],"picked":"SKIP","floor":27}],"player_experience":101128,"relics_obtained":[{"floor":6.0,"key":"Sundial"},{"floor":9.0,"key":"Matryoshka"},{"floor":10.0,"key":"MawBank"},{"floor":23,"key":"Prayer Wheel"},{"floor":26,"key":"Bronze Scales"},{"floor":26,"key":"Mercury Hourglass"}],"event_choices":[{"damage_healed":0.0,"max_hp_gain":0.0,"max_hp_loss":0.0,"gold_gain":0.0,"event_name":"Scrap Ooze","player_choice":"Success","floor":2.0,"gold_loss":0.0,"damage_taken":12.0,"relics_obtained":["Happy Flower"]},{"cards_removed":["Strike_G"],"damage_healed":0.0,"max_hp_gain":0.0,"max_hp_loss":0.0,"gold_gain":0.0,"event_name":"Purifier","player_choice":"Purged","floor":3.0,"gold_loss":0.0,"damage_taken":0.0},{"damage_healed":0.0,"max_hp_gain":0.0,"max_hp_loss":0.0,"gold_gain":0.0,"event_name":"The Woman in Blue","player_choice":"Bought 2 Potions","floor":5.0,"gold_loss":0.0,"damage_taken":0.0},{"damage_healed":0.0,"max_hp_gain":5.0,"max_hp_loss":0.0,"gold_gain":0.0,"event_name":"Big Fish","player_choice":"Donut","floor":12.0,"gold_loss":0.0,"damage_taken":0.0},{"damage_healed":0.0,"max_hp_gain":0.0,"max_hp_loss":0.0,"gold_gain":0.0,"event_name":"Duplicator","player_choice":"Copied","floor":20.0,"gold_loss":0.0,"damage_taken":0.0,"cards_obtained":["Burst"]}],"is_beta":false,"boss_relics":[{"not_picked":["Cursed Key","Runic Pyramid"],"picked":"Coffee Dripper"}],"items_purged_floors":[21],"is_endless":false,"potions_floor_spawned":[1,7,13,23,27],"killed_by":"Slavers","ascension_level":10}}