{"host":"qxeepl7ydvsgmfdb","time":1609332105,"event":{"mods":["AchievementEnabler","BaseMod","Colored Powertips","Minty Spire (QoL Compilation)","Quick Restart","slay the spire mod where everything is the same but ironclad has a cowboy hat"],"gold_per_floor":[109,109,59,69,19,45,45,59,130,179,196,14,27,4,4,105,105,115,126,126,146,146,146],"floor_reached":22,"playtime":844,"items_purged":[],"score":260,"play_id":"8c67158e-f43b-43cd-9e2d-561594926cf4","local_time":"20201230074145","is_ascension_mode":false,"campfire_choices":[{"data":"Zap","floor":15,"key":"SMITH"}],"circlet_count":0,"master_deck":["Strike_B","Strike_B","Strike_B","Defend_B","Defend_B+1","Defend_B+1","Defend_B","Zap+1","Dualcast","Static Discharge","Cold Snap","Redo","Lockon","Darkness","Redo","Cold Snap"],"relics":["Cracked Core","NeowsBlessing","Lantern","Boot","Eternal Feather","Vajra","Membership Card","Spirit Poop"],"acts_visited":["Exordium","TheCity"],"potions_floor_usage":[16,22],"damage_taken":[{"damage":0,"enemies":"2 Louse","floor":1,"turns":1},{"damage":0,"enemies":"Jaw Worm","floor":4,"turns":1},{"damage":0,"enemies":"3 Sentries","floor":6,"turns":1},{"damage":0,"enemies":"Small Slimes","floor":8,"turns":2},{"damage":9,"enemies":"Looter","floor":11,"turns":3},{"damage":4,"enemies":"2 Fungi Beasts","floor":13,"turns":3},{"damage":13,"enemies":"Slime Boss","floor":16,"turns":8},{"damage":9,"enemies":"Spheric Guardian","floor":18,"turns":4},{"damage":20,"enemies":"Shell Parasite","floor":19,"turns":5},{"damage":5,"enemies":"Snecko","floor":21,"turns":6},{"damage":45,"enemies":"3 Cultists","floor":22,"turns":6}],"seed_played":"4249188562498167748","potions_obtained":[{"floor":1,"key":"Dexterity Potion"},{"floor":6,"key":"AttackPotion"},{"floor":16,"key":"PowerPotion"}],"is_trial":false,"path_per_floor":["M","?","?","M","$","E","?","M","T","T","M","$","M","$","R","B",null,"M","M","?","M","M"],"character_chosen":"DEFECT","items_purchased":["Cold Snap","Membership Card","Darkness","Redo"],"campfire_rested":0,"item_purchase_floors":[5,12,12,14],"current_hp_per_floor":[75,60,60,60,60,60,60,60,60,60,51,51,47,47,56,43,75,66,46,46,41,0,0],"gold":146,"neow_bonus":"THREE_ENEMY_KILL","is_daily":false,"chose_seed":false,"campfire_upgraded":1,"win_rate":0.0,"timestamp":1609332105,"path_taken":["M","?","?","M","$","E","?","M","T","?","M","?","M","$","R","BOSS","M","M","?","M","M"],"items_purchased_type":["Card","Relic","Card","Card"],"build_version":"2020-12-22","purchased_purges":0,"victory":false,"max_hp_per_floor":[75,75,75,75,75,75,75,75,75,75,75,75,75,75,75,75,75,75,75,75,75,75,75],"card_choices":[{"not_picked":["Rebound","Go for the Eyes"],"picked":"Static Discharge","floor":1},{"not_picked":["Hologram","Scrape","Reinforced Body"],"picked":"SKIP","floor":4},{"not_picked":["BootSequence","Heatsinks"],"picked":"Redo","floor":6},{"not_picked":["Gash","Echo Form","Steam Power"],"picked":"SKIP","floor":8},{"not_picked":["Hologram","Rebound"],"picked":"Lockon","floor":11},{"not_picked":["Storm","Aggregate","Rip and Tear"],"picked":"SKIP","floor":13},{"not_picked":["Rip and Tear","Hologram"],"picked":"Cold Snap","floor":18},{"not_picked":["Capacitor","Reprogram","Hologram"],"picked":"SKIP","floor":19},{"not_picked":["Compile Driver","Gash","Beam Cell"],"picked":"SKIP","floor":21}],"player_experience":322491,"relics_obtained":[{"floor":6,"key":"Lantern"},{"floor":9,"key":"Eternal Feather"},{"floor":10,"key":"Vajra"}],"event_choices":[{"damage_healed":0,"gold_gain":0,"player_choice":"Entered Light","damage_taken":15,"max_hp_gain":0,"max_hp_loss":0,"event_name":"Shining Light","floor":2,"gold_loss":0,"cards_upgraded":["Defend_B","Defend_B"]},{"cards_removed":["Strike_B"],"damage_healed":0,"gold_gain":0,"player_choice":"Card Removal","damage_taken":0,"max_hp_gain":0,"max_hp_loss":0,"event_name":"The Cleric","floor":3,"gold_loss":50},{"damage_healed":0,"gold_gain":0,"player_choice":"Box","damage_taken":0,"relics_obtained":["Boot"],"max_hp_gain":0,"max_hp_loss":0,"event_name":"Big Fish","floor":7,"gold_loss":0,"cards_obtained":["Regret"]},{"cards_removed":["Regret"],"damage_healed":0,"gold_gain":0,"player_choice":"Offered Curse","damage_taken":0,"relics_obtained":["Spirit Poop"],"max_hp_gain":0,"max_hp_loss":0,"event_name":"Bonfire Elementals","floor":20,"gold_loss":0}],"is_beta":false,"boss_relics":[{"not_picked":["SlaversCollar","Fusion Hammer","Velvet Choker"]}],"items_purged_floors":[],"is_endless":false,"potions_floor_spawned":[1,6,16],"killed_by":"3 Cultists","ascension_level":0}}