{"host":"258i9hh742n85m0z","time":1609295764,"event":{"mods":["Act Like it!","Arknights The Spire","BaseMod","CapriCore","Friendly Minions","Gensokyo","HololiveMod","Minty Spire (QoL Compilation)","Quick Restart","Relic Stats","Replay The Spire","RumiaBox-露米娅的神秘盒子","StSLib"],"gold_per_floor":[81,142,167,167,167,201,201,219,293,293,308,343,343,370,370,469,469,489,489,504,516,526,551,551,577,601,701,730,730,745,778,778,880,880,890,538,550,550,562,603,603,936,936,969,996,996,996,1035,1035,1071,1071,1071,375,411,422],"floor_reached":56,"playtime":4438,"items_purged":["Hololive_Defend"],"score":2112,"play_id":"f9e2f14e-2089-4f0e-96b9-7a4a6308fb28","local_time":"20201230103604","is_ascension_mode":true,"campfire_choices":[{"floor":7,"key":"RECALL"},{"data":"Hololive_CallHoshimachiSuisei","floor":13,"key":"SMITH"},{"data":"Hololive_StrengthChampion","floor":15,"key":"SMITH"},{"data":"Hololive_StrengthChampion+1","floor":24,"key":"SMITH"},{"data":"1","floor":32,"key":"LIFT"},{"data":"2","floor":46,"key":"LIFT"},{"data":"3","floor":49,"key":"LIFT"},{"data":"Hololive_DiamondStrike","floor":52,"key":"SMITH"}],"circlet_count":0,"master_deck":["Hololive_Strike","Hololive_Defend","Hololive_StrengthChampion+2","Hololive_CallOzoraSubaru","Hololive_CallTsunomakiWatame","Hololive_CallRosalyn","Hololive_CallHoshimachiSuisei+1","Hololive_CallNekomataOkayu","Hololive_CallNakiriAyame","Hololive_CallDoris","Hololive_CallAkiRosenthal","Hololive_CallKiryuuCoco","Hololive_CallShiroganeNoel","Hololive_StarCraft","Hololive_CallYukihanaLamy","Hallucinations","Hololive_DurableLive","Hololive_CallHoushouMarine","Hololive_CallAiraniIofifteen","Hololive_CallAmaneKanata","Hololive_CallAyundaRisu","Gensokyo:FourOfAKind+1","Gensokyo:FourOfAKind+1","Gensokyo:FourOfAKind+1","Hololive_DiamondStrike+1","Hololive_Rebirth+1","Hololive_CallMoonaHoshinova","Hololive_CallYogiri","Hololive_CallMurasakiShion","Hololive_CallUruhaRushia+1","Hololive_CallSakuraMiko+1","Gensokyo:Dawn+1","Hololive_CocoNews+1","Hololive_Yoholoon+1","Hololive_ASMR","Master of Strategy+1","Dark Shackles+1","Deep Breath+1","Hololive_Thief+1"],"relics":["Hololive_TheStar","ats:Originium","Potion Belt","Pear","Orichalcum","Eternal Feather","Painkiller Herb","ReplayTheSpireMod:Ring of Collecting","ReplayTheSpireMod:Ring of Addiction","White Beast Statue","Chameleon Ring","ReplayTheSpireMod:Lightbulb","Lizard Tail","Ring of Searing","Lantern","Girya","ChaoDraw","Toxic Egg 2","Strawberry","Coffee Dripper","HandDrill","ClockworkSouvenir","Gensokyo:EmptyGrave","ReplayFunnel","Gremlin Food","Gensokyo:TheCrow","Old Coin","Ring of Peace","Replay:Ringing Soul","Vajra","ReplayTheSpireMod:ShopPack","Bronze Scales","Nunchaku","Toy Ornithopter"],"acts_visited":["Gensokyo:Gensokyo","Gensokyo:Gensokyoer","Gensokyo:Gensokyoest","TheEnding"],"potions_floor_usage":[16,16,23,23,27,27,27,40,55,55],"damage_taken":[{"damage":0,"enemies":"Gensokyo:2_Kodama","floor":1,"turns":4},{"damage":0,"enemies":"Gensokyo:Mamizou","floor":3,"turns":5},{"damage":0,"enemies":"Gensokyo:Mamizou","floor":6,"turns":5},{"damage":0,"enemies":"Gensokyo:Python","floor":8,"turns":3},{"damage":0,"enemies":"Gensokyo:3_Fairies","floor":11,"turns":4},{"damage":0,"enemies":"Gensokyo:Cirno","floor":12,"turns":6},{"damage":0,"enemies":"Gensokyo:Mamizou","floor":14,"turns":4},{"damage":0,"enemies":"Gensokyo:Yukari","floor":16,"turns":4},{"damage":0,"enemies":"Gensokyo:2_Gloops","floor":18,"turns":4},{"damage":6,"enemies":"Gensokyo:AngelMirror","floor":20,"turns":3},{"damage":0,"enemies":"Gensokyo:Monolith_and_Dog","floor":21,"turns":4},{"damage":0,"enemies":"Gensokyo:Wraith","floor":22,"turns":3},{"damage":0,"enemies":"Gensokyo:Tenshi","floor":23,"turns":4},{"damage":0,"enemies":"Gensokyo:Reisen","floor":25,"turns":6},{"damage":0,"enemies":"Gensokyo:Reisen","floor":27,"turns":3},{"damage":0,"enemies":"Gensokyo:Koishi","floor":28,"turns":3},{"damage":0,"enemies":"Gensokyo:3_Gloops","floor":30,"turns":3},{"damage":0,"enemies":"Gensokyo:Reisen","floor":31,"turns":2},{"damage":0,"enemies":"Gensokyo:Kaguya","floor":33,"turns":6},{"damage":0,"enemies":"Gensokyo:3_Boulders","floor":35,"turns":3},{"damage":0,"enemies":"Gensokyo:AncientGuardian","floor":37,"turns":2},{"damage":0,"enemies":"Gensokyo:Dusk_and_Dawn","floor":39,"turns":3},{"damage":0,"enemies":"Gensokyo:Kasen","floor":40,"turns":4},{"damage":0,"enemies":"Gensokyo:Doremy","floor":42,"turns":3},{"damage":0,"enemies":"Gensokyo:Marisa","floor":44,"turns":3},{"damage":0,"enemies":"Gensokyo:4_Bats","floor":45,"turns":3},{"damage":18,"enemies":"Gensokyo:4_Bats","floor":47,"turns":4},{"damage":0,"enemies":"Gensokyo:3_Boulders","floor":48,"turns":3},{"damage":0,"enemies":"Gensokyo:Shinki","floor":50,"turns":7},{"damage":0,"enemies":"Shield and Spear","floor":54,"turns":4},{"damage":0,"enemies":"The Heart","floor":55,"turns":5}],"seed_played":"4654395394958766070","potions_obtained":[{"floor":1,"key":"AttackPotion"},{"floor":2,"key":"Milkshake"},{"floor":2,"key":"LifebloodPotion"},{"floor":6,"key":"SneckoOil"},{"floor":16,"key":"FearPotion"},{"floor":18,"key":"SkillPotion"},{"floor":19,"key":"SkillPotion"},{"floor":19,"key":"SteroidPotion"},{"floor":20,"key":"SpeedPotion"},{"floor":21,"key":"ColorlessPotion"},{"floor":23,"key":"Fire Potion"},{"floor":25,"key":"SkillPotion"},{"floor":27,"key":"Cursed Concoction"},{"floor":31,"key":"Reflective Coating"},{"floor":33,"key":"Adrenaline Potion"},{"floor":40,"key":"Explosive Potion"},{"floor":42,"key":"AttackPotion"},{"floor":44,"key":"BlessingOfTheForge"}],"is_trial":false,"path_per_floor":["M","?","?","?","?","E","R","M","T","?","M","E","R","E","R","B",null,"?","?","?","?","?","E","T","E","T","?","E","?","?","E","T","B",null,"?","COS","?","?","?","E","?","E","T","E","?","T","?","?","T","B",null,"T","T","E","B",null],"character_chosen":"Hololive_HololiveCharacter","items_purchased":["Hololive_Yoholoon+1","ReplayTheSpireMod:ShopPack","Bronze Scales","Nunchaku","Hololive_ASMR"],"campfire_rested":0,"item_purchase_floors":[53,53,53,53,53],"current_hp_per_floor":[38,23,23,23,23,33,33,33,33,33,33,33,33,33,39,39,48,48,48,42,42,42,42,46,46,46,44,44,31,31,36,36,36,34,34,34,35,33,36,37,37,40,40,44,50,50,51,57,57,58,58,58,59,65,68],"gold":422,"neow_bonus":"TEN_PERCENT_HP_BONUS","is_daily":false,"chose_seed":false,"campfire_upgraded":4,"win_rate":0.0,"timestamp":1609295764,"path_taken":["M","?","?","?","?","E","R","?","T","?","M","E","R","E","R","BOSS","?","?","?","?","?","E","T","E","T","?","E","?","?","E","T","BOSS","?","COS","?","?","?","E","?","E","T","E","?","T","?","?","T","BOSS","T","T","E","BOSS"],"items_purchased_type":["Card","Relic","Relic","Relic","Card"],"build_version":"2020-12-22","purchased_purges":1,"victory":true,"max_hp_per_floor":[38,38,38,38,38,48,48,48,48,48,48,48,48,48,48,48,48,48,48,48,48,48,46,46,46,46,44,44,31,31,36,36,36,34,34,34,35,33,36,37,37,40,40,44,50,50,51,57,57,58,58,58,59,65,68],"relic_stats":{"Lizard Tail":0,"Nunchaku":[1],"counters":[31,120],"Bronze Scales":[69],"Eternal Feather":10,"HandDrill":[20],"Orichalcum":[414],"obtain_stats":[{"ReplayFunnel":40,"Lantern":26,"Vajra":44,"Painkiller Herb":17,"Ring of Searing":26,"ClockworkSouvenir":36,"Old Coin":42,"Frozen Eye":28,"Replay:Ringing Soul":43,"Lizard Tail":25,"Nunchaku":53,"Chameleon Ring":19,"Strawberry":31,"Ring of Peace":43,"HandDrill":36,"Toxic Egg 2":28,"Potion Belt":3,"Gremlin Food":40,"Girya":27,"Pear":6,"ReplayTheSpireMod:Ring of Addiction":19,"Gensokyo:TheCrow":41,"Eternal Feather":14,"Orichalcum":12,"White Beast Statue":19,"ChaoDraw":27,"Gensokyo:EmptyGrave":38,"ats:Originium":3,"ReplayTheSpireMod:Ring of Collecting":19,"Bronze Scales":53,"Hololive_TheStar":0,"Coffee Dripper":34,"ReplayTheSpireMod:Lightbulb":23,"Toy Ornithopter":54,"ReplayTheSpireMod:ShopPack":53},{"ReplayFunnel":23,"Lantern":14,"Vajra":25,"Painkiller Herb":8,"Ring of Searing":14,"ClockworkSouvenir":20,"Old Coin":24,"Frozen Eye":15,"Replay:Ringing Soul":24,"Lizard Tail":14,"Nunchaku":29,"Chameleon Ring":9,"Strawberry":18,"Ring of Peace":24,"HandDrill":20,"Toxic Egg 2":16,"Potion Belt":2,"Gremlin Food":23,"Girya":15,"Pear":3,"ReplayTheSpireMod:Ring of Addiction":9,"Gensokyo:TheCrow":23,"Eternal Feather":7,"Orichalcum":6,"White Beast Statue":9,"ChaoDraw":15,"Gensokyo:EmptyGrave":21,"ats:Originium":2,"ReplayTheSpireMod:Ring of Collecting":9,"Bronze Scales":29,"Hololive_TheStar":0,"Coffee Dripper":19,"ReplayTheSpireMod:Lightbulb":13,"Toy Ornithopter":30,"ReplayTheSpireMod:ShopPack":29},{"ReplayFunnel":87,"Lantern":59,"Vajra":94,"Painkiller Herb":35,"Ring of Searing":59,"ClockworkSouvenir":79,"Old Coin":91,"Frozen Eye":62,"Replay:Ringing Soul":91,"Lizard Tail":59,"Nunchaku":111,"Chameleon Ring":39,"Strawberry":70,"Ring of Peace":91,"HandDrill":79,"Toxic Egg 2":65,"Potion Belt":9,"Gremlin Food":88,"Girya":62,"Pear":14,"ReplayTheSpireMod:Ring of Addiction":39,"Gensokyo:TheCrow":88,"Eternal Feather":31,"Orichalcum":27,"White Beast Statue":39,"ChaoDraw":62,"Gensokyo:EmptyGrave":81,"ats:Originium":9,"ReplayTheSpireMod:Ring of Collecting":39,"Bronze Scales":111,"Hololive_TheStar":0,"Coffee Dripper":76,"ReplayTheSpireMod:Lightbulb":53,"Toy Ornithopter":115,"ReplayTheSpireMod:ShopPack":111}],"Toy Ornithopter":0},"card_choices":[{"not_picked":["Hololive_Psychosis","Hololive_Drill","Hololive_FlyingPonyTail"],"picked":"Hololive_CallNakiriAyame","floor":1},{"not_picked":["Hololive_Nanodesu","Hololive_Psychosis","Hololive_OvertimeWork","Hololive_BringToTrial"],"picked":"SKIP","floor":3},{"not_picked":["Hololive_LuckPotion","Hololive_HuntDinosaur","Hololive_CocoNews"],"picked":"Hololive_CallDoris","floor":6},{"not_picked":["Hololive_ManjiGathering","Hololive_Drill","Hololive_CallDoris"],"picked":"Hololive_CallAkiRosenthal","floor":8},{"not_picked":["Hololive_Trident","Hololive_CallDoris","Hololive_FlyingPonyTail"],"picked":"Hololive_CallKiryuuCoco","floor":11},{"not_picked":["Hololive_Rebound","Hololive_FlareMind","Hololive_Breathe"],"picked":"Hololive_CallShiroganeNoel","floor":12},{"not_picked":["Hololive_CocoNews","Hololive_Psychosis","Hololive_HuntDinosaur","Hololive_Rebound"],"picked":"SKIP","floor":14},{"not_picked":["Hololive_DiamondStrike","Hololive_HighAtkLowDef","Hololive_Recruit"],"picked":"Hololive_StarCraft","floor":16},{"not_picked":["Hololive_FlyingPonyTail","Hololive_BringToTrial","Hololive_CocoNews"],"picked":"Hololive_CallYukihanaLamy","floor":18},{"not_picked":["Hololive_Trident","Hololive_FlyingPonyTail","Hololive_OvertimeWork","Hololive_Breathe"],"picked":"SKIP","floor":20},{"not_picked":["Hololive_Rebound","Hololive_Psychosis+1","Hololive_Teleport"],"picked":"Hololive_DurableLive","floor":21},{"not_picked":["Hololive_HuntDinosaur+1","Hololive_RevenueBasedLive","Hololive_Teleport+1"],"picked":"Hololive_CallHoushouMarine","floor":22},{"not_picked":["Hololive_FlyingPonyTail+1","Hololive_ManjiGathering+1","Hololive_CandyCastle"],"picked":"Hololive_CallAiraniIofifteen","floor":23},{"not_picked":["Hololive_Drill","Hololive_StrengthChampion","Hololive_CallMinatoAqua"],"picked":"Hololive_CallAmaneKanata","floor":25},{"not_picked":["Hololive_DevilCharm","Hololive_Breathe","Hololive_Trident"],"picked":"Hololive_CallAyundaRisu","floor":27},{"not_picked":["Hololive_Drill","Hololive_RevenueBasedLive+1","Hololive_Trident","Hololive_Psychosis"],"picked":"SKIP","floor":28},{"not_picked":["Hololive_CallOzoraSubaru","Hololive_StrengthChampion","Hololive_LuckPotion+1"],"picked":"Hololive_DiamondStrike","floor":30},{"not_picked":["Hololive_CallHoushouMarine+1","Hololive_StrengthChampion","Hololive_RevenueBasedLive+1","Hololive_OvertimeWork+1"],"picked":"SKIP","floor":31},{"not_picked":["Hololive_ASMR","Hololive_OpenUp","Hololive_DiamondStrike"],"picked":"Hololive_Rebirth+1","floor":33},{"not_picked":["Hololive_FlyingPonyTail+1","Hololive_Drill+1","Hololive_RevenueBasedLive+1"],"picked":"Hololive_CallMoonaHoshinova","floor":35},{"not_picked":["Hololive_CallAiraniIofifteen+1","Hololive_Drill+1","Hololive_CocoNews"],"picked":"Hololive_CallYogiri","floor":37},{"not_picked":["Hololive_StrengthChampion+1","Hololive_HuntDinosaur+1","Hololive_CallNekomataOkayu"],"picked":"Hololive_CallMurasakiShion","floor":39},{"not_picked":["Hololive_Psychosis+1","Hololive_RevenueBasedLive+1","Hololive_FlyingPonyTail+1","Hololive_Trident+1"],"picked":"SKIP","floor":40},{"not_picked":["Hololive_Rebound+1","Hololive_FlyingPonyTail+1","Hololive_RevenueBasedLive+1","Hololive_LuckPotion+1"],"picked":"SKIP","floor":42},{"not_picked":["Hololive_ILoveYou+1","Hololive_Drill+1","Hololive_CallFriendA"],"picked":"Hololive_CallUruhaRushia+1","floor":44},{"not_picked":["Hololive_HuntDinosaur+1","Hololive_Rebound+1","Hololive_ScarfAndHalo"],"picked":"Hololive_CallSakuraMiko+1","floor":45},{"not_picked":["Gensokyo:UnhurriedMind+1","Gensokyo:RisingWorld+1"],"picked":"Gensokyo:Dawn+1","floor":47},{"not_picked":["Hololive_FlyingPonyTail+1","Hololive_CallKiryuuCoco+1","Hololive_Sequa+1"],"picked":"Hololive_CocoNews+1","floor":48},{"not_picked":["ReplayUltimateDefense","Magnetism","Poisoned Strike"],"picked":"Master of Strategy","floor":53},{"not_picked":["Forethought","Discovery","Madness"],"picked":"Dark Shackles","floor":53},{"not_picked":["Midas Touch","Panacea","Trip"],"picked":"Deep Breath","floor":53},{"not_picked":["Hololive_FlyingPonyTail+1","Hololive_FlareMind+1","Hololive_HuntDinosaur+1"],"picked":"Hololive_Thief+1","floor":54}],"player_experience":152240,"relics_obtained":[{"floor":3,"key":"ats:Originium"},{"floor":3,"key":"Potion Belt"},{"floor":6,"key":"ats:Originium"},{"floor":6,"key":"Pear"},{"floor":12,"key":"ats:Originium"},{"floor":12,"key":"Orichalcum"},{"floor":14,"key":"Eternal Feather"},{"floor":19,"key":"ReplayTheSpireMod:Ring of Collecting"},{"floor":19,"key":"ReplayTheSpireMod:Ring of Addiction"},{"floor":19,"key":"White Beast Statue"},{"floor":19,"key":"Chameleon Ring"},{"floor":23,"key":"ReplayTheSpireMod:Lightbulb"},{"floor":25,"key":"Lizard Tail"},{"floor":26,"key":"Ring of Searing"},{"floor":26,"key":"Lantern"},{"floor":27,"key":"Girya"},{"floor":27,"key":"ChaoDraw"},{"floor":28,"key":"Toxic Egg 2"},{"floor":31,"key":"Strawberry"},{"floor":40,"key":"Gremlin Food"},{"floor":42,"key":"Old Coin"},{"floor":43,"key":"Ring of Peace"},{"floor":43,"key":"Replay:Ringing Soul"},{"floor":44,"key":"Vajra"},{"floor":54,"key":"Toy Ornithopter"}],"event_choices":[],"is_beta":false,"boss_relics":[{"not_picked":["Busted Crown","Tiny House"],"picked":"Painkiller Herb"},{"not_picked":["Replay:Ancient Bell","Runic Pyramid"],"picked":"Coffee Dripper"}],"items_purged_floors":[53],"is_endless":false,"potions_floor_spawned":[1,6,16,18,20,21,22,23,25,27,28,30,31,33,35,37,39,40,42,44,45,48,54],"ascension_level":3}}