{"host":"51qmnr9isyv85d0p","time":1609311207,"event":{"mods":["AchievementEnabler","BaseMod","Colored Map","Colored Powertips","Curses Come First","Downfall","Minty Spire (QoL Compilation)","Relic Stats","StSLib","TestMod","vexMod"],"gold_per_floor":[11000,11019,11038,11050,11067,10102,10102,10119,10119,9196,9196,8680,8691,8866,8866,8969,8969,8981,8993,9011,7886,7904,7904,7929,7944,6750,6750,6750,6600,6600,6625,6625,6725,6725,6746,5872,5887,5887,5904,5904,5904,5243,5268,5268,5285,5302,5302,5277,5277,5277],"floor_reached":51,"playtime":2105,"items_purged":["Slimebound:Defend_Slimebound","Slimebound:Defend_Slimebound","Slimebound:Strike_Slimebound","Doubt","Slimebound:Defend_Slimebound","Slimebound:Tackle"],"score":6746,"play_id":"ac08138a-fd5b-45bb-aff6-9c244530b132","local_time":"20201230145327","is_ascension_mode":false,"campfire_choices":[{"data":"Slimebound:CorrosiveSpit","floor":9,"key":"SMITH"},{"data":"Slimebound:PrepareCrush","floor":11,"key":"SMITH"},{"data":"Slimebound:Replication","floor":15,"key":"SMITH"},{"data":"Slimebound:Nibble","floor":23,"key":"SMITH"},{"data":"Slimebound:Nibble","floor":28,"key":"SMITH"},{"data":"Sadistic Nature","floor":30,"key":"SMITH"},{"data":"Slimebound:SelfFormingGoo","floor":32,"key":"SMITH"},{"data":"Slimebound:RejuvenatingLick","floor":44,"key":"SMITH"},{"data":"Slimebound:Nibble","floor":47,"key":"SMITH"},{"data":"Slimebound:SpikyOuterGoop","floor":49,"key":"SMITH"}],"circlet_count":0,"master_deck":["Slimebound:Split+1","Slimebound:CorrosiveSpit+1","Slimebound:Gluttony","Slimebound:LeechEnergy","Slimebound:HauntingLick","Slimebound:LevelUp","Slimebound:PrepareCrush+1","Slimebound:RejuvenatingLick","Slimebound:TongueLash+1","Slimebound:SpikyOuterGoop+1","Slimebound:ForwardTackle","Slimebound:Replication+1","Slimebound:SelfFormingGoo+1","Slimebound:Nibble+1","Slimebound:Overexert","testmod-BackupPower+1","Slimebound:DisruptingSlam","Slimebound:HauntingLick","Slimebound:Nibble+1","Sadistic Nature+1","Slimebound:LeechLife","Slimebound:SamplingLick","Slimebound:RejuvenatingLick+1","Slimebound:Split+1","Slimebound:Nibble+1"],"relics":["Slimebound:AbsorbEndCombat","testmod-TestBox","testmod-FatalChain","testmod-AssaultLearning","Matryoshka","HandDrill","Whetstone","vexMod:Dragonfruit","Orichalcum","Kunai","ClockworkSouvenir","Lantern","Pear","vexMod:PaidLearning","testmod-TimeTraveler","testmod-Hope","Anchor","Chemical X","MealTicket","Slimebound:AggressiveSlimeRelic","testmod-TheFather","War Paint","Frozen Eye","PreservedInsect","Empty Cage","vexMod:BarristanHead","Blood Vial","testmod-Charity","Ornamental Fan","testmod-BalancedPeriapt","testmod-OneHitWonder","TheAbacus","Toy Ornithopter"],"acts_visited":["Exordium","TheCity","TheBeyond"],"potions_floor_usage":[4,8,8,8,10,10,13,16,16,16,18,19,20,25,33,33,33,33,37,37,45,50,50,50,50],"damage_taken":[{"damage":8,"enemies":"Cultist","floor":1,"turns":3},{"damage":10,"enemies":"Jaw Worm","floor":2,"turns":3},{"damage":10,"enemies":"Small Slimes","floor":3,"turns":3},{"damage":5,"enemies":"2 Fungi Beasts","floor":4,"turns":2},{"damage":10,"enemies":"Gremlin Gang","floor":5,"turns":3},{"damage":7,"enemies":"downfall:FleeingMerchant","floor":6,"turns":4},{"damage":11,"enemies":"Exordium Thugs","floor":8,"turns":2},{"damage":6,"enemies":"downfall:FleeingMerchant","floor":10,"turns":4},{"damage":9,"enemies":"downfall:FleeingMerchant","floor":12,"turns":4},{"damage":14,"enemies":"Blue Slaver","floor":13,"turns":2},{"damage":33,"enemies":"downfall:Watcher","floor":16,"turns":5},{"damage":22,"enemies":"Chosen","floor":18,"turns":4},{"damage":7,"enemies":"Shell Parasite","floor":19,"turns":3},{"damage":18,"enemies":"Sentry and Sphere","floor":20,"turns":3},{"damage":8,"enemies":"Snake Plant","floor":22,"turns":2},{"damage":8,"enemies":"3 Cultists","floor":25,"turns":3},{"damage":3,"enemies":"Centurion and Healer","floor":31,"turns":2},{"damage":8,"enemies":"downfall:Silent","floor":33,"turns":3},{"damage":16,"enemies":"Orb Walker","floor":35,"turns":2},{"damage":12,"enemies":"3 Darklings","floor":37,"turns":2},{"damage":28,"enemies":"Spire Growth","floor":39,"turns":3},{"damage":8,"enemies":"Giant Head","floor":43,"turns":3},{"damage":0,"enemies":"Jaw Worm Horde","floor":45,"turns":1},{"damage":11,"enemies":"Writhing Mass","floor":46,"turns":2},{"damage":15,"enemies":"downfall:Defect","floor":50,"turns":3}],"seed_played":"2396300728043063092","potions_obtained":[{"floor":3,"key":"Fire Potion"},{"floor":8,"key":"SneckoOil"},{"floor":13,"key":"Fire Potion"},{"floor":16,"key":"ColorlessPotion"},{"floor":19,"key":"Regen Potion"},{"floor":25,"key":"Guardian:BlockOnCardUsePotion"},{"floor":35,"key":"SkillPotion"},{"floor":45,"key":"PowerPotion"}],"is_trial":false,"path_per_floor":["M","M","M","M","M","$","T","M","R","$","R","$","M","?","R","B",null,"M","M","M","$","M","R","T","M","$","?","R","?","R","M","R","B",null,"M","$","M","?","M","?","T","$","E","R","M","M","R","?","R","B",null],"character_chosen":"SLIMEBOUND","items_purchased":["testmod-AssaultLearning","Matryoshka","HandDrill","Ancient Potion","champ:CounterPotion","SkillPotion","Slimebound:PrepareCrush","Orichalcum","Kunai","ClockworkSouvenir","PowerPotion","Dexterity Potion","testmod-SpacePotion","Slimebound:SpikyOuterGoop","Lantern","Pear","vexMod:PaidLearning","GamblersBrew","AttackPotion","Explosive Potion","testmod-Hope","Anchor","Chemical X","Slimebound:Overexert","FearPotion","champ:CounterPotion","GamblersBrew","testmod-BackupPower","testmod-TheFather","War Paint","Frozen Eye","EssenceOfSteel","Slimebound:HauntingLick","Slimebound:Nibble","Sadistic Nature","vexMod:BarristanHead","Blood Vial","testmod-Charity","Slimebound:SamplingLick","Regen Potion","SkillPotion","Ancient Potion","testmod-BalancedPeriapt","testmod-OneHitWonder","TheAbacus","Swift Potion","Fire Potion"],"campfire_rested":0,"item_purchase_floors":[6,6,6,6,6,6,6,10,10,10,10,10,10,10,12,12,12,12,12,12,21,21,21,21,21,21,21,21,26,26,26,26,26,26,26,36,36,36,36,36,36,36,42,42,42,42,42],"current_hp_per_floor":[64,62,56,57,53,56,61,58,58,70,70,81,73,73,73,60,81,71,74,77,77,81,81,81,81,81,81,81,91,91,90,90,91,91,83,91,102,102,92,92,92,107,108,108,108,108,108,108,108,108],"gold":5277,"neow_bonus":"TEN_PERCENT_HP_BONUS","is_daily":false,"chose_seed":false,"campfire_upgraded":10,"win_rate":0.0,"timestamp":1609311207,"path_taken":["M","M","M","M","M","$","T","M","R","$","R","$","?","?","R","BOSS","M","M","M","$","M","R","T","M","$","?","R","?","R","?","R","BOSS","M","$","M","?","M","?","T","$","E","R","M","?","R","?","R","BOSS"],"items_purchased_type":["Relic","Relic","Relic","Potion","Potion","Potion","Card","Relic","Relic","Relic","Potion","Potion","Potion","Card","Relic","Relic","Relic","Potion","Potion","Potion","Relic","Relic","Relic","Card","Potion","Potion","Potion","Card","Relic","Relic","Relic","Potion","Card","Card","Card","Relic","Relic","Relic","Card","Potion","Potion","Potion","Relic","Relic","Relic","Potion","Potion"],"build_version":"2020-12-22","purchased_purges":6,"victory":true,"max_hp_per_floor":[66,66,66,66,66,66,71,71,71,71,71,81,81,81,81,81,81,81,81,81,81,81,81,81,81,81,81,81,91,91,91,91,91,91,91,91,102,102,108,108,108,108,108,108,108,108,108,108,108,108],"relic_stats":{"counters":[25,69],"PreservedInsect":125,"Whetstone":["Slimebound:Strike_Slimebound","Slimebound:Strike_Slimebound"],"Orichalcum":[60],"War Paint":["Slimebound:Defend_Slimebound","testmod-BackupPower"],"Blood Vial":1,"TheAbacus":[0],"Ornamental Fan":[8],"MealTicket":23,"HandDrill":[52],"Kunai":[17],"Chemical X":[1],"obtain_stats":[{"Lantern":12,"Whetstone":7,"Empty Cage":34,"testmod-Charity":36,"ClockworkSouvenir":10,"Blood Vial":36,"Frozen Eye":26,"Matryoshka":6,"TheAbacus":42,"MealTicket":24,"testmod-TheFather":26,"HandDrill":6,"Kunai":10,"Chemical X":21,"Slimebound:AggressiveSlimeRelic":24,"testmod-TestBox":0,"Pear":12,"testmod-TimeTraveler":17,"testmod-FatalChain":0,"PreservedInsect":27,"vexMod:PaidLearning":12,"Orichalcum":10,"War Paint":26,"vexMod:Dragonfruit":7,"Anchor":21,"vexMod:BarristanHead":36,"Ornamental Fan":41,"testmod-AssaultLearning":6,"testmod-Hope":21,"Slimebound:AbsorbEndCombat":0,"testmod-BalancedPeriapt":42,"testmod-OneHitWonder":42,"Toy Ornithopter":43},{"Lantern":9,"Whetstone":6,"Empty Cage":18,"testmod-Charity":19,"ClockworkSouvenir":8,"Blood Vial":19,"Frozen Eye":16,"Matryoshka":6,"TheAbacus":21,"MealTicket":15,"testmod-TheFather":16,"HandDrill":6,"Kunai":8,"Chemical X":14,"Slimebound:AggressiveSlimeRelic":15,"testmod-TestBox":0,"Pear":9,"testmod-TimeTraveler":11,"testmod-FatalChain":0,"PreservedInsect":16,"vexMod:PaidLearning":9,"Orichalcum":8,"War Paint":16,"vexMod:Dragonfruit":6,"Anchor":14,"vexMod:BarristanHead":19,"Ornamental Fan":21,"testmod-AssaultLearning":6,"testmod-Hope":14,"Slimebound:AbsorbEndCombat":0,"testmod-BalancedPeriapt":21,"testmod-OneHitWonder":21,"Toy Ornithopter":22},{"Lantern":28,"Whetstone":18,"Empty Cage":54,"testmod-Charity":55,"ClockworkSouvenir":24,"Blood Vial":55,"Frozen Eye":49,"Matryoshka":18,"TheAbacus":60,"MealTicket":47,"testmod-TheFather":49,"HandDrill":18,"Kunai":24,"Chemical X":45,"Slimebound:AggressiveSlimeRelic":47,"testmod-TestBox":0,"Pear":28,"testmod-TimeTraveler":35,"testmod-FatalChain":0,"PreservedInsect":49,"vexMod:PaidLearning":28,"Orichalcum":24,"War Paint":49,"vexMod:Dragonfruit":18,"Anchor":45,"vexMod:BarristanHead":55,"Ornamental Fan":60,"testmod-AssaultLearning":18,"testmod-Hope":45,"Slimebound:AbsorbEndCombat":0,"testmod-BalancedPeriapt":60,"testmod-OneHitWonder":60,"Toy Ornithopter":63}],"Toy Ornithopter":0},"card_choices":[{"not_picked":["Slimebound:SplitAcid","Slimebound:FormOfPuddle","Slimebound:BestDefense"],"picked":"SKIP","floor":1},{"not_picked":["Slimebound:SplitAcid","Slimebound:LivingWall"],"picked":"Slimebound:Gluttony","floor":2},{"not_picked":["Slimebound:Schlurp","Slimebound:SlimeSpikes"],"picked":"Slimebound:LeechEnergy","floor":3},{"not_picked":["Slimebound:RollThrough","Slimebound:BestDefense","Slimebound:GoopSpray"],"picked":"SKIP","floor":4},{"not_picked":["Slimebound:RollThrough","Slimebound:SplitLeeching"],"picked":"Slimebound:HauntingLick","floor":5},{"not_picked":["Slimebound:SplitLeeching","Slimebound:SplitBruiser"],"picked":"Slimebound:LevelUp","floor":6},{"not_picked":["Slimebound:LeechEnergy","Slimebound:SplitAcid"],"picked":"Slimebound:RejuvenatingLick","floor":8},{"not_picked":["Slimebound:FinishingTackle","Slimebound:Grow"],"picked":"Slimebound:TongueLash","floor":10},{"not_picked":["Slimebound:ComboTackle","Slimebound:SplitBruiser"],"picked":"Slimebound:ForwardTackle","floor":12},{"not_picked":["Slimebound:RollThrough","Slimebound:Schlurp"],"picked":"Slimebound:Replication","floor":13},{"not_picked":["Slimebound:SlimeSlap","Slimebound:Teamwork"],"picked":"Slimebound:SelfFormingGoo","floor":16},{"not_picked":["Slimebound:SplitLeeching","Slimebound:FirmFortitude+1"],"picked":"Slimebound:Nibble","floor":18},{"not_picked":["Slimebound:SlimeSpikes","Slimebound:Schlurp","Slimebound:PressTheAttack"],"picked":"SKIP","floor":19},{"not_picked":["Slimebound:ViciousTackle","Slimebound:Equalize","Slimebound:RollThrough"],"picked":"SKIP","floor":20},{"not_picked":["Slimebound:SplitMire","Slimebound:Dissolve"],"picked":"Slimebound:DisruptingSlam","floor":22},{"not_picked":["Slimebound:ComboTackle","Slimebound:PressTheAttack+1","Slimebound:FinishingTackle"],"picked":"SKIP","floor":25},{"not_picked":["Slimebound:MassFeed","Slimebound:RollThrough+1","Slimebound:LeechEnergy"],"picked":"SKIP","floor":31},{"not_picked":["Slimebound:MassRepurpose","Slimebound:MassFeed"],"picked":"Slimebound:LeechLife","floor":33},{"not_picked":["Slimebound:ComboTackle","Slimebound:Grow+1","Slimebound:Equalize+1"],"picked":"SKIP","floor":35},{"not_picked":["Slimebound:GrowthPunch","Slimebound:Equalize+1","Slimebound:ItLooksTasty+1"],"picked":"SKIP","floor":37},{"not_picked":["Slimebound:ForwardTackle","Slimebound:FinishingTackle+1"],"picked":"Slimebound:RejuvenatingLick","floor":39},{"not_picked":["Slimebound:FlameTackle+1","Slimebound:BestDefense+1","Slimebound:SplitLeeching+1"],"picked":"SKIP","floor":43},{"not_picked":["Slimebound:LeechingTouch","Slimebound:Equalize","Slimebound:FormOfPuddle+1"],"picked":"SKIP","floor":45},{"not_picked":["Slimebound:LeechingTouch","Slimebound:AcidTongue"],"picked":"Slimebound:Nibble","floor":46}],"player_experience":34,"relics_obtained":[{"floor":7,"key":"Whetstone"},{"floor":7,"key":"vexMod:Dragonfruit"},{"floor":24,"key":"MealTicket"},{"floor":24,"key":"Slimebound:AggressiveSlimeRelic"},{"floor":41,"key":"Ornamental Fan"},{"floor":43,"key":"Toy Ornithopter"}],"event_choices":[{"cards_removed":["Slimebound:Strike_Slimebound"],"damage_healed":0,"gold_gain":0,"player_choice":"Removed Attack","damage_taken":0,"max_hp_gain":0,"max_hp_loss":0,"event_name":"Falling","floor":38,"gold_loss":0},{"damage_healed":0,"gold_gain":0,"player_choice":"Copied","damage_taken":0,"max_hp_gain":0,"max_hp_loss":0,"event_name":"Duplicator","floor":40,"gold_loss":0,"cards_obtained":["Slimebound:Split"]}],"is_beta":false,"boss_relics":[{"not_picked":["vexMod:EndlessSickness","vexMod:TanglingVine"],"picked":"testmod-TimeTraveler"},{"not_picked":["Snecko Eye","Black Star"],"picked":"Empty Cage"}],"items_purged_floors":[6,10,12,21,26,36],"is_endless":false,"potions_floor_spawned":[3,8,13,16,19,25,35,45,46],"ascension_level":0}}