{"host":"g7trc0x2teqyd8ye","time":1609289003,"event":{"mods":["BaseMod","Key Reminder","Minty Spire (QoL Compilation)","Relic Stats"],"gold_per_floor":[118,193,203,203,222,222,255,255,255,270,270,270],"floor_reached":11,"playtime":220,"items_purged":[],"score":139,"play_id":"a1b17d97-d1b0-4fbd-a38c-e742b6b8ffe9","local_time":"20201230014323","is_ascension_mode":true,"campfire_choices":[{"data":"Bash","floor":6,"key":"SMITH"}],"circlet_count":0,"master_deck":["AscendersBane","Strike_R","Strike_R","Strike_R","Strike_R","Strike_R","Defend_R","Defend_R","Defend_R","Defend_R","Bash+1","Iron Wave","Clothesline","Dark Embrace","Flex+1","Burning Pact+1"],"relics":["Burning Blood","NeowsBlessing","Toxic Egg 2","Question Card","Bottled Flame"],"acts_visited":["Exordium"],"potions_floor_usage":[7,7],"damage_taken":[{"damage":0,"enemies":"Small Slimes","floor":1,"turns":1},{"damage":0,"enemies":"Jaw Worm","floor":3,"turns":1},{"damage":0,"enemies":"2 Louse","floor":5,"turns":2},{"damage":32,"enemies":"Lagavulin","floor":7,"turns":6},{"damage":12,"enemies":"Looter","floor":10,"turns":3},{"damage":48,"enemies":"Gremlin Nob","floor":11,"turns":4}],"seed_played":"8319250329400533198","potions_obtained":[{"floor":1,"key":"Energy Potion"},{"floor":3,"key":"Energy Potion"}],"is_trial":false,"path_per_floor":["M","?","M","?","M","R","E","?","T","M","E"],"character_chosen":"IRONCLAD","items_purchased":[],"campfire_rested":0,"item_purchase_floors":[],"current_hp_per_floor":[74,63,69,69,75,75,49,38,38,32,0,0],"gold":270,"neow_bonus":"THREE_ENEMY_KILL","is_daily":false,"chose_seed":false,"campfire_upgraded":1,"win_rate":0.0,"timestamp":1609289003,"path_taken":["M","?","M","?","?","R","E","?","T","M","E"],"items_purchased_type":[],"build_version":"2020-12-22","purchased_purges":0,"victory":false,"max_hp_per_floor":[75,75,75,75,75,75,75,75,75,75,75,75],"relic_stats":{"counters":[6,17],"Question Card":1,"obtain_stats":[{"Bottled Flame":9,"NeowsBlessing":0,"Toxic Egg 2":7,"Question Card":8,"Burning Blood":0},{"Bottled Flame":4,"NeowsBlessing":0,"Toxic Egg 2":4,"Question Card":4,"Burning Blood":0},{"Bottled Flame":10,"NeowsBlessing":0,"Toxic Egg 2":10,"Question Card":10,"Burning Blood":0}],"Burning Blood":30},"card_choices":[{"not_picked":["Burning Pact","Body Slam"],"picked":"Iron Wave","floor":1},{"not_picked":["Combust","Clash"],"picked":"Clothesline","floor":3},{"not_picked":["Evolve","Pommel Strike"],"picked":"Dark Embrace","floor":5},{"not_picked":["Wild Strike","Pommel Strike"],"picked":"Flex+1","floor":7},{"not_picked":["Clothesline","Bloodletting+1","Wild Strike"],"picked":"Burning Pact+1","floor":10}],"player_experience":816594,"relics_obtained":[{"floor":7,"key":"Toxic Egg 2"},{"floor":9,"key":"Bottled Flame"}],"event_choices":[{"damage_healed":0,"gold_gain":75,"player_choice":"Gather Gold","damage_taken":11,"max_hp_gain":0,"max_hp_loss":0,"event_name":"World of Goop","floor":2,"gold_loss":0},{"damage_healed":0,"gold_gain":0,"player_choice":"Ignored","damage_taken":0,"max_hp_gain":0,"max_hp_loss":0,"event_name":"Liars Game","floor":4,"gold_loss":0},{"damage_healed":0,"gold_gain":0,"player_choice":"Success","damage_taken":11,"relics_obtained":["Question Card"],"max_hp_gain":0,"max_hp_loss":0,"event_name":"Scrap Ooze","floor":8,"gold_loss":0}],"is_beta":false,"boss_relics":[],"items_purged_floors":[],"is_endless":false,"potions_floor_spawned":[1,3],"killed_by":"Gremlin Nob","ascension_level":18}}