{"host":"y89x8uui45kcjy42","time":1609310416,"event":{"mods":["2.2 Compatiblity","BaseMod","CapriCore","Colored Map","Colored Powertips","Custom Start","Friendly Minions","Highlight Path","Keyboard Shortcuts","Minty Spire (QoL Compilation)","Relic Stats","Slay the Relics Exporter","StSLib","SuperFastMode","Waifu the Spire"],"gold_per_floor":[114,264,282,282,306,335,335,363,363,127,146,157,157,157],"floor_reached":13,"playtime":259,"items_purged":["Strike_R"],"score":236,"play_id":"927313ef-0273-449c-b593-810deecf6733","local_time":"20201230154016","is_ascension_mode":true,"campfire_choices":[{"data":"Doubt","floor":7.0,"key":"PURGE"}],"circlet_count":0,"master_deck":["AscendersBane","Strike_R","Strike_R","Strike_R","Strike_R","Defend_R","Defend_R","Defend_R","Defend_R+1","Bash","Shrug It Off+1","Ghostly Armor","Pommel Strike","Evolve","Double Tap","Dropkick","Battle Trance"],"relics":["Burning Blood","NeowsBlessing","Peace Pipe","War Paint","Centennial Puzzle","Akabeko"],"acts_visited":["Exordium"],"potions_floor_usage":[],"damage_taken":[{"damage":0.0,"enemies":"2 Louse","floor":1.0,"turns":1.0},{"damage":0.0,"enemies":"Jaw Worm","floor":3.0,"turns":1.0},{"damage":0.0,"enemies":"Lagavulin","floor":6.0,"turns":1.0},{"damage":30.0,"enemies":"3 Sentries","floor":8.0,"turns":13.0},{"damage":11.0,"enemies":"Cultist","floor":11.0,"turns":4.0},{"damage":5.0,"enemies":"Blue Slaver","floor":12.0,"turns":2.0},{"damage":24,"enemies":"Lagavulin","floor":13,"turns":5}],"seed_played":"-7751124343361654063","potions_obtained":[{"floor":6.0,"key":"Energy Potion"},{"floor":11.0,"key":"Dexterity Potion"},{"floor":12.0,"key":"Dexterity Potion"}],"is_trial":false,"path_per_floor":["M","?","M","?","T","E","R","E","T","$","M","M","E"],"character_chosen":"IRONCLAD","items_purchased":["Evolve","Double Tap"],"campfire_rested":0,"item_purchase_floors":[10,10],"current_hp_per_floor":[74,74,75,40,40,46,46,22,22,22,17,18,0,0],"gold":157,"neow_bonus":"THREE_ENEMY_KILL","is_daily":false,"chose_seed":false,"campfire_upgraded":0,"win_rate":0.0,"timestamp":1609310416,"path_taken":["M","?","M","?","?","E","R","E","T","$","?","M","E"],"items_purchased_type":["Card","Card"],"build_version":"2020-12-22","purchased_purges":1,"victory":false,"max_hp_per_floor":[75,75,75,75,75,75,75,75,75,75,75,75,75,75],"relic_stats":{"Peace Pipe":1,"Centennial Puzzle":[12],"counters":[7,27],"War Paint":["Defend_R","Shrug It Off"],"obtain_stats":[{"Peace Pipe":4,"Centennial Puzzle":6,"NeowsBlessing":0,"War Paint":5,"Burning Blood":0,"Akabeko":8},{"Peace Pipe":2,"Centennial Puzzle":3,"NeowsBlessing":0,"War Paint":2,"Burning Blood":0,"Akabeko":4},{"Peace Pipe":2,"Centennial Puzzle":3,"NeowsBlessing":0,"War Paint":2,"Burning Blood":0,"Akabeko":16}],"Burning Blood":31},"card_choices":[{"not_picked":["Rage","Reckless Charge"],"picked":"Shrug It Off","floor":1.0},{"not_picked":["Warcry","Flame Barrier"],"picked":"Ghostly Armor","floor":3.0},{"not_picked":["Whirlwind","Anger"],"picked":"Pommel Strike","floor":6.0},{"not_picked":["Inflame","Headbutt","Perfected Strike"],"picked":"SKIP","floor":8.0},{"not_picked":["Searing Blow","Battle Trance"],"picked":"Dropkick","floor":11.0},{"not_picked":["Body Slam","Warcry"],"picked":"Battle Trance","floor":12.0}],"player_experience":525861,"relics_obtained":[{"floor":5.0,"key":"War Paint"},{"floor":6.0,"key":"Centennial Puzzle"},{"floor":8.0,"key":"Akabeko"}],"event_choices":[{"damage_healed":0.0,"max_hp_gain":0.0,"max_hp_loss":0.0,"gold_gain":150.0,"event_name":"Liars Game","player_choice":"AGREE","floor":2.0,"gold_loss":0.0,"damage_taken":0.0,"cards_obtained":["Doubt"]},{"damage_healed":0.0,"max_hp_gain":0.0,"max_hp_loss":0.0,"gold_gain":0.0,"event_name":"Scrap Ooze","player_choice":"Success","floor":4.0,"gold_loss":0.0,"damage_taken":35.0,"relics_obtained":["Peace Pipe"]}],"is_beta":false,"boss_relics":[],"items_purged_floors":[10],"is_endless":false,"potions_floor_spawned":[6,11,12],"killed_by":"Lagavulin","ascension_level":20}}