{"host":"08z5bj28eube4vug","time":1609302952,"event":{"mods":["2.2 Compatiblity","Abigail Mod","Act Like it!","BaseMod","Beaked The Cultist","Bestiary","Friendly Minions","Gensokyo","GungeonMod","Hallownest","Kiyohime????","Koishi","Lobotomy","Marisa????????","Minty Spire (QoL Compilation)","Prisma Mod","Remilia??????","Replay The Spire","StSLib","Td1madao Mod","The Alterego","The Bug Knight","The Jungle","The Sage","The Senshi","The Servant 0.9.4","Waifu the Spire","WarShipGirlsR/????R mod","Yuri Mod"],"gold_per_floor":[218,218,218,218,218,218,237,237,237,237,254,281,308,308,308,318,318],"floor_reached":16,"playtime":668,"items_purged":[],"score":113,"play_id":"3b88c8ed-037e-4486-9ced-15ca857e642c","local_time":"20201230073552","is_ascension_mode":true,"campfire_choices":[{"data":"alterego_mod:BigMeatyClaws","floor":6,"key":"SMITH"},{"data":"alterego_mod:BiFurious","floor":8,"key":"SMITH"},{"data":"alterego_mod:BrynhildrsRune","floor":10,"key":"SMITH"},{"data":"alterego_mod:Support","floor":15,"key":"SMITH"}],"circlet_count":0,"master_deck":["alterego_mod:Strike","alterego_mod:Strike","alterego_mod:Strike+1","alterego_mod:Strike","alterego_mod:Defend","alterego_mod:Defend","alterego_mod:Defend","alterego_mod:Defend","alterego_mod:Impale","alterego_mod:BigMeatyClaws+1","alterego_mod:BrynhildrsRune+1","alterego_mod:BiFurious+1","alterego_mod:DestructionOfProperty","alterego_mod:DiscoLights","alterego_mod:Swimsuit+1","alterego_mod:Bloomers","alterego_mod:Rip","alterego_mod:Support+1","alterego_mod:Undulate"],"relics":["alterego_mod:MasochisticConstitution","Gambling Chip","FossilizedHelix","Replay:Bandana"],"acts_visited":["Exordium"],"potions_floor_usage":[16,16],"damage_taken":[{"damage":3,"enemies":"Cultist","floor":1,"turns":3},{"damage":9,"enemies":"2 Louse","floor":7,"turns":3},{"damage":5,"enemies":"Small Slimes","floor":11,"turns":3},{"damage":23,"enemies":"Gremlin Nob","floor":12,"turns":4},{"damage":6,"enemies":"2 Fungi Beasts","floor":13,"turns":2},{"damage":23,"enemies":"The Guardian","floor":16,"turns":6}],"seed_played":"-8051643484514173362","potions_obtained":[{"floor":1,"key":"Swift Potion"},{"floor":12,"key":"LiquidMemories"}],"is_trial":false,"path_per_floor":["M","?","?","?","?","R","M","R","T","R","M","E","M","?","R","B"],"character_chosen":"The_Alterego","items_purchased":[],"campfire_rested":0,"item_purchase_floors":[],"current_hp_per_floor":[68,68,68,68,68,68,67,67,67,67,63,41,36,36,36,13,13],"gold":318,"neow_bonus":"HUNDRED_GOLD","is_daily":false,"chose_seed":false,"campfire_upgraded":4,"win_rate":0.0,"timestamp":1609302952,"path_taken":["M","?","?","?","?","R","M","R","T","R","M","E","M","?","R","BOSS"],"items_purchased_type":[],"build_version":"2020-12-22","purchased_purges":0,"victory":false,"max_hp_per_floor":[71,71,71,71,71,71,72,72,72,72,73,74,75,75,75,75,75],"card_choices":[{"not_picked":["alterego_mod:Jiggle","alterego_mod:DeftHands","alterego_mod:Maid"],"picked":"SKIP","floor":1},{"not_picked":["alterego_mod:Rake","alterego_mod:DeftHands"],"picked":"alterego_mod:Rip","floor":7},{"not_picked":["alterego_mod:MagicResistance","alterego_mod:Pet"],"picked":"alterego_mod:Support","floor":11},{"not_picked":["alterego_mod:BustOut","alterego_mod:DiscoLights","alterego_mod:DestructionOfProperty"],"picked":"SKIP","floor":12},{"not_picked":["alterego_mod:Maid","alterego_mod:VirginLaserPalladion"],"picked":"alterego_mod:Undulate","floor":13}],"player_experience":729601,"relics_obtained":[{"floor":9,"key":"FossilizedHelix"},{"floor":12,"key":"Replay:Bandana"}],"event_choices":[{"damage_healed":0,"gold_gain":0,"player_choice":"Box","damage_taken":0,"relics_obtained":["Gambling Chip"],"max_hp_gain":0,"max_hp_loss":0,"event_name":"Big Fish","floor":4,"gold_loss":0,"cards_obtained":["Regret"]},{"cards_removed":["Regret"],"damage_healed":0,"gold_gain":0,"player_choice":"Forget","damage_taken":0,"max_hp_gain":0,"max_hp_loss":0,"event_name":"Living Wall","floor":5,"gold_loss":0},{"damage_healed":0,"gold_gain":0,"player_choice":"Forge","damage_taken":0,"max_hp_gain":0,"max_hp_loss":0,"event_name":"Accursed Blacksmith","floor":14,"gold_loss":0,"cards_upgraded":["alterego_mod:Swimsuit"]}],"is_beta":false,"boss_relics":[],"items_purged_floors":[],"is_endless":false,"potions_floor_spawned":[1,12],"killed_by":"The Guardian","ascension_level":3}}