{"host":"qxeepl7ydvsgmfdb","time":1609314188,"event":{"mods":["AchievementEnabler","BaseMod","Colored Powertips","Minty Spire (QoL Compilation)","Quick Restart","slay the spire mod where everything is the same but ironclad has a cowboy hat"],"gold_per_floor":[112,287,287,1,15,15,29,45,68,143,161,161,173,173,173,276,276,293,34,34,53,69,69,19,35,59,59,59,158,237,251,251,251,251],"floor_reached":33,"playtime":774,"items_purged":["Regret"],"score":237,"play_id":"6cc1e843-e9e1-4402-96e3-3b5a69400d44","local_time":"20201230024308","is_ascension_mode":false,"campfire_choices":[{"data":"Poisoned Stab","floor":6,"key":"SMITH"},{"data":"Quick Slash","floor":12,"key":"SMITH"},{"floor":15,"key":"REST"},{"floor":23,"key":"REST"},{"floor":28,"key":"REST"},{"floor":32,"key":"REST"}],"circlet_count":0,"master_deck":["Strike_G","Strike_G","Strike_G","Strike_G","Strike_G","Defend_G","Defend_G+1","Defend_G","Defend_G+1","Defend_G","Survivor","Neutralize","Doubt","Poisoned Stab+1","Quick Slash+1","Slice","Caltrops","After Image","Dagger Spray+1","Blade Dance","Deflect+1","Quick Slash"],"relics":["Ring of the Snake","NeowsBlessing","Smiling Mask","Thread and Needle","War Paint","Mercury Hourglass","Black Star","Ninja Scroll","Ancient Tea Set","Sundial"],"acts_visited":["Exordium","TheCity"],"potions_floor_usage":[8,16,18,33,33,33],"damage_taken":[{"damage":0,"enemies":"Small Slimes","floor":1,"turns":1},{"damage":0,"enemies":"2 Louse","floor":5,"turns":1},{"damage":0,"enemies":"Jaw Worm","floor":7,"turns":1},{"damage":3,"enemies":"Lots of Slimes","floor":8,"turns":4},{"damage":11,"enemies":"3 Louse","floor":11,"turns":4},{"damage":10,"enemies":"Exordium Wildlife","floor":13,"turns":6},{"damage":40,"enemies":"Hexaghost","floor":16,"turns":9},{"damage":12,"enemies":"Shell Parasite","floor":18,"turns":7},{"damage":14,"enemies":"3 Byrds","floor":21,"turns":3},{"damage":32,"enemies":"Centurion and Healer","floor":22,"turns":5},{"damage":13,"enemies":"Snecko","floor":25,"turns":5},{"damage":0,"enemies":"Cultist and Chosen","floor":31,"turns":5},{"damage":82,"enemies":"Champ","floor":33,"turns":13}],"seed_played":"-525095017438446498","potions_obtained":[{"floor":7,"key":"SkillPotion"},{"floor":11,"key":"ColorlessPotion"},{"floor":16,"key":"EntropicBrew"},{"floor":25,"key":"CunningPotion"},{"floor":31,"key":"DistilledChaos"}],"is_trial":false,"path_per_floor":["M","?","?","$","M","R","M","M","T","?","M","R","M","T","R","B",null,"M","$","?","M","M","R","$","M","T","$","R","?","T","M","R","B"],"character_chosen":"THE_SILENT","items_purchased":["Thread and Needle","Ninja Scroll"],"campfire_rested":4,"item_purchase_floors":[4,19],"current_hp_per_floor":[70,70,70,70,70,70,70,67,67,56,45,45,35,35,56,16,70,58,58,58,44,12,33,33,20,20,20,41,41,41,41,62,0,0],"gold":251,"neow_bonus":"THREE_ENEMY_KILL","is_daily":false,"chose_seed":false,"campfire_upgraded":2,"win_rate":0.0,"timestamp":1609314188,"path_taken":["M","?","?","$","M","R","M","M","T","?","M","R","M","?","R","BOSS","M","$","?","M","M","R","$","?","T","?","R","?","?","M","R","BOSS"],"items_purchased_type":["Relic","Relic"],"build_version":"2020-12-22","purchased_purges":1,"victory":false,"max_hp_per_floor":[70,70,70,70,70,70,70,70,70,70,70,70,70,70,70,70,70,70,70,70,70,70,70,70,70,70,70,70,70,70,70,70,70,70],"card_choices":[{"not_picked":["Deflect","Heel Hook","Well Laid Plans"],"picked":"SKIP","floor":1},{"not_picked":["Dagger Throw","Dodge and Roll"],"picked":"Poisoned Stab","floor":5},{"not_picked":["Skewer","Masterful Stab"],"picked":"Quick Slash","floor":7},{"not_picked":["Calculated Gamble","Outmaneuver","Catalyst"],"picked":"SKIP","floor":8},{"not_picked":["Catalyst","Infinite Blades"],"picked":"Slice","floor":11},{"not_picked":["Well Laid Plans","Masterful Stab"],"picked":"Caltrops","floor":13},{"not_picked":["A Thousand Cuts","Grand Finale"],"picked":"After Image","floor":16},{"not_picked":["Eviscerate","Outmaneuver"],"picked":"Dagger Spray+1","floor":18},{"not_picked":["Cloak And Dagger","Dagger Throw"],"picked":"Blade Dance","floor":21},{"not_picked":["Dodge and Roll","Blade Dance"],"picked":"Deflect+1","floor":22},{"not_picked":["PiercingWail","Caltrops"],"picked":"Quick Slash","floor":25},{"not_picked":["Sucker Punch","Expertise+1","Dash"],"picked":"SKIP","floor":31}],"player_experience":319906,"relics_obtained":[{"floor":9,"key":"War Paint"},{"floor":14,"key":"Mercury Hourglass"},{"floor":26,"key":"Ancient Tea Set"},{"floor":30,"key":"Sundial"}],"event_choices":[{"damage_healed":0,"gold_gain":175,"player_choice":"AGREE","damage_taken":0,"max_hp_gain":0,"max_hp_loss":0,"event_name":"Liars Game","floor":2,"gold_loss":0,"cards_obtained":["Doubt"]},{"damage_healed":0,"gold_gain":0,"player_choice":"Box","damage_taken":0,"relics_obtained":["Smiling Mask"],"max_hp_gain":0,"max_hp_loss":0,"event_name":"Big Fish","floor":3,"gold_loss":0,"cards_obtained":["Regret"]},{"damage_healed":0,"gold_gain":75,"player_choice":"Gather Gold","damage_taken":11,"max_hp_gain":0,"max_hp_loss":0,"event_name":"World of Goop","floor":10,"gold_loss":0},{"damage_healed":0,"gold_gain":0,"player_choice":"Ignored","damage_taken":0,"max_hp_gain":0,"max_hp_loss":0,"event_name":"NoteForYourself","floor":20,"gold_loss":0},{"damage_healed":0,"gold_gain":99,"player_choice":"Stole From Cult","damage_taken":0,"max_hp_gain":0,"max_hp_loss":0,"event_name":"Nest","floor":29,"gold_loss":0}],"is_beta":false,"boss_relics":[{"not_picked":["Coffee Dripper","Snecko Eye"],"picked":"Black Star"}],"items_purged_floors":[24],"is_endless":false,"potions_floor_spawned":[7,11,16,25,31],"killed_by":"Champ","ascension_level":0}}