{"host":"q6rs3in4l29iepap","time":1609347040,"event":{"mods":["Aspiration","BaseMod","BetterRewards","Colored Map","Downfall","Friendly Minions","Hermit","Hubris","Infinite Spire","Jorbs\u0027s Wanderer Trilogy","Minty Spire (QoL Compilation)","Replay The Spire","Shade Mod","StSLib","The Bug Knight","The Construct","The Cursed","The Disciple","The Hierophant","The Mystic","The Runesmith"],"gold_per_floor":[116,116,135,7,22,56,56,56,56,2,2,34,34,53,53,157,157,174,184,184,6,6,6,35,35,86,86,86,101,120,170,170,170],"floor_reached":32,"playtime":1661,"items_purged":[],"score":366,"play_id":"ed438535-58b2-47f5-8379-a3481e8d99b0","local_time":"20201230085040","is_ascension_mode":false,"campfire_choices":[{"floor":8,"key":"REST"},{"floor":11,"key":"REST"},{"floor":13,"key":"REST"},{"floor":15,"key":"RECALL"},{"floor":23,"key":"REST"},{"floor":25,"key":"REST"}],"circlet_count":0,"master_deck":["TheCursedMod:Strike_TheCursed","TheCursedMod:Strike_TheCursed","TheCursedMod:Strike_TheCursed","TheCursedMod:Strike_TheCursed","TheCursedMod:Defend_TheCursed","TheCursedMod:Defend_TheCursed","TheCursedMod:Defend_TheCursed","TheCursedMod:Defend_TheCursed","TheCursedMod:CursedWand","TheCursedMod:CleanUpWorkshop+1","TheCursedMod:Dregs","Pot Of Greed","TheCursedMod:Hemoplague","TheCursedMod:Hemoplague","Pot Of Greed","TheCursedMod:CursedBlade","TheCursedMod:CircleOfCorruption","TheCursedMod:VitalStrike","TheCursedMod:SpitefulPlan+1","TheCursedMod:ManaBullet+1","TheCursedMod:Torture","TheCursedMod:CursedAmulet","TheCursedMod:CursedBlade","TheCursedMod:HellfireBreathing","TheCursedMod:SpreadPlague","TheCursedMod:CircleOfAbyss","Pot Of Greed","TheCursedMod:VitalStrike","TheCursedMod:TacticalStrike+1","TheCursedMod:LuckyCharm","TheCursedMod:VoidForm","TheCursedMod:TroublousMinions","TheCursedMod:CursedBlade"],"relics":["TheCursedMod:BlackMagic101","Grinning Jar","hubris:SlimyHat","ReplayTheSpireMod:Ninjato","hubris:Potato","Black Star","SsserpentHead","Gremlin Food","OrangePellets","aspiration:Stabinomicon","Replay:Towering Pillar of Hats","Boot","Gremlin Horn"],"acts_visited":["Exordium","TheCity"],"potions_floor_usage":[5,6,18,24,30,32],"damage_taken":[{"damage":1,"enemies":"Cultist","floor":1,"turns":5},{"damage":0,"enemies":"2 Louse","floor":3,"turns":3},{"damage":12,"enemies":"Jaw Worm","floor":5,"turns":1},{"damage":18,"enemies":"3 Sentries","floor":6,"turns":5},{"damage":29,"enemies":"Gremlin Nob","floor":12,"turns":4},{"damage":3,"enemies":"Exordium Wildlife","floor":14,"turns":3},{"damage":43,"enemies":"Hexaghost","floor":16,"turns":9},{"damage":27,"enemies":"Chosen","floor":18,"turns":6},{"damage":20,"enemies":"3 Byrds","floor":19,"turns":4},{"damage":52,"enemies":"Book of Stabbing","floor":24,"turns":6},{"damage":6,"enemies":"Snecko","floor":29,"turns":4},{"damage":0,"enemies":"Snake Plant","floor":30,"turns":3},{"damage":19,"enemies":"Sentry and Sphere","floor":32,"turns":2}],"seed_played":"4755447269619051277","potions_obtained":[{"floor":3,"key":"Death Potion"},{"floor":5,"key":"CultistPotion"},{"floor":12,"key":"Block Potion"},{"floor":16,"key":"Dexterity Potion"},{"floor":29,"key":"AttackPotion"},{"floor":30,"key":"Energy Potion"}],"is_trial":false,"path_per_floor":["M","T","M","$","M","E","?","R","T","$","R","E","R","M","R_BF","B",null,"M","M","?","$","AVR","R","E","R","T","PTL","PTL","M","M","T","M"],"character_chosen":"THE_CURSED","items_purchased":["Grinning Jar","TheCursedMod:Hemoplague","TheCursedMod:CursedBlade","TheCursedMod:SpitefulPlan","TheCursedMod:ManaBullet+1","TheCursedMod:CursedBlade","Gremlin Food","TheCursedMod:LuckyCharm"],"campfire_rested":5,"item_purchase_floors":[0,0,0,4,4,10,21,21],"current_hp_per_floor":[66,66,66,66,54,36,39,62,62,62,78,49,72,69,69,26,78,51,31,31,31,31,54,2,25,25,25,25,19,19,19,0,0],"gold":170,"neow_bonus":"","is_daily":false,"chose_seed":false,"campfire_upgraded":0,"win_rate":0.0,"timestamp":1609347040,"path_taken":["M","?","M","$","M","E","?","R","T","?","R","E","R","M","R_BF","BOSS","M","M","?","?","AVR","R","E","R","T","PTL","PTL","M","M","?","M"],"items_purchased_type":["Relic","Card","Card","Card","Card","Card","Relic","Card"],"build_version":"2020-12-13","purchased_purges":0,"victory":false,"max_hp_per_floor":[75,75,75,75,75,75,78,78,78,78,78,78,78,78,78,78,78,78,78,78,78,78,78,78,78,78,78,78,78,78,78,78,78],"card_choices":[{"not_picked":["TheCursedMod:CursedMace","TheCursedMod:TacticalStrike"],"picked":"TheCursedMod:CircleOfCorruption","floor":1},{"not_picked":["TheCursedMod:TacticalStrike","TheCursedMod:SpitefulPray"],"picked":"TheCursedMod:VitalStrike","floor":3},{"not_picked":["TheCursedMod:Stigma","TheCursedMod:VitalStrike"],"picked":"TheCursedMod:Torture","floor":5},{"not_picked":["TheCursedMod:OutForBlood","TheCursedMod:UltimatePain"],"picked":"TheCursedMod:CursedAmulet","floor":6},{"not_picked":["TheCursedMod:SpreadPlague","TheCursedMod:CursedArmor"],"picked":"TheCursedMod:HellfireBreathing","floor":12},{"not_picked":["TheCursedMod:SmokeScreen","TheCursedMod:Stretching"],"picked":"TheCursedMod:SpreadPlague","floor":14},{"not_picked":["TheCursedMod:Neurasthenia","TheCursedMod:AntiAging"],"picked":"TheCursedMod:CircleOfAbyss","floor":16},{"not_picked":["TheCursedMod:ReleasedStrength+1","TheCursedMod:CircleOfCorruption"],"picked":"TheCursedMod:VitalStrike","floor":18},{"not_picked":["TheCursedMod:RapidMovement","TheCursedMod:CursedAmulet"],"picked":"TheCursedMod:TacticalStrike+1","floor":19},{"not_picked":["TheCursedMod:Stretching","TheCursedMod:SmokeScreen"],"picked":"TheCursedMod:VoidForm","floor":24},{"not_picked":["TheCursedMod:CursedShiv+1","TheCursedMod:Wield"],"picked":"TheCursedMod:TroublousMinions","floor":29},{"not_picked":["TheCursedMod:Stretching+1","TheCursedMod:SpitefulPlan"],"picked":"TheCursedMod:CursedBlade","floor":30}],"player_experience":151536,"relics_obtained":[{"floor":6,"key":"hubris:SlimyHat"},{"floor":9,"key":"ReplayTheSpireMod:Ninjato"},{"floor":12,"key":"hubris:Potato"},{"floor":24,"key":"aspiration:Stabinomicon"},{"floor":24,"key":"Replay:Towering Pillar of Hats"},{"floor":26,"key":"Boot"},{"floor":31,"key":"Gremlin Horn"}],"event_choices":[{"damage_healed":0,"gold_gain":0,"player_choice":"Trade","damage_taken":0,"relics_obtained":["SsserpentHead"],"max_hp_gain":0,"max_hp_loss":0,"event_name":"FaceTrader","floor":20,"gold_loss":0}],"is_beta":false,"boss_relics":[{"not_picked":["Pandora\u0027s Box","Coffee Dripper"],"picked":"Black Star"}],"items_purged_floors":[],"is_endless":false,"potions_floor_spawned":[3,5,12,16,29,30],"killed_by":"Sentry and Sphere","ascension_level":0}}