{"host":"uyrebrj0204enqpc","time":1609360274,"event":{"mods":["Act Like it!","Bard","BaseMod","Block Reminder","Challenge The Spire","Colored Map","Colored Powertips","DeckTracker","Downfall","GifTheSpireLib","HexUI Lib","Highlight Path","Hubris","Infinite Spire","Minty Spire (QoL Compilation)","Pale of the Ancients","Quick Restart","Random Character Button","Relic Sorter","Relic Stats","Replay The Spire","Shop Mod","StSLib","The Blue Laboratory","The Bug Knight","The Cursed","The Jungle","The Marked","Wandering Minibosses"],"gold_per_floor":[110,110,110,185,195,221,221,256,256,256,274,288,307,307,307,307,307],"floor_reached":16,"playtime":354,"items_purged":[],"score":270,"play_id":"cbd1e391-4ce6-46c6-b982-7b05c6d4407f","local_time":"20201230153114","is_ascension_mode":true,"campfire_choices":[{"data":"Cleave","floor":7,"key":"SMITH"},{"data":"Shrug It Off","floor":10,"key":"SMITH"},{"data":"Defend_R","floor":15,"key":"SMITH"}],"circlet_count":0,"master_deck":["AscendersBane","Strike_R","Strike_R","Strike_R","Strike_R","Strike_R","Defend_R","Defend_R+1","Defend_R+1","ReplayTheSpireMod:Stacked","Cleave+1","Shrug It Off+1","Double Tap","Wild Strike"],"relics":["Burning Blood","NeowsBlessing","hubris:PeanutButter","Ornamental Fan","Darkstone Periapt"],"acts_visited":["Exordium"],"potions_floor_usage":[8,16],"damage_taken":[{"damage":0,"enemies":"Jaw Worm","floor":1,"turns":1},{"damage":0,"enemies":"2 Louse","floor":5,"turns":2},{"damage":0,"enemies":"Gremlin Nob","floor":6,"turns":1},{"damage":51,"enemies":"3 Sentries","floor":8,"turns":13},{"damage":0,"enemies":"Small Slimes","floor":11,"turns":2},{"damage":0,"enemies":"Exordium Wildlife","floor":12,"turns":4},{"damage":0,"enemies":"3 Louse","floor":13,"turns":3},{"damage":52,"enemies":"The Guardian","floor":16,"turns":8}],"seed_played":"-3180440679260691116","potions_obtained":[{"floor":6,"key":"Block Potion"},{"floor":11,"key":"blueLaboratory:BottleOfRum"}],"is_trial":false,"path_per_floor":["M","?","?","?","M","E","R","E","T","R","M","M","M","?","R","B"],"character_chosen":"IRONCLAD","items_purchased":[],"campfire_rested":0,"item_purchase_floors":[],"current_hp_per_floor":[74,67,67,56,62,68,68,23,23,23,29,35,41,41,41,0,0],"gold":307,"neow_bonus":"THREE_ENEMY_KILL","is_daily":false,"chose_seed":false,"campfire_upgraded":3,"win_rate":0.0,"timestamp":1609360274,"path_taken":["M","?","?","?","M","E","R","E","T","R","M","M","?","?","R","BOSS"],"items_purchased_type":[],"build_version":"2020-12-22","purchased_purges":0,"victory":false,"max_hp_per_floor":[75,75,75,75,75,75,75,75,75,75,75,75,75,75,75,75,75],"relic_stats":{"Darkstone Periapt":0,"counters":[8,34],"Ornamental Fan":[24],"obtain_stats":[{"Darkstone Periapt":9,"NeowsBlessing":0,"Ornamental Fan":8,"hubris:PeanutButter":6,"Burning Blood":0},{"Darkstone Periapt":4,"NeowsBlessing":0,"Ornamental Fan":4,"hubris:PeanutButter":3,"Burning Blood":0},{"Darkstone Periapt":17,"NeowsBlessing":0,"Ornamental Fan":17,"hubris:PeanutButter":4,"Burning Blood":0}],"Burning Blood":42},"card_choices":[{"not_picked":["Entrench","Metallicize"],"picked":"ReplayTheSpireMod:Stacked","floor":1},{"not_picked":["Shockwave","Perfected Strike"],"picked":"Cleave","floor":5},{"not_picked":["Pommel Strike","Feel No Pain"],"picked":"Shrug It Off","floor":6},{"not_picked":["Power Through","Headbutt"],"picked":"Double Tap","floor":8},{"not_picked":["Rupture","Shockwave","Havoc"],"picked":"SKIP","floor":11},{"not_picked":["Cleave","Exhume"],"picked":"Wild Strike","floor":12},{"not_picked":["ReplayReversal","Anger","Abandon"],"picked":"SKIP","floor":13}],"player_experience":1018045,"relics_obtained":[{"floor":6,"key":"hubris:PeanutButter"},{"floor":8,"key":"Ornamental Fan"},{"floor":9,"key":"Darkstone Periapt"}],"event_choices":[{"cards_removed":["Defend_R"],"damage_healed":0,"gold_gain":0,"player_choice":"Card Removal","damage_taken":7,"max_hp_gain":0,"max_hp_loss":0,"event_name":"Golden Wing","floor":2,"gold_loss":0},{"damage_healed":0,"gold_gain":75,"player_choice":"Gather Gold","damage_taken":11,"max_hp_gain":0,"max_hp_loss":0,"event_name":"World of Goop","floor":4,"gold_loss":0}],"is_beta":false,"boss_relics":[],"items_purged_floors":[],"is_endless":false,"potions_floor_spawned":[6,11],"killed_by":"The Guardian","ascension_level":20}}