{"host":"3a1ypf1irl30q4k8","time":1609340042,"event":{"mods":["AchievementEnabler","BaseMod","Bestiary","Colored Map","Minty Spire (QoL Compilation)","Relic Stats"],"gold_per_floor":[364,21,33,49,67,67,101,101,124,299,299,326,337,367,367,472,472,483,483,483,496,61,93,93,111,111,111,145,166,166,166],"floor_reached":30,"playtime":1532,"items_purged":["Strike_P","Defend_P"],"score":360,"play_id":"b0158f86-cf44-477f-87e6-73a6ecaa42cd","local_time":"20201230145402","is_ascension_mode":true,"campfire_choices":[{"floor":6,"key":"REST"},{"data":"LessonLearned","floor":8,"key":"SMITH"},{"floor":15,"key":"REST"},{"floor":24,"key":"RECALL"}],"circlet_count":0,"master_deck":["Strike_P+1","Strike_P+1","Defend_P+1","Defend_P+1","Defend_P+1","Eruption","Vigilance+1","SashWhip+1","LessonLearned+1","BattleHymn+1","Wallop","ClearTheMind","Vengeance+1","LikeWater","CarveReality","Tantrum","ClearTheMind","FlurryOfBlows+1","Meditate","Tantrum","Halt+1","Halt+1","Indignation+1"],"relics":["PureWater","Akabeko","PreservedInsect","MealTicket","Lantern","Fusion Hammer","Toxic Egg 2","TungstenRod","Mummified Hand","CeramicFish"],"acts_visited":["Exordium","TheCity"],"potions_floor_usage":[7,16,28,28,30],"damage_taken":[{"damage":0,"enemies":"Jaw Worm","floor":1,"turns":3},{"damage":3,"enemies":"Small Slimes","floor":3,"turns":3},{"damage":0,"enemies":"2 Louse","floor":4,"turns":2},{"damage":11,"enemies":"Gremlin Gang","floor":5,"turns":5},{"damage":12,"enemies":"3 Sentries","floor":7,"turns":7},{"damage":0,"enemies":"Gremlin Nob","floor":12,"turns":2},{"damage":0,"enemies":"Looter","floor":13,"turns":1},{"damage":10,"enemies":"3 Sentries","floor":14,"turns":3},{"damage":24,"enemies":"Hexaghost","floor":16,"turns":11},{"damage":14,"enemies":"3 Byrds","floor":18,"turns":5},{"damage":0,"enemies":"Spheric Guardian","floor":21,"turns":1},{"damage":7,"enemies":"Book of Stabbing","floor":23,"turns":3},{"damage":15,"enemies":"Snake Plant","floor":25,"turns":3},{"damage":16,"enemies":"Slavers","floor":28,"turns":3},{"damage":11,"enemies":"Centurion and Healer","floor":29,"turns":3},{"damage":34,"enemies":"Gremlin Leader","floor":30,"turns":2}],"seed_played":"8786206944837590522","potions_obtained":[{"floor":3,"key":"SteroidPotion"},{"floor":7,"key":"Dexterity Potion"},{"floor":14,"key":"ColorlessPotion"},{"floor":16,"key":"Explosive Potion"},{"floor":28,"key":"Strength Potion"},{"floor":29,"key":"Fire Potion"}],"is_trial":false,"path_per_floor":["M","$","M","M","M","R","E","R","T","?","?","E","M","E","R","B",null,"M","?","?","M","$","E","R","M","T","?","E","M","E"],"character_chosen":"WATCHER","items_purchased":["LessonLearned","BattleHymn","Wallop","Tantrum","Toxic Egg 2"],"campfire_rested":2,"item_purchase_floors":[2,2,2,22,22],"current_hp_per_floor":[51,51,48,48,37,58,46,46,46,46,46,46,46,36,57,33,72,58,58,58,58,72,65,65,50,50,50,34,23,0,0],"gold":166,"neow_bonus":"TWO_FIFTY_GOLD","is_daily":false,"chose_seed":false,"campfire_upgraded":1,"win_rate":0.0,"timestamp":1609340042,"path_taken":["M","$","M","M","M","R","E","R","T","?","?","E","M","E","R","BOSS","M","?","?","?","$","E","R","M","T","?","E","M","E"],"items_purchased_type":["Card","Card","Card","Card","Relic"],"build_version":"2020-12-22","purchased_purges":2,"victory":false,"max_hp_per_floor":[72,72,72,72,72,72,72,72,72,72,72,72,72,72,72,72,72,72,72,72,72,72,72,72,72,72,72,72,72,72,72],"relic_stats":{"counters":[16,57],"Mummified Hand":[4],"CeramicFish":9,"MealTicket":14,"PreservedInsect":179,"obtain_stats":[{"Lantern":14,"Mummified Hand":26,"CeramicFish":28,"MealTicket":12,"PreservedInsect":9,"Fusion Hammer":17,"PureWater":0,"Toxic Egg 2":22,"Akabeko":7,"TungstenRod":23},{"Lantern":8,"Mummified Hand":13,"CeramicFish":14,"MealTicket":6,"PreservedInsect":5,"Fusion Hammer":9,"PureWater":0,"Toxic Egg 2":11,"Akabeko":5,"TungstenRod":12},{"Lantern":26,"Mummified Hand":49,"CeramicFish":52,"MealTicket":22,"PreservedInsect":20,"Fusion Hammer":37,"PureWater":0,"Toxic Egg 2":43,"Akabeko":20,"TungstenRod":46}],"TungstenRod":8},"card_choices":[{"not_picked":["ClearTheMind","ThirdEye"],"picked":"SashWhip","floor":1},{"not_picked":["Halt","MentalFortress"],"picked":"ClearTheMind","floor":3},{"not_picked":["EmptyMind","JustLucky"],"picked":"Vengeance","floor":4},{"not_picked":["Consecrate","PathToVictory"],"picked":"LikeWater","floor":5},{"not_picked":["Evaluate","Brilliance"],"picked":"CarveReality","floor":7},{"not_picked":["Vengeance","Protect"],"picked":"Tantrum","floor":12},{"not_picked":["Crescendo","WaveOfTheHand"],"picked":"ClearTheMind","floor":13},{"not_picked":["SashWhip","BattleHymn","EmptyMind"],"picked":"SKIP","floor":14},{"not_picked":["Halt","EmptyMind"],"picked":"FlurryOfBlows+1","floor":18},{"not_picked":["Pray","SashWhip"],"picked":"Meditate","floor":21},{"not_picked":["ConjureBlade+1","SashWhip"],"picked":"Halt+1","floor":23},{"not_picked":["LikeWater+1","ClearTheMind+1"],"picked":"Halt+1","floor":25},{"not_picked":["Evaluate+1","ThirdEye+1","ReachHeaven"],"picked":"SKIP","floor":28},{"not_picked":["ThirdEye+1","FlyingSleeves"],"picked":"Indignation+1","floor":29}],"player_experience":911033,"relics_obtained":[{"floor":7,"key":"Akabeko"},{"floor":9,"key":"PreservedInsect"},{"floor":12,"key":"MealTicket"},{"floor":14,"key":"Lantern"},{"floor":23,"key":"TungstenRod"},{"floor":26,"key":"Mummified Hand"},{"floor":28,"key":"CeramicFish"}],"event_choices":[{"damage_healed":0,"gold_gain":175,"player_choice":"AGREE","damage_taken":0,"max_hp_gain":0,"max_hp_loss":0,"event_name":"Liars Game","floor":10,"gold_loss":0,"cards_obtained":["Doubt"]},{"cards_removed":["Doubt"],"damage_healed":0,"gold_gain":0,"player_choice":"Forget","damage_taken":0,"max_hp_gain":0,"max_hp_loss":0,"event_name":"Living Wall","floor":11,"gold_loss":0},{"cards_removed":["Strike_P"],"damage_healed":0,"gold_gain":0,"player_choice":"Elegance","damage_taken":0,"max_hp_gain":0,"max_hp_loss":0,"event_name":"Back to Basics","floor":19,"gold_loss":0},{"damage_healed":0,"gold_gain":0,"player_choice":"0 cards matched","damage_taken":0,"max_hp_gain":0,"max_hp_loss":0,"event_name":"Match and Keep!","floor":20,"gold_loss":0,"cards_obtained":[]},{"damage_healed":0,"gold_gain":0,"player_choice":"Ignored","damage_taken":0,"max_hp_gain":0,"max_hp_loss":0,"event_name":"Ghosts","floor":27,"gold_loss":0}],"is_beta":false,"boss_relics":[{"not_picked":["Empty Cage","Pandora\u0027s Box"],"picked":"Fusion Hammer"}],"items_purged_floors":[2,22],"is_endless":false,"potions_floor_spawned":[3,7,14,16,28,29],"killed_by":"Gremlin Leader","ascension_level":3}}