{"host":"dftyqn972q7tuon4","time":1609360134,"event":{"mods":["AchievementEnabler","BaseMod","Better Altar","Better Match","Better Note","Better Sensory Stone","Better Skull","Better Third Choice","Colored Powertips","Highlight Path","Minty Spire (QoL Compilation)","Permanent Neow","Quick Restart","StSLib"],"gold_per_floor":[114,114,131,7,182,182,210,210,237,237,274,297,297,335,335,445,445,464,464,480,68,92,126,135,157,157,176,22,22,42,61,61,168,168,181,209,86,111,111,149,149,99,168,207,207,207,235,263,263,263],"floor_reached":51,"playtime":4130,"items_purged":["Regret","Strike_G","Defend_G","Strike_G"],"score":997,"play_id":"46d216da-bf81-479e-9d0e-4b0900706d91","local_time":"20201230212854","is_ascension_mode":true,"campfire_choices":[{"data":"Corpse Explosion","floor":6.0,"key":"SMITH"},{"data":"Catalyst","floor":8.0,"key":"SMITH"},{"floor":10.0,"key":"REST"},{"data":"Calculated Gamble","floor":15.0,"key":"SMITH"},{"floor":32.0,"key":"REST"},{"floor":41.0,"key":"DIG"},{"floor":45.0,"key":"REST"},{"floor":49,"key":"DIG"}],"circlet_count":0,"master_deck":["Strike_G","Strike_G","Defend_G","Defend_G","Defend_G","Survivor","Neutralize","Corpse Explosion+1","Noxious Fumes","PiercingWail","Cloak And Dagger","Catalyst+1","Calculated Gamble+1","Escape Plan","Prepared","Tools of the Trade","Flying Knee","Noxious Fumes","Slice","Expertise","Backflip+1","Prepared","Blur+1","Venomology","After Image","Prepared","Tactician","Bane","Slice+1","Flechettes","Distraction+1","Backstab","Poisoned Stab"],"relics":["Ring of the Snake","Smiling Mask","CeramicFish","Oddly Smooth Stone","Bottled Lightning","White Beast Statue","Busted Crown","Nloth\u0027s Gift","Potion Belt","Lee\u0027s Waffle","Pear","Pantograph","ClockworkSouvenir","NlothsMask","Black Star","Shovel","Blood Vial","Bag of Preparation","Anchor","Tough Bandages","PreservedInsect"],"acts_visited":["Exordium","TheCity","TheBeyond"],"potions_floor_usage":[48,50,50,50,50,50,50,50,50,50,50,50,50],"damage_taken":[{"damage":6.0,"enemies":"Jaw Worm","floor":1.0,"turns":6.0},{"damage":7.0,"enemies":"Small Slimes","floor":3.0,"turns":5.0},{"damage":13.0,"enemies":"Gremlin Nob","floor":7.0,"turns":4.0},{"damage":10.0,"enemies":"Lagavulin","floor":11.0,"turns":5.0},{"damage":1.0,"enemies":"Cultist","floor":12.0,"turns":5.0},{"damage":3.0,"enemies":"3 Sentries","floor":14.0,"turns":2.0},{"damage":23.0,"enemies":"Slime Boss","floor":16.0,"turns":11.0},{"damage":0.0,"enemies":"2 Thieves","floor":18.0,"turns":2.0},{"damage":6.0,"enemies":"3 Byrds","floor":20.0,"turns":2.0},{"damage":0.0,"enemies":"Snake Plant","floor":22.0,"turns":3.0},{"damage":12.0,"enemies":"Gremlin Leader","floor":23.0,"turns":6.0},{"damage":33.0,"enemies":"Shelled Parasite and Fungi","floor":25.0,"turns":4.0},{"damage":11.0,"enemies":"Chosen and Byrds","floor":27.0,"turns":3.0},{"damage":0.0,"enemies":"Centurion and Healer","floor":30.0,"turns":3.0},{"damage":0.0,"enemies":"3 Cultists","floor":31.0,"turns":3.0},{"damage":22.0,"enemies":"Automaton","floor":33.0,"turns":7.0},{"damage":17.0,"enemies":"3 Darklings","floor":35.0,"turns":4.0},{"damage":0.0,"enemies":"Orb Walker","floor":36.0,"turns":3.0},{"damage":0.0,"enemies":"Jaw Worm Horde","floor":38.0,"turns":2.0},{"damage":9.0,"enemies":"Nemesis","floor":40.0,"turns":7.0},{"damage":44.0,"enemies":"Reptomancer","floor":44.0,"turns":6.0},{"damage":0.0,"enemies":"4 Shapes","floor":47.0,"turns":3.0},{"damage":0,"enemies":"Spire Growth","floor":48,"turns":4},{"damage":81,"enemies":"Time Eater","floor":50,"turns":14}],"seed_played":"-3421598864811628644","potions_obtained":[{"floor":1.0,"key":"DuplicationPotion"},{"floor":11.0,"key":"SpeedPotion"},{"floor":12.0,"key":"SkillPotion"},{"floor":16.0,"key":"SpeedPotion"},{"floor":18.0,"key":"Explosive Potion"},{"floor":20.0,"key":"Dexterity Potion"},{"floor":22.0,"key":"Swift Potion"},{"floor":23.0,"key":"PowerPotion"},{"floor":25.0,"key":"EntropicBrew"},{"floor":27.0,"key":"ColorlessPotion"},{"floor":30.0,"key":"Explosive Potion"},{"floor":31.0,"key":"LiquidMemories"},{"floor":33.0,"key":"Weak Potion"},{"floor":36.0,"key":"CunningPotion"},{"floor":38.0,"key":"Strength Potion"},{"floor":40.0,"key":"SmokeBomb"},{"floor":44.0,"key":"LiquidBronze"},{"floor":47.0,"key":"EntropicBrew"},{"floor":48,"key":"CunningPotion"}],"is_trial":false,"path_per_floor":["M","?","M","$","?","R","E","R","T","R","E","M","T","E","R","B",null,"M","?","M","$","M","E","?","M","T","M","$","?","M","M","R","B",null,"M","M","$","M","?","E","R","$","T","E","R","?","M","M","R","B",null],"character_chosen":"THE_SILENT","items_purchased":["Cloak And Dagger","Noxious Fumes","Potion Belt","Lee\u0027s Waffle","ClockworkSouvenir","Tactician","Bane"],"campfire_rested":3,"item_purchase_floors":[4,21,21,21,28,37,37],"current_hp_per_floor":[57,57,50,50,50,50,37,37,37,55,45,44,44,41,41,18,52,52,52,46,70,70,68,68,35,35,24,24,24,24,24,48,51,73,56,56,56,56,56,47,47,47,47,5,29,70,70,70,70,4],"gold":263,"neow_bonus":"THREE_RARE_CARDS","is_daily":false,"chose_seed":false,"campfire_upgraded":3,"win_rate":0.0,"timestamp":1609360134,"path_taken":["M","?","M","$","?","R","E","R","T","R","E","M","?","E","R","BOSS","M","?","M","?","M","E","?","M","T","?","$","?","?","M","R","BOSS","M","M","$","M","?","E","R","$","T","E","R","?","M","M","R","BOSS"],"items_purchased_type":["Card","Card","Relic","Relic","Relic","Card","Card"],"build_version":"2020-12-22","purchased_purges":4,"victory":true,"max_hp_per_floor":[63,63,63,63,63,63,63,63,63,63,63,63,63,63,63,63,63,63,63,63,70,70,80,80,80,80,80,80,80,80,80,80,80,80,80,80,80,80,80,80,80,80,80,80,80,70,70,70,70,70],"card_choices":[{"not_picked":["Wraith Form v2","Storm of Steel"],"picked":"Corpse Explosion","floor":0.0},{"not_picked":["Footwork","Expertise"],"picked":"Noxious Fumes","floor":1.0},{"not_picked":["Dodge and Roll","Accuracy"],"picked":"PiercingWail","floor":3.0},{"not_picked":["Escape Plan","Cloak And Dagger"],"picked":"Catalyst","floor":7.0},{"not_picked":["Concentrate","Skewer"],"picked":"Calculated Gamble","floor":11.0},{"not_picked":["Footwork","Quick Slash"],"picked":"Escape Plan","floor":12.0},{"not_picked":["Outmaneuver","All Out Attack"],"picked":"Prepared","floor":14.0},{"not_picked":["Malaise","Doppelganger"],"picked":"Tools of the Trade","floor":16.0},{"not_picked":[],"picked":"Flying Knee","floor":18.0},{"not_picked":["Dodge and Roll"],"picked":"SKIP","floor":20.0},{"not_picked":[],"picked":"Slice","floor":22.0},{"not_picked":["Acrobatics"],"picked":"SKIP","floor":23.0},{"not_picked":[],"picked":"Backflip+1","floor":25.0},{"not_picked":[],"picked":"Prepared","floor":27.0},{"not_picked":[],"picked":"Blur+1","floor":30.0},{"not_picked":[],"picked":"Venomology","floor":31.0},{"not_picked":[],"picked":"After Image","floor":33.0},{"not_picked":["Finisher"],"picked":"SKIP","floor":35.0},{"not_picked":[],"picked":"Prepared","floor":36.0},{"not_picked":[],"picked":"Slice+1","floor":38.0},{"not_picked":[],"picked":"Flechettes","floor":40.0},{"not_picked":[],"picked":"Distraction+1","floor":44.0},{"not_picked":[],"picked":"Backstab","floor":47.0},{"not_picked":[],"picked":"Poisoned Stab","floor":48}],"player_experience":556781,"relics_obtained":[{"floor":7.0,"key":"Smiling Mask"},{"floor":9.0,"key":"CeramicFish"},{"floor":11.0,"key":"Oddly Smooth Stone"},{"floor":13.0,"key":"Bottled Lightning"},{"floor":14.0,"key":"White Beast Statue"},{"floor":23.0,"key":"Pear"},{"floor":26.0,"key":"Pantograph"},{"floor":40.0,"key":"Shovel"},{"floor":40.0,"key":"Blood Vial"},{"floor":41.0,"key":"Bag of Preparation"},{"floor":44.0,"key":"Anchor"},{"floor":44.0,"key":"Tough Bandages"},{"floor":49,"key":"PreservedInsect"}],"event_choices":[{"damage_healed":0.0,"max_hp_gain":0.0,"max_hp_loss":0.0,"gold_gain":0.0,"event_name":"Big Fish","player_choice":"Box","floor":2.0,"gold_loss":0.0,"damage_taken":0.0,"relics_obtained":["Omamori"],"cards_obtained":["Regret"]},{"damage_healed":0.0,"max_hp_gain":0.0,"max_hp_loss":0.0,"gold_gain":175.0,"event_name":"betterThird:BetterSerpent","player_choice":"AGREE","floor":5.0,"gold_loss":0.0,"damage_taken":7.0},{"damage_healed":0.0,"max_hp_gain":0.0,"max_hp_loss":0.0,"gold_gain":0.0,"event_name":"N\u0027loth","player_choice":"Traded Relic","floor":19.0,"relics_lost":["Omamori"],"gold_loss":0.0,"damage_taken":0.0,"relics_obtained":["Nloth\u0027s Gift"]},{"damage_healed":0.0,"max_hp_gain":0.0,"max_hp_loss":0.0,"gold_gain":0.0,"cards_transformed":["Strike_G"],"event_name":"Transmorgrifier","player_choice":"Transformed","floor":24.0,"gold_loss":0.0,"damage_taken":0.0,"cards_obtained":["Expertise"]},{"damage_healed":0.0,"max_hp_gain":0.0,"max_hp_loss":0.0,"gold_gain":0.0,"event_name":"FaceTrader","player_choice":"Trade","floor":29.0,"gold_loss":0.0,"damage_taken":0.0,"relics_obtained":["NlothsMask"]},{"cards_removed":["Defend_G"],"damage_healed":0.0,"max_hp_gain":0.0,"max_hp_loss":0.0,"gold_gain":0.0,"event_name":"Falling","player_choice":"Removed Skill","floor":39.0,"gold_loss":0.0,"damage_taken":0.0},{"damage_healed":70.0,"max_hp_gain":0.0,"max_hp_loss":10.0,"gold_gain":0.0,"event_name":"The Moai Head","player_choice":"Heal","floor":46.0,"gold_loss":0.0,"damage_taken":0.0}],"is_beta":false,"boss_relics":[{"not_picked":["Fusion Hammer","WristBlade"],"picked":"Busted Crown"},{"not_picked":["Runic Pyramid","Cursed Key"],"picked":"Black Star"}],"items_purged_floors":[4,21,37,42],"is_endless":false,"potions_floor_spawned":[1,11,12,16,18,20,22,23,25,27,30,31,33,35,36,38,40,44,47,48],"ascension_level":7}}