{"host":"hg4d4z00zcdsq8kr","time":1609302300,"event":{"mods":["BaseMod","Downfall","Hubris","Infinite Spire","Minty Spire (QoL Compilation)","Replay The Spire","StSLib","The Bug Knight","The Cursed"],"gold_per_floor":[115,132,194,43,53,53,80,80,80,30,30,30,30,43,43,147,147,164,89,89,102,117,152,152,152,204,46,59,59,21,36,36,137,137,152,4,15,27,40,55,55,67,67,67,67,67,82,39,39,39,39],"floor_reached":50,"playtime":2185,"items_purged":["Strike_R"],"score":489,"play_id":"38c3d7cd-3d0e-488f-8f90-500f4e373326","local_time":"20201230072500","is_ascension_mode":false,"campfire_choices":[{"floor":6,"key":"REST"},{"floor":8,"key":"REST"},{"data":"Bash","floor":12,"key":"SMITH"},{"floor":15,"key":"DIG"},{"floor":24,"key":"REST"},{"floor":29,"key":"REST"},{"floor":32,"key":"REST"},{"floor":41,"key":"REST"},{"floor":45,"key":"REST"},{"floor":49,"key":"REST"}],"circlet_count":0,"master_deck":["Strike_R","Strike_R","Strike_R+1","Defend_R+1","Defend_R","Defend_R","Defend_R","Bash+1","True Grit+1","Burning Pact+1","Fire Breathing","ReplayTheSpireMod:Stacked","Inflame+1","Heavy Blade","Demon Form+1","Wild Strike","infinitespire:Gouge","Heavy Blade","infinitespire:DeathsTouch+1","Dropkick","infinitespire:Menacing","expansioncontent:Collect","Evolve","Shrug It Off","Entrench","Seeing Red+1","Reaper","Shrug It Off+1","Offering+1","Dropkick","Reckless Charge","Pot Of Greed","Pot Of Greed","Pot Of Greed","Writhe","Demon Form","Cleave+1","Fire Breathing+1"],"relics":["Burning Blood","Gremlin Food","Happy Flower","infinitespire:Lucky Rock","Gremlin Horn","Ancient Tea Set","SacredBark","Matryoshka","The Courier","Replay:Mystery Machine","Busted Crown","Grinning Jar","ReplayTheSpireMod:Ninjato"],"acts_visited":["Exordium","TheCity","TheBeyond"],"potions_floor_usage":[7,13,16,16,21,22,22,33,37,38,38,39,42],"damage_taken":[{"damage":5,"enemies":"Small Slimes","floor":1,"turns":4},{"damage":2,"enemies":"2 Louse","floor":2,"turns":4},{"damage":10,"enemies":"Jaw Worm","floor":5,"turns":5},{"damage":22,"enemies":"Gremlin Nob","floor":7,"turns":4},{"damage":0,"enemies":"Exordium Wildlife","floor":13,"turns":1},{"damage":8,"enemies":"Blue Slaver","floor":14,"turns":4},{"damage":51,"enemies":"Hexaghost","floor":16,"turns":9},{"damage":14,"enemies":"Shell Parasite","floor":18,"turns":5},{"damage":0,"enemies":"Spheric Guardian","floor":21,"turns":3},{"damage":15,"enemies":"Snake Plant","floor":22,"turns":4},{"damage":58,"enemies":"Nightmare","floor":23,"turns":8},{"damage":16,"enemies":"Centurion and Healer","floor":28,"turns":6},{"damage":14,"enemies":"Sentry and Sphere","floor":31,"turns":5},{"damage":50,"enemies":"Champ","floor":33,"turns":9},{"damage":18,"enemies":"3 Shapes","floor":35,"turns":4},{"damage":11,"enemies":"Orb Walker","floor":37,"turns":2},{"damage":17,"enemies":"Writhing Mass","floor":38,"turns":5},{"damage":11,"enemies":"Sphere and 2 Shapes","floor":39,"turns":3},{"damage":67,"enemies":"Jaw Worm Horde","floor":40,"turns":6},{"damage":36,"enemies":"Spire Growth","floor":42,"turns":6},{"damage":10,"enemies":"Sphere and 2 Shapes","floor":47,"turns":4},{"damage":81,"enemies":"Time Eater","floor":50,"turns":6}],"seed_played":"8688463678426375296","potions_obtained":[{"floor":2,"key":"sneckomod:MuddlingPotion"},{"floor":3,"key":"Explosive Potion"},{"floor":3,"key":"SmokeBomb"},{"floor":7,"key":"LiquidMemories"},{"floor":14,"key":"PowerPotion"},{"floor":16,"key":"Fire Potion"},{"floor":18,"key":"SkillPotion"},{"floor":33,"key":"sneckomod:MuddlingPotion"},{"floor":35,"key":"Explosive Potion"},{"floor":38,"key":"Explosive Potion"},{"floor":39,"key":"ElixirPotion"},{"floor":40,"key":"Fire Potion"},{"floor":47,"key":"Reflective Coating"}],"is_trial":false,"path_per_floor":["M","M","?","$","M","R","E","R","T","?","?","R","M","M","R","B",null,"M","?","AVR","M","M","NM","R","?","T","$","M","R","$","M","R","B",null,"M","$","M","M","M","M","R","M","T","?","R","?","M","$","R","B"],"character_chosen":"IRONCLAD","items_purchased":["Fire Breathing","expansioncontent:Collect","Evolve","Shrug It Off","Fire Potion","Offering","Explosive Potion","Fire Breathing+1"],"campfire_rested":8,"item_purchase_floors":[4,27,27,27,30,36,36,48],"current_hp_per_floor":[80,80,60,60,56,80,64,80,80,80,80,80,80,78,78,33,80,72,72,72,78,69,17,41,21,21,21,11,35,35,27,51,7,80,68,68,71,60,55,17,41,11,11,31,55,55,56,56,80,0,0],"gold":39,"neow_bonus":"RANDOM_COMMON_RELIC","is_daily":false,"chose_seed":false,"campfire_upgraded":1,"win_rate":0.0,"timestamp":1609302300,"path_taken":["M","M","?","$","M","R","E","R","T","?","?","R","M","M","R","BOSS","M","?","AVR","M","M","NM","R","?","T","$","M","R","?","M","R","BOSS","M","$","M","M","M","M","R","M","T","?","R","?","?","$","R","BOSS"],"items_purchased_type":["Card","Card","Card","Card","Potion","Card","Potion","Card"],"build_version":"2020-12-22","purchased_purges":1,"victory":false,"max_hp_per_floor":[80,80,80,80,80,80,80,80,80,80,80,80,80,80,80,80,80,80,80,80,80,80,80,80,80,80,80,80,80,80,80,80,80,80,80,80,80,80,80,80,80,80,80,80,80,80,80,80,80,80,80],"card_choices":[{"not_picked":["Dual Wield","Havoc"],"picked":"True Grit","floor":1},{"not_picked":["Run Through","Uppercut"],"picked":"Flex","floor":2},{"not_picked":["Battle Trance","Run Through"],"picked":"Burning Pact","floor":3},{"not_picked":["Clothesline","Armaments"],"picked":"ReplayTheSpireMod:Stacked","floor":5},{"not_picked":["Iron Wave","Sword Boomerang"],"picked":"Inflame","floor":7},{"not_picked":["Second Wind","Whirlwind"],"picked":"Heavy Blade","floor":14},{"not_picked":["Bludgeon","Replay:Many Hands"],"picked":"Demon Form","floor":16},{"not_picked":["Perfected Strike","Pummel"],"picked":"Wild Strike","floor":18},{"not_picked":["Flex","Run Through","Uppercut"],"picked":"SKIP","floor":21},{"not_picked":["Run Through","Clash+1"],"picked":"Heavy Blade","floor":22},{"not_picked":["ReplayTheSpireMod:Chaos Vortex","ReplayTheSpireMod:??????????????????????"],"picked":"infinitespire:DeathsTouch","floor":23},{"not_picked":["Sentinel","Disarm"],"picked":"Dropkick","floor":23},{"not_picked":["infinitespire:DeathsTouch","hubris:Rewind"],"picked":"infinitespire:Menacing","floor":25},{"not_picked":["ReplayReversal","Body Slam"],"picked":"Entrench","floor":28},{"not_picked":["Run Through","Twin Strike"],"picked":"Seeing Red+1","floor":31},{"not_picked":["Demon Form","Double Tap"],"picked":"Reaper","floor":33},{"not_picked":[],"picked":"Shrug It Off+1","floor":35},{"not_picked":["True Grit"],"picked":"SKIP","floor":37},{"not_picked":[],"picked":"Dropkick","floor":38},{"not_picked":["Shrug It Off"],"picked":"SKIP","floor":39},{"not_picked":["Pummel"],"picked":"SKIP","floor":40},{"not_picked":[],"picked":"Reckless Charge","floor":42},{"not_picked":[],"picked":"Cleave+1","floor":47}],"player_experience":666806,"relics_obtained":[{"floor":3,"key":"Happy Flower"},{"floor":7,"key":"infinitespire:Lucky Rock"},{"floor":9,"key":"Gremlin Horn"},{"floor":15,"key":"Ancient Tea Set"},{"floor":23,"key":"The Courier"},{"floor":26,"key":"Replay:Mystery Machine"},{"floor":43,"key":"Grinning Jar"},{"floor":43,"key":"ReplayTheSpireMod:Ninjato"}],"event_choices":[{"cards_removed":["Strike_R"],"damage_healed":0,"gold_gain":0,"player_choice":"Card Removal","damage_taken":0,"max_hp_gain":0,"max_hp_loss":0,"event_name":"The Cleric","floor":10,"gold_loss":50},{"cards_removed":["Flex"],"damage_healed":0,"gold_gain":0,"player_choice":"Gave Gold","damage_taken":0,"max_hp_gain":0,"max_hp_loss":0,"event_name":"Beggar","floor":19,"gold_loss":75},{"damage_healed":20,"gold_gain":0,"player_choice":"Writhe","damage_taken":0,"max_hp_gain":0,"max_hp_loss":0,"event_name":"Winding Halls","floor":44,"gold_loss":0,"cards_obtained":["Writhe"]},{"damage_healed":0,"gold_gain":0,"player_choice":"Copied","damage_taken":0,"max_hp_gain":0,"max_hp_loss":0,"event_name":"Duplicator","floor":46,"gold_loss":0,"cards_obtained":["Demon Form"]}],"is_beta":false,"boss_relics":[{"not_picked":["Ring of Chaos","Pandora\u0027s Box"],"picked":"SacredBark"},{"not_picked":["Velvet Choker","Snecko Eye"],"picked":"Busted Crown"}],"items_purged_floors":[4],"is_endless":true,"potions_floor_spawned":[2,7,14,16,18,33,35,38,39,40,47],"killed_by":"Time Eater","ascension_level":0}}