{"host":"y3iy5gb13b300rns","time":1609302750,"event":{"mods":["BaseMod","Bestiary","Curses Come First","Minty Spire (QoL Compilation)","Replay The Spire","StSLib","The Runesmith"],"gold_per_floor":[118,293,387,407,420,453,453,453,453],"floor_reached":8,"playtime":1166,"items_purged":[],"score":59,"play_id":"dc82e914-d699-43f7-b3e3-5f96485002b3","local_time":"20201229223230","is_ascension_mode":true,"campfire_choices":[{"floor":7.0,"key":"REST"}],"circlet_count":0,"master_deck":["Strike_P","Strike_P","Strike_P","Strike_P","Defend_P","Defend_P","Defend_P","Defend_P","Eruption","Vigilance+1","SignatureMove","Doubt","ClearTheMind","FollowUp","Crescendo","SashWhip","FearNoEvil"],"relics":["PureWater","Replay:Mystery Machine","Pen Nib"],"acts_visited":["Exordium"],"potions_floor_usage":[],"damage_taken":[{"damage":0.0,"enemies":"2 Louse","floor":1.0,"turns":2.0},{"damage":10.0,"enemies":"Jaw Worm","floor":4.0,"turns":4.0},{"damage":17.0,"enemies":"Small Slimes","floor":5.0,"turns":4.0},{"damage":16.0,"enemies":"Gremlin Nob","floor":6.0,"turns":3.0},{"damage":0,"enemies":"3 Sentries","floor":8,"turns":1}],"seed_played":"-2458016570278074088","potions_obtained":[{"floor":1.0,"key":"Languid Potion"},{"floor":6.0,"key":"Dexterity Potion"}],"is_trial":false,"path_per_floor":["M","?","?","M","M","E","R","E"],"character_chosen":"WATCHER","items_purchased":[],"campfire_rested":1,"item_purchase_floors":[],"current_hp_per_floor":[72,72,44,34,17,1,22,22,22],"gold":453,"neow_bonus":"RANDOM_EVENT","is_daily":false,"chose_seed":false,"campfire_upgraded":0,"win_rate":0.0,"timestamp":1609302750,"path_taken":["M","?","?","M","?","E","R","E"],"items_purchased_type":[],"build_version":"2020-12-22","purchased_purges":0,"victory":false,"max_hp_per_floor":[72,72,72,72,72,72,72,72,72],"card_choices":[{"not_picked":["Replay:ManipulateFuture","BowlingBash"],"picked":"SignatureMove","floor":1.0},{"not_picked":["FearNoEvil","Evaluate"],"picked":"ClearTheMind","floor":3.0},{"not_picked":["EmptyFist","BowlingBash"],"picked":"FollowUp","floor":3.0},{"not_picked":["FlyingSleeves","Replay:ManipulateFuture"],"picked":"Crescendo","floor":4.0},{"not_picked":["PathToVictory","DeceiveReality"],"picked":"SashWhip","floor":5.0},{"not_picked":["BowlingBash","Wireheading"],"picked":"FearNoEvil","floor":6.0}],"player_experience":367561,"relics_obtained":[{"floor":3.0,"key":"Replay:Mystery Machine"},{"floor":6.0,"key":"Pen Nib"}],"event_choices":[{"damage_healed":0.0,"max_hp_gain":0.0,"max_hp_loss":0.0,"gold_gain":175.0,"event_name":"Liars Game","player_choice":"AGREE","floor":2.0,"gold_loss":0.0,"damage_taken":0.0,"cards_obtained":["Doubt"]}],"is_beta":false,"boss_relics":[],"items_purged_floors":[],"is_endless":false,"potions_floor_spawned":[1,6],"killed_by":"3 Sentries","ascension_level":1}}