{"host":"vmo6qas4tfa0p776","time":1609359271,"event":{"mods":["AchievementEnabler","BaseMod","Bestiary","Better Altar","Better Match","Better Note","Better Sensory Stone","Better Skull","Better Third Choice","Colored Map","Downfall","Minty Spire (QoL Compilation)","Relic Stats","Robot Space Explorer","Spicy Shops","StSLib","The Marked"],"gold_per_floor":[99,114,17,32,32,48,48,48,9,9,77,90,90,107,121,121,121],"floor_reached":16,"playtime":906,"items_purged":[],"score":92,"play_id":"10f516e2-9313-4c49-8ea1-cb912756b1e7","local_time":"20201230151431","is_ascension_mode":false,"campfire_choices":[{"floor":1,"key":"RECALL"},{"floor":10,"key":"REST"}],"circlet_count":0,"master_deck":["sneckomod:Strike","sneckomod:Strike","sneckomod:Strike","sneckomod:Defend","sneckomod:Defend","sneckomod:Defend","sneckomod:TailWhip","sneckomod:SnekBite","sneckomod:Unknown","sneckomod:Unknown","sneckomod:DiceBlock","sneckomod:UnknownCommonSkill","sneckomod:WideSting","sneckomod:CheapStock","sneckomod:UnknownClassPURPLE","Regret","sneckomod:SerpentIdol","Transmutation","sneckomod:UnlimitedRolls","sneckomod:Nope","sneckomod:WideSting","sneckomod:QuickBite","sneckomod:UnknownCommonSkill","sneckomod:Unknown1Cost"],"relics":["sneckomod:SneckoSoul","Potion Belt","Bird Faced Urn","Letter Opener"],"acts_visited":["Exordium"],"potions_floor_usage":[9,15,16,16],"damage_taken":[{"damage":0,"enemies":"Cultist","floor":2,"turns":3},{"damage":10,"enemies":"downfall:FleeingMerchant","floor":3,"turns":4},{"damage":13,"enemies":"2 Louse","floor":4,"turns":3},{"damage":18,"enemies":"Small Slimes","floor":6,"turns":4},{"damage":27,"enemies":"downfall:FleeingMerchant","floor":9,"turns":4},{"damage":16,"enemies":"2 Fungi Beasts","floor":12,"turns":3},{"damage":18,"enemies":"Blue Slaver","floor":14,"turns":4},{"damage":8,"enemies":"3 Louse","floor":15,"turns":3},{"damage":54,"enemies":"downfall:Silent","floor":16,"turns":12}],"seed_played":"-8823787346946619165","potions_obtained":[{"floor":6,"key":"BlessingOfTheForge"},{"floor":12,"key":"FearPotion"},{"floor":13,"key":"downfall:CursedFountainPotion"},{"floor":14,"key":"DistilledChaos"},{"floor":15,"key":"Ancient Potion"}],"is_trial":false,"path_per_floor":["R","M","$","M","?","M","T","?","$","R","T","M","?","M","M","B"],"character_chosen":"THE_SNECKO","items_purchased":["sneckomod:WideSting","sneckomod:CheapStock","sneckomod:WideSting"],"campfire_rested":1,"item_purchase_floors":[3,3,9],"current_hp_per_floor":[90,90,81,69,69,53,53,53,30,57,57,43,43,34,33,0,0],"gold":121,"neow_bonus":"RANDOM_COMMON_RELIC","is_daily":false,"chose_seed":false,"campfire_upgraded":0,"win_rate":0.0,"timestamp":1609359271,"path_taken":["R","M","$","?","?","M","T","?","?","R","?","M","?","?","M","BOSS"],"items_purchased_type":["Card","Card","Card"],"build_version":"2020-12-22","purchased_purges":0,"victory":false,"max_hp_per_floor":[90,90,91,92,92,92,92,92,92,92,92,92,92,93,94,94,94],"relic_stats":{"counters":[9,40],"Bird Faced Urn":[40],"Letter Opener":[56],"obtain_stats":[{"Potion Belt":0,"Bird Faced Urn":5,"Letter Opener":11,"sneckomod:SneckoSoul":0},{"Potion Belt":0,"Bird Faced Urn":3,"Letter Opener":5,"sneckomod:SneckoSoul":0},{"Potion Belt":0,"Bird Faced Urn":10,"Letter Opener":18,"sneckomod:SneckoSoul":0}]},"card_choices":[{"not_picked":["sneckomod:UnknownCommonSkill","sneckomod:UnknownWeak"],"picked":"sneckomod:DiceBlock","floor":2},{"not_picked":["sneckomod:ImprovisedGuard","sneckomod:ImprovisedAttack"],"picked":"sneckomod:UnknownCommonSkill","floor":3},{"not_picked":["sneckomod:UnknownCommonAttack","sneckomod:SoulCleanse"],"picked":"sneckomod:UnknownClassPURPLE","floor":4},{"not_picked":["sneckomod:DiceCrush","sneckomod:QuickBite"],"picked":"sneckomod:SerpentIdol","floor":6},{"not_picked":["expansioncontent:DefensiveStance","expansioncontent:DashGenerateEvil"],"picked":"Transmutation","floor":8},{"not_picked":["sneckomod:SnakeSap","sneckomod:UnknownUncommonPower"],"picked":"sneckomod:UnlimitedRolls","floor":9},{"not_picked":["sneckomod:DiceCrush","sneckomod:UnknownStrike"],"picked":"sneckomod:Nope","floor":9},{"not_picked":["sneckomod:DiceCrush","sneckomod:DiceBlock"],"picked":"sneckomod:QuickBite","floor":12},{"not_picked":["sneckomod:UnknownCommonAttack","sneckomod:UnknownWeak"],"picked":"sneckomod:UnknownCommonSkill","floor":14},{"not_picked":["sneckomod:SlitherStrike","sneckomod:RainOfDice"],"picked":"sneckomod:Unknown1Cost","floor":15}],"player_experience":196389,"relics_obtained":[{"floor":11,"key":"Letter Opener"}],"event_choices":[{"damage_healed":0,"gold_gain":0,"player_choice":"Box","damage_taken":0,"relics_obtained":["Bird Faced Urn"],"max_hp_gain":0,"max_hp_loss":0,"event_name":"Big Fish","floor":5,"gold_loss":0,"cards_obtained":["Regret"]},{"damage_healed":0,"gold_gain":1,"player_choice":"1","damage_taken":0,"max_hp_gain":0,"max_hp_loss":0,"event_name":"betterStone:BetterStone","floor":8,"gold_loss":0}],"is_beta":false,"boss_relics":[],"items_purged_floors":[],"is_endless":false,"potions_floor_spawned":[6,12,14,15],"killed_by":"downfall:Silent","ascension_level":0}}