{"host":"qustdn0y8cxl4low","time":1609336555,"event":{"mods":["Act Like it!","Ascension Reborn","BaseMod","BetterRewards","Colored Powertips","Gensokyo","Hermit","Lobotomy","Minty Spire (QoL Compilation)","Replay The Spire","RumiaBox-露米娅的神秘盒子","Ryuuou龙王","Shop Mod","Spicy Shops","StSLib","TestMod","The Gatherer","UnlockEverythingMod","Youmu（魂魄妖梦）","Yuyuko","noobMod","vexMod","篝火指南"],"gold_per_floor":[113,113,113,125,1,1,33,100,100,2,402,364,629,35,35,280,280,294,294],"floor_reached":18,"playtime":1076,"items_purged":[],"score":283,"play_id":"4b3221f1-9c79-44cc-b3b9-c20045652f28","local_time":"20201230215555","is_ascension_mode":true,"campfire_choices":[],"circlet_count":0,"master_deck":["SpecialBullet","SpecialBullet","SpecialBullet","SpecialBullet","SpecialBullet","SpecialBullet","ExtractionCode","SecurityCode","ControlCode","Pleasure","Gensokyo:BlemishedSteel","DisciplinaryCode","Heaven+1","MeatLantern","FeatherOfHonor","Discord","SomewhereSpear","Wellcheers","CUTE","Justitia","TheSmile","Beak","FieryBird","Wingbeat+1"],"relics":["CogitoBucket","RabbitCall","ice","testmod-GiftOfSatan","MerchantsRug","Gensokyo:OccultBall","Gensokyo:Mercy","White Beast Statue","Membership Card","Gremlin Food","Mercury Hourglass","Strange Spoon","Mummified Hand","testmod-BlackFramedGlasses","Snack Pack","Honey Jar","Theresia"],"acts_visited":["Gensokyo:Gensokyo","TheCity"],"potions_floor_usage":[],"damage_taken":[{"damage":0,"enemies":"Gensokyo:3_Fairies","floor":1,"turns":2},{"damage":0,"enemies":"Gensokyo:2_Kodama","floor":4,"turns":1},{"damage":28,"enemies":"Gensokyo:Aya","floor":7,"turns":5},{"damage":0,"enemies":"Gensokyo:Python","floor":13,"turns":2},{"damage":45,"enemies":"Gensokyo:Yukari","floor":16,"turns":8},{"damage":29,"enemies":"3 Byrds","floor":18,"turns":4}],"seed_played":"-8120498297551397951","potions_obtained":[{"floor":4,"key":"LiquidMemories"},{"floor":8,"key":"DuplicationPotion"}],"is_trial":false,"path_per_floor":["M","?","?","M","COS","R","E","?","T","R","?","$","M","$","R","B",null,"M"],"character_chosen":"Angela","items_purchased":["MerchantsRug","Membership Card","Gremlin Food","Mercury Hourglass","Strange Spoon","Mummified Hand","testmod-BlackFramedGlasses","Snack Pack"],"campfire_rested":0,"item_purchase_floors":[0,10,12,14,14,14,14,14],"current_hp_per_floor":[70,70,70,70,70,70,60,60,60,60,60,60,74,74,74,48,75,71,71],"gold":294,"neow_bonus":"","is_daily":false,"chose_seed":false,"campfire_upgraded":0,"win_rate":0.0,"timestamp":1609336555,"path_taken":["M","?","?","M","COS","R","E","?","T","R","?","?","M","$","R","BOSS","M"],"items_purchased_type":["Relic","Relic","Relic","Relic","Relic","Relic","Relic","Relic"],"build_version":"2020-12-22","purchased_purges":0,"victory":false,"max_hp_per_floor":[70,70,70,70,70,70,75,75,75,75,75,75,75,75,75,75,75,75,75],"card_choices":[{"not_picked":["TheSmile"],"picked":"RapturousDream","floor":1},{"not_picked":["Diffraction"],"picked":"Pleasure","floor":4},{"not_picked":["FourthMatchFlame"],"picked":"Heaven","floor":7},{"not_picked":["WhiteNight","CrumblingArmor"],"picked":"MeatLantern","floor":7},{"not_picked":["Hornet"],"picked":"FeatherOfHonor","floor":7},{"not_picked":["Beak"],"picked":"Discord","floor":8},{"not_picked":["Pleasure"],"picked":"SomewhereSpear","floor":13},{"not_picked":["UniverseFragment","ShyLook"],"picked":"Wellcheers","floor":13},{"not_picked":["LifeForTheDareDevil"],"picked":"CUTE","floor":13},{"not_picked":["DaCapo"],"picked":"Justitia","floor":16},{"not_picked":["GoldRush"],"picked":"TheSmile","floor":16},{"not_picked":["Soda","Loneliness"],"picked":"Beak","floor":18},{"not_picked":["CherryBlossoms","OSAHOGD"],"picked":"FieryBird","floor":18},{"not_picked":["Soda","Reverberation+1"],"picked":"Wingbeat+1","floor":18}],"player_experience":215034,"relics_obtained":[{"floor":7,"key":"Whetstone"},{"floor":9,"key":"White Beast Statue"},{"floor":16,"key":"Gensokyo:OccultBall"},{"floor":18,"key":"Gensokyo:OccultBall"}],"event_choices":[{"damage_healed":0,"gold_gain":400,"player_choice":"Sell","damage_taken":0,"max_hp_gain":0,"max_hp_loss":0,"event_name":"恩洛斯的盘子","floor":11,"relics_lost":["testmod-TestBox"],"gold_loss":0}],"is_beta":false,"boss_relics":[{"not_picked":["Empty Cage","Astrolabe"],"picked":"Honey Jar"}],"items_purged_floors":[],"is_endless":false,"potions_floor_spawned":[4],"killed_by":"3 Byrds","ascension_level":0}}