{"host":"2lrkmsuh7nz013qb","time":1609321320,"event":{"mods":["BaseMod","Colored Map","DeckTracker","Minty Spire (QoL Compilation)","SuperFastMode","everything is the same but u backflip on backflip"],"gold_per_floor":[109,109,123,48,59,85,85,101,101,101,111,111,131,281,281,358,358,378,378,378],"floor_reached":19,"playtime":557,"items_purged":["Strike_G"],"score":338,"play_id":"97ae4af0-5028-4b3d-adb1-28aba2e92b37","local_time":"20201230184200","is_ascension_mode":true,"campfire_choices":[{"floor":10,"key":"REST"},{"floor":12,"key":"REST"},{"data":"Neutralize","floor":15,"key":"SMITH"}],"circlet_count":0,"master_deck":["AscendersBane","Strike_G","Strike_G","Strike_G","Strike_G","Defend_G","Defend_G","Defend_G","Defend_G","Defend_G","Survivor","Neutralize+1","Reflex","Deadly Poison","Escape Plan","Blur","Phantasmal Killer"],"relics":["Ring of the Snake","Omamori","WarpedTongs","The Specimen","Ornamental Fan","WristBlade"],"acts_visited":["Exordium","TheCity"],"potions_floor_usage":[6,13,16],"damage_taken":[{"damage":4,"enemies":"2 Louse","floor":1,"turns":4},{"damage":1,"enemies":"Cultist","floor":3,"turns":4},{"damage":7,"enemies":"Small Slimes","floor":5,"turns":5},{"damage":43,"enemies":"Gremlin Nob","floor":6,"turns":6},{"damage":0,"enemies":"2 Fungi Beasts","floor":8,"turns":4},{"damage":4,"enemies":"Exordium Wildlife","floor":11,"turns":4},{"damage":13,"enemies":"Lots of Slimes","floor":13,"turns":7},{"damage":5,"enemies":"The Guardian","floor":16,"turns":17},{"damage":25,"enemies":"3 Byrds","floor":18,"turns":7},{"damage":39,"enemies":"Chosen","floor":19,"turns":5}],"seed_played":"-5466338652722449743","potions_obtained":[{"floor":3,"key":"CunningPotion"},{"floor":8,"key":"EssenceOfSteel"},{"floor":13,"key":"SpeedPotion"}],"is_trial":false,"path_per_floor":["M","?","M","$","M","E","$","M","T","R","M","R","M","?","R","B",null,"M","M"],"character_chosen":"THE_SILENT","items_purchased":[],"campfire_rested":2,"item_purchase_floors":[],"current_hp_per_floor":[55,55,54,54,47,4,4,4,4,23,19,38,25,25,25,20,55,30,0,0],"gold":378,"neow_bonus":"RANDOM_COMMON_RELIC","is_daily":false,"chose_seed":false,"campfire_upgraded":1,"win_rate":0.0,"timestamp":1609321320,"path_taken":["M","?","?","$","M","E","?","M","T","R","M","R","M","?","R","BOSS","M","M"],"items_purchased_type":[],"build_version":"2020-12-22","purchased_purges":1,"victory":false,"max_hp_per_floor":[66,66,66,66,66,66,66,66,66,66,66,66,66,66,66,66,66,66,66,66],"card_choices":[{"not_picked":["PiercingWail","Slice","Prepared"],"picked":"SKIP","floor":1},{"not_picked":["Predator","Endless Agony","Slice"],"picked":"SKIP","floor":3},{"not_picked":["Deadly Poison","PiercingWail"],"picked":"Reflex","floor":5},{"not_picked":["Dagger Spray","Heel Hook"],"picked":"Deadly Poison","floor":6},{"not_picked":["Outmaneuver","Bane"],"picked":"Escape Plan","floor":8},{"not_picked":["Predator","Cloak And Dagger","Sucker Punch"],"picked":"SKIP","floor":11},{"not_picked":["Bane","Expertise"],"picked":"Blur","floor":13},{"not_picked":["Doppelganger","Die Die Die"],"picked":"Phantasmal Killer","floor":16},{"not_picked":["Reflex","PiercingWail","Underhanded Strike"],"picked":"SKIP","floor":18}],"player_experience":712559,"relics_obtained":[{"floor":6,"key":"The Specimen"},{"floor":9,"key":"Ornamental Fan"}],"event_choices":[{"damage_healed":0,"gold_gain":0,"player_choice":"Rummage","damage_taken":0,"relics_obtained":["WarpedTongs"],"max_hp_gain":0,"max_hp_loss":0,"event_name":"Accursed Blacksmith","floor":2,"gold_loss":0,"cards_obtained":["Pain"]},{"damage_healed":0,"gold_gain":150,"player_choice":"AGREE","damage_taken":0,"max_hp_gain":0,"max_hp_loss":0,"event_name":"Liars Game","floor":14,"gold_loss":0,"cards_obtained":["Doubt"]}],"is_beta":false,"boss_relics":[{"not_picked":["Astrolabe","Runic Pyramid"],"picked":"WristBlade"}],"items_purged_floors":[4],"is_endless":false,"potions_floor_spawned":[3,8,13],"killed_by":"Chosen","ascension_level":20}}