{"host":"ao8ok4k25npyixk7","time":1609318878,"event":{"mods":["BaseMod","Colored Map","Minty Spire (QoL Compilation)"],"gold_per_floor":[112,61,61,61,136,164,164,198,224,224,224,234,234,262,262,334,334,348,348,91,110,209,209,209],"floor_reached":23,"playtime":660,"items_purged":["Strike_G"],"score":434,"play_id":"50d78710-fc08-44b7-8c98-37e46b82b922","local_time":"20201230100118","is_ascension_mode":true,"campfire_choices":[{"data":"Deadly Poison","floor":7,"key":"SMITH"},{"data":"Neutralize","floor":10,"key":"SMITH"},{"data":"Survivor","floor":13,"key":"SMITH"},{"data":"Deadly Poison","floor":15,"key":"SMITH"}],"circlet_count":0,"master_deck":["AscendersBane","Strike_G","Strike_G","Strike_G","Defend_G","Defend_G","Defend_G","Defend_G","Defend_G","Survivor+1","Neutralize+1","Blur+1","Deadly Poison+1","Corpse Explosion+1","Deadly Poison+1","Corpse Explosion","Noxious Fumes","HandOfGreed","Venomology"],"relics":["Ring of the Serpent","NeowsBlessing","StoneCalendar","PreservedInsect","War Paint","Vajra"],"acts_visited":["Exordium","TheCity"],"potions_floor_usage":[14,19,23],"damage_taken":[{"damage":0,"enemies":"Small Slimes","floor":1,"turns":1},{"damage":0,"enemies":"Gremlin Nob","floor":6,"turns":1},{"damage":0,"enemies":"Lagavulin","floor":8,"turns":2},{"damage":0,"enemies":"2 Louse","floor":12,"turns":2},{"damage":6,"enemies":"3 Sentries","floor":14,"turns":4},{"damage":11,"enemies":"The Guardian","floor":16,"turns":8},{"damage":2,"enemies":"Shell Parasite","floor":18,"turns":6},{"damage":2,"enemies":"Chosen","floor":19,"turns":4},{"damage":44,"enemies":"Centurion and Healer","floor":21,"turns":7},{"damage":19,"enemies":"Slavers","floor":23,"turns":1}],"seed_played":"-4555152126058880126","potions_obtained":[{"floor":1,"key":"SmokeBomb"},{"floor":6,"key":"Swift Potion"},{"floor":14,"key":"CunningPotion"}],"is_trial":false,"path_per_floor":["M","$","?","?","?","E","R","E","T","R","?","M","R","E","R","B",null,"M","M","$","M","?","E"],"character_chosen":"THE_SILENT","items_purchased":["Deadly Poison","HandOfGreed"],"campfire_rested":0,"item_purchase_floors":[2,20],"current_hp_per_floor":[59,59,59,59,48,48,48,48,48,48,41,41,41,35,35,24,56,54,52,52,8,8,0,0],"gold":209,"neow_bonus":"THREE_ENEMY_KILL","is_daily":false,"chose_seed":false,"campfire_upgraded":4,"win_rate":0.0,"timestamp":1609318878,"path_taken":["M","$","?","?","?","E","R","E","T","R","?","M","R","E","R","BOSS","M","M","$","M","?","E"],"items_purchased_type":["Card","Card"],"build_version":"2020-12-22","purchased_purges":1,"victory":false,"max_hp_per_floor":[66,66,66,66,66,66,66,66,66,66,66,66,66,66,66,66,66,66,66,66,66,66,66,66],"card_choices":[{"not_picked":["Concentrate","Dagger Throw"],"picked":"Blur","floor":1},{"not_picked":["Finisher","Dagger Spray","Quick Slash"],"picked":"SKIP","floor":6},{"not_picked":["Dash","Deadly Poison"],"picked":"Corpse Explosion","floor":8},{"not_picked":["Terror","Prepared","Dagger Spray"],"picked":"SKIP","floor":12},{"not_picked":["Bane","Terror"],"picked":"Deadly Poison","floor":14},{"not_picked":["Grand Finale","Adrenaline"],"picked":"Corpse Explosion","floor":16},{"not_picked":["Poisoned Stab","Slice"],"picked":"Noxious Fumes","floor":18},{"not_picked":["Outmaneuver","Underhanded Strike+1"],"picked":"Venomology","floor":21}],"player_experience":239556,"relics_obtained":[{"floor":6,"key":"StoneCalendar"},{"floor":8,"key":"PreservedInsect"},{"floor":9,"key":"War Paint"},{"floor":14,"key":"Vajra"}],"event_choices":[{"damage_healed":0,"gold_gain":0,"player_choice":"Ignored","damage_taken":0,"max_hp_gain":0,"max_hp_loss":0,"event_name":"Shining Light","floor":3,"gold_loss":0},{"damage_healed":0,"gold_gain":0,"player_choice":"Ignored","damage_taken":0,"max_hp_gain":0,"max_hp_loss":0,"event_name":"Liars Game","floor":4,"gold_loss":0},{"damage_healed":0,"gold_gain":75,"player_choice":"Gather Gold","damage_taken":11,"max_hp_gain":0,"max_hp_loss":0,"event_name":"World of Goop","floor":5,"gold_loss":0},{"cards_removed":["Strike_G"],"damage_healed":0,"gold_gain":0,"player_choice":"Card Removal","damage_taken":7,"max_hp_gain":0,"max_hp_loss":0,"event_name":"Golden Wing","floor":11,"gold_loss":0},{"damage_healed":0,"gold_gain":99,"player_choice":"Stole From Cult","damage_taken":0,"max_hp_gain":0,"max_hp_loss":0,"event_name":"Nest","floor":22,"gold_loss":0}],"is_beta":false,"boss_relics":[{"not_picked":["SacredBark","Velvet Choker"],"picked":"Ring of the Serpent"}],"items_purged_floors":[20],"is_endless":false,"potions_floor_spawned":[1,6,14,16,19],"killed_by":"Slavers","ascension_level":14}}