{"host":"e1zuqie93klo2ncl","time":1609337375,"event":{"mods":["AchievementEnabler","BaseMod","Minty Spire (QoL Compilation)","Relic Stats","StSLib"],"gold_per_floor":[114,114,133,153,153,182,182,512,512,512,542,542,566,73,73,164,164,179,16,16,16,39,73,73,73],"floor_reached":24,"playtime":1241,"items_purged":["Strike_B"],"score":400,"play_id":"750ed68e-33bb-4c18-9a01-1dc9a0ff8e6b","local_time":"20201230140935","is_ascension_mode":true,"campfire_choices":[{"data":"Go for the Eyes","floor":7,"key":"SMITH"},{"floor":12,"key":"REST"},{"floor":15,"key":"REST"}],"circlet_count":0,"master_deck":["AscendersBane","Zap","Dualcast","Cold Snap","Go for the Eyes+1","Reinforced Body","Conserve Battery","Barrage","Compile Driver","Glacier","Buffer","Core Surge","Seek","Hello World","Rebound","Doom and Gloom","Stack","Go for the Eyes","Darkness","Ball Lightning","Coolheaded","Aggregate","Sweeping Beam"],"relics":["Cracked Core","NeowsBlessing","Potion Belt","Old Coin","Gremlin Horn","Golden Idol","Runic Capacitor","Pandora\u0027s Box","OrangePellets","Smiling Mask"],"acts_visited":["Exordium","TheCity"],"potions_floor_usage":[8,23],"damage_taken":[{"damage":0,"enemies":"Jaw Worm","floor":1,"turns":1},{"damage":0,"enemies":"Cultist","floor":3,"turns":1},{"damage":0,"enemies":"2 Louse","floor":4,"turns":1},{"damage":24,"enemies":"Lagavulin","floor":6,"turns":8},{"damage":25,"enemies":"Gremlin Nob","floor":8,"turns":5},{"damage":22,"enemies":"Large Slime","floor":13,"turns":7},{"damage":8,"enemies":"The Guardian","floor":16,"turns":15},{"damage":12,"enemies":"Spheric Guardian","floor":18,"turns":5},{"damage":16,"enemies":"Shell Parasite","floor":22,"turns":5},{"damage":18,"enemies":"Book of Stabbing","floor":23,"turns":7},{"damage":26,"enemies":"Cultist and Chosen","floor":24,"turns":4}],"seed_played":"-8816343890224973674","potions_obtained":[{"floor":2,"key":"SmokeBomb"},{"floor":2,"key":"LiquidBronze"},{"floor":3,"key":"DuplicationPotion"},{"floor":23,"key":"EssenceOfDarkness"}],"is_trial":false,"path_per_floor":["M","?","M","M","?","E","R","E","T","?","?","R","M","$","R","B",null,"M","$","?","?","M","E","M"],"character_chosen":"DEFECT","items_purchased":["Runic Capacitor","Glacier","Buffer","OrangePellets"],"campfire_rested":2,"item_purchase_floors":[14,14,14,19],"current_hp_per_floor":[64,64,64,64,64,40,40,15,15,15,15,34,12,12,31,23,54,42,42,42,42,26,8,0,0],"gold":73,"neow_bonus":"THREE_ENEMY_KILL","is_daily":false,"chose_seed":false,"campfire_upgraded":1,"win_rate":0.0,"timestamp":1609337375,"path_taken":["M","?","M","?","?","E","R","E","T","?","?","R","M","$","R","BOSS","M","$","?","?","M","E","?"],"items_purchased_type":["Relic","Card","Card","Relic"],"build_version":"2020-12-22","purchased_purges":1,"victory":false,"max_hp_per_floor":[71,71,71,71,71,71,71,71,71,64,64,64,64,64,64,64,64,64,64,64,64,64,64,64,64],"relic_stats":{"OrangePellets":[0],"Gremlin Horn":[2,2],"counters":[11,59],"Golden Idol":38,"Pandora\u0027s Box":["Seek","Hello World","Rebound","Doom and Gloom","Stack","Go for the Eyes","Darkness"],"Smiling Mask":0,"obtain_stats":[{"Potion Belt":6,"OrangePellets":19,"NeowsBlessing":0,"Gremlin Horn":9,"Golden Idol":10,"Pandora\u0027s Box":17,"Runic Capacitor":14,"Cracked Core":0,"Smiling Mask":23,"Old Coin":8},{"Potion Belt":4,"OrangePellets":8,"NeowsBlessing":0,"Gremlin Horn":5,"Golden Idol":5,"Pandora\u0027s Box":7,"Runic Capacitor":6,"Cracked Core":0,"Smiling Mask":10,"Old Coin":5},{"Potion Belt":11,"OrangePellets":43,"NeowsBlessing":0,"Gremlin Horn":16,"Golden Idol":16,"Pandora\u0027s Box":38,"Runic Capacitor":23,"Cracked Core":0,"Smiling Mask":55,"Old Coin":16}]},"card_choices":[{"not_picked":["Steam","Hologram"],"picked":"Cold Snap","floor":1},{"not_picked":["Cold Snap","Barrage"],"picked":"Go for the Eyes","floor":3},{"not_picked":["Leap","Streamline"],"picked":"Reinforced Body","floor":4},{"not_picked":["Stack","Rebound"],"picked":"Conserve Battery","floor":6},{"not_picked":["Static Discharge","White Noise"],"picked":"Barrage","floor":8},{"not_picked":["Heatsinks","Reprogram"],"picked":"Compile Driver","floor":13},{"not_picked":["Reboot","Thunder Strike"],"picked":"Core Surge","floor":16},{"not_picked":["Reprogram","Steam"],"picked":"Ball Lightning","floor":18},{"not_picked":["Gash","Conserve Battery"],"picked":"Aggregate","floor":22},{"not_picked":["Beam Cell","FTL"],"picked":"Sweeping Beam","floor":23}],"player_experience":814808,"relics_obtained":[{"floor":6,"key":"Potion Belt"},{"floor":8,"key":"Old Coin"},{"floor":9,"key":"Gremlin Horn"},{"floor":23,"key":"Smiling Mask"}],"event_choices":[{"damage_healed":0,"gold_gain":0,"player_choice":"Got Potions","damage_taken":0,"max_hp_gain":0,"max_hp_loss":0,"event_name":"Lab","floor":2,"gold_loss":0},{"damage_healed":0,"gold_gain":0,"player_choice":"Ignored","damage_taken":0,"max_hp_gain":0,"max_hp_loss":0,"event_name":"Liars Game","floor":5,"gold_loss":0},{"damage_healed":0,"gold_gain":0,"player_choice":"Lose Max HP","damage_taken":0,"relics_obtained":["Golden Idol"],"max_hp_gain":0,"max_hp_loss":7,"event_name":"Golden Idol","floor":10,"gold_loss":0},{"damage_healed":0,"gold_gain":30,"player_choice":"Searched \u00271\u0027 times","damage_taken":0,"max_hp_gain":0,"max_hp_loss":0,"event_name":"Dead Adventurer","floor":11,"gold_loss":0},{"damage_healed":0,"gold_gain":0,"player_choice":"Ignored","damage_taken":0,"max_hp_gain":0,"max_hp_loss":0,"event_name":"The Mausoleum","floor":20,"gold_loss":0},{"damage_healed":0,"gold_gain":0,"player_choice":"Read","damage_taken":0,"max_hp_gain":0,"max_hp_loss":0,"event_name":"The Library","floor":21,"gold_loss":0,"cards_obtained":["Coolheaded"]}],"is_beta":false,"boss_relics":[{"not_picked":["Tiny House","Velvet Choker"],"picked":"Pandora\u0027s Box"}],"items_purged_floors":[14],"is_endless":false,"potions_floor_spawned":[3,23],"killed_by":"Cultist and Chosen","ascension_level":16}}