{"host":"9l1knhxfturzliqa","time":1609329493,"event":{"mods":["BaseMod","Colored Map","Colored Powertips","DeckTracker","Highlight Path","Keyboard Shortcuts","Minty Spire (QoL Compilation)","Random Character Button"],"gold_per_floor":[18,37,54,129,129,129,158,158,158,193,224,255,295,330,342,449,461,490,521,533,158,184,219,219,255,307,307,322,338,338,368,368,482,482,503,526,553,86,132,132,166,190,190,190,224,243,243,257,257,257],"floor_reached":51,"playtime":2627,"items_purged":["Strike_R","Defend_R"],"score":980,"play_id":"939b33df-9bcf-4fd2-85e7-77f88f1c09b9","local_time":"20201230205813","is_ascension_mode":true,"campfire_choices":[{"data":"Perfected Strike","floor":6.0,"key":"SMITH"},{"data":"Flex","floor":8.0,"key":"SMITH"},{"data":"Seeing Red","floor":15.0,"key":"SMITH"},{"floor":24.0,"key":"REST"},{"data":"Limit Break","floor":27.0,"key":"SMITH"},{"data":"Rage","floor":30.0,"key":"SMITH"},{"floor":32.0,"key":"REST"},{"floor":40.0,"key":"REST"},{"floor":44.0,"key":"RECALL"},{"data":"Double Tap","floor":47.0,"key":"SMITH"},{"floor":49.0,"key":"REST"}],"circlet_count":0,"master_deck":["Strike_R","Strike_R","Strike_R","Strike_R","Defend_R","Defend_R","Bash","Perfected Strike+1","Flex+1","Headbutt","Thunderclap","Seeing Red+1","Perfected Strike","Shrug It Off","Limit Break+1","CurseOfTheBell","Rage+1","Spot Weakness","Uppercut+1","Twin Strike","Heavy Blade+1","Double Tap+1","Wild Strike","Pommel Strike","Sword Boomerang+1","Offering","Evolve","Second Wind+1","Pummel","Demon Form"],"relics":["Burning Blood","StoneCalendar","StrikeDummy","Bag of Marbles","Self Forming Clay","MawBank","Ancient Tea Set","Odd Mushroom","Calling Bell","Red Skull","InkBottle","Charon\u0027s Ashes","Vajra","CeramicFish","Shuriken","Boot","Blood Vial","Omamori","Runic Cube","Oddly Smooth Stone","Pocketwatch","Peace Pipe","Bag of Preparation","Pear"],"acts_visited":["Exordium","TheCity","TheBeyond"],"potions_floor_usage":[50,50,50],"damage_taken":[{"damage":12.0,"enemies":"Jaw Worm","floor":1.0,"turns":3.0},{"damage":0.0,"enemies":"2 Louse","floor":2.0,"turns":2.0},{"damage":20.0,"enemies":"Small Slimes","floor":3.0,"turns":3.0},{"damage":5.0,"enemies":"3 Sentries","floor":7.0,"turns":4.0},{"damage":16.0,"enemies":"Gremlin Nob","floor":10.0,"turns":3.0},{"damage":11.0,"enemies":"Looter","floor":11.0,"turns":2.0},{"damage":6.0,"enemies":"Gremlin Gang","floor":12.0,"turns":3.0},{"damage":10.0,"enemies":"3 Sentries","floor":13.0,"turns":3.0},{"damage":5.0,"enemies":"The Mushroom Lair","floor":14.0,"turns":3.0},{"damage":15.0,"enemies":"Slime Boss","floor":16.0,"turns":7.0},{"damage":12.0,"enemies":"2 Thieves","floor":18.0,"turns":3.0},{"damage":25.0,"enemies":"Spheric Guardian","floor":19.0,"turns":4.0},{"damage":7.0,"enemies":"Centurion and Healer","floor":22.0,"turns":4.0},{"damage":37.0,"enemies":"Slavers","floor":23.0,"turns":4.0},{"damage":19.0,"enemies":"Gremlin Leader","floor":25.0,"turns":7.0},{"damage":0.0,"enemies":"Sentry and Sphere","floor":28.0,"turns":2.0},{"damage":13.0,"enemies":"Snake Plant","floor":29.0,"turns":2.0},{"damage":17.0,"enemies":"Book of Stabbing","floor":31.0,"turns":3.0},{"damage":32.0,"enemies":"Collector","floor":33.0,"turns":4.0},{"damage":17.0,"enemies":"Orb Walker","floor":35.0,"turns":3.0},{"damage":33.0,"enemies":"3 Shapes","floor":36.0,"turns":3.0},{"damage":15.0,"enemies":"Jaw Worm Horde","floor":37.0,"turns":3.0},{"damage":7.0,"enemies":"2 Orb Walkers","floor":39.0,"turns":2.0},{"damage":6.0,"enemies":"Nemesis","floor":41.0,"turns":1.0},{"damage":6.0,"enemies":"Spire Growth","floor":42.0,"turns":3.0},{"damage":15.0,"enemies":"Giant Head","floor":45.0,"turns":5.0},{"damage":56.0,"enemies":"Maw","floor":46.0,"turns":5.0},{"damage":4.0,"enemies":"4 Shapes","floor":48.0,"turns":2.0},{"damage":38,"enemies":"Awakened One","floor":50,"turns":6}],"seed_played":"-7073934633336373251","potions_obtained":[{"floor":2.0,"key":"LiquidMemories"},{"floor":3.0,"key":"Ancient Potion"},{"floor":7.0,"key":"Ancient Potion"},{"floor":14.0,"key":"SteroidPotion"},{"floor":19.0,"key":"Strength Potion"},{"floor":22.0,"key":"EssenceOfSteel"},{"floor":28.0,"key":"BlessingOfTheForge"},{"floor":29.0,"key":"BloodPotion"},{"floor":31.0,"key":"SkillPotion"},{"floor":36.0,"key":"SkillPotion"},{"floor":37.0,"key":"LiquidBronze"},{"floor":45.0,"key":"AttackPotion"},{"floor":46.0,"key":"SneckoOil"},{"floor":48.0,"key":"EssenceOfSteel"}],"is_trial":false,"path_per_floor":["M","M","M","?","?","R","E","R","T","E","M","M","E","?","R","B",null,"M","M","?","$","M","E","R","E","T","R","M","M","R","E","R","B",null,"M","M","M","$","?","R","E","M","T","R","E","M","R","M","R","B",null],"character_chosen":"IRONCLAD","items_purchased":["Vajra","CeramicFish","Offering","Evolve","Oddly Smooth Stone"],"campfire_rested":4,"item_purchase_floors":[21,21,38,38,38],"current_hp_per_floor":[74,80,66,55,52,52,53,53,53,43,38,38,34,35,35,26,80,74,55,55,55,54,23,47,34,34,34,42,37,37,28,52,28,80,69,44,37,37,38,62,64,66,66,66,69,21,21,25,52,40],"gold":257,"neow_bonus":"ONE_RARE_RELIC","is_daily":false,"chose_seed":false,"campfire_upgraded":6,"win_rate":0.0,"timestamp":1609329493,"path_taken":["M","M","M","?","?","R","E","R","T","E","M","M","E","?","R","BOSS","M","M","?","$","M","E","R","E","T","R","M","M","R","E","R","BOSS","M","M","?","$","?","R","E","M","T","R","E","M","R","M","R","BOSS"],"items_purchased_type":["Relic","Relic","Card","Card","Relic"],"build_version":"2020-12-22","purchased_purges":2,"victory":true,"max_hp_per_floor":[80,80,80,80,80,80,80,80,80,80,80,80,80,80,80,80,80,80,80,80,80,80,80,80,80,80,80,80,80,80,80,80,80,80,80,80,80,80,80,80,80,80,80,80,90,90,90,90,90,90],"card_choices":[{"not_picked":["Wild Strike","Spot Weakness"],"picked":"Perfected Strike","floor":1.0},{"not_picked":["Flame Barrier","Armaments"],"picked":"Flex","floor":2.0},{"not_picked":["Perfected Strike","Blood for Blood"],"picked":"Headbutt","floor":3.0},{"not_picked":["Body Slam","Bludgeon"],"picked":"Thunderclap","floor":7.0},{"not_picked":["Combust","Heavy Blade"],"picked":"Seeing Red","floor":10.0},{"not_picked":["Dropkick","Reckless Charge"],"picked":"Perfected Strike","floor":11.0},{"not_picked":["Warcry","Havoc","Seeing Red"],"picked":"SKIP","floor":12.0},{"not_picked":["Anger","Rupture","Dropkick"],"picked":"SKIP","floor":13.0},{"not_picked":["Anger","Rupture","Dropkick"],"picked":"SKIP","floor":13.0},{"not_picked":["Clash","True Grit"],"picked":"Shrug It Off","floor":14.0},{"not_picked":["Feed","Barricade"],"picked":"Limit Break","floor":16.0},{"not_picked":["Flex","Armaments"],"picked":"Rage","floor":18.0},{"not_picked":["Headbutt","Iron Wave","Limit Break"],"picked":"SKIP","floor":19.0},{"not_picked":["Iron Wave+1","Dual Wield"],"picked":"Uppercut+1","floor":22.0},{"not_picked":["Brutality","Clash"],"picked":"Twin Strike","floor":23.0},{"not_picked":["Blood for Blood","Combust+1"],"picked":"Heavy Blade+1","floor":25.0},{"not_picked":["Flex","Headbutt","Clothesline"],"picked":"SKIP","floor":28.0},{"not_picked":["Thunderclap","Clothesline+1","Warcry"],"picked":"SKIP","floor":29.0},{"not_picked":["Perfected Strike","Flame Barrier+1","Brutality"],"picked":"SKIP","floor":31.0},{"not_picked":["Reaper","Fiend Fire"],"picked":"Double Tap","floor":33.0},{"not_picked":["Anger+1","Cleave"],"picked":"Wild Strike","floor":35.0},{"not_picked":["Juggernaut","Sword Boomerang+1"],"picked":"Pommel Strike","floor":36.0},{"not_picked":["Combust","Warcry"],"picked":"Sword Boomerang+1","floor":37.0},{"not_picked":["Bludgeon","Clothesline"],"picked":"Second Wind+1","floor":41.0},{"not_picked":["Thunderclap","Pommel Strike"],"picked":"Pummel","floor":42.0},{"not_picked":["Infernal Blade","True Grit","Spot Weakness+1"],"picked":"SKIP","floor":45.0},{"not_picked":["Shrug It Off","Dropkick+1"],"picked":"Demon Form","floor":46.0},{"not_picked":["Searing Blow+1","Wild Strike","Clash+1"],"picked":"SKIP","floor":48.0}],"player_experience":277463,"relics_obtained":[{"floor":7.0,"key":"Bag of Marbles"},{"floor":9.0,"key":"Self Forming Clay"},{"floor":10.0,"key":"MawBank"},{"floor":13.0,"key":"Ancient Tea Set"},{"floor":14.0,"key":"Odd Mushroom"},{"floor":17.0,"key":"Red Skull"},{"floor":17.0,"key":"InkBottle"},{"floor":17.0,"key":"Charon\u0027s Ashes"},{"floor":23.0,"key":"Shuriken"},{"floor":25.0,"key":"Boot"},{"floor":26.0,"key":"Blood Vial"},{"floor":31.0,"key":"Omamori"},{"floor":39.0,"key":"Pocketwatch"},{"floor":41.0,"key":"Peace Pipe"},{"floor":43.0,"key":"Bag of Preparation"},{"floor":45.0,"key":"Pear"}],"event_choices":[{"damage_healed":0.0,"max_hp_gain":0.0,"max_hp_loss":0.0,"gold_gain":75.0,"event_name":"World of Goop","player_choice":"Gather Gold","floor":4.0,"gold_loss":0.0,"damage_taken":11.0},{"damage_healed":0.0,"max_hp_gain":0.0,"max_hp_loss":0.0,"gold_gain":0.0,"event_name":"Scrap Ooze","player_choice":"Success","floor":5.0,"gold_loss":0.0,"damage_taken":3.0,"relics_obtained":["StrikeDummy"]},{"damage_healed":0.0,"max_hp_gain":0.0,"max_hp_loss":0.0,"gold_gain":0.0,"event_name":"Mushrooms","player_choice":"Fought Mushrooms","floor":14.0,"gold_loss":0.0,"damage_taken":0.0},{"damage_healed":0.0,"max_hp_gain":0.0,"max_hp_loss":0.0,"gold_gain":0.0,"cards_transformed":["Defend_R"],"event_name":"Transmorgrifier","player_choice":"Transformed","floor":20.0,"gold_loss":0.0,"damage_taken":0.0,"cards_obtained":["Spot Weakness"]},{"damage_healed":0.0,"max_hp_gain":0.0,"max_hp_loss":0.0,"gold_gain":0.0,"event_name":"Mysterious Sphere","player_choice":"Fight","floor":39.0,"gold_loss":0.0,"damage_taken":0.0}],"is_beta":false,"boss_relics":[{"not_picked":["Empty Cage","SlaversCollar"],"picked":"Calling Bell"},{"not_picked":["Runic Dome","Snecko Eye"],"picked":"Runic Cube"}],"items_purged_floors":[21,38],"is_endless":false,"potions_floor_spawned":[2,3,7,14,19,22,28,29,31,36,37,45,46,48],"ascension_level":3}}