{"host":"873t0y8ybyo38pfq","time":1609356226,"event":{"mods":["BaseMod","Bestiary","Colored Map","Colored Powertips","Highlight Path","Minty Spire (QoL Compilation)","Quick Restart","RNG Fix","Rare Cards Sparkle","Relic Stats","StSLib"],"gold_per_floor":[119,10,10,29,105,105,123,123,123,52,82,92,105,139,139,217,217,227,227,244,258,278,306,306,337,363,363,53,53,53,86,86,161,161,180,1179,1190,17,17,47,47,47,47,13,13,33,33,67,67,67,67],"floor_reached":50,"playtime":2115,"items_purged":["Doubt","Normality"],"score":1163,"play_id":"e287bee1-7f9b-4ddd-b4cd-1aa49434c2bd","local_time":"20201230142346","is_ascension_mode":true,"campfire_choices":[{"data":"Neutralize","floor":6,"key":"SMITH"},{"data":"Backflip","floor":8,"key":"SMITH"},{"data":"Crippling Poison","floor":15,"key":"SMITH"},{"floor":24,"key":"REST"},{"data":"Leg Sweep","floor":27,"key":"SMITH"},{"data":"Ghostly","floor":30,"key":"SMITH"},{"data":"Ghostly","floor":32,"key":"SMITH"},{"data":"Wraith Form v2","floor":42,"key":"SMITH"},{"floor":49,"key":"RECALL"}],"circlet_count":0,"master_deck":["AscendersBane","Strike_G","Strike_G","Defend_G","Defend_G","Defend_G","Defend_G","Defend_G","Survivor","Neutralize+1","Noxious Fumes+1","PiercingWail","Backflip","Backflip+1","Crippling Poison+1","Escape Plan","Heel Hook","PiercingWail","Glass Knife","Poisoned Stab+1","Leg Sweep+1","Dash","Acrobatics","Burst","Noxious Fumes","PiercingWail","Ghostly+1","Ghostly+1","Ghostly","Crippling Poison","Wraith Form v2+1","Envenom+1","Prepared+1","PiercingWail+1","Well Laid Plans","Normality","Normality","Blur","Acrobatics"],"relics":["Ring of the Snake","Eternal Feather","The Courier","Vajra","Boot","Cursed Key","Red Mask","Dream Catcher","Potion Belt","Centennial Puzzle","Bottled Flame","Astrolabe","Bronze Scales","Du-Vu Doll","Bird Faced Urn","Mango","Calipers","MealTicket","Snake Skull"],"acts_visited":["Exordium","TheCity","TheBeyond"],"potions_floor_usage":[14,16,18,23,23,31,37,40,46,48,50,50],"damage_taken":[{"damage":4,"enemies":"Jaw Worm","floor":1,"turns":7},{"damage":0,"enemies":"Cultist","floor":4,"turns":4},{"damage":0,"enemies":"2 Louse","floor":7,"turns":3},{"damage":16,"enemies":"Lagavulin","floor":11,"turns":9},{"damage":12,"enemies":"Lots of Slimes","floor":12,"turns":3},{"damage":2,"enemies":"3 Louse","floor":13,"turns":4},{"damage":11,"enemies":"3 Sentries","floor":14,"turns":8},{"damage":16,"enemies":"Hexaghost","floor":16,"turns":11},{"damage":19,"enemies":"Shell Parasite","floor":18,"turns":5},{"damage":2,"enemies":"Spheric Guardian","floor":20,"turns":4},{"damage":12,"enemies":"Snake Plant","floor":21,"turns":5},{"damage":24,"enemies":"Sentry and Sphere","floor":22,"turns":6},{"damage":4,"enemies":"Masked Bandits","floor":23,"turns":3},{"damage":6,"enemies":"Slavers","floor":25,"turns":6},{"damage":5,"enemies":"Gremlin Leader","floor":31,"turns":9},{"damage":35,"enemies":"Collector","floor":33,"turns":10},{"damage":7,"enemies":"Orb Walker","floor":35,"turns":6},{"damage":16,"enemies":"3 Shapes","floor":37,"turns":6},{"damage":27,"enemies":"Nemesis","floor":40,"turns":11},{"damage":1,"enemies":"Maw","floor":46,"turns":9},{"damage":17,"enemies":"Giant Head","floor":48,"turns":10},{"damage":56,"enemies":"Awakened One","floor":50,"turns":13}],"seed_played":"8333914090355027258","potions_obtained":[{"floor":7,"key":"ColorlessPotion"},{"floor":11,"key":"BlessingOfTheForge"},{"floor":14,"key":"PowerPotion"},{"floor":18,"key":"Strength Potion"},{"floor":22,"key":"PowerPotion"},{"floor":23,"key":"GamblersBrew"},{"floor":33,"key":"BlessingOfTheForge"},{"floor":35,"key":"Regen Potion"},{"floor":40,"key":"GhostInAJar"},{"floor":45,"key":"BlessingOfTheForge"},{"floor":45,"key":"Poison Potion"},{"floor":48,"key":"SkillPotion"}],"is_trial":false,"path_per_floor":["M","$","?","M","T","R","M","R","T","$","E","M","M","E","R","B",null,"M","?","M","M","M","?","R","E","T","R","$","?","R","E","R","B",null,"M","?","M","$","?","E","?","R","T","$","?","M","$","E","R","B"],"character_chosen":"THE_SILENT","items_purchased":["Noxious Fumes","PiercingWail","Crippling Poison","Noxious Fumes","Centennial Puzzle","PiercingWail","Bronze Scales","Du-Vu Doll","Bird Faced Urn","Mango","Calipers","Blur"],"campfire_rested":1,"item_purchase_floors":[2,2,10,28,28,28,38,38,38,38,38,44],"current_hp_per_floor":[52,52,52,52,52,61,61,70,70,70,54,42,40,29,41,25,65,46,46,44,32,8,4,42,36,36,51,51,39,39,34,39,4,30,23,23,22,36,36,17,43,43,43,43,43,43,43,32,43,0,0],"gold":67,"neow_bonus":"TWENTY_PERCENT_HP_BONUS","is_daily":false,"chose_seed":false,"campfire_upgraded":7,"win_rate":0.0,"timestamp":1609356226,"path_taken":["M","?","?","M","?","R","M","R","T","$","E","M","?","E","R","BOSS","M","?","M","M","M","?","R","E","T","R","$","?","R","E","R","BOSS","M","?","M","$","?","E","?","R","T","?","?","M","?","E","R","BOSS"],"items_purchased_type":["Card","Card","Card","Card","Relic","Card","Relic","Relic","Relic","Relic","Relic","Card"],"build_version":"2020-12-22","purchased_purges":2,"victory":false,"max_hp_per_floor":[78,78,78,78,78,78,78,78,78,78,78,78,78,78,78,78,78,78,78,78,78,78,78,78,78,78,78,78,39,39,39,39,39,39,39,39,39,53,53,53,43,43,43,43,43,43,43,43,43,43,43],"relic_stats":{"counters":[22,152],"Astrolabe":["Envenom","Prepared","PiercingWail"],"Eternal Feather":76,"Snake Skull":[31],"Boot":[43],"Cursed Key":2,"Dream Catcher":0,"Centennial Puzzle":[24],"Bronze Scales":[162],"Bird Faced Urn":[19],"MealTicket":0,"obtain_stats":[{"Potion Belt":26,"Calipers":38,"Astrolabe":34,"Vajra":11,"Eternal Feather":5,"Mango":38,"The Courier":9,"Snake Skull":48,"Boot":14,"Cursed Key":17,"Du-Vu Doll":38,"Dream Catcher":25,"Centennial Puzzle":28,"Bottled Flame":31,"Bronze Scales":38,"Bird Faced Urn":38,"MealTicket":40,"Red Mask":23,"Ring of the Snake":0},{"Potion Belt":14,"Calipers":18,"Astrolabe":16,"Vajra":4,"Eternal Feather":2,"Mango":18,"The Courier":3,"Snake Skull":21,"Boot":7,"Cursed Key":8,"Du-Vu Doll":18,"Dream Catcher":14,"Centennial Puzzle":14,"Bottled Flame":15,"Bronze Scales":18,"Bird Faced Urn":18,"MealTicket":19,"Red Mask":13,"Ring of the Snake":0},{"Potion Belt":78,"Calipers":109,"Astrolabe":97,"Vajra":23,"Eternal Feather":11,"Mango":109,"The Courier":14,"Snake Skull":139,"Boot":38,"Cursed Key":49,"Du-Vu Doll":109,"Dream Catcher":78,"Centennial Puzzle":78,"Bottled Flame":87,"Bronze Scales":109,"Bird Faced Urn":109,"MealTicket":120,"Red Mask":72,"Ring of the Snake":0}],"Ring of the Snake":[44]},"card_choices":[{"not_picked":["Leg Sweep","Distraction","Deflect"],"picked":"SKIP","floor":1},{"not_picked":["Backflip","Endless Agony","Outmaneuver"],"picked":"SKIP","floor":4},{"not_picked":["Endless Agony","Outmaneuver"],"picked":"Backflip","floor":4},{"not_picked":["Blade Dance","Acrobatics"],"picked":"Backflip","floor":7},{"not_picked":["Deflect","Sucker Punch"],"picked":"Escape Plan","floor":11},{"not_picked":["Grand Finale","Prepared","Dodge and Roll"],"picked":"SKIP","floor":12},{"not_picked":["Expertise","Infinite Blades"],"picked":"Heel Hook","floor":13},{"not_picked":["Backflip","Deflect"],"picked":"PiercingWail","floor":14},{"not_picked":["Phantasmal Killer","Wraith Form v2"],"picked":"Glass Knife","floor":16},{"not_picked":["Dagger Throw","Backflip"],"picked":"Poisoned Stab+1","floor":18},{"not_picked":["Cloak And Dagger","Accuracy"],"picked":"Leg Sweep","floor":20},{"not_picked":["Riddle With Holes","Backflip"],"picked":"Dash","floor":21},{"not_picked":["Skewer","Flying Knee"],"picked":"Acrobatics","floor":22},{"not_picked":["A Thousand Cuts","Poisoned Stab"],"picked":"Burst","floor":25},{"not_picked":["Blade Dance","Riddle With Holes"],"picked":"Crippling Poison","floor":31},{"not_picked":["Unload","Storm of Steel"],"picked":"Wraith Form v2","floor":33},{"not_picked":["Dodge and Roll","Acrobatics+1"],"picked":"Well Laid Plans","floor":35},{"not_picked":["Underhanded Strike+1","PiercingWail","Prepared"],"picked":"SKIP","floor":37},{"not_picked":["Sucker Punch","Setup","Phantasmal Killer"],"picked":"SKIP","floor":40},{"not_picked":["Dagger Throw","Prepared","Setup"],"picked":"SKIP","floor":46},{"not_picked":["Quick Slash","Masterful Stab"],"picked":"Acrobatics","floor":48}],"player_experience":1427373,"relics_obtained":[{"floor":5,"key":"Eternal Feather"},{"floor":9,"key":"The Courier"},{"floor":11,"key":"Vajra"},{"floor":14,"key":"Boot"},{"floor":23,"key":"Red Mask"},{"floor":25,"key":"Dream Catcher"},{"floor":26,"key":"Potion Belt"},{"floor":31,"key":"Bottled Flame"},{"floor":40,"key":"MealTicket"},{"floor":48,"key":"Snake Skull"}],"event_choices":[{"damage_healed":0,"gold_gain":0,"player_choice":"Grow","damage_taken":0,"max_hp_gain":0,"max_hp_loss":0,"event_name":"Living Wall","floor":3,"gold_loss":0,"cards_upgraded":["Noxious Fumes"]},{"damage_healed":0,"gold_gain":0,"player_choice":"Ignored","damage_taken":0,"max_hp_gain":0,"max_hp_loss":0,"event_name":"The Mausoleum","floor":19,"gold_loss":0},{"damage_healed":0,"gold_gain":0,"player_choice":"Fought Bandits","damage_taken":0,"max_hp_gain":0,"max_hp_loss":0,"event_name":"Masked Bandits","floor":23,"gold_loss":0},{"damage_healed":0,"gold_gain":0,"player_choice":"Became a Ghost","damage_taken":0,"max_hp_gain":0,"max_hp_loss":39,"event_name":"Ghosts","floor":29,"gold_loss":0,"cards_obtained":["Ghostly","Ghostly","Ghostly"]},{"damage_healed":0,"gold_gain":999,"player_choice":"Gold","damage_taken":0,"max_hp_gain":0,"max_hp_loss":0,"event_name":"MindBloom","floor":36,"gold_loss":0,"cards_obtained":["Normality","Normality"]},{"damage_healed":0,"gold_gain":0,"player_choice":"Ignored","damage_taken":0,"max_hp_gain":0,"max_hp_loss":0,"event_name":"Tomb of Lord Red Mask","floor":39,"gold_loss":0},{"damage_healed":43,"gold_gain":0,"player_choice":"Heal","damage_taken":0,"max_hp_gain":0,"max_hp_loss":10,"event_name":"The Moai Head","floor":41,"gold_loss":0},{"damage_healed":0,"gold_gain":0,"player_choice":"Got Potions","damage_taken":0,"max_hp_gain":0,"max_hp_loss":0,"event_name":"Lab","floor":45,"gold_loss":0}],"is_beta":false,"boss_relics":[{"not_picked":["WristBlade","Empty Cage"],"picked":"Cursed Key"},{"not_picked":["Busted Crown","HoveringKite"],"picked":"Astrolabe"}],"items_purged_floors":[28,38],"is_endless":false,"potions_floor_spawned":[7,11,12,14,18,22,23,33,35,40,48],"killed_by":"Awakened One","ascension_level":20}}