{"host":"cxizwatl5v7zq6a5","time":1609300107,"event":{"mods":["AchievementEnabler","Act Like it!","BaseMod","Colored Map","Colored Powertips","Downfall","Friendly Minions","Gensokyo","Hermit","Hubris","Infinite Spire","Marisa????????","Minty Spire (QoL Compilation)","Quick Restart","READ ME - Guardian Mod","Rare Cards Sparkle","Remilia??????","Replay The Spire","StSLib","The Cursed","The Jungle","The Servant 0.9.4","slay the spire mod where everything is the same but ironclad has a cowboy hat"],"gold_per_floor":[115,115,127,127,137,137,171,187,187,249,249,249,267,332,332,430,430,448,498,298,348,498,498,566,616,639,639,639],"floor_reached":27,"playtime":908,"items_purged":[],"score":211,"play_id":"e370cdec-5f07-43e8-b34c-3e31308f9451","local_time":"20201230114827","is_ascension_mode":false,"campfire_choices":[{"data":"Study","floor":6.0,"key":"SMITH"},{"data":"ConjureBlade","floor":12.0,"key":"SMITH"},{"floor":15.0,"key":"REST"},{"floor":23.0,"key":"REST"}],"circlet_count":0,"master_deck":["Strike_P","Strike_P","Strike_P","Strike_P","Defend_P","Defend_P","Defend_P","Defend_P","Eruption+1","Vigilance","Pray","Normality","CrushJoints","ConjureBlade+1","Eruption","Study+1","Omniscience","FlyingSleeves","Replay:Vibes","LessonLearned","Halt","Devotion","FlyingSleeves+1","GremboGang","Conclude+1"],"relics":["PureWater","NeowsBlessing","Ring of Panic","ReplayTheSpireMod:Ring of Collecting","hubris:MysteriousPyramids","ReplayTheSpireMod:Ring of Exchange","Replay:Bottled Flurry","hubris:SlimyHat","SsserpentHead","Strange Spoon","InkBottle","hubris:Towel","Ring of Misfortune","Regal Pillow"],"acts_visited":["Exordium","TheCity"],"potions_floor_usage":[27],"damage_taken":[{"damage":0.0,"enemies":"Small Slimes","floor":1.0,"turns":1.0},{"damage":0.0,"enemies":"Jaw Worm","floor":3.0,"turns":1.0},{"damage":0.0,"enemies":"Cultist","floor":5.0,"turns":1.0},{"damage":14.0,"enemies":"3 Sentries","floor":7.0,"turns":8.0},{"damage":0.0,"enemies":"2 Fungi Beasts","floor":8.0,"turns":2.0},{"damage":7.0,"enemies":"Lagavulin Event","floor":10.0,"turns":3.0},{"damage":15.0,"enemies":"3 Louse","floor":13.0,"turns":3.0},{"damage":26.0,"enemies":"Lots of Slimes","floor":14.0,"turns":3.0},{"damage":28.0,"enemies":"The Guardian","floor":16.0,"turns":4.0},{"damage":33.0,"enemies":"Shell Parasite","floor":18.0,"turns":5.0},{"damage":41.0,"enemies":"Chosen","floor":24.0,"turns":6.0},{"damage":12,"enemies":"Shelled Parasite and Fungi","floor":27,"turns":2}],"seed_played":"6158889778877289960","potions_obtained":[{"floor":1.0,"key":"Venom Potion"},{"floor":8.0,"key":"BottledMiracle"},{"floor":13.0,"key":"Energy Potion"},{"floor":16.0,"key":"Elixir"}],"is_trial":false,"path_per_floor":["M","?","M","?","M","R","E","M","T","?","?","R","M","M","R","B",null,"M","?","?","T","?","R","M","?","T","M"],"character_chosen":"WATCHER","items_purchased":[],"campfire_rested":2,"item_purchase_floors":[],"current_hp_per_floor":[72,72,72,72,72,72,58,58,58,51,51,51,36,10,31,3,72,39,26,26,26,26,49,8,8,8,0,0],"gold":639,"neow_bonus":"THREE_ENEMY_KILL","is_daily":false,"chose_seed":false,"campfire_upgraded":2,"win_rate":0.0,"timestamp":1609300107,"path_taken":["M","?","M","?","?","R","E","M","T","?","?","R","M","?","R","BOSS","M","?","?","?","?","R","?","?","T","M"],"items_purchased_type":[],"build_version":"2020-12-22","purchased_purges":0,"victory":false,"max_hp_per_floor":[72,72,72,72,72,72,72,72,72,72,72,72,72,72,72,72,72,72,77,77,77,77,77,77,77,77,77,77],"card_choices":[{"not_picked":["Collect","FlurryOfBlows"],"picked":"Pray","floor":1.0},{"not_picked":["FollowUp","ThirdEye"],"picked":"CrushJoints","floor":3.0},{"not_picked":["FollowUp","ClearTheMind"],"picked":"Study","floor":5.0},{"not_picked":["EmptyMind","Replay:BluntJabs"],"picked":"Omniscience","floor":7.0},{"not_picked":["ThirdEye","FollowUp"],"picked":"FlyingSleeves","floor":8.0},{"not_picked":["FlurryOfBlows","Collect"],"picked":"Replay:Vibes","floor":10.0},{"not_picked":["BowlingBash","Worship"],"picked":"LessonLearned","floor":13.0},{"not_picked":["Replay:BluntJabs","Meditate"],"picked":"Halt","floor":14.0},{"not_picked":["Judgement","Scrawl"],"picked":"Devotion","floor":16.0},{"not_picked":["PathToVictory","Replay:AtTheReady"],"picked":"FlyingSleeves+1","floor":18.0},{"not_picked":["WaveOfTheHand","FlyingSleeves"],"picked":"Conclude+1","floor":24.0}],"player_experience":116852,"relics_obtained":[{"floor":2.0,"key":"Ring of Panic"},{"floor":2.0,"key":"ReplayTheSpireMod:Ring of Collecting"},{"floor":7.0,"key":"hubris:MysteriousPyramids"},{"floor":9.0,"key":"ReplayTheSpireMod:Ring of Exchange"},{"floor":9.0,"key":"Replay:Bottled Flurry"},{"floor":10.0,"key":"hubris:SlimyHat"},{"floor":21.0,"key":"InkBottle"},{"floor":26.0,"key":"Ring of Misfortune"},{"floor":26.0,"key":"Regal Pillow"}],"event_choices":[{"damage_healed":0.0,"max_hp_gain":0.0,"max_hp_loss":0.0,"gold_gain":0.0,"event_name":"Match and Keep!","player_choice":"2 cards matched","floor":4.0,"gold_loss":0.0,"damage_taken":0.0,"cards_obtained":["ConjureBlade","Eruption"]},{"damage_healed":0.0,"max_hp_gain":0.0,"max_hp_loss":0.0,"gold_gain":0.0,"event_name":"Dead Adventurer","player_choice":"Searched \u00272\u0027 times","floor":10.0,"gold_loss":0.0,"damage_taken":0.0},{"damage_healed":0.0,"max_hp_gain":0.0,"max_hp_loss":0.0,"gold_gain":0.0,"event_name":"FaceTrader","player_choice":"Trade","floor":11.0,"gold_loss":0.0,"damage_taken":0.0,"relics_obtained":["SsserpentHead"]},{"damage_healed":0.0,"max_hp_gain":5.0,"max_hp_loss":0.0,"gold_gain":0.0,"event_name":"Forgotten Altar","player_choice":"Shed Blood","floor":19.0,"gold_loss":0.0,"damage_taken":18.0},{"damage_healed":0.0,"max_hp_gain":0.0,"max_hp_loss":0.0,"gold_gain":100.0,"event_name":"Golden Shrine","player_choice":"Pray","floor":22.0,"gold_loss":0.0,"damage_taken":0.0}],"is_beta":false,"boss_relics":[{"not_picked":["Replay:Bronze Core","Ring of Chaos"],"picked":"Strange Spoon"}],"items_purged_floors":[],"is_endless":false,"potions_floor_spawned":[1,8,13,16,18],"killed_by":"Shelled Parasite and Fungi","ascension_level":0}}