{"host":"8e68pzgs4bln6t6e","time":1609346649,"event":{"mods":["AchievementEnabler","Act Like it!","BaseMod","Better Note","BetterRewards","Colored Powertips","Googly Eyes","Hallownest","Hubris","Jorbs\u0027s Wanderer Trilogy","Marisa????????","Minty Spire (QoL Compilation)","Quick Restart","Rare Cards Sparkle","Replay The Spire","Shop Mod","StSLib","The Animator","The Bug Knight","The Cursed","The Disciple","The Hierophant","The Servant 0.9.4"],"gold_per_floor":[15,25,25,39,54,88,88,103,103,56,6,31,48,48,48,144,144,162,162,261,459,474,502,502,532,532,645,680,315,315,334,334,433,433,447,157,120,170,180,209,209,209,209,241,256,290,290,323,323,323,323,323,10,38,38],"floor_reached":56,"playtime":8053,"items_purged":["Shame","TheCursedMod:EmpowerCircles"],"score":1299,"play_id":"970f5621-7b60-423a-a2be-d9a1fda48ace","local_time":"20201230174409","is_ascension_mode":true,"campfire_choices":[{"floor":7.0,"key":"REST"},{"data":"TheCursedMod:ForbiddenAlchemy","floor":15.0,"key":"SMITH"},{"data":"TheCursedMod:NeowsMight","floor":24.0,"key":"SMITH"},{"data":"Mayhem","floor":30.0,"key":"SMITH"},{"data":"TheCursedMod:AbyssShockwave","floor":32.0,"key":"SMITH"},{"floor":49,"key":"RECALL"},{"data":"TheCursedMod:ManaCirculation","floor":52,"key":"SMITH"}],"circlet_count":0,"master_deck":["TheCursedMod:Strike_TheCursed","TheCursedMod:CursedWand","TheCursedMod:CleanUpWorkshop","TheCursedMod:Dregs","TheCursedMod:AbyssShockwave+1","TheCursedMod:SpitefulPlan","TheCursedMod:Evocation","TheCursedMod:DemonicPact","TheCursedMod:SpitefulStrike","TheCursedMod:SoulCrush","TheCursedMod:RapidMovement","TheCursedMod:CursedAmulet","TheCursedMod:WearCloak+1","TheCursedMod:Stretching","TheCursedMod:ForbiddenAlchemy+1","TheCursedMod:CursedBoomerang","TheCursedMod:NeowsMight+1","TheCursedMod:SpitefulStrike","TheCursedMod:TroublousMinions+1","TheCursedMod:Obscuration+1","TheCursedMod:HellsGateOpen","TheCursedMod:HellfireBreathing+1","TheCursedMod:ReleasedStrength","TheCursedMod:ManaCirculation+1","Mayhem+1","TheCursedMod:StingEye","TheCursedMod:LuckyCharm+1","TheCursedMod:ShockAndAwe","TheCursedMod:CursedShiv","TheCursedMod:CursedShiv","TheCursedMod:ManaBullet+1","TheCursedMod:CursedBlade+1","TheCursedMod:SmokeScreen+1","TheCursedMod:WearCloak+1","TheCursedMod:StingEye+1","TheCursedMod:CursedShiv+1","TheCursedMod:Stretching+1","TheCursedMod:CircleOfWindfury","TheCursedMod:Mangle","ReplayUltimateDefense+1","TheCursedMod:Stretching+1"],"relics":["TheCursedMod:BlackMagic101","Replay:PocketPolymizer","NlothsMask","TheCursedMod:BloodyHarpoon","White Beast Statue","Honey Jar","hubris:Icosahedron","Smiling Mask","hubris:64BitClover","Pantograph","Mummified Hand","hubris:EmptyBottle","ReplayTheSpireMod:DimensionalGlitch","Pear","Calipers","StoneCalendar","Ancient Tea Set","Thread and Needle","Blue Doll","hubris:Towel","Happy Flower","Sling","HollowMod:PaleOreRelic"],"acts_visited":["Exordium","TheCity","TheBeyond","TheEnding"],"potions_floor_usage":[46,46,46,46,46,46,46,46,46,46,46,46,48,48,48,48,48,48,48,48,48,48,50,50,50,50,50,50,54,54,54,54,54,54,54,54,54,54,54,55,55,55,55,55,55,55,55,55,55,55,55,55,55,55,55,55,55,55,55,55],"damage_taken":[{"damage":0.0,"enemies":"Cultist","floor":1.0,"turns":4.0},{"damage":0.0,"enemies":"2 Louse","floor":2.0,"turns":2.0},{"damage":2.0,"enemies":"Small Slimes","floor":4.0,"turns":3.0},{"damage":16.0,"enemies":"Blue Slaver","floor":5.0,"turns":5.0},{"damage":19.0,"enemies":"HollowMod:MossKnight","floor":6.0,"turns":11.0},{"damage":1.0,"enemies":"2 Fungi Beasts","floor":8.0,"turns":3.0},{"damage":10.0,"enemies":"3 Sentries","floor":12.0,"turns":4.0},{"damage":6.0,"enemies":"Looter","floor":13.0,"turns":4.0},{"damage":1.0,"enemies":"Fading Forest","floor":16.0,"turns":11.0},{"damage":12.0,"enemies":"Shell Parasite","floor":18.0,"turns":2.0},{"damage":6.0,"enemies":"2 Thieves","floor":22.0,"turns":3.0},{"damage":7.0,"enemies":"HollowMod:Nosk","floor":23.0,"turns":6.0},{"damage":8.0,"enemies":"Replay:Snechameleon","floor":25.0,"turns":8.0},{"damage":6.0,"enemies":"Snecko","floor":27.0,"turns":5.0},{"damage":0.0,"enemies":"Book of Stabbing","floor":28.0,"turns":5.0},{"damage":6.0,"enemies":"Centurion and Healer","floor":31.0,"turns":3.0},{"damage":5.0,"enemies":"Champ","floor":33.0,"turns":5.0},{"damage":0.0,"enemies":"Orb Walker","floor":35.0,"turns":3.0},{"damage":3.0,"enemies":"3 Darklings","floor":37.0,"turns":3.0},{"damage":6.0,"enemies":"Mind Bloom Boss Battle","floor":38.0,"turns":5.0},{"damage":0.0,"enemies":"Transient","floor":39.0,"turns":5.0},{"damage":13.0,"enemies":"Nemesis","floor":40.0,"turns":3.0},{"damage":0.0,"enemies":"Giant Head","floor":44.0,"turns":6.0},{"damage":0,"enemies":"Maw","floor":45,"turns":7},{"damage":0,"enemies":"Nemesis","floor":46,"turns":3},{"damage":0,"enemies":"Giant Head","floor":48,"turns":8},{"damage":0,"enemies":"Replay:Hell Engine","floor":50,"turns":8},{"damage":28,"enemies":"Shield and Spear","floor":54,"turns":5},{"damage":16,"enemies":"The Heart","floor":55,"turns":8}],"seed_played":"5207405849650654045","potions_obtained":[{"floor":5.0,"key":"BlessingOfTheForge"},{"floor":6.0,"key":"PowerPotion"},{"floor":12.0,"key":"Fire Potion"},{"floor":13.0,"key":"Death Potion"},{"floor":18.0,"key":"Adrenaline Potion"},{"floor":22.0,"key":"FearPotion"},{"floor":23.0,"key":"LifebloodPotion"},{"floor":25.0,"key":"PowerPotion"},{"floor":27.0,"key":"Weak Potion"},{"floor":28.0,"key":"Toxic Potion"},{"floor":31.0,"key":"SpeedPotion"},{"floor":33.0,"key":"Dexterity Potion"},{"floor":35.0,"key":"PowerPotion"},{"floor":37.0,"key":"Elixir"},{"floor":38.0,"key":"BlessingOfTheForge"},{"floor":40.0,"key":"BlessingOfTheForge"},{"floor":44.0,"key":"GamblersBrew"},{"floor":46,"key":"Doom Potion"},{"floor":54,"key":"LiquidMemories"}],"is_trial":false,"path_per_floor":["M","M","?","M","M","E","R","M","T","$","$","E","M","?","R","B",null,"M","?","?","?","M","E","R","E","T","M","E","$","R","M","R","B",null,"M","$","M","?","M","E","?","$","T","E","M","E","?","E","R","B",null,"R","$","E","B",null],"character_chosen":"THE_CURSED","items_purchased":["TheCursedMod:CursedAmulet","TheCursedMod:WearCloak","hubris:EmptyBottle","Mayhem","Pear","ReplayUltimateDefense+1","Sling","BlessingOfTheForge"],"campfire_rested":1,"item_purchase_floors":[10,11,29,29,36,53,53,53],"current_hp_per_floor":[75,75,75,73,57,38,60,59,59,59,59,49,43,43,43,42,75,63,63,63,63,57,68,68,60,60,54,54,54,54,48,48,68,75,75,85,82,79,79,66,66,66,66,66,66,66,66,66,66,79,85,85,85,57,54],"gold":38,"neow_bonus":"ONE_RARE_RELIC","is_daily":false,"chose_seed":false,"campfire_upgraded":5,"win_rate":0.0,"timestamp":1609346649,"path_taken":["M","?","?","M","M","E","R","M","T","?","$","E","M","?","R","BOSS","M","?","?","?","M","E","R","E","T","M","E","$","R","M","R","BOSS","M","$","M","?","M","E","?","?","T","E","M","E","?","E","R","BOSS","R","$","E","BOSS"],"items_purchased_type":["Card","Card","Relic","Card","Relic","Card","Relic","Potion"],"build_version":"2020-12-22","purchased_purges":2,"victory":true,"max_hp_per_floor":[75,75,75,75,75,75,75,75,75,75,75,75,75,75,75,75,75,75,75,75,75,75,75,75,75,75,75,75,75,75,75,75,75,75,75,85,85,85,85,85,85,85,85,85,85,85,85,85,85,85,85,85,85,85,85],"card_choices":[{"not_picked":["TheCursedMod:Stigma","TheCursedMod:TacticalStrike"],"picked":"TheCursedMod:AbyssShockwave","floor":1.0},{"not_picked":["TheCursedMod:TacticalStrike","TheCursedMod:CircleOfCorruption"],"picked":"TheCursedMod:SpitefulPlan","floor":2.0},{"not_picked":["TheCursedMod:Stigma","TheCursedMod:CursedMace"],"picked":"TheCursedMod:Evocation","floor":4.0},{"not_picked":["TheCursedMod:CircleOfFlame","TheCursedMod:RavingStaff"],"picked":"TheCursedMod:DemonicPact","floor":5.0},{"not_picked":["TheCursedMod:SurpriseAttack","TheCursedMod:DemonicPact"],"picked":"TheCursedMod:SpitefulStrike","floor":6.0},{"not_picked":["TheCursedMod:Evocation","TheCursedMod:CircleOfFlame"],"picked":"TheCursedMod:RapidMovement","floor":8.0},{"not_picked":["TheCursedMod:Stigma","TheCursedMod:RavingStaff","TheCursedMod:SpreadPlague"],"picked":"SKIP","floor":12.0},{"not_picked":["TheCursedMod:WearCloak","TheCursedMod:FleshFromBone"],"picked":"TheCursedMod:Stretching","floor":13.0},{"not_picked":["TheCursedMod:DarkBarrier","TheCursedMod:CircleOfAbyss"],"picked":"TheCursedMod:NeowsMight","floor":16.0},{"not_picked":["TheCursedMod:CircleOfAmplification+1","TheCursedMod:TroublousMinions","TheCursedMod:CursedAmulet"],"picked":"TheCursedMod:SpitefulStrike","floor":18.0},{"not_picked":["TheCursedMod:DoubleShield","TheCursedMod:CursedAmulet","TheCursedMod:ReleasedKnowledge"],"picked":"TheCursedMod:TroublousMinions+1","floor":21.0},{"not_picked":["TheCursedMod:AshesToAshes","TheCursedMod:StingEye","TheCursedMod:Hemoplague+1"],"picked":"TheCursedMod:Obscuration+1","floor":22.0},{"not_picked":["TheCursedMod:Torture","TheCursedMod:TacticalStrike","TheCursedMod:ParallelWorld"],"picked":"TheCursedMod:HellsGateOpen","floor":23.0},{"not_picked":["TheCursedMod:SpitefulStrike","TheCursedMod:CursedAmulet","TheCursedMod:SpitefulPlan+1"],"picked":"TheCursedMod:HellfireBreathing+1","floor":25.0},{"not_picked":["TheCursedMod:RavingStaff","TheCursedMod:SmokeScreen","TheCursedMod:SpitefulStrike"],"picked":"TheCursedMod:ReleasedStrength","floor":27.0},{"not_picked":["TheCursedMod:CursedAmulet","TheCursedMod:SurpriseAttack","TheCursedMod:ReleasedKnowledge"],"picked":"TheCursedMod:ManaCirculation","floor":28.0},{"not_picked":["TheCursedMod:TroublousMinions","TheCursedMod:TacticalStrike+1","TheCursedMod:SoulCrush"],"picked":"TheCursedMod:LuckyCharm+1","floor":31.0},{"not_picked":["TheCursedMod:UltimatePain","TheCursedMod:CursedRelics","TheCursedMod:OutForBlood"],"picked":"TheCursedMod:ShockAndAwe","floor":33.0},{"not_picked":["TheCursedMod:SaltUponWound+1","TheCursedMod:RapidMovement","TheCursedMod:Torture+1"],"picked":"TheCursedMod:CursedShiv","floor":35.0},{"not_picked":["TheCursedMod:Wield","TheCursedMod:TacticalStrike+1","TheCursedMod:CircleOfFocus+1"],"picked":"TheCursedMod:CursedShiv","floor":37.0},{"not_picked":["TheCursedMod:CircleOfFlame+1","TheCursedMod:ReleasedStrength+1","TheCursedMod:CursedAmulet"],"picked":"TheCursedMod:ManaBullet+1","floor":38.0},{"not_picked":["TheCursedMod:RapidMovement","TheCursedMod:CursedBoomerang+1","TheCursedMod:HellsGateOpen"],"picked":"TheCursedMod:CursedBlade+1","floor":39.0},{"not_picked":["TheCursedMod:BloodBarrier+1","TheCursedMod:FleshFromBone","TheCursedMod:CircleOfAbyss"],"picked":"TheCursedMod:SmokeScreen+1","floor":40.0},{"not_picked":["TheCursedMod:PrepareRite","TheCursedMod:SpreadPlague","TheCursedMod:CircleOfFlame+1"],"picked":"TheCursedMod:WearCloak+1","floor":44.0},{"not_picked":["TheCursedMod:BloodBarrier+1","TheCursedMod:SpitefulStrike+1","TheCursedMod:SoulReap+1"],"picked":"TheCursedMod:StingEye+1","floor":45},{"not_picked":["TheCursedMod:EmpowerCircles","TheCursedMod:RavingStaff","TheCursedMod:CircleOfCorruption"],"picked":"TheCursedMod:CursedShiv+1","floor":46},{"not_picked":["TheCursedMod:CircleOfCorruption","TheCursedMod:CircleOfFlame","TheCursedMod:ReleasedStrength+1"],"picked":"TheCursedMod:Stretching+1","floor":48},{"not_picked":["TheCursedMod:Torture+1","TheCursedMod:RapidMovement","TheCursedMod:CircleOfWindfury+1"],"picked":"TheCursedMod:Stretching+1","floor":54}],"player_experience":239680,"relics_obtained":[{"floor":6.0,"key":"TheCursedMod:BloodyHarpoon"},{"floor":12.0,"key":"White Beast Statue"},{"floor":23.0,"key":"Smiling Mask"},{"floor":25.0,"key":"hubris:64BitClover"},{"floor":26.0,"key":"Pantograph"},{"floor":28.0,"key":"Mummified Hand"},{"floor":38.0,"key":"Calipers"},{"floor":40.0,"key":"StoneCalendar"},{"floor":44.0,"key":"Ancient Tea Set"},{"floor":45,"key":"Thread and Needle"},{"floor":46,"key":"Blue Doll"},{"floor":48,"key":"Happy Flower"},{"floor":54,"key":"HollowMod:PaleOreRelic"}],"event_choices":[{"damage_healed":0.0,"max_hp_gain":0.0,"max_hp_loss":0.0,"gold_gain":0.0,"event_name":"FaceTrader","player_choice":"Trade","floor":3.0,"gold_loss":0.0,"damage_taken":0.0,"relics_obtained":["NlothsMask"]},{"damage_healed":0.0,"max_hp_gain":0.0,"max_hp_loss":0.0,"gold_gain":0.0,"cards_transformed":["TheCursedMod:Strike_TheCursed"],"event_name":"Living Wall","player_choice":"Change","floor":14.0,"gold_loss":0.0,"damage_taken":0.0,"cards_obtained":["TheCursedMod:ForbiddenAlchemy"]},{"damage_healed":0.0,"max_hp_gain":0.0,"max_hp_loss":0.0,"gold_gain":99.0,"event_name":"Nest","player_choice":"Stole From Cult","floor":20.0,"gold_loss":0.0,"damage_taken":0.0},{"damage_healed":0.0,"max_hp_gain":0.0,"max_hp_loss":0.0,"gold_gain":0.0,"event_name":"MindBloom","player_choice":"Fight","floor":38.0,"gold_loss":0.0,"damage_taken":0.0}],"is_beta":false,"boss_relics":[{"not_picked":["Kintsugi","Tiny House"],"picked":"Honey Jar"},{"not_picked":["hubris:ScarierMask","TheCursedMod:BlackMagicAdvanced"],"picked":"ReplayTheSpireMod:DimensionalGlitch"}],"items_purged_floors":[29,36],"is_endless":false,"potions_floor_spawned":[5,6,12,13,16,18,22,23,25,27,28,31,33,35,37,38,39,40,44,45,46,48,54],"ascension_level":2}}