{"host":"49hkj3l623wd5n00","time":1609357471,"event":{"mods":["2.2 Compatiblity","AchievementEnabler","Act Like it!","Aspiration","Astrologer","BaseMod","Better Altar","Better Match","Better Note","Better Skull","Better Third Choice","Better Vampires","Better-Laid Plans","BetterRewards","CCEM","CapriCore","Colored Map","Colored Powertips","Conspire","Displayed Cursed Tome","Downfall","Elementarium","Friendly Minions","Gensokyo","GifTheSpireLib","Hallownest","Hermit","Hubris","Ironclad Rager","Jorbs\u0027s Wanderer Trilogy","Koishi","MarisaÅiñ∂âJÅ@ñÇóùçπÅj","Menagerie","Mimic Mod","Minty Spire (QoL Compilation)","Pale of the Ancients","Permanent Neow","Quick Restart","Rare Cards Sparkle","Replay The Spire","Retaliation","Shade Mod","Spicy Shops","StSLib","Stuff the Spire","The Blackbeard","The Bug Knight","The Construct","The Cursed","The Druid","The Hierophant","The IronCluck","The Marked","The Runesmith","The Servant 0.9.4","The Vixen","The Wild Card","TheHero","Yuri Mod","slay the spire mod where everything is the same but ironclad has a cowboy hat"],"gold_per_floor":[215,80,94,17,37,213,138,171,171,198,123,158,158,88,88,193,193,213,194,206,206,221,221,253,253,276,302,302,27,47,47,47,142,142,158,170,186,36,48,48,75,91,91,91,91,117,117,117],"floor_reached":47,"playtime":4778,"items_purged":["CommonCold","HollowMod:AbyssShriek+1","HollowMod:NailStrikeStart","HollowMod:NailStrikeStart"],"score":667,"play_id":"b586e0eb-6842-4621-aeca-6601b66ef962","local_time":"20201230144431","is_ascension_mode":true,"campfire_choices":[{"floor":15,"key":"REST"},{"floor":25,"key":"REST"},{"floor":28,"key":"REST"},{"floor":40,"key":"RECALL"},{"data":"HollowMod:theNailsmith","floor":45,"key":"SMITH"}],"circlet_count":0,"master_deck":["HollowMod:NailStrikeStart","HollowMod:NailStrikeStart","HollowMod:QuickDashStart+1","HollowMod:QuickDashStart","HollowMod:QuickDashStart","HollowMod:QuickDashStart","HollowMod:FocusHealStart","HollowMod:PogoStrike","HollowMod:InfectedCysts","HollowMod:MothsMistake","HollowMod:BrokenVessel+1","HollowMod:PureNailStrike+1","HollowMod:PerfectDash","expansioncontent:PolyBeam+1","HollowMod:PureVessel","HollowMod:SoulShaman+1","HollowMod:SoulMaster+1","HollowMod:GoodIntentions","HollowMod:SharpenedNail+1","HollowMod:TaintedHusks","HollowMod:CycloneSlash+1","HollowMod:MothsMistake+1","HollowMod:DoubleDash","HollowMod:NewJinnsSoul","HollowMod:GoodIntentions+1","HollowMod:theNailsmith+1","HollowMod:MonarchWings+1","hubris:NaturalOne","HollowMod:LuriensSpire+1"],"relics":["HollowMod:VesselMask","ReplayTheSpireMod:CursedCoin","Gensokyo:Companionship","Mirror","Blood Vial","Replay:Bottled Snecko","Mango","Turnip","hubris:Icosahedron","aspiration:MobileForge","Bottled Flame","aspiration:Lifesprig","Anchor","StuffTheSpire:Barrel","Durian","Velvet Choker","Letter Opener","Oddly Smooth Stone","StuffTheSpire:Nightcore"],"acts_visited":["Gensokyo:Gensokyo","Gensokyo:Gensokyoer","Gensokyo:Gensokyoest"],"potions_floor_usage":[12,12,22,22,24,27,27,27,30,33,36,37,46,46],"damage_taken":[{"damage":0.0,"enemies":"Gensokyo:Python","floor":1.0,"turns":3.0},{"damage":18.0,"enemies":"Gensokyo:Gryphon","floor":3.0,"turns":5.0},{"damage":20.0,"enemies":"Gensokyo:2_Kodama","floor":5.0,"turns":7.0},{"damage":14.0,"enemies":"Gensokyo:Cirno","floor":6.0,"turns":5.0},{"damage":24.0,"enemies":"Gensokyo:Aya","floor":8.0,"turns":7.0},{"damage":7.0,"enemies":"Gensokyo:Mamizou","floor":10.0,"turns":5.0},{"damage":34,"enemies":"Gensokyo:Aya","floor":12,"turns":7},{"damage":21,"enemies":"Gensokyo:Yukari","floor":16,"turns":12},{"damage":5,"enemies":"Gensokyo:2_Gloops","floor":18,"turns":4},{"damage":25,"enemies":"conspire:MimicChest","floor":19,"turns":6},{"damage":0,"enemies":"Gensokyo:Chomper","floor":20,"turns":2},{"damage":3,"enemies":"Gensokyo:Swordslinger","floor":22,"turns":5},{"damage":23,"enemies":"Gensokyo:Reisen","floor":24,"turns":7},{"damage":41,"enemies":"Gensokyo:Koishi","floor":27,"turns":7},{"damage":14,"enemies":"Gensokyo:Wraith","floor":30,"turns":4},{"damage":58,"enemies":"Gensokyo:Eiki","floor":33,"turns":11},{"damage":1,"enemies":"Gensokyo:3_Bats","floor":35,"turns":6},{"damage":0,"enemies":"Gensokyo:3_Boulders","floor":36,"turns":5},{"damage":14,"enemies":"Gensokyo:Dusk_and_Dawn","floor":37,"turns":6},{"damage":4,"enemies":"Gensokyo:Rafflesia","floor":39,"turns":8},{"damage":0,"enemies":"Gensokyo:Doremy","floor":41,"turns":9},{"damage":13,"enemies":"Gensokyo:SeedOfUnknown","floor":42,"turns":7},{"damage":42,"enemies":"Gensokyo:Kasen","floor":46,"turns":9},{"damage":17,"enemies":"Gensokyo:Dusk_and_Dawn","floor":47,"turns":2}],"seed_played":"-8669860817204638342","potions_obtained":[{"floor":3.0,"key":"DDmod:CleansePotion"},{"floor":6.0,"key":"Swift Potion"},{"floor":10.0,"key":"GamblersBrew"},{"floor":16,"key":"Cursed Concoction"},{"floor":19,"key":"PowerPotion"},{"floor":24,"key":"LiquidMemories"},{"floor":30,"key":"Dexterity Potion"},{"floor":33,"key":"DuplicationPotion"},{"floor":39,"key":"PowerPotion"},{"floor":42,"key":"SteroidPotion"}],"is_trial":false,"path_per_floor":["M","COS","M","$","M","E","?","E","T","E","?","E","?","?","R","B",null,"M","?","M","?","M","?","E","R","T","E","R","$","M","$","R_BF","B",null,"M","M","M","$","M","R","E","M","T","?","R","E","M"],"character_chosen":"THE_BUGKNIGHT","items_purchased":["ReplayTheSpireMod:CursedCoin","HollowMod:BrokenVessel","HollowMod:PureNailStrike","PowerPotion","SkillPotion"],"campfire_rested":3,"item_purchase_floors":[4,4,4,4,29],"current_hp_per_floor":[75,75,63,63,43,29,29,15,15,30,30,4,4,4,30,21,89,84,61,63,63,62,32,17,43,43,9,37,37,33,33,61,19,94,93,94,80,80,86,86,94,81,81,49,49,15,0,0],"gold":117,"neow_bonus":"HUNDRED_GOLD","is_daily":false,"chose_seed":false,"campfire_upgraded":1,"win_rate":0.0,"timestamp":1609357471,"path_taken":["M","COS","M","$","M","E","?","E","T","E","?","E","?","?","R","BOSS","M","?","M","?","?","?","E","R","T","E","R","$","?","?","R_BF","BOSS","M","M","?","$","?","R","E","M","T","?","R","E","M"],"items_purchased_type":["Relic","Card","Card","Potion","Potion"],"build_version":"2020-12-22","purchased_purges":4,"victory":false,"max_hp_per_floor":[75,75,75,75,75,75,75,75,75,89,89,89,89,89,89,89,89,89,89,89,89,89,89,89,89,89,94,94,94,94,94,94,94,94,94,94,94,94,94,94,94,94,94,94,94,94,94,94],"card_choices":[{"not_picked":["HollowMod:SiblingsSouls","HollowMod:CornifersMapStart"],"picked":"HollowMod:InfectedCysts","floor":1.0},{"not_picked":["HollowMod:MonomonsArchive","HollowMod:Grubsong"],"picked":"HollowMod:MothsMistake","floor":3.0},{"not_picked":["HollowMod:TaintedHusks","HollowMod:HeavyBlow"],"picked":"HollowMod:PerfectDash","floor":5.0},{"not_picked":["HollowMod:DashSlash","HollowMod:MawleksShell"],"picked":"HollowMod:AbyssShriek","floor":6.0},{"not_picked":["expansioncontent:Hexaburn+1","Replay:BasicMightCard+1"],"picked":"expansioncontent:PolyBeam+1","floor":7.0},{"not_picked":["HollowMod:InfectedCysts","HollowMod:SharpenedNail"],"picked":"HollowMod:AwokenDreamNail","floor":8.0},{"not_picked":["HollowMod:InfectedCysts","HollowMod:SoulSplash"],"picked":"HollowMod:PureVessel","floor":10.0},{"not_picked":["HollowMod:Grubsong+1","HollowMod:SharpenedShadows+1"],"picked":"HollowMod:SoulShaman+1","floor":11},{"not_picked":["HollowMod:ElderbugsWisdom+1","HollowMod:theNailsmith+1"],"picked":"HollowMod:SoulMaster+1","floor":11},{"not_picked":["HollowMod:InfectedAttack","HollowMod:WraithStrike"],"picked":"HollowMod:GoodIntentions","floor":12},{"not_picked":["HollowMod:DescendingDark","HollowMod:VengefulVoid"],"picked":"HollowMod:SharpenedNail+1","floor":18},{"not_picked":["HollowMod:InfectedCysts+1","HollowMod:WraithStrike"],"picked":"HollowMod:TaintedHusks","floor":19},{"not_picked":["HollowMod:NewLittleFool","HollowMod:SiblingsSouls+1"],"picked":"HollowMod:CycloneSlash+1","floor":20},{"not_picked":["HollowMod:SoulEater+1","HollowMod:InfectionAssault+1"],"picked":"HollowMod:MothsMistake+1","floor":21},{"not_picked":["HollowMod:DescendingDark","HollowMod:MawleksShell"],"picked":"HollowMod:DoubleDash","floor":22},{"not_picked":["HollowMod:VengefulVoid","HollowMod:NewLittleFool+1"],"picked":"HollowMod:NewJinnsSoul","floor":24},{"not_picked":["HollowMod:InfectedAttack","HollowMod:ChannelNail"],"picked":"HollowMod:GoodIntentions","floor":27},{"not_picked":["HollowMod:DreamGate","HollowMod:SharpenedShadows","HollowMod:ShadowDash+1"],"picked":"SKIP","floor":30},{"not_picked":["HollowMod:ZotesMagnificence","HollowMod:Hiveblood"],"picked":"HollowMod:theNailsmith","floor":33},{"not_picked":["HollowMod:BrokenVessel","HollowMod:SoulStrike"],"picked":"HollowMod:MonarchWings+1","floor":35},{"not_picked":["HollowMod:CornifersMapStart+1","HollowMod:NewGlowingWomb+1","HollowMod:SoulStrike"],"picked":"SKIP","floor":36},{"not_picked":["HollowMod:GreatSlash+1","HollowMod:HowlingWraiths+1","HollowMod:BaldurShell+1"],"picked":"SKIP","floor":37},{"not_picked":["HollowMod:SiblingsSouls","HollowMod:VengefulVoid+1","HollowMod:CycloneSlash+1"],"picked":"SKIP","floor":39},{"not_picked":["HollowMod:ShapeofUnn","HollowMod:CoiledNail","HollowMod:AbyssShriek"],"picked":"SKIP","floor":41},{"not_picked":["HollowMod:CornifersMapStart+1","HollowMod:NewGlowingWomb+1","HollowMod:QuirrelsAssistance+1"],"picked":"SKIP","floor":42},{"not_picked":["HollowMod:WraithStrike","HollowMod:CycloneSlash+1"],"picked":"HollowMod:LuriensSpire+1","floor":46}],"player_experience":1059346,"relics_obtained":[{"floor":6.0,"key":"Mirror"},{"floor":8.0,"key":"Blood Vial"},{"floor":9.0,"key":"Replay:Bottled Snecko"},{"floor":10.0,"key":"Mango"},{"floor":12,"key":"Turnip"},{"floor":19,"key":"Bottled Flame"},{"floor":24,"key":"Anchor"},{"floor":26,"key":"StuffTheSpire:Barrel"},{"floor":27,"key":"Durian"},{"floor":41,"key":"Letter Opener"},{"floor":46,"key":"StuffTheSpire:Nightcore"}],"event_choices":[{"damage_healed":0.0,"max_hp_gain":0.0,"max_hp_loss":0.0,"gold_gain":0.0,"event_name":"betterMatch:BetterMatch","player_choice":"2","floor":7.0,"gold_loss":0.0,"damage_taken":0.0,"cards_obtained":["betterMatch:ColorlessUncommonCard"]},{"damage_healed":0,"gold_gain":0,"player_choice":"2","damage_taken":0,"max_hp_gain":0,"max_hp_loss":0,"event_name":"betterMatch:BetterMatch","floor":11,"gold_loss":0,"cards_obtained":["betterMatch:UncommonCard","betterMatch:RareCard"]},{"damage_healed":0,"gold_gain":0,"player_choice":"2","damage_taken":0,"max_hp_gain":0,"max_hp_loss":0,"event_name":"betterMatch:BetterMatch","floor":21,"gold_loss":0,"cards_obtained":["betterMatch:UncommonCard"]},{"damage_healed":0,"gold_gain":0,"player_choice":"RE UP ","damage_taken":34,"relics_obtained":["aspiration:Lifesprig"],"max_hp_gain":0,"max_hp_loss":0,"event_name":"betterSkull:BetterSkull","floor":23,"gold_loss":0,"cards_upgraded":["HollowMod:BrokenVessel"]},{"damage_healed":0,"gold_gain":0,"player_choice":"UP RE ","damage_taken":36,"relics_obtained":["Oddly Smooth Stone"],"max_hp_gain":0,"max_hp_loss":0,"event_name":"betterSkull:BetterSkull","floor":44,"gold_loss":0,"cards_upgraded":["HollowMod:PureNailStrike"]}],"is_beta":false,"boss_relics":[{"not_picked":["Pandora\u0027s Box","Honey Jar"],"picked":"aspiration:MobileForge"},{"not_picked":["Astrolabe","conspire:SeveredTorchhead"],"picked":"Velvet Choker"}],"items_purged_floors":[4,29,29,38],"is_endless":false,"potions_floor_spawned":[3,6,10,16,19,24,30,33,39,42],"killed_by":"Gensokyo:Dusk_and_Dawn","ascension_level":2}}