{"host":"s9n53dspxjwkh5no","time":1609364246,"event":{"mods":["AchievementEnabler","Aspiration","Bard","BaseMod","Beaked The Cultist","Better Altar","Better Match","Better Note","Better Sensory Stone","Better Skull","Better Third Choice","BetterRewards","Colored Map","Colored Powertips","Conspire","Dio Mod","Disable Question Mark Monsters","Downfall","Energized Spire","Halation","Hermit","Hubris","Marisa????????","Marked Mod","Melee Mod","Minty Spire (QoL Compilation)","Quick Restart","Random Character Button","Rare Cards Sparkle","Reimu??????","Relic Stats","Remilia??????","Replay The Spire","Shade Mod","Small Relic Pack","Spicy Shops","StSLib","The Animator","The Bug Knight","The Construct","The Disciple","The Hierophant","The Problem Sleuth","The Runesmith","The Servant 0.9.4","The Valiant","The Wild Card","TheArtist","TheBandit","TheVacant","Wandering Minibosses","vexMod"],"gold_per_floor":[109,109,109,8,8,28,28,55,55,55,0,12,29,48,48,153,153,170,50,67,67,67,67,85,85,85,100,100,26,26,138,138,237,262,326,387,397,397,397],"floor_reached":38,"playtime":1644,"items_purged":[],"score":564,"play_id":"75baf83c-3ad7-4651-8e10-74fc56eb2a85","local_time":"20201230143726","is_ascension_mode":false,"campfire_choices":[{"floor":7,"key":"REST"},{"floor":10,"key":"REST"},{"floor":23,"key":"REST"},{"floor":25,"key":"REST"},{"data":"MastersStateliness","floor":28,"key":"SMITH"}],"circlet_count":0,"master_deck":["animator:Strike_Overlord","animator:Defend_Overlord","animator:Strike","animator:Strike","animator:Strike","animator:Defend","animator:Defend","animator:Defend+1","animator:Cocytus","animator:Demiurge","animator:Tatsumaki","animator:Ciel","MastersStateliness+1","ReplayTheSpireMod:IOU","animator:Azekura","animator:GazelDwargon","Enlightenment","animator:Entoma+2","animator:MetalKnight","animator:Lu","animator:Albedo","animator:Scar+1","ReplayTheSpireMod:IOU","ReplayTheSpireMod:IOU","animator:Shuna","animator:ShinjiMatou","animator:Genos+1","animator:Kaijin+1","animator:Gilgamesh+1","animator:Ara","animator:Chung+1","animator:Eve"],"relics":["animator:LivingPicture","animator:TheMissingPiece","animator:PurgingStone","vexMod:Dragonfruit","Replay:Wax Seal","Blue Doll","halation:EternalFortune","energizedSpire:NeverEndingSparkler","HollowMod:StagPassRelic","TwistedFunnel","Mummified Hand","Strawberry","vexMod:CardConverter","Iron Hammer","relicPack:KazumaCape"],"acts_visited":["Exordium","TheCity","TheBeyond"],"potions_floor_usage":[12,16,16,31,31,33,38,38],"damage_taken":[{"damage":15,"enemies":"Jaw Worm","floor":1,"turns":4},{"damage":2,"enemies":"2 Louse","floor":6,"turns":2},{"damage":16,"enemies":"Cultist","floor":8,"turns":5},{"damage":7,"enemies":"Looter","floor":12,"turns":4},{"damage":14,"enemies":"3 Louse","floor":13,"turns":4},{"damage":2,"enemies":"Large Slime","floor":14,"turns":5},{"damage":10,"enemies":"Slime Boss","floor":16,"turns":9},{"damage":17,"enemies":"Spheric Guardian","floor":18,"turns":5},{"damage":26,"enemies":"Chosen","floor":20,"turns":5},{"damage":10,"enemies":"Snake Plant","floor":24,"turns":4},{"damage":0,"enemies":"Snecko","floor":27,"turns":5},{"damage":15,"enemies":"Colosseum Slavers","floor":31,"turns":4},{"damage":0,"enemies":"Colosseum Nobs","floor":31,"turns":4},{"damage":34,"enemies":"hubris:MusketHawk","floor":33,"turns":8},{"damage":27,"enemies":"3 Darklings","floor":35,"turns":4},{"damage":15,"enemies":"3 Shapes","floor":36,"turns":4},{"damage":26,"enemies":"Sphere and 2 Shapes","floor":37,"turns":4},{"damage":60,"enemies":"Transient","floor":38,"turns":5}],"seed_played":"-2906371675997222846","potions_obtained":[{"floor":1,"key":"Swift Potion"},{"floor":6,"key":"animator:FalseLifePotion"},{"floor":13,"key":"PowerPotion"},{"floor":16,"key":"AttackPotion"},{"floor":18,"key":"FearPotion"},{"floor":22,"key":"ColorlessPotion"},{"floor":33,"key":"ColorlessPotion"},{"floor":37,"key":"Toxic Potion"}],"is_trial":false,"path_per_floor":["M","?","?","$","?","M","R","M","T","R","?","M","M","M","R_BF","B",null,"M","$","M","?","?","R","M","R","T","M","R","$","?","?","R_BF","B",null,"M","M","M","M"],"character_chosen":"THE_ANIMATOR","items_purchased":["vexMod:Dragonfruit","Replay:Wax Seal","Blue Doll","HollowMod:StagPassRelic","animator:Scar+1","TwistedFunnel","Strawberry"],"campfire_rested":4,"item_purchase_floors":[0,4,4,19,19,19,29],"current_hp_per_floor":[56,56,56,56,61,59,71,55,55,71,77,70,56,54,57,53,81,64,64,41,41,41,65,56,80,80,82,82,89,89,76,85,64,95,71,63,39,0,0],"gold":397,"neow_bonus":"","is_daily":false,"chose_seed":false,"campfire_upgraded":1,"win_rate":0.0,"timestamp":1609364246,"path_taken":["M","?","?","$","?","M","R","?","T","R","?","M","M","M","R_BF","BOSS","M","$","M","?","?","R","?","R","T","M","R","?","?","?","R_BF","BOSS","M","M","?","?"],"items_purchased_type":["Relic","Relic","Relic","Relic","Card","Relic","Relic"],"build_version":"2020-12-22","purchased_purges":0,"victory":false,"max_hp_per_floor":[71,71,71,71,71,71,71,71,71,71,77,77,77,77,80,81,81,81,81,82,82,82,82,82,82,82,84,84,91,91,93,93,95,95,97,99,101,101,101],"relic_stats":{"counters":[43,190],"Mummified Hand":[17],"obtain_stats":[{"TwistedFunnel":19,"ScarletDevilRocket":6,"animator:TheMissingPiece":0,"Blue Doll":20,"HollowMod:StagPassRelic":19,"Ring of Searing":8,"animator:PurgingStone":0,"vexMod:CardConverter":31,"aspiration:BabyByrd":10,"Mummified Hand":26,"Ring of Peace":5,"Strawberry":29,"hubris:ScarierMask":17,"Iron Hammer":31,"Replay:Wax Seal":4,"hubris:DisguiseKit":13,"NeowsBlessing":0,"Oddly Smooth Stone":9,"Thread and Needle":9,"conspire:SlowCooker":17,"vexMod:Dragonfruit":0,"Replay:Baseball":24,"vexMod:Cooldron":0,"relicPack:KazumaCape":34,"energizedSpire:NeverEndingSparkler":17,"halation:EternalFortune":15,"animator:LivingPicture":0,"halation:PinkSoulGem":12},{"TwistedFunnel":33,"ScarletDevilRocket":3,"animator:TheMissingPiece":0,"Blue Doll":8,"HollowMod:StagPassRelic":33,"Ring of Searing":15,"animator:PurgingStone":0,"vexMod:CardConverter":38,"aspiration:BabyByrd":5,"Mummified Hand":35,"Ring of Peace":2,"Strawberry":36,"hubris:ScarierMask":6,"Iron Hammer":38,"Replay:Wax Seal":26,"hubris:DisguiseKit":18,"NeowsBlessing":0,"Oddly Smooth Stone":5,"Thread and Needle":15,"conspire:SlowCooker":19,"vexMod:Dragonfruit":25,"Replay:Baseball":10,"vexMod:Cooldron":11,"relicPack:KazumaCape":39,"energizedSpire:NeverEndingSparkler":32,"halation:EternalFortune":31,"animator:LivingPicture":0,"halation:PinkSoulGem":5},{"TwistedFunnel":144,"ScarletDevilRocket":4,"animator:TheMissingPiece":0,"Blue Doll":29,"HollowMod:StagPassRelic":144,"Ring of Searing":63,"animator:PurgingStone":0,"vexMod:CardConverter":165,"aspiration:BabyByrd":10,"Mummified Hand":153,"Ring of Peace":2,"Strawberry":158,"hubris:ScarierMask":20,"Iron Hammer":165,"Replay:Wax Seal":110,"hubris:DisguiseKit":71,"NeowsBlessing":0,"Oddly Smooth Stone":10,"Thread and Needle":63,"conspire:SlowCooker":82,"vexMod:Dragonfruit":106,"Replay:Baseball":39,"vexMod:Cooldron":46,"relicPack:KazumaCape":173,"energizedSpire:NeverEndingSparkler":139,"halation:EternalFortune":130,"animator:LivingPicture":0,"halation:PinkSoulGem":10}]},"card_choices":[{"not_picked":["animator:Illya","animator:Laby"],"picked":"animator:Ciel","floor":1},{"not_picked":["animator:WinryRockbell","animator:Guy"],"picked":"animator:Azekura","floor":6},{"not_picked":["animator:Togame","animator:Berserker"],"picked":"animator:GazelDwargon","floor":8},{"not_picked":["animator:PandorasActor","animator:Demiurge"],"picked":"animator:Entoma","floor":12},{"not_picked":["animator:EmiyaShirou","animator:SayakaMiki"],"picked":"animator:MetalKnight","floor":13},{"not_picked":["animator:Layla","animator:Raven"],"picked":"animator:Lu","floor":14},{"not_picked":["animator:AcuraShin","animator:GoblinSlayer"],"picked":"animator:Albedo","floor":16},{"not_picked":["animator:Hitei","animator:DolaRiku"],"picked":"animator:Entoma","floor":18},{"not_picked":["animator:Millim","animator:Veldora"],"picked":"animator:Shuna","floor":20},{"not_picked":["animator:Scar","animator:CowGirl"],"picked":"animator:ShinjiMatou","floor":24},{"not_picked":["animator:Ain","animator:Jibril"],"picked":"animator:Genos+1","floor":27},{"not_picked":["animator:Assassin","animator:Geryuganshoop+1"],"picked":"animator:Kaijin+1","floor":31},{"not_picked":["animator:ChaikaTrabant","animator:Shiro"],"picked":"animator:Gilgamesh","floor":33},{"not_picked":["animator:Add","animator:Ain"],"picked":"animator:Ara","floor":35},{"not_picked":["animator:CrowleyEusford+1","animator:RoryMercury"],"picked":"animator:Chung+1","floor":36},{"not_picked":["animator:Fredrika+1","animator:WinryRockbell+1"],"picked":"animator:Eve","floor":37}],"player_experience":361527,"relics_obtained":[{"floor":26,"key":"Mummified Hand"},{"floor":31,"key":"vexMod:CardConverter"},{"floor":31,"key":"Iron Hammer"}],"event_choices":[{"damage_healed":56,"gold_gain":0,"player_choice":"Embrace Burn","damage_taken":0,"max_hp_gain":0,"max_hp_loss":71,"event_name":"betterThird:BetterShining","floor":2,"gold_loss":0},{"damage_healed":0,"gold_gain":1,"player_choice":"4","damage_taken":0,"max_hp_gain":0,"max_hp_loss":0,"event_name":"betterStone:BetterStone","floor":3,"gold_loss":0,"cards_obtained":["MastersStateliness"]},{"cards_removed":["Burn"],"damage_healed":5,"gold_gain":0,"player_choice":"Offered Common","damage_taken":0,"max_hp_gain":0,"max_hp_loss":0,"event_name":"Bonfire Elementals","floor":5,"gold_loss":0},{"cards_removed":["Burn"],"damage_healed":5,"gold_gain":0,"player_choice":"Offered Special","damage_taken":0,"max_hp_gain":0,"max_hp_loss":0,"event_name":"Bonfire Elementals","floor":5,"gold_loss":0},{"damage_healed":0,"gold_gain":0,"player_choice":"RENOUNCE","damage_taken":55,"max_hp_gain":0,"max_hp_loss":0,"event_name":"betterThird:BetterSerpent","floor":11,"gold_loss":55,"cards_obtained":["Enlightenment"]},{"cards_removed":["MastersStateliness"],"damage_healed":0,"gold_gain":0,"player_choice":"Give","damage_taken":0,"max_hp_gain":0,"max_hp_loss":0,"event_name":"betterNote:BetterNote","floor":21,"gold_loss":0,"cards_obtained":["None"]},{"damage_healed":0,"gold_gain":0,"player_choice":"Got Potions","damage_taken":0,"max_hp_gain":0,"max_hp_loss":0,"event_name":"Lab","floor":22,"gold_loss":0},{"damage_healed":0,"gold_gain":0,"player_choice":"Fight","damage_taken":0,"max_hp_gain":0,"max_hp_loss":0,"event_name":"Colosseum","floor":31,"gold_loss":0},{"damage_healed":0,"gold_gain":0,"player_choice":"Fought Nobs","damage_taken":0,"max_hp_gain":0,"max_hp_loss":0,"event_name":"Colosseum","floor":31,"gold_loss":0}],"is_beta":false,"boss_relics":[{"not_picked":["ReplayTheSpireMod:DimensionalGlitch","Kintsugi"],"picked":"energizedSpire:NeverEndingSparkler"},{"not_picked":["halation:PlatinumPhoenix","halation:PinkAlligatorPlush"],"picked":"relicPack:KazumaCape"}],"items_purged_floors":[],"is_endless":false,"potions_floor_spawned":[1,6,13,16,18,24,31,33,37],"killed_by":"Transient","ascension_level":0}}