{"host":"jr9txmeil0uubrvm","time":1609327616,"event":{"mods":["10 clothes from DAL","ATMod(阿瑾Mod)","Act Like it!","Arknights The Spire","BaseMod","Colored Powertips","Gensokyo","Minty Spire (QoL Compilation)","Permanent Neow","Quick Restart","StSLib","The Dragon Tamer","The Wild Card","TheWitcher","【功能Mod】Neow奖励","【功能Mod】强力的原版药水","【功能Mod】精心准备","【遗物Mod】简单游戏","【遗物卡牌】REMEMod","残留之物","没有小屋子和绿帽子啦","魔戒"],"gold_per_floor":[119,119,44,44,64,91,10,41,92,104,129,157,169,196,208,321,333,361,373,402,438,466,513,280,280,280,280,307,340,340,376,376,482,482,497,497,579,535,551,581,581,600,624,624,624,624,653,669,669,669],"floor_reached":51,"playtime":2076,"items_purged":["RingOfDestiny:Strike_PU","RingOfDestiny:Strike_PU"],"score":996,"play_id":"f56bfd1f-e4c1-4041-b7b9-b1cb38fffb4b","local_time":"20201230192656","is_ascension_mode":false,"campfire_choices":[{"data":"RingOfDestiny:FirstInvest","floor":10,"key":"SMITH"},{"data":"RingOfDestiny:Shiny","floor":15,"key":"SMITH"},{"data":"RingOfDestiny:DoubleInvest","floor":27,"key":"SMITH"},{"floor":30,"key":"REST"},{"data":"RingOfDestiny:Shiny","floor":32,"key":"SMITH"},{"floor":41,"key":"REST"},{"data":"RingOfDestiny:FirstInvest","floor":46,"key":"SMITH"},{"data":"RingOfDestiny:CrushDiamond","floor":49,"key":"SMITH"}],"circlet_count":0,"master_deck":["RingOfDestiny:Defend_PU","RingOfDestiny:Defend_PU","RingOfDestiny:Defend_PU","RingOfDestiny:Defend_PU","RingOfDestiny:Strike_PU","RingOfDestiny:FirstInvest+1","RingOfDestiny:DiamondOfDeath","RingOfDestiny:Metaphysics","Feed","RingOfDestiny:FirstInvest+1","RingOfDestiny:Shiny+1","RingOfDestiny:DoubleInvest+1","RingOfDestiny:CatCannon","RingOfDestiny:Shiny+1","RingOfDestiny:CrushDiamond+1","RingOfDestiny:MultipleInvest+1","RingOfDestiny:Repeat"],"relics":["RingOfDestiny:DogEyes","EasyRelic","REME_ComplimentaryCards","AT_ATBox","Art of War","Happy Flower","Akabeko","HornCleat","MawBank","Ancient Tea Set","CeramicFish","Potion Belt","Nilry\u0027s Codex","Bottled Tornado","AT_EbonyIvory","SnafuTest:BearRelic","SacredBark","RingOfDestiny:Truncheon","AT_GuinsooRageblade","Singing Bowl","PreservedInsect","Smiling Mask","Gensokyo:EmptyGrave","Molten Egg 2"],"acts_visited":["Exordium","TheCity","TheCity"],"potions_floor_usage":[16,16,23,23,29,31,31,40],"damage_taken":[{"damage":0,"enemies":"Small Slimes","floor":1,"turns":3},{"damage":0,"enemies":"Cultist","floor":5,"turns":3},{"damage":17,"enemies":"3 Sentries","floor":6,"turns":6},{"damage":0,"enemies":"Lagavulin","floor":8,"turns":3},{"damage":0,"enemies":"Jaw Worm","floor":11,"turns":3},{"damage":2,"enemies":"Blue Slaver","floor":12,"turns":2},{"damage":0,"enemies":"Exordium Thugs","floor":14,"turns":2},{"damage":12,"enemies":"Hexaghost","floor":16,"turns":5},{"damage":9,"enemies":"3 Byrds","floor":18,"turns":3},{"damage":0,"enemies":"Shell Parasite","floor":20,"turns":4},{"damage":8,"enemies":"Shelled Parasite and Fungi","floor":22,"turns":3},{"damage":0,"enemies":"Slavers","floor":23,"turns":3},{"damage":0,"enemies":"Cultist and Chosen","floor":28,"turns":2},{"damage":13,"enemies":"Gremlin Leader","floor":29,"turns":4},{"damage":6,"enemies":"Slavers","floor":31,"turns":2},{"damage":0,"enemies":"Champ","floor":33,"turns":3},{"damage":15,"enemies":"Gensokyo:3_Boulders","floor":35,"turns":3},{"damage":9,"enemies":"Gensokyo:AncientGuardian","floor":39,"turns":4},{"damage":15,"enemies":"Gensokyo:Marisa","floor":40,"turns":4},{"damage":0,"enemies":"Gensokyo:Sharpion","floor":42,"turns":3},{"damage":64,"enemies":"Gensokyo:Sharpion","floor":44,"turns":5},{"damage":0,"enemies":"Gensokyo:Kasen","floor":47,"turns":3},{"damage":0,"enemies":"Gensokyo:SeedOfUnknown","floor":48,"turns":4},{"damage":0,"enemies":"Gensokyo:Shinki","floor":50,"turns":4}],"seed_played":"-943794732588932516","potions_obtained":[{"floor":6,"key":"PlaceholderMod:PlaceholderPotion"},{"floor":8,"key":"FearPotion"},{"floor":11,"key":"Strength Potion"},{"floor":16,"key":"PowerPotion"},{"floor":22,"key":"Energy Potion"},{"floor":23,"key":"Dexterity Potion"},{"floor":29,"key":"BlessingOfTheForge"},{"floor":39,"key":"SneckoOil"},{"floor":40,"key":"SteroidPotion"},{"floor":47,"key":"Block Potion"},{"floor":48,"key":"Energy Potion"}],"is_trial":false,"path_per_floor":["M","?","$","T","M","E","$","E","T","R","M","M","$","M","R","B",null,"M","?","M","T","M","E","$","?","T","R","M","E","R","E","R","B",null,"M","?","T","COS","M","E","R","M","T","?","?","R","E","M","R","B",null],"character_chosen":"Purchemist","items_purchased":["RingOfDestiny:Shiny","Potion Belt"],"campfire_rested":2,"item_purchase_floors":[7,24],"current_hp_per_floor":[90,90,90,90,90,76,76,79,79,79,79,80,80,83,83,71,102,96,75,75,75,67,67,67,51,51,51,51,38,71,68,68,68,113,98,53,53,53,54,53,87,103,103,103,103,103,110,112,112,112],"gold":669,"neow_bonus":"RANDOM_COMMON_RELIC","is_daily":false,"chose_seed":false,"campfire_upgraded":6,"win_rate":0.0,"timestamp":1609327616,"path_taken":["M","?","?","?","M","E","$","E","T","R","M","M","?","M","R","BOSS","M","?","M","?","?","E","$","?","T","R","M","E","R","E","R","BOSS","M","?","?","COS","M","E","R","M","T","?","?","R","E","M","R","BOSS"],"items_purchased_type":["Card","Relic"],"build_version":"2020-12-22","purchased_purges":2,"victory":true,"max_hp_per_floor":[90,90,90,90,90,93,93,96,96,96,96,99,99,102,102,102,102,105,110,110,110,110,110,110,110,110,110,110,110,110,113,113,113,113,113,113,113,113,113,115,115,117,117,117,108,108,110,112,112,112],"card_choices":[{"not_picked":["RingOfDestiny:MultipleInvest","RingOfDestiny:BloodBorne","RingOfDestiny:Corrosion"],"picked":"SKIP","floor":1},{"not_picked":["RingOfDestiny:CatGash","RingOfDestiny:SwornRevenge","RingOfDestiny:Rebate"],"picked":"SKIP","floor":5},{"not_picked":["RingOfDestiny:Recommend","RingOfDestiny:Metaphysics","RingOfDestiny:CheckOut"],"picked":"SKIP","floor":6},{"not_picked":["RingOfDestiny:Wilful","RingOfDestiny:NoviceReward","RingOfDestiny:SwornRevenge"],"picked":"SKIP","floor":8},{"not_picked":["RingOfDestiny:Extraction","RingOfDestiny:BloodBorne"],"picked":"RingOfDestiny:DoubleInvest","floor":11},{"not_picked":["RingOfDestiny:Windfall","RingOfDestiny:Refine","RingOfDestiny:Laugh"],"picked":"SKIP","floor":12},{"not_picked":["RingOfDestiny:GoldFinger","RingOfDestiny:DrawAgain","RingOfDestiny:Purification"],"picked":"SKIP","floor":14},{"not_picked":["RingOfDestiny:Rich","RingOfDestiny:Show"],"picked":"RingOfDestiny:CatCannon","floor":16},{"not_picked":["RingOfDestiny:NoviceReward","RingOfDestiny:Filter","RingOfDestiny:Rebate"],"picked":"SKIP","floor":18},{"not_picked":["RingOfDestiny:Recommend","RingOfDestiny:DrawAgain","RingOfDestiny:Refine"],"picked":"SKIP","floor":20},{"not_picked":["RingOfDestiny:ThreeRaffles+1","RingOfDestiny:GoldProtect","RingOfDestiny:Rebate+1"],"picked":"SKIP","floor":22},{"not_picked":["RingOfDestiny:Refine","RingOfDestiny:RaiseMoney+1"],"picked":"RingOfDestiny:Shiny","floor":23},{"not_picked":["RingOfDestiny:CatGash","RingOfDestiny:Bloodmourne"],"picked":"RingOfDestiny:CrushDiamond","floor":28},{"not_picked":["RingOfDestiny:DoubleInvest","RingOfDestiny:Filter","RingOfDestiny:Windfall"],"picked":"SKIP","floor":29},{"not_picked":["RingOfDestiny:Filter","RingOfDestiny:Wilful"],"picked":"RingOfDestiny:MultipleInvest+1","floor":31},{"not_picked":["RingOfDestiny:CatCannon","RingOfDestiny:InvestMagic"],"picked":"RingOfDestiny:Repeat","floor":33},{"not_picked":["RingOfDestiny:Windfall+1","RingOfDestiny:Joyride+1","RingOfDestiny:Purification"],"picked":"SKIP","floor":35},{"not_picked":["RingOfDestiny:Wilful","RingOfDestiny:Refine","RingOfDestiny:HoldOn+1"],"picked":"SKIP","floor":39},{"not_picked":["RingOfDestiny:AristocraticPedigree","RingOfDestiny:CatGash","RingOfDestiny:DrawAgain"],"picked":"Singing Bowl","floor":40},{"not_picked":["RingOfDestiny:Refine+1","RingOfDestiny:Disdain","RingOfDestiny:Concentrate+1"],"picked":"Singing Bowl","floor":42},{"not_picked":["RingOfDestiny:Corrosion","RingOfDestiny:Disdain+1","RingOfDestiny:CatGash+1"],"picked":"Singing Bowl","floor":47},{"not_picked":["RingOfDestiny:DiamondOfDeath+1","RingOfDestiny:Filter+1","RingOfDestiny:DrawAgain+1"],"picked":"Singing Bowl","floor":48}],"player_experience":396885,"relics_obtained":[{"floor":4,"key":"Happy Flower"},{"floor":6,"key":"Akabeko"},{"floor":8,"key":"HornCleat"},{"floor":9,"key":"MawBank"},{"floor":21,"key":"Ancient Tea Set"},{"floor":23,"key":"CeramicFish"},{"floor":25,"key":"Nilry\u0027s Codex"},{"floor":26,"key":"Bottled Tornado"},{"floor":29,"key":"AT_EbonyIvory"},{"floor":31,"key":"SnafuTest:BearRelic"},{"floor":37,"key":"AT_GuinsooRageblade"},{"floor":40,"key":"Singing Bowl"},{"floor":43,"key":"Smiling Mask"},{"floor":47,"key":"Molten Egg 2"}],"event_choices":[{"damage_healed":0,"gold_gain":0,"player_choice":"1 cards matched","damage_taken":0,"max_hp_gain":0,"max_hp_loss":0,"event_name":"Match and Keep!","floor":2,"gold_loss":0,"cards_obtained":["RingOfDestiny:FirstInvest"]},{"damage_healed":0,"gold_gain":0,"player_choice":"Shed Blood","damage_taken":26,"max_hp_gain":5,"max_hp_loss":0,"event_name":"Forgotten Altar","floor":19,"gold_loss":0},{"damage_healed":0,"gold_gain":0,"player_choice":"Obtained Book","damage_taken":16,"max_hp_gain":0,"max_hp_loss":0,"event_name":"Cursed Tome","floor":25,"gold_loss":0}],"is_beta":false,"boss_relics":[{"not_picked":["Tiny House","Fusion Hammer","Runic Dome"]},{"not_picked":["Cursed Key","Calling Bell"],"picked":"SacredBark"}],"items_purged_floors":[3,24],"is_endless":false,"potions_floor_spawned":[6,8,11,16,22,23,29,39,40,47,48],"ascension_level":0}}