{"host":"u0f5uy314yz7olfc","time":1609318548,"event":{"mods":["AchievementEnabler","Aspiration","BaseMod","Better Altar","Better Match","Better Note","Better Sensory Stone","Better Skull","Better Third Choice","BetterRewards","Block Reminder","Colored Map","Colored Powertips","DeckTracker","Dota2Spire","Emptier Cage","Gold Saver","Highlight Path","Hubris","Infinite Spire","Marked Mod","Mimic Mod","Minty Spire (QoL Compilation)","Permanent Neow","Quick Restart","Rare Cards Sparkle","Relic Sorter","Replay The Spire","Shop Mod","StSLib","The Bladedancer","The Blue Laboratory","Watcher Patcher"],"gold_per_floor":[1369,1387,1352,1527,242,242,242,242,242,254,266,276,16,16,16,114,114,129,129,144,155,3,3,17,17,48,62,62,81,98,117,117,221,221,236,249,6,6,6,6,6,6,41,41,56,70,70,82,82,82,82],"floor_reached":50,"playtime":4188,"items_purged":[],"score":511,"play_id":"eccac76e-2cd1-4a63-96e6-088e7cde85ad","local_time":"20201230155548","daily_mods":["Allstar","Heirloom"],"is_ascension_mode":false,"campfire_choices":[{"data":"blademaster:BladeMastery","floor":6.0,"key":"SMITH"},{"data":"blademaster:AspectOfLightning","floor":8.0,"key":"SMITH"},{"floor":15.0,"key":"REST"},{"floor":23.0,"key":"REST"},{"floor":32.0,"key":"REST"},{"floor":40.0,"key":"REST"},{"data":"blademaster:Meditate","floor":44.0,"key":"SMITH"},{"data":"blademaster:CombatPrep","floor":44.0,"key":"SMITH"},{"floor":47.0,"key":"REST"}],"circlet_count":0,"master_deck":["blademaster:Strike","blademaster:Strike","blademaster:Strike","blademaster:Strike","blademaster:Defend","blademaster:Defend","blademaster:Defend","blademaster:Defend","blademaster:RagingBlow","blademaster:HighVoltage","Replay:BasicMightCard","ReplayTheSpireMod:Trickstab","BattleHymn","Wireheading","Replay:BasicMightCard","blademaster:Momentum","blademaster:AspectOfLightning+1","Doubt","blademaster:EnchantedCuirass+1","blademaster:BladeMastery+1","blademaster:BrainBloom","blademaster:Vortex","ReplayTheSpireMod:Brewmster","ReplayTheSpireMod:Trickstab","blademaster:DeadlyDance","blademaster:Slice","blademaster:Stability","blademaster:CombatPrep+1","blademaster:Stability","blademaster:BloodyBlow","hubris:Insight","blademaster:EnchantedCuirass","blademaster:SlyStabs","ReplayTheSpireMod:Chaos Vortex+1","blademaster:Vortex","blademaster:Sharpen","blademaster:Frenzy+1","blademaster:Quickstep","blademaster:Sunder","blademaster:CombatPrep","blademaster:AwakeningDefend","blademaster:BladeCross+1","blademaster:Havoc","blademaster:LightningDraw","blademaster:Vortex","blademaster:CloudOfSteel","blademaster:Thrust+1","blademaster:AirSlash","blademaster:Meditate+1","blademaster:Flash","blademaster:Frontflip","Writhe","blademaster:Cut+1","blademaster:AspectOfWind+1","blademaster:Flurry+1","blademaster:FuriousStrike+1"],"relics":["blademaster:DancersAmulet","Ginger","MerchantsRug","Regal Pillow","Strange Spoon","Replay:Arrowhead","aspiration:SecretTechniqueScroll","Ring of Chaos","Durian"],"acts_visited":["Exordium","TheCity","TheBeyond"],"potions_floor_usage":[50,50],"damage_taken":[{"damage":3.0,"enemies":"Small Slimes","floor":1.0,"turns":3.0},{"damage":1.0,"enemies":"2 Louse","floor":2.0,"turns":4.0},{"damage":18.0,"enemies":"Jaw Worm","floor":10.0,"turns":3.0},{"damage":34.0,"enemies":"Red Slaver","floor":11.0,"turns":5.0},{"damage":0.0,"enemies":"2 Fungi Beasts","floor":12.0,"turns":1.0},{"damage":70.0,"enemies":"The Guardian","floor":16.0,"turns":7.0},{"damage":15.0,"enemies":"3 Byrds","floor":18.0,"turns":5.0},{"damage":7.0,"enemies":"Shell Parasite","floor":20.0,"turns":6.0},{"damage":13.0,"enemies":"Sentry and Sphere","floor":21.0,"turns":7.0},{"damage":15.0,"enemies":"Centurion and Healer","floor":24.0,"turns":5.0},{"damage":0.0,"enemies":"Cultist and Chosen","floor":26.0,"turns":8.0},{"damage":22.0,"enemies":"Cultist and Chosen","floor":27.0,"turns":7.0},{"damage":6.0,"enemies":"Snecko","floor":29.0,"turns":4.0},{"damage":0.0,"enemies":"Centurion and Healer","floor":30.0,"turns":8.0},{"damage":0.0,"enemies":"Snake Plant","floor":31.0,"turns":1.0},{"damage":72.0,"enemies":"Automaton","floor":33.0,"turns":13.0},{"damage":61.0,"enemies":"3 Shapes","floor":35.0,"turns":4.0},{"damage":15.0,"enemies":"Orb Walker","floor":36.0,"turns":4.0},{"damage":56.0,"enemies":"Jaw Worm Horde","floor":43.0,"turns":13.0},{"damage":25.0,"enemies":"Jaw Worm Horde","floor":45.0,"turns":6.0},{"damage":35.0,"enemies":"3 Darklings","floor":46.0,"turns":6.0},{"damage":16.0,"enemies":"4 Shapes","floor":48.0,"turns":6.0},{"damage":100,"enemies":"Awakened One","floor":50,"turns":6}],"seed_played":"1545939761983645638","potions_obtained":[{"floor":11.0,"key":"Strength Potion"},{"floor":16.0,"key":"Dota2Spire:HealingSalve"},{"floor":18.0,"key":"Dota2Spire:Clarity"},{"floor":24.0,"key":"SmokeBomb"},{"floor":27.0,"key":"SpeedPotion"},{"floor":29.0,"key":"Adrenaline Potion"},{"floor":30.0,"key":"EntropicBrew"},{"floor":33.0,"key":"Dota2Spire:HealingSalve"},{"floor":36.0,"key":"EntropicBrew"},{"floor":46.0,"key":"FearPotion"},{"floor":48.0,"key":"Strength Potion"}],"is_trial":true,"path_per_floor":["M","M","?","?","$","R","?","R","T","M","M","M","$","?","R","B",null,"M","AVR","M","M","$","R","M","?","MIM","M","?","M","M","M","R","B",null,"M","M","$","?","?","R","?","?","MIM","R","M","M","R","M","R_BF","B"],"character_chosen":"THE_BLADEMASTER","items_purchased":["Ginger","blademaster:EnchantedCuirass+1","blademaster:BladeMastery","blademaster:BrainBloom","blademaster:TraverseCut","blademaster:Vortex","MerchantsRug","ReplayTheSpireMod:Brewmster","ReplayTheSpireMod:Trickstab","Toolbox","blademaster:CombatPrep","blademaster:Stability","blademaster:BloodyBlow","hubris:Insight","Strange Spoon","blademaster:Frenzy+1","blademaster:Quickstep","blademaster:Sunder","blademaster:Meditate","blademaster:Flash","blademaster:Frontflip"],"campfire_rested":5,"item_purchase_floors":[5,5,5,5,5,5,5,5,5,5,13,13,13,13,13,22,22,22,37,37,37],"current_hp_per_floor":[86,85,89,89,89,89,94,94,94,76,42,42,42,42,85,15,94,79,79,72,59,59,94,81,81,81,59,59,62,62,62,94,41,94,33,27,27,27,27,70,94,94,64,64,48,16,60,58,99,0,0],"gold":82,"neow_bonus":"","is_daily":false,"chose_seed":false,"campfire_upgraded":4,"win_rate":0.0,"timestamp":1609318548,"path_taken":["M","M","?","?","?","R","?","R","T","M","M","M","$","?","R","BOSS","M","AVR","M","M","$","R","?","?","MIM","M","?","M","M","M","R","BOSS","M","M","$","?","?","R","?","?","MIM","R","M","M","R","M","R_BF","BOSS"],"items_purchased_type":["Relic","Card","Card","Card","Card","Card","Relic","Card","Card","Relic","Card","Card","Card","Card","Relic","Card","Card","Card","Card","Card","Card"],"build_version":"2020-12-22","purchased_purges":0,"victory":false,"max_hp_per_floor":[89,89,89,89,89,89,94,94,94,94,94,94,94,94,94,94,94,94,94,94,94,94,94,94,94,94,94,94,94,94,94,94,94,94,94,94,94,94,94,94,94,94,99,99,99,99,99,99,99,99,99],"card_choices":[{"not_picked":["blademaster:Flurry","blademaster:Vortex"],"picked":"blademaster:Momentum","floor":1.0},{"not_picked":["blademaster:CombatPrep","blademaster:Sunder"],"picked":"blademaster:AspectOfLightning","floor":2.0},{"not_picked":["blademaster:IcyWind","blademaster:Reversal"],"picked":"blademaster:DeadlyDance","floor":10.0},{"not_picked":["blademaster:ParryingStrike","blademaster:Discharge"],"picked":"blademaster:Slice","floor":11.0},{"not_picked":["blademaster:FuriousStrike","blademaster:BladeMastery"],"picked":"blademaster:Stability","floor":12.0},{"not_picked":["blademaster:Empower","blademaster:RagingBlow"],"picked":"blademaster:EnchantedCuirass","floor":16.0},{"not_picked":["blademaster:DancingEdge","blademaster:ThunderingOpener+1"],"picked":"blademaster:SlyStabs","floor":18.0},{"not_picked":["blademaster:Slice","blademaster:ParryingStrike"],"picked":"blademaster:Vortex","floor":20.0},{"not_picked":["blademaster:AwakeningDefend","blademaster:HighVoltage"],"picked":"blademaster:Sharpen","floor":21.0},{"not_picked":["blademaster:StanceMastery","blademaster:LeechingStrike"],"picked":"blademaster:Momentum","floor":24.0},{"not_picked":["blademaster:AirSlash","blademaster:Flurry+1"],"picked":"blademaster:AwakeningDefend","floor":26.0},{"not_picked":["blademaster:ParryingStrike","blademaster:Frontflip+1"],"picked":"blademaster:BladeCross","floor":27.0},{"not_picked":["blademaster:CombatPrep","blademaster:AspectOfLightning"],"picked":"blademaster:Havoc","floor":29.0},{"not_picked":["blademaster:AspectOfLightning","blademaster:Rupture+1"],"picked":"blademaster:LightningDraw","floor":30.0},{"not_picked":["blademaster:Slice","blademaster:EyeOfTheStorm"],"picked":"blademaster:Vortex","floor":31.0},{"not_picked":["blademaster:StanceMastery","blademaster:FuryOfTheElements"],"picked":"blademaster:CloudOfSteel","floor":33.0},{"not_picked":["blademaster:CombatPrep","blademaster:Stability"],"picked":"blademaster:Thrust+1","floor":35.0},{"not_picked":["blademaster:AspectOfLightning","blademaster:ParryingStrike"],"picked":"blademaster:AirSlash","floor":36.0},{"not_picked":["blademaster:CombatPrep+1","blademaster:DaggerAndCloak"],"picked":"blademaster:Cut+1","floor":43.0},{"not_picked":["blademaster:KiBarrier+1","blademaster:ChargingUp"],"picked":"blademaster:AspectOfWind+1","floor":45.0},{"not_picked":["blademaster:Frontflip","blademaster:LeechingStrike+1"],"picked":"blademaster:Flurry+1","floor":46.0},{"not_picked":["blademaster:SlyStabs","blademaster:Meditate"],"picked":"blademaster:FuriousStrike+1","floor":48.0}],"player_experience":376119,"relics_obtained":[{"floor":9.0,"key":"Regal Pillow"},{"floor":43.0,"key":"Durian"},{"floor":43.0,"key":"blademaster:BleedingMoreDamagePerk"}],"event_choices":[{"damage_healed":22.0,"max_hp_gain":0.0,"max_hp_loss":0.0,"gold_gain":0.0,"event_name":"The Cleric","player_choice":"Healed","floor":3.0,"gold_loss":35.0,"damage_taken":0.0},{"damage_healed":0.0,"max_hp_gain":0.0,"max_hp_loss":0.0,"gold_gain":175.0,"event_name":"betterThird:BetterSerpent","player_choice":"AGREE","floor":4.0,"gold_loss":0.0,"damage_taken":1352.0},{"damage_healed":0.0,"max_hp_gain":5.0,"max_hp_loss":0.0,"gold_gain":0.0,"event_name":"Big Fish","player_choice":"Donut","floor":7.0,"gold_loss":0.0,"damage_taken":0.0},{"cards_removed":["blademaster:TraverseCut"],"damage_healed":0.0,"max_hp_gain":0.0,"max_hp_loss":0.0,"gold_gain":0.0,"event_name":"WeMeetAgain","player_choice":"Gave Card","floor":14.0,"gold_loss":0.0,"damage_taken":0.0,"relics_obtained":["Replay:Arrowhead"]},{"cards_removed":["blademaster:EnchantedCuirass"],"damage_healed":0.0,"max_hp_gain":0.0,"max_hp_loss":0.0,"gold_gain":0.0,"event_name":"betterNote:BetterNote","player_choice":"Take \u0026 Give","floor":25.0,"gold_loss":0.0,"damage_taken":0.0,"cards_obtained":["blademaster:CombatPrep"]},{"damage_healed":0.0,"max_hp_gain":0.0,"max_hp_loss":0.0,"gold_gain":0.0,"event_name":"Upgrade Shrine","player_choice":"Upgraded","floor":28.0,"gold_loss":0.0,"damage_taken":0.0,"cards_upgraded":["ReplayTheSpireMod:Chaos Vortex"]},{"cards_removed":["blademaster:Momentum"],"damage_healed":0.0,"max_hp_gain":0.0,"max_hp_loss":0.0,"gold_gain":0.0,"event_name":"Falling","player_choice":"Removed Power","floor":38.0,"gold_loss":0.0,"damage_taken":0.0},{"damage_healed":0.0,"max_hp_gain":0.0,"max_hp_loss":0.0,"gold_gain":0.0,"event_name":"Tomb of Lord Red Mask","player_choice":"Ignored","floor":39.0,"gold_loss":0.0,"damage_taken":0.0},{"damage_healed":24.0,"max_hp_gain":0.0,"max_hp_loss":0.0,"gold_gain":0.0,"event_name":"Winding Halls","player_choice":"Writhe","floor":41.0,"gold_loss":0.0,"damage_taken":0.0,"cards_obtained":["Writhe"]},{"damage_healed":0.0,"max_hp_gain":0.0,"max_hp_loss":0.0,"gold_gain":0.0,"event_name":"Wheel of Change","player_choice":"Full Heal","floor":42.0,"gold_loss":0.0,"damage_taken":0.0}],"is_beta":false,"boss_relics":[{"not_picked":["Replay:Wanted Poster","aspiration:FutureDiary"],"picked":"aspiration:SecretTechniqueScroll"},{"not_picked":["Sozu","Honey Jar"],"picked":"Ring of Chaos"}],"items_purged_floors":[],"is_endless":false,"potions_floor_spawned":[11,12,16,18,24,27,29,30,33,36,46,48],"killed_by":"Awakened One","ascension_level":0}}