{"host":"vddkjx04kiwje1tk","time":1609314449,"event":{"mods":["AchievementEnabler","BaseMod","Colored Map","Minty Spire (QoL Compilation)","Quick Restart","SuperFastMode"],"gold_per_floor":[112,112,62,77,91,134,134,134,161,161,86,86,157,173,173,294,294,310,326,326,341,341,384,384,427,439,465,511,555,602,539,551,563,563],"floor_reached":33,"playtime":872,"items_purged":["Defend_B"],"score":473,"play_id":"828a770b-7b32-4280-917a-f8b9e08ae2cc","local_time":"20201230164729","is_ascension_mode":true,"campfire_choices":[{"floor":7,"key":"REST"},{"data":"Rainbow","floor":12,"key":"SMITH"},{"floor":15,"key":"REST"},{"floor":32,"key":"REST"}],"circlet_count":0,"master_deck":["Strike_B+1","Strike_B","Strike_B+1","Defend_B","Defend_B","Defend_B","Zap","Dualcast","Redo","Tempest","Ball Lightning","Rainbow+1","Doom and Gloom","Chaos+1","Electrodynamics","Skim","Conserve Battery+1","Ghostly","Ghostly","Ghostly+1","Ghostly+1","Ghostly","Creative AI","Storm","Sweeping Beam"],"relics":["Nuclear Battery","Golden Idol","Art of War","Cables","Whetstone","Question Card","Smiling Mask","Black Star","Bag of Preparation","Eternal Feather","CeramicFish","Toxic Egg 2","MawBank","Regal Pillow","Pantograph","Potion Belt","War Paint","Singing Bowl"],"acts_visited":["Exordium","TheCity"],"potions_floor_usage":[13,13,28,30],"damage_taken":[{"damage":0,"enemies":"Small Slimes","floor":1,"turns":3},{"damage":1,"enemies":"Cultist","floor":4,"turns":4},{"damage":7,"enemies":"Jaw Worm","floor":5,"turns":3},{"damage":35,"enemies":"3 Sentries","floor":6,"turns":5},{"damage":8,"enemies":"Gremlin Nob","floor":13,"turns":3},{"damage":0,"enemies":"Exordium Wildlife","floor":14,"turns":1},{"damage":3,"enemies":"Slime Boss","floor":16,"turns":5},{"damage":22,"enemies":"2 Thieves","floor":18,"turns":2},{"damage":11,"enemies":"Spheric Guardian","floor":19,"turns":3},{"damage":24,"enemies":"Snake Plant","floor":21,"turns":2},{"damage":8,"enemies":"Book of Stabbing","floor":23,"turns":6},{"damage":0,"enemies":"Gremlin Leader","floor":25,"turns":6},{"damage":7,"enemies":"Centurion and Healer","floor":27,"turns":5},{"damage":1,"enemies":"Slavers","floor":28,"turns":5},{"damage":1,"enemies":"Shelled Parasite and Fungi","floor":29,"turns":5},{"damage":0,"enemies":"Gremlin Leader","floor":30,"turns":5},{"damage":42,"enemies":"Automaton","floor":33,"turns":10}],"seed_played":"5722107722227068773","potions_obtained":[{"floor":4,"key":"EssenceOfSteel"},{"floor":5,"key":"DistilledChaos"},{"floor":6,"key":"Strength Potion"},{"floor":18,"key":"LiquidBronze"},{"floor":28,"key":"Fire Potion"},{"floor":29,"key":"DuplicationPotion"},{"floor":30,"key":"Dexterity Potion"}],"is_trial":false,"path_per_floor":["M","?","?","M","M","E","R","?","T","?","$","R","?","M","R","B",null,"M","M","?","M","?","E","T","E","T","M","E","M","E","?","R","B"],"character_chosen":"DEFECT","items_purchased":[],"campfire_rested":3,"item_purchase_floors":[],"current_hp_per_floor":[75,57,57,56,49,14,36,36,36,29,29,29,21,21,43,40,75,53,42,42,18,18,10,10,10,10,3,2,1,3,3,39,0,0],"gold":563,"neow_bonus":"BOSS_RELIC","is_daily":false,"chose_seed":false,"campfire_upgraded":1,"win_rate":0.0,"timestamp":1609314449,"path_taken":["M","?","?","M","?","E","R","?","T","?","$","R","?","M","R","BOSS","M","M","?","?","?","E","?","E","T","?","E","M","E","?","R","BOSS"],"items_purchased_type":[],"build_version":"2020-12-22","purchased_purges":1,"victory":false,"max_hp_per_floor":[75,75,75,75,75,75,75,75,75,75,75,75,75,75,75,75,75,75,75,75,75,37,37,37,37,37,37,37,37,39,39,39,39,39],"card_choices":[{"not_picked":["Compile Driver","Barrage"],"picked":"Redo","floor":1},{"not_picked":["Leap","Gash"],"picked":"Tempest","floor":4},{"not_picked":["BootSequence","Rebound"],"picked":"Ball Lightning","floor":5},{"not_picked":["Glacier","Consume"],"picked":"Rainbow","floor":6},{"not_picked":["Ball Lightning","Coolheaded","Redo"],"picked":"Doom and Gloom","floor":13},{"not_picked":["Doom and Gloom","Defragment","Leap"],"picked":"Chaos","floor":14},{"not_picked":["All For One","Hyperbeam","Fission"],"picked":"Electrodynamics","floor":16},{"not_picked":["Rebound","Undo","Turbo","Streamline"],"picked":"SKIP","floor":18},{"not_picked":["Steam Power","Hello World","Leap"],"picked":"Skim","floor":19},{"not_picked":["Doom and Gloom","Streamline","Fusion"],"picked":"Conserve Battery+1","floor":21},{"not_picked":["Barrage","Buffer","Stack"],"picked":"Creative AI","floor":23},{"not_picked":["Sunder","Aggregate+1","Conserve Battery+1"],"picked":"Storm","floor":25},{"not_picked":["Stack+1","Static Discharge+1","Leap+1","Beam Cell"],"picked":"SKIP","floor":27},{"not_picked":["FTL","Conserve Battery+1","Compile Driver+1","Doom and Gloom"],"picked":"SKIP","floor":28},{"not_picked":["Ball Lightning+1","Redo+1","Recycle+1"],"picked":"Sweeping Beam","floor":29},{"not_picked":["Chill+1","Hologram+1","Steam+1","Streamline"],"picked":"Singing Bowl","floor":30}],"player_experience":226310,"relics_obtained":[{"floor":6,"key":"Cables"},{"floor":9,"key":"Whetstone"},{"floor":23,"key":"Bag of Preparation"},{"floor":23,"key":"Eternal Feather"},{"floor":24,"key":"CeramicFish"},{"floor":25,"key":"Toxic Egg 2"},{"floor":25,"key":"MawBank"},{"floor":26,"key":"Regal Pillow"},{"floor":28,"key":"Pantograph"},{"floor":28,"key":"Potion Belt"},{"floor":30,"key":"War Paint"},{"floor":30,"key":"Singing Bowl"}],"event_choices":[{"damage_healed":0,"gold_gain":0,"player_choice":"Take Damage","damage_taken":18,"relics_obtained":["Golden Idol"],"max_hp_gain":0,"max_hp_loss":0,"event_name":"Golden Idol","floor":2,"gold_loss":0},{"damage_healed":0,"gold_gain":0,"player_choice":"Paid Gold","damage_taken":0,"relics_obtained":["Art of War"],"max_hp_gain":0,"max_hp_loss":0,"event_name":"WeMeetAgain","floor":3,"gold_loss":50},{"damage_healed":0,"gold_gain":0,"player_choice":"Ignored","damage_taken":0,"max_hp_gain":0,"max_hp_loss":0,"event_name":"Liars Game","floor":8,"gold_loss":0},{"damage_healed":0,"gold_gain":0,"player_choice":"Success","damage_taken":7,"relics_obtained":["Question Card"],"max_hp_gain":0,"max_hp_loss":0,"event_name":"Scrap Ooze","floor":10,"gold_loss":0},{"damage_healed":0,"gold_gain":0,"player_choice":"Searched \u00272\u0027 times","damage_taken":0,"relics_obtained":["Smiling Mask"],"max_hp_gain":0,"max_hp_loss":0,"event_name":"Dead Adventurer","floor":13,"gold_loss":0},{"damage_healed":0,"gold_gain":0,"player_choice":"Forge","damage_taken":0,"max_hp_gain":0,"max_hp_loss":0,"event_name":"Accursed Blacksmith","floor":20,"gold_loss":0,"cards_upgraded":["Chaos"]},{"damage_healed":0,"gold_gain":0,"player_choice":"Became a Ghost","damage_taken":0,"max_hp_gain":0,"max_hp_loss":38,"event_name":"Ghosts","floor":22,"gold_loss":0,"cards_obtained":["Ghostly","Ghostly","Ghostly","Ghostly","Ghostly"]},{"cards_removed":["Strike_B"],"damage_healed":0,"gold_gain":0,"player_choice":"Gave Gold","damage_taken":0,"max_hp_gain":0,"max_hp_loss":0,"event_name":"Beggar","floor":31,"gold_loss":75}],"is_beta":false,"boss_relics":[{"not_picked":["Tiny House","Inserter"],"picked":"Black Star"}],"items_purged_floors":[11],"is_endless":false,"potions_floor_spawned":[4,5,6,18,28,29,30],"killed_by":"Automaton","ascension_level":4}}