{"host":"f6f8cjhjgha9mpdq","time":1609325300,"event":{"mods":["BaseMod","Minty Spire (QoL Compilation)","Permanent Neow","StSLib","SuperFastMode"],"gold_per_floor":[115,126,126,126,126,155,171,181,181,181,194,194,119,134,134,213,213,229,259,275,286,201,201,229,229,229,248,248,298,298,298],"floor_reached":30,"playtime":2059,"items_purged":["Strike_B"],"score":510,"play_id":"e8c380c9-0468-49f3-a0f4-fad7e2c36d6d","local_time":"20201230194820","is_ascension_mode":true,"campfire_choices":[{"data":"Zap","floor":10.0,"key":"SMITH"},{"data":"Conserve Battery","floor":12.0,"key":"SMITH"},{"data":"Rebound","floor":15.0,"key":"SMITH"},{"floor":23.0,"key":"REST"},{"data":"Sunder","floor":25.0,"key":"SMITH"},{"data":"Self Repair","floor":28.0,"key":"SMITH"}],"circlet_count":0,"master_deck":["AscendersBane","Strike_B+1","Defend_B","Defend_B","Defend_B","Defend_B+1","Zap+1","Dualcast+1","Conserve Battery+1","FTL","Reboot","Sunder+1","Fusion","Streamline+1","Rebound+1","Self Repair+1"],"relics":["Cracked Core","War Paint","Gremlin Horn","Ornamental Fan","Letter Opener","Empty Cage","Red Mask","Nunchaku","Pen Nib"],"acts_visited":["Exordium","TheCity"],"potions_floor_usage":[30],"damage_taken":[{"damage":1.0,"enemies":"2 Louse","floor":1.0,"turns":2.0},{"damage":7.0,"enemies":"Jaw Worm","floor":2.0,"turns":3.0},{"damage":26.0,"enemies":"Gremlin Nob","floor":6.0,"turns":4.0},{"damage":0.0,"enemies":"Small Slimes","floor":7.0,"turns":2.0},{"damage":10.0,"enemies":"Gremlin Gang","floor":8.0,"turns":3.0},{"damage":1.0,"enemies":"Blue Slaver","floor":11.0,"turns":3.0},{"damage":0.0,"enemies":"Lots of Slimes","floor":14.0,"turns":2.0},{"damage":0.0,"enemies":"Slime Boss","floor":16.0,"turns":6.0},{"damage":12.0,"enemies":"2 Thieves","floor":18.0,"turns":2.0},{"damage":15.0,"enemies":"Masked Bandits","floor":19.0,"turns":4.0},{"damage":0.0,"enemies":"3 Byrds","floor":20.0,"turns":2.0},{"damage":15.0,"enemies":"Snecko","floor":21.0,"turns":5.0},{"damage":18.0,"enemies":"Slavers","floor":24.0,"turns":4.0},{"damage":15.0,"enemies":"Shelled Parasite and Fungi","floor":27.0,"turns":4.0},{"damage":9,"enemies":"Snake Plant","floor":30,"turns":2}],"seed_played":"-6918745250362271368","potions_obtained":[{"floor":6.0,"key":"Ancient Potion"},{"floor":14.0,"key":"Energy Potion"},{"floor":16.0,"key":"LiquidBronze"},{"floor":19.0,"key":"Strength Potion"},{"floor":24.0,"key":"PowerPotion"}],"is_trial":false,"path_per_floor":["M","M","?","?","T","E","M","M","T","R","M","R","$","M","R","B",null,"M","?","M","M","?","R","E","R","T","M","R","?","M"],"character_chosen":"DEFECT","items_purchased":[],"campfire_rested":1,"item_purchase_floors":[],"current_hp_per_floor":[63,56,42,47,47,21,21,11,11,11,10,10,10,10,10,10,60,48,33,33,18,18,40,22,22,22,7,7,7,0,0],"gold":298,"neow_bonus":"RANDOM_COMMON_RELIC","is_daily":false,"chose_seed":false,"campfire_upgraded":5,"win_rate":0.0,"timestamp":1609325300,"path_taken":["M","M","?","?","?","E","M","M","T","R","M","R","$","M","R","BOSS","M","?","M","M","?","R","E","R","T","M","R","?","M"],"items_purchased_type":[],"build_version":"2020-12-22","purchased_purges":1,"victory":false,"max_hp_per_floor":[71,71,71,76,76,76,76,76,76,76,76,76,76,76,76,76,76,76,76,76,76,76,76,76,76,76,76,76,76,76,76],"card_choices":[{"not_picked":["Rebound","Conserve Battery","Skim"],"picked":"SKIP","floor":1.0},{"not_picked":["Steam","Barrage"],"picked":"Streamline","floor":2.0},{"not_picked":["Stack","Turbo","Machine Learning"],"picked":"SKIP","floor":6.0},{"not_picked":["Hello World","Undo"],"picked":"Conserve Battery","floor":7.0},{"not_picked":["Redo","Auto Shields","Aggregate"],"picked":"SKIP","floor":8.0},{"not_picked":["Hello World","Redo"],"picked":"FTL","floor":11.0},{"not_picked":["Rip and Tear","Hologram"],"picked":"Rebound","floor":14.0},{"not_picked":["Creative AI","Rainbow"],"picked":"Reboot","floor":16.0},{"not_picked":["Gash","Streamline"],"picked":"Fusion","floor":18.0},{"not_picked":["Coolheaded","Redo"],"picked":"Sunder","floor":19.0},{"not_picked":["Sweeping Beam","Darkness"],"picked":"Streamline+1","floor":20.0},{"not_picked":["Streamline","Static Discharge+1","Aggregate"],"picked":"SKIP","floor":21.0},{"not_picked":["Gash","Auto Shields","Darkness"],"picked":"SKIP","floor":24.0},{"not_picked":["Chaos","Redo"],"picked":"Self Repair","floor":27.0}],"player_experience":526221,"relics_obtained":[{"floor":5.0,"key":"Gremlin Horn"},{"floor":6.0,"key":"Ornamental Fan"},{"floor":9.0,"key":"Letter Opener"},{"floor":19.0,"key":"Red Mask"},{"floor":24.0,"key":"Pen Nib"}],"event_choices":[{"damage_healed":0.0,"max_hp_gain":0.0,"max_hp_loss":0.0,"gold_gain":0.0,"event_name":"Shining Light","player_choice":"Entered Light","floor":3.0,"gold_loss":0.0,"damage_taken":14.0,"cards_upgraded":["Strike_B","Streamline"]},{"damage_healed":0.0,"max_hp_gain":5.0,"max_hp_loss":0.0,"gold_gain":0.0,"event_name":"Big Fish","player_choice":"Donut","floor":4.0,"gold_loss":0.0,"damage_taken":0.0},{"damage_healed":0.0,"max_hp_gain":0.0,"max_hp_loss":0.0,"gold_gain":0.0,"event_name":"Masked Bandits","player_choice":"Fought Bandits","floor":19.0,"gold_loss":0.0,"damage_taken":0.0},{"damage_healed":0.0,"max_hp_gain":0.0,"max_hp_loss":0.0,"gold_gain":0.0,"event_name":"Addict","player_choice":"Obtained Relic","floor":22.0,"gold_loss":85.0,"damage_taken":0.0,"relics_obtained":["Nunchaku"]},{"damage_healed":0,"gold_gain":100,"player_choice":"Bet on Murderer","damage_taken":0,"max_hp_gain":0,"max_hp_loss":0,"event_name":"The Joust","floor":29,"gold_loss":50}],"is_beta":false,"boss_relics":[{"not_picked":["SlaversCollar","Calling Bell"],"picked":"Empty Cage"}],"items_purged_floors":[13],"is_endless":false,"potions_floor_spawned":[6,14,16,19,24],"killed_by":"Snake Plant","ascension_level":14}}