{"host":"vtat3rddyckbno30","time":1609332811,"event":{"mods":["AchievementEnabler","BaseMod","BetterRewards","Colored Map","Downfall","Highlight Path","Minty Spire (QoL Compilation)","Replay The Spire","StSLib","everything is the same but u backflip on backflip"],"gold_per_floor":[999999,999999,999999,999999,999999,999999,999999,999999,999999,999999,999999,999999,999999,999999,999999,1000095,1000095,1000110,1000127,1000226,1000226,1000239,1000239,1000270,1000270,1000296,1000308,1000318,1000318,1000353,1000363,1000363,1000465,1000465,1000484,1000184,1000197,1000197,1000197,1000197,1000197,1000213,1000239,1000264,1000264,999378,999394,999411,999411,999411,999411,999411,998766,998801,998801],"floor_reached":56,"playtime":6806,"items_purged":["Strike_R","Strike_R","Defend_R","Strike_R","Defend_R","Defend_R","Strike_R","Strike_R","Massacre","Bash","Twin Strike+1","Pommel Strike+1"],"score":1346,"play_id":"d7b93744-c6ef-4711-933d-f3cf414201bd","local_time":"20201230135331","is_ascension_mode":false,"campfire_choices":[{"floor":7,"key":"REST"},{"floor":10,"key":"RECALL"},{"data":"Massacre","floor":12,"key":"SMITH"},{"floor":15,"key":"REST"},{"data":"Flex","floor":23,"key":"SMITH"},{"data":"ReplayTheSpireMod:Limb From Limb","floor":25,"key":"SMITH"},{"floor":29,"key":"REST"},{"floor":32,"key":"REST"},{"floor":40,"key":"REST"},{"floor":45,"key":"REST"},{"floor":49,"key":"REST"},{"floor":52,"key":"REST"}],"circlet_count":0,"master_deck":["Defend_R+1","Limit Break+1","ReplayTheSpireMod:LeadingStrike+1","Flex+1","Inflame+1","Shrug It Off+1","Heavy Blade+1","Shrug It Off+1","Pommel Strike+1","Massacre+1","Pummel+1","ReplayTheSpireMod:Limb From Limb+1","Headbutt+1","Reaper+1","Limit Break+1","Offering+1","ReplayTheSpireMod:Muscle Training+1"],"relics":["Black Blood","BargainBundle","Replay:Wax Seal","Replay:Bottled Eggs","Chemical X","Replay:Baseball","Guide Book","Toxic Egg 2","Replay:Ringing Soul","MealTicket","Replay:Bottled Flurry","PreservedInsect","Dream Catcher","Gremlin Food","Tiny Chest","Runic Pyramid","War Paint","FossilizedHelix","Self Forming Clay","Whetstone","Iron Hammer","Pen Nib","HandDrill","ReplayTheSpireMod:Shallot","Ginger","Replay:Rubber Ducky"],"acts_visited":["Exordium","TheCity","TheBeyond","TheEnding"],"potions_floor_usage":[18,18,22,24,33,33,55,55],"damage_taken":[{"damage":0,"enemies":"2 Louse","floor":1,"turns":2},{"damage":0,"enemies":"Small Slimes","floor":2,"turns":1},{"damage":0,"enemies":"Cultist","floor":4,"turns":2},{"damage":0,"enemies":"Large Slime","floor":5,"turns":2},{"damage":0,"enemies":"3 Sentries","floor":6,"turns":4},{"damage":0,"enemies":"Looter","floor":8,"turns":3},{"damage":0,"enemies":"Gremlin Gang","floor":11,"turns":4},{"damage":0,"enemies":"2 Fungi Beasts","floor":13,"turns":2},{"damage":0,"enemies":"Slime Boss","floor":16,"turns":5},{"damage":0,"enemies":"3 Byrds","floor":18,"turns":3},{"damage":19,"enemies":"Shell Parasite","floor":19,"turns":3},{"damage":10,"enemies":"Centurion and Healer","floor":22,"turns":4},{"damage":17,"enemies":"Book of Stabbing","floor":24,"turns":3},{"damage":12,"enemies":"Snake Plant","floor":27,"turns":3},{"damage":16,"enemies":"Chosen and Byrds","floor":28,"turns":5},{"damage":0,"enemies":"Replay:Snechameleon","floor":30,"turns":3},{"damage":0,"enemies":"3 Cultists","floor":31,"turns":3},{"damage":26,"enemies":"Automaton","floor":33,"turns":6},{"damage":14,"enemies":"3 Darklings","floor":35,"turns":2},{"damage":1,"enemies":"3 Shapes","floor":37,"turns":1},{"damage":2,"enemies":"Writhing Mass","floor":42,"turns":2},{"damage":15,"enemies":"R_Hoarder","floor":44,"turns":3},{"damage":2,"enemies":"Transient","floor":47,"turns":4},{"damage":0,"enemies":"Sphere and 2 Shapes","floor":48,"turns":3},{"damage":21,"enemies":"Donu and Deca","floor":50,"turns":3},{"damage":15,"enemies":"Shield and Spear","floor":54,"turns":2},{"damage":86,"enemies":"The Heart","floor":55,"turns":6}],"seed_played":"3561836481277901165","potions_obtained":[{"floor":2,"key":"BlessingOfTheForge"},{"floor":5,"key":"LifebloodPotion"},{"floor":18,"key":"Energy Potion"},{"floor":27,"key":"DistilledChaos"},{"floor":28,"key":"BlessingOfTheForge"},{"floor":30,"key":"Dexterity Potion"},{"floor":31,"key":"FairyPotion"},{"floor":44,"key":"champ:CounterPotion"},{"floor":47,"key":"Weak Potion"}],"is_trial":false,"path_per_floor":["M","M","?","M","M","E","R","M","T","R","M","R","M","$","R","B",null,"M","M","?","?","M","R","E","R","T","M","M","R","E","M","R","B",null,"M","$","M","?","T","R","?","M","T","E","R","$","M","M","R","B",null,"R","$","E","B",null],"character_chosen":"IRONCLAD","items_purchased":["BargainBundle","Replay:Wax Seal","Limit Break","Replay:Bottled Eggs","ReplayTheSpireMod:LeadingStrike","Chemical X","Flex","Inflame","Replay:Baseball","Guide Book","Shrug It Off+1","Toxic Egg 2","Replay:Ringing Soul","Heavy Blade","Shrug It Off+1","MealTicket","Pommel Strike","Replay:Bottled Flurry","PreservedInsect","Twin Strike","Massacre","BlessingOfTheForge","Pummel","Reaper","Pen Nib","HandDrill","ReplayTheSpireMod:Shallot","Ginger"],"campfire_rested":8,"item_purchase_floors":[0,0,0,0,0,0,0,0,0,0,0,0,0,0,0,0,0,0,0,0,0,0,0,14,46,46,46,53],"current_hp_per_floor":[81,83,76,82,83,83,86,86,86,86,89,89,89,92,92,92,92,92,79,79,79,75,75,64,64,64,58,75,92,92,92,95,78,98,99,101,101,101,101,101,101,101,101,98,101,101,101,101,101,92,101,101,101,98,24],"gold":998801,"neow_bonus":"","is_daily":false,"chose_seed":false,"campfire_upgraded":3,"win_rate":0.0,"timestamp":1609332811,"path_taken":["M","M","?","M","M","E","R","M","T","R","M","R","M","$","R","BOSS","M","M","?","?","M","R","E","R","T","M","M","R","E","M","R","BOSS","M","$","M","?","?","R","?","?","T","E","R","$","M","M","R","BOSS","R","$","E","BOSS"],"items_purchased_type":["Relic","Relic","Card","Relic","Card","Relic","Card","Card","Relic","Relic","Card","Relic","Relic","Card","Card","Relic","Card","Relic","Relic","Card","Card","Potion","Card","Card","Relic","Relic","Relic","Relic"],"build_version":"2020-12-22","purchased_purges":12,"victory":true,"max_hp_per_floor":[83,83,83,83,83,83,86,86,86,86,89,89,89,92,92,92,92,92,92,92,92,92,92,92,92,92,92,92,92,92,92,95,98,98,101,101,101,101,101,101,101,101,101,101,101,101,101,101,101,101,101,101,101,101,101],"card_choices":[{"not_picked":["True Grit+1","Clothesline","Shockwave+1"],"picked":"SKIP","floor":1},{"not_picked":["Shrug It Off+1","Body Slam","Replay:Undeath\u0027s Touch"],"picked":"SKIP","floor":2},{"not_picked":["Flex+1","Armaments+1","Cleave"],"picked":"SKIP","floor":4},{"not_picked":["Pommel Strike","ReplayTheSpireMod:LeadingStrike","Disarm+1"],"picked":"SKIP","floor":5},{"not_picked":["Reckless Charge","Body Slam","Entrench+1"],"picked":"SKIP","floor":6},{"not_picked":["Second Wind+1","Bloodletting+1"],"picked":"ReplayTheSpireMod:Limb From Limb","floor":7},{"not_picked":["ReplayTheSpireMod:Strike From Hell","Flex+1","Run Through"],"picked":"SKIP","floor":8},{"not_picked":["Flex+1","Combust"],"picked":"Headbutt","floor":11},{"not_picked":["Body Slam","Intimidate+1","Sentinel+1"],"picked":"SKIP","floor":13},{"not_picked":["Thunderclap+1","Warcry+1","Clothesline"],"picked":"SKIP","floor":18},{"not_picked":["Headbutt","Shrug It Off+1","Body Slam"],"picked":"SKIP","floor":19},{"not_picked":["Berserk","Anger","Fire Breathing"],"picked":"SKIP","floor":22},{"not_picked":["Sentinel+1","Shrug It Off+1","Flex+1"],"picked":"SKIP","floor":24},{"not_picked":["Reckless Charge","ReplayTheSpireMod:LeadingStrike","Warcry+1"],"picked":"SKIP","floor":27},{"not_picked":["Anger","Headbutt","Sentinel+1"],"picked":"SKIP","floor":28},{"not_picked":["ReplayTheSpireMod:Strike From Hell+1","Metallicize","Armaments+1"],"picked":"SKIP","floor":30},{"not_picked":["Evolve","Thunderclap","Warcry+1"],"picked":"SKIP","floor":31},{"not_picked":["Second Wind+1","Pommel Strike"],"picked":"Limit Break+1","floor":32},{"not_picked":["Feed","Juggernaut"],"picked":"Offering+1","floor":33},{"not_picked":["Body Slam+1","Armaments+1"],"picked":"ReplayTheSpireMod:Muscle Training+1","floor":35},{"not_picked":["Wild Strike","Brutality","Massacre"],"picked":"SKIP","floor":37},{"not_picked":["Heavy Blade","Perfected Strike","Flex+1"],"picked":"SKIP","floor":42},{"not_picked":["Anger+1","True Grit+1","Heavy Blade"],"picked":"SKIP","floor":44},{"not_picked":["Replay:Undeath\u0027s Touch","Thunderclap","Shockwave+1"],"picked":"SKIP","floor":47},{"not_picked":["Heavy Blade+1","Rage+1","Corruption"],"picked":"SKIP","floor":48},{"not_picked":["Bludgeon","Uppercut","Entrench+1"],"picked":"SKIP","floor":54}],"player_experience":547477,"relics_obtained":[{"floor":6,"key":"Gremlin Food"},{"floor":9,"key":"Tiny Chest"},{"floor":24,"key":"War Paint"},{"floor":30,"key":"FossilizedHelix"},{"floor":39,"key":"Self Forming Clay"},{"floor":43,"key":"Whetstone"},{"floor":44,"key":"Iron Hammer"},{"floor":54,"key":"Replay:Rubber Ducky"}],"event_choices":[{"damage_healed":0,"gold_gain":0,"player_choice":"Success","damage_taken":7,"relics_obtained":["Dream Catcher"],"max_hp_gain":0,"max_hp_loss":0,"event_name":"Scrap Ooze","floor":3,"gold_loss":0},{"damage_healed":0,"gold_gain":99,"player_choice":"Stole From Cult","damage_taken":0,"max_hp_gain":0,"max_hp_loss":0,"event_name":"Nest","floor":20,"gold_loss":0},{"damage_healed":0,"gold_gain":0,"player_choice":"Ignored","damage_taken":0,"max_hp_gain":0,"max_hp_loss":0,"event_name":"NoteForYourself","floor":21,"gold_loss":0},{"damage_healed":0,"gold_gain":0,"player_choice":"Ignored","damage_taken":0,"max_hp_gain":0,"max_hp_loss":0,"event_name":"Tomb of Lord Red Mask","floor":38,"gold_loss":0},{"damage_healed":0,"gold_gain":0,"player_choice":"Upgraded","damage_taken":0,"max_hp_gain":0,"max_hp_loss":0,"event_name":"Upgrade Shrine","floor":41,"gold_loss":0,"cards_upgraded":["Pummel"]}],"is_beta":false,"boss_relics":[{"not_picked":["SacredBark","Astrolabe"],"picked":"Runic Pyramid"},{"not_picked":["Runic Dome","Mark of Pain"],"picked":"Black Blood"}],"items_purged_floors":[0,0,0,0,0,0,0,0,0,36,46,53],"is_endless":false,"potions_floor_spawned":[2,5,8,11,16,18,27,28,30,31,44,47],"ascension_level":0}}