{"host":"bf9sa99gaumonoeu","time":1609365727,"event":{"mods":["AchievementEnabler","BaseMod","Colored Map","Downfall","Friendly Minions","Marisa????????","Minty Spire (QoL Compilation)","Replay The Spire","StSLib","The Cursed","The Disciple","The Servant 0.9.4"],"gold_per_floor":[14,14,30,50,65,65,92,92,92,104,119,119,146,161,161,234,234,247,247,7,23,35,35,35],"floor_reached":23,"playtime":4770,"items_purged":[],"score":400,"play_id":"3d4ee918-eb0e-408b-9e95-87a45e6ce602","local_time":"20201230200207","is_ascension_mode":true,"campfire_choices":[{"data":"Infinite Blades","floor":6,"key":"SMITH"},{"data":"Blur","floor":8,"key":"SMITH"},{"floor":12,"key":"REST"},{"floor":15,"key":"REST"}],"circlet_count":0,"master_deck":["AscendersBane","Strike_G","Strike_G","Strike_G","Strike_G","Defend_G","Defend_G","Defend_G","Defend_G","Defend_G","Survivor","Neutralize+1","Acrobatics","Infinite Blades+1","Blur+1","Slice","Prepared","Poisoned Stab","Leg Sweep","Deflect","Footwork","Adrenaline","Riddle With Holes","Noxious Fumes","Terror"],"relics":["Ring of the Snake","Replay:Towering Pillar of Hats","ReplayTheSpireMod:TigerMarble","Replay:Baseball","Replay:Accelerometer","Busted Crown","Juzu Bracelet"],"acts_visited":["Exordium","TheCity"],"potions_floor_usage":[7,16,18,21,22,22,23],"damage_taken":[{"damage":0,"enemies":"2 Louse","floor":1,"turns":4},{"damage":2,"enemies":"Jaw Worm","floor":3,"turns":8},{"damage":3,"enemies":"Cultist","floor":4,"turns":4},{"damage":5,"enemies":"3 Louse","floor":5,"turns":4},{"damage":22,"enemies":"3 Sentries","floor":7,"turns":13},{"damage":5,"enemies":"Exordium Wildlife","floor":10,"turns":8},{"damage":0,"enemies":"Large Slime","floor":11,"turns":4},{"damage":38,"enemies":"Gremlin Nob","floor":13,"turns":5},{"damage":0,"enemies":"3 Louse","floor":14,"turns":5},{"damage":15,"enemies":"Hexaghost","floor":16,"turns":13},{"damage":0,"enemies":"3 Byrds","floor":18,"turns":6},{"damage":1,"enemies":"Chosen","floor":21,"turns":6},{"damage":5,"enemies":"Snake Plant","floor":22,"turns":5},{"damage":47,"enemies":"Book of Stabbing","floor":23,"turns":7}],"seed_played":"-6746386513949289502","potions_obtained":[{"floor":3,"key":"Dexterity Potion"},{"floor":10,"key":"Languid Potion"},{"floor":13,"key":"SpeedPotion"},{"floor":16,"key":"CunningPotion"},{"floor":18,"key":"Fire Potion"},{"floor":21,"key":"EssenceOfSteel"},{"floor":22,"key":"FearPotion"}],"is_trial":false,"path_per_floor":["M","?","M","M","M","R","E","R","T","M","M","R","E","M","R","B",null,"M","?","$","M","M","E"],"character_chosen":"THE_SILENT","items_purchased":["Noxious Fumes","Juzu Bracelet"],"campfire_rested":2,"item_purchase_floors":[20,20],"current_hp_per_floor":[59,59,57,54,49,49,27,27,27,22,22,41,3,3,22,7,51,51,51,51,50,45,0,0],"gold":35,"neow_bonus":"ONE_RARE_RELIC","is_daily":false,"chose_seed":false,"campfire_upgraded":2,"win_rate":0.0,"timestamp":1609365727,"path_taken":["M","?","M","M","M","R","E","R","T","M","M","R","E","M","R","BOSS","M","?","$","M","M","E"],"items_purchased_type":["Card","Relic"],"build_version":"2020-12-22","purchased_purges":0,"victory":false,"max_hp_per_floor":[66,66,66,66,66,66,66,66,66,66,66,66,66,66,66,66,66,66,66,66,66,66,66,66],"card_choices":[{"not_picked":["Riddle With Holes","Hidden Blade"],"picked":"Acrobatics","floor":1},{"not_picked":["Dagger Throw","Hidden Blade"],"picked":"Infinite Blades","floor":3},{"not_picked":["Cloak And Dagger","Acrobatics"],"picked":"Blur","floor":4},{"not_picked":["Dodge and Roll","Catalyst"],"picked":"Slice","floor":5},{"not_picked":["Sneak Up","Poisoned Stab"],"picked":"Prepared","floor":7},{"not_picked":["Flying Knee","Dodge and Roll"],"picked":"Poisoned Stab","floor":10},{"not_picked":["Acrobatics","Deadly Poison"],"picked":"Leg Sweep","floor":11},{"not_picked":["Prepared","Night Terror"],"picked":"Deflect","floor":13},{"not_picked":["Hidden Blade","ReplayTheSpireMod:Tripwire"],"picked":"Footwork","floor":14},{"not_picked":["Unload","Night Terror"],"picked":"Adrenaline","floor":16},{"not_picked":["ReplayTheSpireMod:Tripwire"],"picked":"SKIP","floor":18},{"not_picked":["Slice"],"picked":"SKIP","floor":21},{"not_picked":[],"picked":"Terror","floor":22}],"player_experience":599579,"relics_obtained":[{"floor":7,"key":"ReplayTheSpireMod:TigerMarble"},{"floor":9,"key":"Replay:Baseball"},{"floor":13,"key":"Replay:Accelerometer"}],"event_choices":[{"damage_healed":0,"gold_gain":0,"cards_transformed":["Strike_G"],"player_choice":"Transformed","damage_taken":0,"max_hp_gain":0,"max_hp_loss":0,"event_name":"Transmorgrifier","floor":19,"gold_loss":0,"cards_obtained":["Riddle With Holes"]}],"is_beta":false,"boss_relics":[{"not_picked":["Tiny House","ChewingGum"],"picked":"Busted Crown"}],"items_purged_floors":[],"is_endless":false,"potions_floor_spawned":[3,10,13,16,18,21,22],"killed_by":"Book of Stabbing","ascension_level":19}}