{"host":"sav7uxregyirlf69","time":1609293464,"event":{"mods":["AchievementEnabler","BaseMod","Colored Map","DeckTracker","Keyboard Shortcuts","Minty Spire (QoL Compilation)","READ ME - Guardian Mod","StSLib","SuperFastMode"],"gold_per_floor":[213,2,18,28,44,44,73,73,145,177,177,177,212,242,242,242,242],"floor_reached":16,"playtime":342,"items_purged":["Strike_G"],"score":236,"play_id":"ff918000-bf9a-4118-8855-6d4c1cd5c2d2","local_time":"20201230105744","is_ascension_mode":true,"campfire_choices":[{"data":"Crippling Poison","floor":6,"key":"SMITH"},{"data":"Neutralize","floor":8,"key":"SMITH"},{"floor":11,"key":"REST"},{"data":"Poisoned Stab","floor":15,"key":"SMITH"}],"circlet_count":0,"master_deck":["AscendersBane","Strike_G","Strike_G","Strike_G","Strike_G","Defend_G","Defend_G","Defend_G","Defend_G","Defend_G","Survivor","Neutralize+1","Dagger Spray","Poisoned Stab+1","Backstab","Crippling Poison+1","Escape Plan","Backflip"],"relics":["Ring of the Snake","The Specimen","Question Card","Snake Skull","FossilizedHelix","Lantern"],"acts_visited":["Exordium"],"potions_floor_usage":[5,7],"damage_taken":[{"damage":7,"enemies":"Cultist","floor":1,"turns":5},{"damage":0,"enemies":"2 Louse","floor":3,"turns":2},{"damage":7,"enemies":"Small Slimes","floor":4,"turns":3},{"damage":0,"enemies":"Exordium Wildlife","floor":5,"turns":6},{"damage":20,"enemies":"3 Sentries","floor":7,"turns":10},{"damage":13,"enemies":"Lagavulin","floor":10,"turns":7},{"damage":11,"enemies":"3 Sentries","floor":13,"turns":8},{"damage":46,"enemies":"Slime Boss","floor":16,"turns":8}],"seed_played":"-3871778645426121546","potions_obtained":[{"floor":1,"key":"Swift Potion"},{"floor":3,"key":"Fire Potion"}],"is_trial":false,"path_per_floor":["M","$","M","M","M","R","E","R","T","E","R","?","E","?","R","B"],"character_chosen":"THE_SILENT","items_purchased":["Poisoned Stab","Backstab"],"campfire_rested":1,"item_purchase_floors":[2,2],"current_hp_per_floor":[52,52,52,45,45,45,25,25,25,12,31,53,42,42,42,0,0],"gold":242,"neow_bonus":"HUNDRED_GOLD","is_daily":false,"chose_seed":true,"campfire_upgraded":3,"win_rate":0.0,"timestamp":1609293464,"path_taken":["M","$","M","M","M","R","E","R","T","E","R","?","E","?","R","BOSS"],"items_purchased_type":["Card","Card"],"build_version":"2020-12-22","purchased_purges":1,"victory":false,"max_hp_per_floor":[66,66,66,66,66,66,66,66,66,66,66,66,66,66,66,66,66],"card_choices":[{"not_picked":["Heel Hook","Sucker Punch"],"picked":"Dagger Spray","floor":1},{"not_picked":["Deadly Poison","Prepared"],"picked":"Crippling Poison","floor":3},{"not_picked":["Backflip","Finisher"],"picked":"Escape Plan","floor":4},{"not_picked":["Outmaneuver","Cloak And Dagger"],"picked":"Backflip","floor":5},{"not_picked":["Quick Slash","PiercingWail","Outmaneuver"],"picked":"SKIP","floor":7},{"not_picked":["Dagger Spray","Skewer","Backflip","Flechettes"],"picked":"SKIP","floor":10},{"not_picked":["Dodge and Roll","All Out Attack","Outmaneuver","Flying Knee"],"picked":"SKIP","floor":13}],"player_experience":1059561,"relics_obtained":[{"floor":7,"key":"The Specimen"},{"floor":9,"key":"Question Card"},{"floor":10,"key":"Snake Skull"},{"floor":13,"key":"FossilizedHelix"}],"event_choices":[{"damage_healed":22,"gold_gain":0,"player_choice":"Banana","damage_taken":0,"max_hp_gain":0,"max_hp_loss":0,"event_name":"Big Fish","floor":12,"gold_loss":0},{"damage_healed":0,"gold_gain":30,"player_choice":"Searched \u00273\u0027 times","damage_taken":0,"relics_obtained":["Lantern"],"max_hp_gain":0,"max_hp_loss":0,"event_name":"Dead Adventurer","floor":14,"gold_loss":0}],"is_beta":false,"boss_relics":[],"items_purged_floors":[2],"is_endless":false,"potions_floor_spawned":[1,3,4],"killed_by":"Slime Boss","ascension_level":20}}