{"host":"851hhqouejqwzba1","time":1609328085,"event":{"mods":["BaseMod","Minty Spire (QoL Compilation)","Permanent Neow","Shop Mod","StSLib","óô»ðÖ¸ÄÏ"],"gold_per_floor":[366,328,278,51,67,67,94,94,94,127,150,150,12,25,25,98,98,111,36,66,66,82,82,82,82,82,82,101,112,45,73,73,150,150,168,108,126,141,153,153,10,10,61,72,90,115,140,191,20,20],"floor_reached":51,"playtime":4984,"items_purged":["Strike_G","Strike_G"],"score":1264,"play_id":"8ebc967d-f39b-43b1-ade0-f839c913aa21","local_time":"20201230193445","is_ascension_mode":true,"campfire_choices":[{"data":"Cloak And Dagger","floor":6.0,"key":"SMITH"},{"data":"Adrenaline","floor":12.0,"key":"SMITH"},{"data":"Terror","floor":15.0,"key":"SMITH"},{"data":"Venomology","floor":23.0,"key":"SMITH"},{"data":"Dagger Spray","floor":25.0,"key":"SMITH"},{"data":"Blade Dance","floor":27.0,"key":"SMITH"},{"data":"Accuracy","floor":32.0,"key":"SMITH"},{"data":"Well Laid Plans","floor":40.0,"key":"SMITH"},{"data":"Adrenaline","floor":42.0,"key":"SMITH"}],"circlet_count":0,"master_deck":["AscendersBane","Strike_G+1","Strike_G+1","Survivor","Neutralize","Cloak And Dagger+1","Leg Sweep","Adrenaline+1","Blade Dance+1","After Image","PiercingWail","Terror+1","Dagger Spray+1","Venomology+1","Eviscerate+1","Eviscerate+1","Bullet Time+1","Footwork","Reflex","Ghostly","Ghostly","Ghostly","Ghostly","Ghostly","Reflex","Expertise","Accuracy+1","Adrenaline+1","Well Laid Plans+1","Concentrate+1","Concentrate+1","Prepared+1","Apotheosis"],"relics":["Ring of the Snake","Happy Flower","Whetstone","Snake Skull","Odd Mushroom","Astrolabe","Red Mask","Dead Branch","MealTicket","Coffee Dripper","Chemical X","Ancient Tea Set","Turnip","Tough Bandages","FossilizedHelix"],"acts_visited":["Exordium","TheCity","TheBeyond"],"potions_floor_usage":[45,50],"damage_taken":[{"damage":0.0,"enemies":"Cultist","floor":1.0,"turns":4.0},{"damage":0.0,"enemies":"2 Louse","floor":5.0,"turns":3.0},{"damage":5.0,"enemies":"Lagavulin","floor":7.0,"turns":8.0},{"damage":4.0,"enemies":"3 Sentries","floor":10.0,"turns":12.0},{"damage":16.0,"enemies":"The Mushroom Lair","floor":11.0,"turns":4.0},{"damage":0.0,"enemies":"Jaw Worm","floor":14.0,"turns":4.0},{"damage":10.0,"enemies":"The Guardian","floor":16.0,"turns":11.0},{"damage":0.0,"enemies":"3 Byrds","floor":18.0,"turns":4.0},{"damage":0.0,"enemies":"Masked Bandits","floor":20.0,"turns":4.0},{"damage":0.0,"enemies":"2 Thieves","floor":22.0,"turns":3.0},{"damage":2.0,"enemies":"Cultist and Chosen","floor":28.0,"turns":3.0},{"damage":0.0,"enemies":"Snake Plant","floor":29.0,"turns":4.0},{"damage":0.0,"enemies":"Book of Stabbing","floor":31.0,"turns":5.0},{"damage":20.0,"enemies":"Collector","floor":33.0,"turns":8.0},{"damage":0.0,"enemies":"3 Shapes","floor":35.0,"turns":3.0},{"damage":0.0,"enemies":"3 Darklings","floor":37.0,"turns":3.0},{"damage":0.0,"enemies":"Writhing Mass","floor":38.0,"turns":4.0},{"damage":14.0,"enemies":"4 Shapes","floor":39.0,"turns":3.0},{"damage":0,"enemies":"Spire Growth","floor":44,"turns":5},{"damage":7,"enemies":"Writhing Mass","floor":45,"turns":4},{"damage":0,"enemies":"Reptomancer","floor":46,"turns":4},{"damage":0,"enemies":"Mind Bloom Boss Battle","floor":47,"turns":3},{"damage":0,"enemies":"2 Orb Walkers","floor":48,"turns":5},{"damage":2,"enemies":"Awakened One","floor":50,"turns":8}],"seed_played":"-2817998833448231522","potions_obtained":[{"floor":1.0,"key":"CultistPotion"},{"floor":11.0,"key":"Swift Potion"},{"floor":16.0,"key":"SkillPotion"},{"floor":28.0,"key":"DuplicationPotion"},{"floor":39.0,"key":"Fruit Juice"}],"is_trial":false,"path_per_floor":["M","$","?","$","M","R","E","?","T","E","?","R","$","M","R","B",null,"M","?","?","$","M","R","?","R","T","R","M","M","R","E","R","B",null,"M","?","M","M","M","R","$","R","T","M","M","E","?","?","R","B",null],"character_chosen":"THE_SILENT","items_purchased":["Leg Sweep","Adrenaline","Terror","Accuracy","Chemical X","Apotheosis"],"campfire_rested":0,"item_purchase_floors":[2,4,13,30,41,49],"current_hp_per_floor":[45,45,45,45,45,45,40,63,63,59,43,43,43,43,43,33,61,61,61,61,61,61,61,35,35,35,35,33,33,33,33,33,13,30,30,30,30,30,21,21,36,36,36,36,29,29,29,29,29,27],"gold":20,"neow_bonus":"TWO_FIFTY_GOLD","is_daily":false,"chose_seed":false,"campfire_upgraded":9,"win_rate":0.0,"timestamp":1609328085,"path_taken":["M","?","?","$","M","R","E","?","T","E","?","R","?","M","R","BOSS","M","?","?","$","M","R","?","R","T","R","?","?","R","E","R","BOSS","M","?","?","M","M","R","$","R","T","M","M","E","?","?","R","BOSS"],"items_purchased_type":["Card","Card","Card","Card","Relic","Card"],"build_version":"2020-12-22","purchased_purges":2,"victory":true,"max_hp_per_floor":[70,70,70,70,70,70,70,70,70,70,70,70,70,70,70,70,70,70,70,70,70,70,70,35,35,35,35,35,35,35,35,35,35,35,35,35,35,35,40,40,40,40,40,40,40,40,40,40,40,40],"card_choices":[{"not_picked":["Caltrops","Sucker Punch"],"picked":"Cloak And Dagger","floor":1.0},{"not_picked":["Outmaneuver","Deflect"],"picked":"Blade Dance","floor":5.0},{"not_picked":["Masterful Stab","Deflect"],"picked":"After Image","floor":7.0},{"not_picked":["Cloak And Dagger","Predator","Deflect"],"picked":"SKIP","floor":10.0},{"not_picked":["Cloak And Dagger","Dagger Throw"],"picked":"PiercingWail","floor":11.0},{"not_picked":["Reflex","Skewer"],"picked":"Dagger Spray","floor":14.0},{"not_picked":["Doppelganger","Adrenaline"],"picked":"Venomology","floor":16.0},{"not_picked":["Backstab","Caltrops"],"picked":"Footwork","floor":18.0},{"not_picked":["Riddle With Holes","Underhanded Strike"],"picked":"Reflex","floor":20.0},{"not_picked":["Dagger Throw","Quick Slash","Flying Knee"],"picked":"SKIP","floor":22.0},{"not_picked":["Slice","Outmaneuver"],"picked":"Reflex","floor":28.0},{"not_picked":["Dodge and Roll","Deadly Poison"],"picked":"Expertise","floor":29.0},{"not_picked":["Expertise","Choke+1","Flechettes"],"picked":"SKIP","floor":31.0},{"not_picked":["Unload","Bullet Time"],"picked":"Adrenaline","floor":33.0},{"not_picked":["Reflex+1","Prepared","Outmaneuver"],"picked":"SKIP","floor":35.0},{"not_picked":["Backflip","Prepared"],"picked":"Well Laid Plans","floor":37.0},{"not_picked":["Flechettes","PiercingWail","Flying Knee"],"picked":"SKIP","floor":38.0},{"not_picked":["Flying Knee","Bouncing Flask"],"picked":"Concentrate+1","floor":39.0},{"not_picked":["Outmaneuver","A Thousand Cuts"],"picked":"Concentrate+1","floor":44},{"not_picked":["Catalyst","Flying Knee"],"picked":"Prepared+1","floor":45},{"not_picked":["Deflect","Crippling Poison","Dagger Throw+1"],"picked":"SKIP","floor":46}],"player_experience":393762,"relics_obtained":[{"floor":7.0,"key":"Happy Flower"},{"floor":9.0,"key":"Whetstone"},{"floor":10.0,"key":"Snake Skull"},{"floor":11.0,"key":"Odd Mushroom"},{"floor":20.0,"key":"Red Mask"},{"floor":26.0,"key":"Dead Branch"},{"floor":31.0,"key":"MealTicket"},{"floor":43.0,"key":"Ancient Tea Set"},{"floor":46,"key":"Turnip"},{"floor":47,"key":"Tough Bandages"},{"floor":48,"key":"FossilizedHelix"}],"event_choices":[{"cards_removed":["Strike_G"],"damage_healed":0.0,"max_hp_gain":0.0,"max_hp_loss":0.0,"gold_gain":0.0,"event_name":"The Cleric","player_choice":"Card Removal","floor":3.0,"gold_loss":50.0,"damage_taken":0.0},{"damage_healed":23.0,"max_hp_gain":0.0,"max_hp_loss":0.0,"gold_gain":0.0,"event_name":"Big Fish","player_choice":"Banana","floor":8.0,"gold_loss":0.0,"damage_taken":0.0},{"damage_healed":0.0,"max_hp_gain":0.0,"max_hp_loss":0.0,"gold_gain":0.0,"event_name":"Mushrooms","player_choice":"Fought Mushrooms","floor":11.0,"gold_loss":0.0,"damage_taken":0.0},{"cards_removed":["Defend_G"],"damage_healed":0.0,"max_hp_gain":0.0,"max_hp_loss":0.0,"gold_gain":0.0,"event_name":"Beggar","player_choice":"Gave Gold","floor":19.0,"gold_loss":75.0,"damage_taken":0.0},{"damage_healed":0.0,"max_hp_gain":0.0,"max_hp_loss":0.0,"gold_gain":0.0,"event_name":"Masked Bandits","player_choice":"Fought Bandits","floor":20.0,"gold_loss":0.0,"damage_taken":0.0},{"damage_healed":0.0,"max_hp_gain":0.0,"max_hp_loss":35.0,"gold_gain":0.0,"event_name":"Ghosts","player_choice":"Became a Ghost","floor":24.0,"gold_loss":0.0,"damage_taken":0.0,"cards_obtained":["Ghostly","Ghostly","Ghostly","Ghostly","Ghostly"]},{"cards_removed":["Defend_G"],"damage_healed":0.0,"max_hp_gain":0.0,"max_hp_loss":0.0,"gold_gain":0.0,"event_name":"Designer","player_choice":"Single Remove","floor":36.0,"gold_loss":60.0,"damage_taken":0.0},{"damage_healed":0,"gold_gain":0,"player_choice":"Fight","damage_taken":0,"max_hp_gain":0,"max_hp_loss":0,"event_name":"MindBloom","floor":47,"gold_loss":0},{"damage_healed":0,"gold_gain":0,"player_choice":"Fight","damage_taken":0,"max_hp_gain":0,"max_hp_loss":0,"event_name":"Mysterious Sphere","floor":48,"gold_loss":0}],"is_beta":false,"boss_relics":[{"not_picked":["Ring of the Serpent","Velvet Choker"],"picked":"Astrolabe"},{"not_picked":["Calling Bell","Philosopher\u0027s Stone"],"picked":"Coffee Dripper"}],"items_purged_floors":[4,13],"is_endless":false,"potions_floor_spawned":[1,11,16,18,28,31,35,37,39,46,47],"ascension_level":13}}