{"host":"avjwtc49fhlk6kym","time":1609289957,"event":{"mods":["AchievementEnabler","BaseMod","Better Match","Better Note","Better Third Choice","Colored Map","Colored Powertips","Displayed Cursed Tome","Highlight Path","Minty Spire (QoL Compilation)","Permanent Neow","Quick Restart","StSLib"],"gold_per_floor":[99,114,39,55,74,85,85,85,85,100,135,151,116,116,116,116,116],"floor_reached":16,"playtime":581,"items_purged":["Writhe"],"score":104,"play_id":"ff45d511-335d-4761-bf0f-71da36b9618e","local_time":"20201229195917","is_ascension_mode":false,"campfire_choices":[{"data":"CrushJoints","floor":8,"key":"SMITH"},{"floor":15,"key":"REST"}],"circlet_count":0,"master_deck":["Strike_P","Strike_P","Strike_P","Strike_P","Defend_P","Defend_P","Defend_P","Defend_P","Eruption","Vigilance","Judgement","FlurryOfBlows","SandsOfTime","CrushJoints+1","Sanctity","WheelKick","MasterReality","CrushJoints","BowlingBash"],"relics":["PureWater","InkBottle","TeardropLocket","Pear"],"acts_visited":["Exordium"],"potions_floor_usage":[6,10,16],"damage_taken":[{"damage":8,"enemies":"Jaw Worm","floor":1,"turns":3},{"damage":0,"enemies":"Cultist","floor":2,"turns":3},{"damage":3,"enemies":"Small Slimes","floor":4,"turns":2},{"damage":5,"enemies":"3 Louse","floor":5,"turns":3},{"damage":11,"enemies":"Large Slime","floor":6,"turns":5},{"damage":0,"enemies":"2 Fungi Beasts","floor":10,"turns":2},{"damage":49,"enemies":"Lagavulin","floor":11,"turns":6},{"damage":9,"enemies":"Blue Slaver","floor":12,"turns":3},{"damage":47,"enemies":"Hexaghost","floor":16,"turns":8}],"seed_played":"5345972750225427639","potions_obtained":[{"floor":4,"key":"SmokeBomb"},{"floor":5,"key":"SkillPotion"},{"floor":6,"key":"Regen Potion"},{"floor":12,"key":"ColorlessPotion"}],"is_trial":false,"path_per_floor":["M","M","$","M","M","M","?","R","T","M","E","M","?","?","R","B"],"character_chosen":"WATCHER","items_purchased":[],"campfire_rested":1,"item_purchase_floors":[],"current_hp_per_floor":[64,64,64,61,56,45,45,45,45,50,11,2,22,22,46,0,0],"gold":116,"neow_bonus":"THREE_RARE_CARDS","is_daily":false,"chose_seed":false,"campfire_upgraded":1,"win_rate":0.0,"timestamp":1609289957,"path_taken":["M","M","$","M","M","M","?","R","T","?","E","M","?","?","R","BOSS"],"items_purchased_type":[],"build_version":"2020-12-22","purchased_purges":1,"victory":false,"max_hp_per_floor":[72,72,72,72,72,72,72,72,72,72,82,82,82,82,82,82,82],"card_choices":[{"not_picked":["Scrawl","Devotion"],"picked":"Judgement","floor":0},{"not_picked":["Evaluate","Perseverance"],"picked":"FlurryOfBlows","floor":1},{"not_picked":["SashWhip","CrushJoints"],"picked":"SandsOfTime","floor":2},{"not_picked":["InnerPeace","ReachHeaven"],"picked":"CrushJoints","floor":4},{"not_picked":["CutThroughFate","Weave"],"picked":"Sanctity","floor":5},{"not_picked":["SignatureMove","PathToVictory"],"picked":"WheelKick","floor":6},{"not_picked":["Protect","EmptyFist"],"picked":"MasterReality","floor":10},{"not_picked":["Prostrate","TalkToTheHand"],"picked":"CrushJoints","floor":11},{"not_picked":["Consecrate","Meditate"],"picked":"BowlingBash","floor":12}],"player_experience":356762,"relics_obtained":[{"floor":7,"key":"InkBottle"},{"floor":9,"key":"TeardropLocket"},{"floor":11,"key":"Pear"}],"event_choices":[{"damage_healed":0,"gold_gain":0,"player_choice":"Relic","damage_taken":0,"max_hp_gain":0,"max_hp_loss":0,"event_name":"Wheel of Change","floor":7,"gold_loss":0},{"damage_healed":20,"gold_gain":0,"player_choice":"Healed","damage_taken":0,"max_hp_gain":0,"max_hp_loss":0,"event_name":"The Cleric","floor":13,"gold_loss":35},{"damage_healed":0,"gold_gain":0,"player_choice":"Ignored","damage_taken":0,"max_hp_gain":0,"max_hp_loss":0,"event_name":"Golden Idol","floor":14,"gold_loss":0}],"is_beta":false,"boss_relics":[],"items_purged_floors":[3],"is_endless":false,"potions_floor_spawned":[4,5,6,12],"killed_by":"Hexaghost","ascension_level":0}}