{"host":"2o3sockympbxxanu","time":1609318412,"event":{"mods":["AchievementEnabler","BaseMod","Colored Map","Colored Powertips","Marisa£®ÏF”Í°°ƒß¿Ì…≥£©","Minty Spire (QoL Compilation)","StSLib"],"gold_per_floor":[114,114,134,409,422,422,435,435,735,778,778,792,792,811,811,811,811],"floor_reached":16,"playtime":522,"items_purged":[],"score":102,"play_id":"55c0f48a-314c-4859-b7f7-2a35c81b1faa","local_time":"20201230165332","is_ascension_mode":false,"campfire_choices":[{"data":"Cloak And Dagger","floor":6.0,"key":"SMITH"},{"data":"Backstab","floor":8.0,"key":"SMITH"},{"data":"Noxious Fumes","floor":11.0,"key":"SMITH"},{"floor":13.0,"key":"REST"},{"floor":15.0,"key":"REST"}],"circlet_count":0,"master_deck":["Strike_G","Strike_G","Strike_G","Strike_G","Strike_G","Defend_G","Defend_G","Defend_G","Defend_G","Defend_G","Survivor","Neutralize","Cloak And Dagger+1","Injury","Quick Slash","Regret","Backstab+1","Noxious Fumes+1","Blade Dance","Prepared"],"relics":["Ring of the Snake","NeowsBlessing","Golden Idol","Old Coin","Mercury Hourglass"],"acts_visited":["Exordium"],"potions_floor_usage":[16],"damage_taken":[{"damage":0.0,"enemies":"Jaw Worm","floor":1.0,"turns":1.0},{"damage":0.0,"enemies":"Small Slimes","floor":3.0,"turns":1.0},{"damage":0.0,"enemies":"Cultist","floor":5.0,"turns":1.0},{"damage":3.0,"enemies":"Looter","floor":7.0,"turns":4.0},{"damage":37.0,"enemies":"3 Sentries","floor":10.0,"turns":13.0},{"damage":22.0,"enemies":"Exordium Thugs","floor":12.0,"turns":4.0},{"damage":5.0,"enemies":"Blue Slaver","floor":14.0,"turns":3.0},{"damage":45,"enemies":"The Guardian","floor":16,"turns":9}],"seed_played":"-2121259885818671228","potions_obtained":[{"floor":5.0,"key":"GamblersBrew"},{"floor":12.0,"key":"GamblersBrew"}],"is_trial":false,"path_per_floor":["M","?","M","?","M","R","M","R","T","E","R","M","R","M","R","B"],"character_chosen":"THE_SILENT","items_purchased":[],"campfire_rested":2,"item_purchase_floors":[],"current_hp_per_floor":[70,70,70,70,70,70,67,67,67,30,30,8,29,24,45,0,0],"gold":811,"neow_bonus":"THREE_ENEMY_KILL","is_daily":false,"chose_seed":false,"campfire_upgraded":3,"win_rate":0.0,"timestamp":1609318412,"path_taken":["M","?","M","?","M","R","M","R","T","E","R","M","R","?","R","BOSS"],"items_purchased_type":[],"build_version":"2020-12-22","purchased_purges":0,"victory":false,"max_hp_per_floor":[70,70,70,70,70,70,70,70,70,70,70,70,70,70,70,70,70],"card_choices":[{"not_picked":["Acrobatics","Prepared"],"picked":"Cloak And Dagger","floor":1.0},{"not_picked":["Dodge and Roll","Flying Knee"],"picked":"Quick Slash","floor":3.0},{"not_picked":["Blur","Underhanded Strike","Quick Slash"],"picked":"SKIP","floor":5.0},{"not_picked":["Sucker Punch","Cloak And Dagger"],"picked":"Backstab","floor":7.0},{"not_picked":["Masterful Stab","Cloak And Dagger"],"picked":"Noxious Fumes","floor":10.0},{"not_picked":["Prepared","Riddle With Holes"],"picked":"Blade Dance","floor":12.0},{"not_picked":["Adrenaline","Slice"],"picked":"Prepared","floor":14.0}],"player_experience":284370,"relics_obtained":[{"floor":9.0,"key":"Old Coin"},{"floor":10.0,"key":"Mercury Hourglass"}],"event_choices":[{"damage_healed":0.0,"max_hp_gain":0.0,"max_hp_loss":0.0,"gold_gain":0.0,"event_name":"Golden Idol","player_choice":"Take Wound","floor":2.0,"gold_loss":0.0,"damage_taken":0.0,"relics_obtained":["Golden Idol"],"cards_obtained":["Injury"]},{"damage_healed":0.0,"max_hp_gain":0.0,"max_hp_loss":0.0,"gold_gain":275.0,"event_name":"Golden Shrine","player_choice":"Desecrate","floor":4.0,"gold_loss":0.0,"damage_taken":0.0,"cards_obtained":["Regret"]}],"is_beta":false,"boss_relics":[],"items_purged_floors":[],"is_endless":false,"potions_floor_spawned":[5,12],"killed_by":"The Guardian","ascension_level":0}}