{"host":"xy5qih4nvxccm4rc","time":1609317605,"event":{"mods":["AchievementEnabler","BaseMod","Minty Spire (QoL Compilation)","StSLib"],"gold_per_floor":[116,128,3,3,3,3,13,42,42,42,72,88,120,120,120,218,218,254,293,293,111,111,111],"floor_reached":22,"playtime":620,"items_purged":["Strike_P","Regret"],"score":212,"play_id":"9d410f31-085b-4fd5-84a4-006a4a2847bb","local_time":"20201230024005","is_ascension_mode":true,"campfire_choices":[{"data":"TalkToTheHand","floor":6,"key":"SMITH"},{"data":"Consecrate","floor":10,"key":"SMITH"},{"floor":15,"key":"RECALL"}],"circlet_count":0,"master_deck":["Strike_P","Strike_P+1","Strike_P","Defend_P+1","Defend_P","Defend_P","Defend_P","Eruption+1","Vigilance","Panacea","EmptyFist","TalkToTheHand+1","FearNoEvil","Consecrate+1","Conclude","Prostrate","Vengeance","Wish","Swivel","Tantrum","Necronomicurse","Dramatic Entrance"],"relics":["HolyWater","Blue Candle","Nunchaku","Toy Ornithopter","Orichalcum","Necronomicon"],"acts_visited":["Exordium","TheCity"],"potions_floor_usage":[8,8,19],"damage_taken":[{"damage":0,"enemies":"Small Slimes","floor":1,"turns":2},{"damage":0,"enemies":"2 Louse","floor":2,"turns":1},{"damage":3,"enemies":"Jaw Worm","floor":7,"turns":3},{"damage":4,"enemies":"3 Sentries","floor":8,"turns":4},{"damage":8,"enemies":"Lagavulin","floor":11,"turns":7},{"damage":3,"enemies":"Exordium Wildlife","floor":12,"turns":2},{"damage":5,"enemies":"3 Sentries","floor":13,"turns":3},{"damage":19,"enemies":"Slime Boss","floor":16,"turns":7},{"damage":17,"enemies":"Chosen","floor":18,"turns":4},{"damage":30,"enemies":"2 Thieves","floor":19,"turns":4},{"damage":15,"enemies":"Cultist and Chosen","floor":22,"turns":1}],"seed_played":"-7950941666964051554","potions_obtained":[{"floor":1,"key":"FearPotion"},{"floor":11,"key":"FearPotion"},{"floor":13,"key":"LiquidBronze"},{"floor":18,"key":"StancePotion"}],"is_trial":false,"path_per_floor":["M","M","$","?","?","R","M","E","T","R","E","M","E","?","R","B",null,"M","M","?","$","M"],"character_chosen":"WATCHER","items_purchased":["AttackPotion","Dramatic Entrance"],"campfire_rested":0,"item_purchase_floors":[3,21],"current_hp_per_floor":[72,72,72,58,58,58,55,51,51,51,43,40,35,35,35,16,72,55,30,14,14,0,0],"gold":111,"neow_bonus":"RANDOM_COLORLESS","is_daily":false,"chose_seed":false,"campfire_upgraded":2,"win_rate":0.0,"timestamp":1609317605,"path_taken":["M","M","$","?","?","R","M","E","T","R","E","M","E","?","R","BOSS","M","M","?","$","M"],"items_purchased_type":["Potion","Card"],"build_version":"2020-12-22","purchased_purges":2,"victory":false,"max_hp_per_floor":[72,72,72,72,72,72,72,72,72,72,72,72,72,72,72,72,72,72,72,72,72,72,72],"card_choices":[{"not_picked":["Finesse","Swift Strike"],"picked":"Panacea","floor":0},{"not_picked":["CrushJoints","Perseverance"],"picked":"EmptyFist","floor":1},{"not_picked":["Prostrate","ThirdEye"],"picked":"TalkToTheHand","floor":2},{"not_picked":["Adaptation","ClearTheMind"],"picked":"FearNoEvil","floor":7},{"not_picked":["Swivel","FollowUp"],"picked":"Consecrate","floor":8},{"not_picked":["ClearTheMind","Study"],"picked":"Conclude","floor":11},{"not_picked":["Vengeance","Evaluate"],"picked":"Prostrate","floor":12},{"not_picked":["FollowUp","Wireheading"],"picked":"Vengeance","floor":13},{"not_picked":["SpiritShield","Establishment"],"picked":"Wish","floor":16},{"not_picked":["Evaluate","EmptyBody+1"],"picked":"Swivel","floor":18},{"not_picked":["EmptyBody+1","Evaluate"],"picked":"Tantrum","floor":19}],"player_experience":323017,"relics_obtained":[{"floor":8,"key":"Blue Candle"},{"floor":11,"key":"Nunchaku"},{"floor":13,"key":"Toy Ornithopter"},{"floor":20,"key":"Necronomicon"}],"event_choices":[{"damage_healed":0,"gold_gain":0,"player_choice":"Entered Light","damage_taken":14,"max_hp_gain":0,"max_hp_loss":0,"event_name":"Shining Light","floor":4,"gold_loss":0,"cards_upgraded":["Defend_P","Strike_P"]},{"damage_healed":0,"gold_gain":0,"player_choice":"Grow","damage_taken":0,"max_hp_gain":0,"max_hp_loss":0,"event_name":"Living Wall","floor":5,"gold_loss":0,"cards_upgraded":["Eruption"]},{"damage_healed":0,"gold_gain":0,"player_choice":"Box","damage_taken":0,"relics_obtained":["Orichalcum"],"max_hp_gain":0,"max_hp_loss":0,"event_name":"Big Fish","floor":14,"gold_loss":0,"cards_obtained":["Regret"]},{"damage_healed":0,"gold_gain":0,"player_choice":"Obtained Book","damage_taken":16,"max_hp_gain":0,"max_hp_loss":0,"event_name":"Cursed Tome","floor":20,"gold_loss":0}],"is_beta":false,"boss_relics":[{"not_picked":["Coffee Dripper","Black Star"],"picked":"HolyWater"}],"items_purged_floors":[3,21],"is_endless":false,"potions_floor_spawned":[1,11,13,18],"killed_by":"Cultist and Chosen","ascension_level":1}}