{"host":"6vv0uythevi5qk1w","time":1609296283,"event":{"mods":["Act Like it!","BaseMod","Downfall","Gensokyo","Minty Spire (QoL Compilation)","Remilia£®¿Ÿ√◊¿Ú—«£©","StSLib"],"gold_per_floor":[110,128,30,41,41,330,430,430,455,455,653,653,667,682,682,682,682],"floor_reached":16,"playtime":1154,"items_purged":[],"score":151,"play_id":"55b89713-bfec-401a-b045-d92a16c67fd4","local_time":"20201230104443","is_ascension_mode":true,"campfire_choices":[{"floor":12.0,"key":"REST"},{"data":"Recycle","floor":15.0,"key":"SMITH"}],"circlet_count":0,"master_deck":["Strike_B","Strike_B","Strike_B","Defend_B","Defend_B","Defend_B","Defend_B","Zap","Dualcast","Chill","Streamline","Recycle+1","Rebound","Multi-Cast","Biased Cognition"],"relics":["Cracked Core","CeramicFish","Mango","PreservedInsect","Bottled Lightning"],"acts_visited":["Exordium"],"potions_floor_usage":[16,16],"damage_taken":[{"damage":9.0,"enemies":"Gensokyo:Gryphon","floor":1.0,"turns":3.0},{"damage":0.0,"enemies":"Gensokyo:2_Kodama","floor":2.0,"turns":4.0},{"damage":7.0,"enemies":"Gensokyo:Python","floor":4.0,"turns":4.0},{"damage":13.0,"enemies":"Gensokyo:Mamizou","floor":6.0,"turns":9.0},{"damage":8.0,"enemies":"Gensokyo:Cirno","floor":11.0,"turns":5.0},{"damage":0.0,"enemies":"Gensokyo:2_Rabbits","floor":13.0,"turns":4.0},{"damage":2.0,"enemies":"Gensokyo:Kitsune","floor":14.0,"turns":2.0},{"damage":32,"enemies":"Gensokyo:Reimu","floor":16,"turns":16}],"seed_played":"-860961002650387858","potions_obtained":[{"floor":2.0,"key":"ColorlessPotion"},{"floor":4.0,"key":"Weak Potion"},{"floor":14.0,"key":"BlessingOfTheForge"}],"is_trial":false,"path_per_floor":["M","M","COS","M","$","E","?","?","T","?","E","R","M","M","R","B"],"character_chosen":"DEFECT","items_purchased":[],"campfire_rested":1,"item_purchase_floors":[],"current_hp_per_floor":[59,59,59,52,52,39,39,32,32,15,7,33,33,31,31,0,0],"gold":682,"neow_bonus":"REMOVE_CARD","is_daily":false,"chose_seed":false,"campfire_upgraded":1,"win_rate":0.0,"timestamp":1609296283,"path_taken":["M","?","COS","?","$","E","?","?","T","?","E","R","M","M","R","BOSS"],"items_purchased_type":[],"build_version":"2020-12-22","purchased_purges":0,"victory":false,"max_hp_per_floor":[75,75,75,75,75,75,75,89,89,89,89,89,89,89,89,89,89],"card_choices":[{"not_picked":["Cold Snap","Hologram"],"picked":"Chill","floor":1.0},{"not_picked":["Hologram","Beam Cell"],"picked":"Streamline","floor":2.0},{"not_picked":["Stack","Beam Cell"],"picked":"Recycle","floor":4.0},{"not_picked":["Consume","Compile Driver"],"picked":"Rebound","floor":6.0},{"not_picked":["Rainbow","Amplify"],"picked":"Multi-Cast","floor":11.0},{"not_picked":["Auto Shields","Compile Driver"],"picked":"Biased Cognition","floor":11.0},{"not_picked":["Reprogram","Undo","Steam Power"],"picked":"SKIP","floor":13.0},{"not_picked":["Barrage","Streamline","Compile Driver"],"picked":"SKIP","floor":14.0}],"player_experience":455805,"relics_obtained":[{"floor":6.0,"key":"CeramicFish"},{"floor":11.0,"key":"Bottled Lightning"}],"event_choices":[],"is_beta":false,"boss_relics":[],"items_purged_floors":[],"is_endless":false,"potions_floor_spawned":[2,4,14],"killed_by":"Gensokyo:Reimu","ascension_level":9}}