{"host":"am0cr9xwekqmrere","time":1609290399,"event":{"mods":["AchievementEnabler","Act Like it!","BaseMod","Better Altar","Better Match","Better Note","Better Sensory Stone","Better Skull","Better Third Choice","BetterRewards","Conspire","Hubris","Infinite Spire","Minty Spire (QoL Compilation)","Rare Cards Sparkle","Spicy Shops","StSLib","The Marked","Unceasing Turn Reminder"],"gold_per_floor":[119,26,38,38,53,53,65,95,95,95,113,124,124,124],"floor_reached":13,"playtime":449,"items_purged":[],"score":87,"play_id":"ddf3e0c1-1fe1-40d2-96b8-e8151ff14162","local_time":"20201229190639","is_ascension_mode":false,"campfire_choices":[{"data":"theMarked:Seal","floor":6,"key":"SMITH"}],"circlet_count":0,"master_deck":["theMarked:Strike","theMarked:Strike","theMarked:Strike","theMarked:Strike","theMarked:Strike","theMarked:Defend","theMarked:Defend","theMarked:Defend","theMarked:Defend","theMarked:SoldierOfQuellstein","theMarked:ChainLightning","theMarked:EnhancedHearing","theMarked:SelfDefenseTraining","theMarked:BanishingWave","theMarked:HeightenedSenses","theMarked:Seal+1","theMarked:Overthink","theMarked:MysticalArsenal"],"relics":["theMarked:ArtifactOfAir","Membership Card","PreservedInsect","Chemical X","OrangePellets","infinitespire:PuzzleCube"],"acts_visited":["Exordium"],"potions_floor_usage":[7,7],"damage_taken":[{"damage":0,"enemies":"Jaw Worm","floor":1,"turns":4},{"damage":0,"enemies":"Cultist","floor":3,"turns":3},{"damage":4,"enemies":"conspire:RoseBush","floor":5,"turns":3},{"damage":28,"enemies":"Gremlin Gang","floor":7,"turns":5},{"damage":24,"enemies":"Lagavulin","floor":8,"turns":5},{"damage":0,"enemies":"2 Fungi Beasts","floor":11,"turns":4},{"damage":10,"enemies":"Blue Slaver","floor":12,"turns":3},{"damage":9,"enemies":"Gremlin Nob","floor":13,"turns":2}],"seed_played":"5681076423771304372","potions_obtained":[{"floor":3,"key":"DuplicationPotion"},{"floor":5,"key":"Regen Potion"},{"floor":8,"key":"theMarked:ChargePotion"}],"is_trial":false,"path_per_floor":["M","$","M","?","M","R","M","E","T","?","M","M","E"],"character_chosen":"THE_DEFAULT","items_purchased":["Membership Card","PreservedInsect","theMarked:ChainLightning","Chemical X","theMarked:EnhancedHearing","OrangePellets","theMarked:BanishingWave"],"campfire_rested":0,"item_purchase_floors":[0,0,0,0,0,2,2],"current_hp_per_floor":[59,59,59,59,55,55,41,17,17,17,17,7,0,0],"gold":124,"neow_bonus":"","is_daily":false,"chose_seed":false,"campfire_upgraded":1,"win_rate":0.0,"timestamp":1609290399,"path_taken":["M","$","M","?","M","R","?","E","T","?","?","M","E"],"items_purchased_type":["Relic","Relic","Card","Relic","Card","Relic","Card"],"build_version":"2020-12-22","purchased_purges":0,"victory":false,"max_hp_per_floor":[70,70,70,70,70,70,70,70,70,70,70,70,70,70],"card_choices":[{"not_picked":["theMarked:Generate","theMarked:Frustration"],"picked":"theMarked:SelfDefenseTraining","floor":1},{"not_picked":["theMarked:Parkour","theMarked:ResourceFulStrike"],"picked":"theMarked:HeightenedSenses","floor":3},{"not_picked":["theMarked:Parkour","theMarked:WastefulDefense"],"picked":"theMarked:Seal","floor":5},{"not_picked":["theMarked:Panic","theMarked:Improvise"],"picked":"theMarked:Overthink","floor":7},{"not_picked":["theMarked:HeightenedSenses","theMarked:Aftermath"],"picked":"theMarked:MysticalArsenal","floor":8},{"not_picked":["theMarked:Static","theMarked:WastefulAttack","theMarked:Electrocute"],"picked":"SKIP","floor":11},{"not_picked":["theMarked:ReduceFriction","theMarked:RepellingDischarge","theMarked:Generate"],"picked":"SKIP","floor":12}],"player_experience":2535219,"relics_obtained":[{"floor":8,"key":"infinitespire:PuzzleCube"}],"event_choices":[{"damage_healed":0,"gold_gain":0,"player_choice":"Cursed","damage_taken":0,"max_hp_gain":0,"max_hp_loss":0,"event_name":"Wheel of Change","floor":4,"gold_loss":0,"cards_obtained":["Decay"]},{"cards_removed":["Decay"],"damage_healed":0,"gold_gain":0,"player_choice":"Removed Curses","damage_taken":0,"max_hp_gain":0,"max_hp_loss":0,"event_name":"Fountain of Cleansing","floor":10,"gold_loss":0}],"is_beta":false,"boss_relics":[],"items_purged_floors":[],"is_endless":false,"potions_floor_spawned":[3,5,8],"killed_by":"Gremlin Nob","ascension_level":0}}