{"host":"qustdn0y8cxl4low","time":1609335317,"event":{"mods":["Act Like it!","Ascension Reborn","BaseMod","BetterRewards","Colored Powertips","Gensokyo","Hermit","Lobotomy","Minty Spire (QoL Compilation)","Replay The Spire","RumiaBox-露米娅的神秘盒子","Ryuuou龙王","Shop Mod","Spicy Shops","StSLib","TestMod","The Gatherer","UnlockEverythingMod","Youmu（魂魄妖梦）","Yuyuko","noobMod","vexMod","篝火指南"],"gold_per_floor":[113,127,140,140,140,168,180,191,191,88,106,106,106,120,120,215,880,893,176,575,307,20,20,61,91,91,91,91],"floor_reached":27,"playtime":1593,"items_purged":[],"score":283,"play_id":"6697fdf4-f678-4ef5-8da5-e4662e42d542","local_time":"20201230213517","is_ascension_mode":true,"campfire_choices":[],"circlet_count":0,"master_deck":["SpecialBullet","SpecialBullet","SpecialBullet","SpecialBullet","SpecialBullet","SpecialBullet","SpecialBullet","SpecialBullet","ExtractionCode","CentralCode","TrainingCode","Mimicry","TodaysExpression","SomewhereSpear","FieryBird","Harmony","RedEyes","MeatLantern","OldLady","Horn","Injury","BlueScar","SomewhereSpear","Gaze","LifeForTheDareDevil","Gensokyo:LockedMedkit","Gensokyo:TarnishedGold","ShedSkin","Soda","Twilight","VoidDream","TodaysExpression","LongBird","Lamp"],"relics":["CogitoBucket","RabbitCall","ice","testmod-Charity","Replay:Bottled Steam","testmod-Alchemist","testmod-CasingShield","vexMod:RockOfEvil","MerchantsRug","PreservedInsect","Blue Candle","Chemical X","StrikeDummy","Membership Card","CeramicFish","testmod-Muramasa","Theresia","Prayer Wheel"],"acts_visited":["Gensokyo:Gensokyo","Gensokyo:Gensokyoer"],"potions_floor_usage":[],"damage_taken":[{"damage":10,"enemies":"Gensokyo:Gryphon","floor":1,"turns":3},{"damage":14,"enemies":"Gensokyo:2_Kodama","floor":2,"turns":3},{"damage":4,"enemies":"Gensokyo:Python","floor":3,"turns":3},{"damage":63,"enemies":"Gensokyo:Aya","floor":6,"turns":4},{"damage":5,"enemies":"Gensokyo:VengefulSpirit","floor":7,"turns":3},{"damage":96,"enemies":"Gensokyo:Gryphon_and_Rabbit","floor":8,"turns":5},{"damage":0,"enemies":"Gensokyo:2_Rabbits","floor":11,"turns":2},{"damage":0,"enemies":"Gensokyo:Kitsune","floor":14,"turns":2},{"damage":24,"enemies":"Gensokyo:Reimu","floor":16,"turns":3},{"damage":26,"enemies":"Gensokyo:CosmicMonolith","floor":18,"turns":2},{"damage":0,"enemies":"Gensokyo:Reisen","floor":24,"turns":2},{"damage":63,"enemies":"Gensokyo:Chomper","floor":25,"turns":4},{"damage":81,"enemies":"Gensokyo:Swordslinger","floor":27,"turns":1}],"seed_played":"-4295512892306478367","potions_obtained":[{"floor":3,"key":"AttackPotion"},{"floor":11,"key":"Adrenaline Potion"},{"floor":16,"key":"Regen Potion"},{"floor":18,"key":"Death Potion"}],"is_trial":false,"path_per_floor":["M","M","M","?","$","E","M","M","T","COS","M","R","$","M","R","B",null,"M","$","?","$","$","R","E","M","T","M"],"character_chosen":"Angela","items_purchased":["MerchantsRug","vexMod:TimeEaterHat","PreservedInsect","Toy Ornithopter","Blue Candle","Lee\u0027s Waffle","Chemical X","StrikeDummy","Membership Card","CeramicFish"],"campfire_rested":0,"item_purchase_floors":[19,19,19,19,19,21,21,22,22,22],"current_hp_per_floor":[61,48,73,73,73,16,21,2,2,2,3,3,3,94,94,85,48,31,33,34,60,63,63,66,50,50,0,0],"gold":91,"neow_bonus":"ONE_RANDOM_RARE_CARD","is_daily":false,"chose_seed":false,"campfire_upgraded":0,"win_rate":0.0,"timestamp":1609335317,"path_taken":["M","M","M","?","$","E","M","M","T","COS","M","R","$","?","R","BOSS","M","$","?","?","$","R","E","?","T","M"],"items_purchased_type":["Relic","Relic","Relic","Relic","Relic","Relic","Relic","Relic","Relic","Relic"],"build_version":"2020-12-22","purchased_purges":0,"victory":false,"max_hp_per_floor":[71,72,73,73,73,77,79,89,89,89,93,93,93,94,94,95,48,49,51,52,60,63,63,66,81,81,81,81],"card_choices":[{"not_picked":["CherryBlossom"],"picked":"TodaysExpression","floor":1},{"not_picked":["InTheNameOfLoveAndHate"],"picked":"SomewhereSpear","floor":1},{"not_picked":["Scarecrow","CherryBlossoms"],"picked":"FieryBird","floor":1},{"not_picked":["RapturousDream"],"picked":"Harmony","floor":2},{"not_picked":["Beak"],"picked":"RedEyes","floor":2},{"not_picked":["WallGazer","UniverseFragment"],"picked":"MeatLantern","floor":2},{"not_picked":["OSAHOGD","MHz"],"picked":"OldLady","floor":3},{"not_picked":["RapturousDream"],"picked":"Horn","floor":3},{"not_picked":["ShedSkin","WristCuter"],"picked":"SKIP","floor":6},{"not_picked":["RapturousDream"],"picked":"BlueScar","floor":7},{"not_picked":["Noise"],"picked":"SomewhereSpear","floor":7},{"not_picked":["FourthMatchFlame"],"picked":"Gaze","floor":8},{"not_picked":["Beak"],"picked":"LifeForTheDareDevil","floor":8},{"not_picked":["Logging","FrostShard"],"picked":"SKIP","floor":8},{"not_picked":["Noise"],"picked":"ShedSkin","floor":11},{"not_picked":["Spore"],"picked":"Soda","floor":14},{"not_picked":["Pinks","GoldRush"],"picked":"Twilight","floor":16},{"not_picked":["CherryBlossom","Harmony","Horn"],"picked":"SKIP","floor":18},{"not_picked":["CherryBlossoms","WallGazer"],"picked":"VoidDream","floor":24},{"not_picked":["RedEyes","Gaze+1"],"picked":"TodaysExpression","floor":24},{"not_picked":["Bloodbath","QueenBee","LittlePrince"],"picked":"Singing Bowl","floor":25},{"not_picked":["DreamingCurrent","SingingMachine"],"picked":"LongBird","floor":25},{"not_picked":["Horn","Twilight"],"picked":"Lamp","floor":25}],"player_experience":213441,"relics_obtained":[{"floor":6,"key":"testmod-Alchemist"},{"floor":9,"key":"testmod-CasingShield"},{"floor":24,"key":"testmod-Muramasa"},{"floor":26,"key":"Prayer Wheel"}],"event_choices":[{"damage_healed":0,"gold_gain":400,"player_choice":"Sell","damage_taken":0,"max_hp_gain":0,"max_hp_loss":0,"event_name":"恩洛斯的盘子","floor":20,"relics_lost":["testmod-TestBox"],"gold_loss":0}],"is_beta":false,"boss_relics":[{"not_picked":["Calling Bell","testmod-HarvestTotem"],"picked":"vexMod:RockOfEvil"}],"items_purged_floors":[],"is_endless":false,"potions_floor_spawned":[3,11,16,18],"killed_by":"Gensokyo:Swordslinger","ascension_level":0}}