{"host":"gzsdmyo07u314vug","time":1609293886,"event":{"mods":["2.2 Compatiblity","BaseMod","Downfall","GifTheSpireLib","Minty Spire (QoL Compilation)","Quick Restart","Rare Cards Sparkle","Relic Stats","Replay The Spire","Shop Mod","StSLib","The Bug Knight","The Construct","The Elementalist","The Servant 0.9.4","Unceasing Turn Reminder","everything is the same but u backflip on backflip","slay the spire mod where everything is the same but ironclad has a cowboy hat","vexMod"],"gold_per_floor":[113,113,38,38,49,75,75,75,125,125,25,41,41,51,51,51,51],"floor_reached":16,"playtime":386,"items_purged":["Regret","Strike_G"],"score":246,"play_id":"590d1c7c-2c9b-4d3c-8d5f-94f90957db07","local_time":"20201229230446","is_ascension_mode":true,"campfire_choices":[{"data":"Toxin Wave","floor":7,"key":"SMITH"},{"data":"Flying Knee","floor":10,"key":"SMITH"},{"data":"Backflip","floor":13,"key":"SMITH"},{"data":"Noxious Fumes","floor":15,"key":"SMITH"}],"circlet_count":0,"master_deck":["AscendersBane","Strike_G","Strike_G","Strike_G","Strike_G","Defend_G","Defend_G","Defend_G","Defend_G","Defend_G","Survivor","Neutralize","Backflip+1","Flying Knee+1","Toxin Wave+1","ReplayTheSpireMod:Scrap Shanks","Noxious Fumes+1"],"relics":["Ring of the Snake","NeowsBlessing","Boot","Replay:Baseball","Tiny Chest"],"acts_visited":["Exordium"],"potions_floor_usage":[14,16],"damage_taken":[{"damage":0,"enemies":"Small Slimes","floor":1,"turns":1},{"damage":0,"enemies":"2 Louse","floor":5,"turns":1},{"damage":0,"enemies":"3 Sentries","floor":6,"turns":1},{"damage":7,"enemies":"Jaw Worm","floor":12,"turns":2},{"damage":8,"enemies":"2 Fungi Beasts","floor":14,"turns":3},{"damage":47,"enemies":"Slime Boss","floor":16,"turns":8}],"seed_played":"99495550067765210","potions_obtained":[{"floor":5,"key":"sneckomod:MuddlingPotion"},{"floor":6,"key":"sneckomod:MuddlingPotion"},{"floor":12,"key":"Adrenaline Potion"}],"is_trial":false,"path_per_floor":["M","?","$","?","M","E","R","?","T","R","$","M","R","M","R","B"],"character_chosen":"THE_SILENT","items_purchased":[],"campfire_rested":0,"item_purchase_floors":[],"current_hp_per_floor":[59,59,59,59,59,59,59,59,59,59,59,52,52,44,44,0,0],"gold":51,"neow_bonus":"THREE_ENEMY_KILL","is_daily":false,"chose_seed":false,"campfire_upgraded":4,"win_rate":0.0,"timestamp":1609293886,"path_taken":["M","?","$","?","M","E","R","?","T","R","$","M","R","M","R","BOSS"],"items_purchased_type":[],"build_version":"2020-12-22","purchased_purges":2,"victory":false,"max_hp_per_floor":[66,66,66,66,66,66,66,66,66,66,66,66,66,66,66,66,66],"relic_stats":{"counters":[6,16],"Tiny Chest":0,"Boot":[9],"obtain_stats":[{"Replay:Baseball":6,"NeowsBlessing":0,"Tiny Chest":9,"Boot":2,"Ring of the Snake":0},{"Replay:Baseball":3,"NeowsBlessing":0,"Tiny Chest":3,"Boot":1,"Ring of the Snake":0},{"Replay:Baseball":3,"NeowsBlessing":0,"Tiny Chest":3,"Boot":1,"Ring of the Snake":0}],"Ring of the Snake":[12]},"card_choices":[{"not_picked":["Caltrops","Choke"],"picked":"Backflip","floor":1},{"not_picked":["Replay:Poison Smokescreen","Outmaneuver"],"picked":"Flying Knee","floor":5},{"not_picked":["Underhanded Strike","Setup"],"picked":"Toxin Wave","floor":6},{"not_picked":["Prepared","Sucker Punch"],"picked":"ReplayTheSpireMod:Scrap Shanks","floor":12},{"not_picked":["Hidden Blade","Flying Knee"],"picked":"Noxious Fumes","floor":14}],"player_experience":598415,"relics_obtained":[{"floor":6,"key":"Replay:Baseball"},{"floor":9,"key":"Tiny Chest"}],"event_choices":[{"damage_healed":0,"gold_gain":0,"player_choice":"Box","damage_taken":0,"relics_obtained":["Boot"],"max_hp_gain":0,"max_hp_loss":0,"event_name":"Big Fish","floor":2,"gold_loss":0,"cards_obtained":["Regret"]},{"damage_healed":0,"gold_gain":0,"player_choice":"Leave","damage_taken":0,"max_hp_gain":0,"max_hp_loss":0,"event_name":"The Cleric","floor":4,"gold_loss":0}],"is_beta":false,"boss_relics":[],"items_purged_floors":[3,11],"is_endless":false,"potions_floor_spawned":[5,6,12],"killed_by":"Slime Boss","ascension_level":20}}