{"host":"qvl114e0jmbc6yhm","time":1609298427,"event":{"mods":["Act Like it!","BaseMod","Hermit","Highlight Path","Hubris","Jedi Mod","Marisa????????","Marked Mod","Minty Spire (QoL Compilation)","Permanent Neow","Random Character Button","Relic Sorter","Relic Stats","Replay The Spire","Shop Mod","Spicy Shops","StSLib","The Jungle","The Runesmith"],"gold_per_floor":[359,374,394,404,404,404,436,452,475,475,650,665,665,70,70,144,144,163,88,88,88,101,136,136,171,222,251,285,300,313,343,343,416,516,534,552,43,43,54,80,80,106,106,133,148,164,193,212,212,212],"floor_reached":51,"playtime":4725,"items_purged":["Doubt","Strike_MRS"],"score":2051,"play_id":"858acd31-5e14-4d69-a35f-5586e08e931b","local_time":"20201229222027","is_ascension_mode":true,"campfire_choices":[{"data":"MasterSpark","floor":6,"key":"SMITH"},{"floor":10,"key":"REST"},{"data":"hubris:EnhanceAbility","floor":15,"key":"SMITH"},{"data":"PropBag","floor":24,"key":"SMITH"},{"data":"MachineGunSpark","floor":32,"key":"SMITH"},{"data":"MachineGunSpark","floor":41,"key":"SMITH"},{"data":"MilkyWay","floor":49,"key":"SMITH"}],"circlet_count":0,"master_deck":["AscendersBane","Strike_MRS","Strike_MRS","Defend_MRS","Defend_MRS","Defend_MRS","Defend_MRS","MasterSpark+1","UpSweep","MysteriousBeam","SprinkleStarSeal","6A","PropBag+1","MilkyWay+1","GalacticHalo","AlicesGift","hubris:EnhanceAbility+1","AsteroidBelt","PulseMagic","ManaRampage","UnstableBomb+1","Shrug It Off","MachineGunSpark+1","CasketOfStar","DarkMatter+1","UltimateShortwave","DeepEcoloBomb","MachineGunSpark+1","Impatience","SporeBomb","OneTimeOff+1"],"relics":["MiniHakkero","Anchor","hubris:TenFootPole","BargainBundle","Shuriken","Eternal Feather","Painkiller Herb","Letter Opener","hubris:Potato","ReplayTheSpireMod:Lightbulb","Pen Nib","jedi:cryingmask","HornCleat","Replay:Wanted Poster","SimpleLauncher","hubris:CrystalStatue","Meat on the Bone","jedi:archwizardhat","Replay:Rubber Ducky","Garlic"],"acts_visited":["Exordium","TheCity","TheBeyond"],"potions_floor_usage":[4,23,25,28,30,50,50],"damage_taken":[{"damage":5,"enemies":"Small Slimes","floor":1,"turns":4},{"damage":9,"enemies":"2 Louse","floor":2,"turns":3},{"damage":0,"enemies":"Cultist","floor":3,"turns":2},{"damage":2,"enemies":"Gremlin Gang","floor":4,"turns":5},{"damage":24,"enemies":"Replay:BlueRogue","floor":7,"turns":6},{"damage":4,"enemies":"Blue Slaver","floor":8,"turns":3},{"damage":0,"enemies":"Large Slime","floor":12,"turns":6},{"damage":10,"enemies":"Fading Forest","floor":16,"turns":11},{"damage":0,"enemies":"3 Byrds","floor":18,"turns":5},{"damage":2,"enemies":"2 Thieves","floor":22,"turns":3},{"damage":1,"enemies":"Book of Stabbing","floor":23,"turns":5},{"damage":2,"enemies":"Replay:Snechameleon","floor":25,"turns":5},{"damage":0,"enemies":"Gremlin Leader","floor":27,"turns":4},{"damage":21,"enemies":"Slavers","floor":28,"turns":4},{"damage":0,"enemies":"Centurion and Healer","floor":29,"turns":5},{"damage":0,"enemies":"Snecko","floor":30,"turns":5},{"damage":9,"enemies":"Gremlin Leader","floor":31,"turns":7},{"damage":11,"enemies":"Pondfish","floor":33,"turns":7},{"damage":11,"enemies":"3 Shapes","floor":35,"turns":3},{"damage":0,"enemies":"Orb Walker","floor":36,"turns":3},{"damage":0,"enemies":"3 Darklings","floor":39,"turns":3},{"damage":15,"enemies":"Nemesis","floor":40,"turns":5},{"damage":0,"enemies":"R_Hoarder","floor":42,"turns":4},{"damage":0,"enemies":"Giant Head","floor":44,"turns":4},{"damage":0,"enemies":"4 Shapes","floor":45,"turns":4},{"damage":0,"enemies":"Writhing Mass","floor":46,"turns":4},{"damage":0,"enemies":"R_Hoarder","floor":47,"turns":3},{"damage":0,"enemies":"Transient","floor":48,"turns":5},{"damage":0,"enemies":"Donu and Deca","floor":50,"turns":4}],"seed_played":"-3203702937154806716","potions_obtained":[{"floor":2,"key":"SpeedPotion"},{"floor":3,"key":"EssenceOfSteel"},{"floor":7,"key":"FearPotion"},{"floor":23,"key":"jedi:wingpotion"},{"floor":27,"key":"SteroidPotion"},{"floor":28,"key":"jedi:tentaclejuice"},{"floor":29,"key":"Strength Potion"},{"floor":31,"key":"jedi:holywater"},{"floor":48,"key":"SteroidPotion"}],"is_trial":false,"path_per_floor":["M","M","M","M","?","R","E","M","T","R","?","M","?","$","R","B",null,"?","?","?","?","?","E","T","E","T","E","E","?","?","E","T","B",null,"?","?","T","?","?","E","T","E","T","E","?","?","E","?","T","B",null],"character_chosen":"MARISA","items_purchased":["BargainBundle","Shuriken","hubris:EnhanceAbility","Weak Potion","AsteroidBelt","PulseMagic","Eternal Feather","SimpleLauncher","MachineGunSpark"],"campfire_rested":1,"item_purchase_floors":[14,14,14,14,14,14,14,37,37],"current_hp_per_floor":[58,49,49,47,47,47,23,19,19,37,37,37,37,37,49,49,60,60,60,60,60,58,57,63,61,61,61,40,40,40,31,46,35,56,45,45,45,45,45,30,48,48,48,48,48,48,48,48,63,63],"gold":212,"neow_bonus":"TWO_FIFTY_GOLD","is_daily":false,"chose_seed":false,"campfire_upgraded":6,"win_rate":0.0,"timestamp":1609298427,"path_taken":["M","M","M","M","?","R","E","M","T","R","?","M","?","$","R","BOSS","?","?","?","?","?","E","T","E","T","E","E","?","?","E","T","BOSS","?","?","T","?","?","E","T","E","T","E","?","?","E","?","T","BOSS"],"items_purchased_type":["Relic","Relic","Card","Potion","Card","Card","Relic","Relic","Card"],"build_version":"2020-12-22","purchased_purges":2,"victory":true,"max_hp_per_floor":[63,63,63,63,63,63,63,63,63,63,63,63,63,63,63,63,63,63,63,63,63,63,63,63,63,63,63,63,63,63,63,63,63,63,63,63,63,63,63,63,63,63,63,63,63,63,63,63,63,63],"relic_stats":{"counters":[29,132],"Shuriken":[61],"Eternal Feather":66,"Pen Nib":[19],"Letter Opener":[282],"obtain_stats":[{"AmplifyWand":12,"hubris:CrystalStatue":40,"Gremlin Horn":35,"Painkiller Herb":17,"jedi:archwizardhat":43,"Replay:Rubber Ducky":44,"Replay:Wanted Poster":34,"HornCleat":31,"Sundial":7,"Mummified Hand":40,"jedi:cryingmask":28,"Kunai":39,"SimpleLauncher":37,"BargainBundle":14,"Blue Candle":30,"Eternal Feather":14,"Pen Nib":27,"Letter Opener":8,"Mercury Hourglass":18,"Anchor":7,"Shuriken":14,"Ornamental Fan":48,"hubris:TenFootPole":9,"Garlic":47,"MiniHakkero":0,"ReplayTheSpireMod:Lightbulb":26,"hubris:Potato":25,"Meat on the Bone":23},{"AmplifyWand":7,"hubris:CrystalStatue":22,"Gremlin Horn":19,"Painkiller Herb":8,"jedi:archwizardhat":23,"Replay:Rubber Ducky":24,"Replay:Wanted Poster":18,"HornCleat":17,"Sundial":5,"Mummified Hand":22,"jedi:cryingmask":14,"Kunai":21,"SimpleLauncher":20,"BargainBundle":7,"Blue Candle":16,"Eternal Feather":7,"Pen Nib":13,"Letter Opener":6,"Mercury Hourglass":9,"Anchor":5,"Shuriken":7,"Ornamental Fan":28,"hubris:TenFootPole":6,"Garlic":27,"MiniHakkero":0,"ReplayTheSpireMod:Lightbulb":12,"hubris:Potato":12,"Meat on the Bone":11},{"AmplifyWand":27,"hubris:CrystalStatue":104,"Gremlin Horn":91,"Painkiller Herb":40,"jedi:archwizardhat":108,"Replay:Rubber Ducky":112,"Replay:Wanted Poster":90,"HornCleat":83,"Sundial":15,"Mummified Hand":100,"jedi:cryingmask":66,"Kunai":97,"SimpleLauncher":96,"BargainBundle":29,"Blue Candle":72,"Eternal Feather":29,"Pen Nib":62,"Letter Opener":21,"Mercury Hourglass":42,"Anchor":20,"Shuriken":29,"Ornamental Fan":124,"hubris:TenFootPole":23,"Garlic":123,"MiniHakkero":0,"ReplayTheSpireMod:Lightbulb":58,"hubris:Potato":58,"Meat on the Bone":50}],"Meat on the Bone":0},"card_choices":[{"not_picked":["OneTimeOff","EventHorizon"],"picked":"MysteriousBeam","floor":1},{"not_picked":["SuperPerseids","LuminesStrike"],"picked":"SprinkleStarSeal","floor":2},{"not_picked":["ChargingUp","WitchOfGreed"],"picked":"6A","floor":3},{"not_picked":["StarlightTyphoon","Orbital","IllusionStar"],"picked":"SKIP","floor":4},{"not_picked":["WitchOfGreed","RefractionSpark"],"picked":"MilkyWay","floor":7},{"not_picked":["PulseMagic","Singularity"],"picked":"GalacticHalo","floor":8},{"not_picked":["AsteroidBelt","SporeBomb"],"picked":"AlicesGift","floor":12},{"not_picked":["SuperNova","BigCrunch"],"picked":"ManaRampage","floor":16},{"not_picked":["NonDirectionalLaser","IllusionStar"],"picked":"UnstableBomb+1","floor":18},{"not_picked":["DeepEcoloBomb","DarkMatter+1"],"picked":"MachineGunSpark","floor":22},{"not_picked":["Robbery","LuminesStrike","WitchOfGreed"],"picked":"SKIP","floor":23},{"not_picked":["AbsoluteMagnitude","DragonMeteor"],"picked":"CasketOfStar","floor":25},{"not_picked":["DC","LuminesStrike","AsteroidBelt"],"picked":"SKIP","floor":27},{"not_picked":["SuperPerseids","SprinkleStarSeal","NonDirectionalLaser"],"picked":"SKIP","floor":28},{"not_picked":["ShootingEcho+1","WitchLeyline"],"picked":"DarkMatter+1","floor":29},{"not_picked":["UnstableBomb","DoubleSpark","AlicesGift"],"picked":"SKIP","floor":30},{"not_picked":["UnstableBomb","DoubleSpark","AlicesGift"],"picked":"SKIP","floor":30},{"not_picked":["ShootTheMoon","6A","RefractionSpark"],"picked":"SKIP","floor":31},{"not_picked":["SuperNova","CasketOfStar"],"picked":"UltimateShortwave","floor":33},{"not_picked":["Orbital","DoubleSpark+1"],"picked":"DeepEcoloBomb","floor":35},{"not_picked":["WitchLeyline","MilkyWay+1","MaximisePower"],"picked":"SKIP","floor":36},{"not_picked":["PanicButton","Midas Touch"],"picked":"Impatience","floor":38},{"not_picked":["WitchLeyline","GravityBeat"],"picked":"SporeBomb","floor":39},{"not_picked":["RefractionSpark","ChargeUpSpray+1","LuminesStrike"],"picked":"SKIP","floor":40},{"not_picked":["6A","AsteroidBelt","DarkMatter+1"],"picked":"SKIP","floor":42},{"not_picked":["OpenUniverse","DC","PowerUp"],"picked":"SKIP","floor":44},{"not_picked":["WitchOfGreed","PulseMagic","UnstableBomb"],"picked":"SKIP","floor":45},{"not_picked":["GravityBeat+1","AsteroidBelt+1"],"picked":"OneTimeOff+1","floor":46},{"not_picked":["UnstableBomb+1","ChargeUpSpray","StarDustReverie"],"picked":"SKIP","floor":47},{"not_picked":["NonDirectionalLaser","DragonMeteor+1","EnergyRecoil"],"picked":"SKIP","floor":48}],"player_experience":2399230,"relics_obtained":[{"floor":7,"key":"Anchor"},{"floor":9,"key":"hubris:TenFootPole"},{"floor":23,"key":"Letter Opener"},{"floor":25,"key":"hubris:Potato"},{"floor":26,"key":"ReplayTheSpireMod:Lightbulb"},{"floor":27,"key":"Pen Nib"},{"floor":28,"key":"jedi:cryingmask"},{"floor":31,"key":"HornCleat"},{"floor":40,"key":"hubris:CrystalStatue"},{"floor":42,"key":"Meat on the Bone"},{"floor":43,"key":"jedi:archwizardhat"},{"floor":44,"key":"Replay:Rubber Ducky"},{"floor":47,"key":"Garlic"}],"event_choices":[{"damage_healed":0,"gold_gain":175,"player_choice":"AGREE","damage_taken":0,"max_hp_gain":0,"max_hp_loss":0,"event_name":"Liars Game","floor":11,"gold_loss":0,"cards_obtained":["Doubt"]},{"cards_removed":["Strike_MRS"],"damage_healed":0,"gold_gain":0,"player_choice":"Gave Gold","damage_taken":0,"max_hp_gain":0,"max_hp_loss":0,"event_name":"Beggar","floor":19,"gold_loss":75},{"damage_healed":0,"gold_gain":0,"player_choice":"Read","damage_taken":0,"max_hp_gain":0,"max_hp_loss":0,"event_name":"The Library","floor":20,"gold_loss":0,"cards_obtained":["EnergyFlow"]},{"cards_removed":["EnergyFlow"],"damage_healed":0,"gold_gain":0,"player_choice":"Took Card","damage_taken":0,"max_hp_gain":0,"max_hp_loss":0,"event_name":"NoteForYourself","floor":21,"gold_loss":0,"cards_obtained":["Shrug It Off"]},{"damage_healed":0,"gold_gain":0,"player_choice":"Memory 1","damage_taken":0,"max_hp_gain":0,"max_hp_loss":0,"event_name":"SensoryStone","floor":38,"gold_loss":0}],"is_beta":false,"boss_relics":[{"not_picked":["Velvet Choker","Replay:Drink Me"],"picked":"Painkiller Herb"},{"not_picked":["jedi:hotpepper","Philosopher\u0027s Stone"],"picked":"Replay:Wanted Poster"}],"items_purged_floors":[14,37],"is_endless":false,"potions_floor_spawned":[2,3,7,8,16,23,27,28,29,31,35,36,39,46,48],"ascension_level":14}}