{"host":"ymw71f7rc9ndansy","time":1609315687,"event":{"mods":["ATMod(°¢èªMod)","Act Like it!","Arknights The Spire","Aspiration","BaseMod","DeckTracker","Hubris","Library of Ruina","Library of Ruina Extra","Lobotomy","LobotomyExtend","Minty Spire (QoL Compilation)","MostiFishMod","Remove Card Discount Mod","Replay The Spire","StSLib","TestMod","¡¾ÒÅÎï¿¨ÅÆ¡¿REMEMod"],"gold_per_floor":[115,164,175,140,140,172,86,86,86,86,98,173,201,211,211,307,307,386,386,64,64,139,172,172,202,202,56,85,102,102,120,120,120,120],"floor_reached":33,"playtime":1406,"items_purged":["ats:Strike G","ats:Strike S","ats:Strike V","ats:Armor Crushing Shot","ats:Defend","ats:Defend","ats:Defend","ats:Defend","ats:Strike C"],"score":411,"play_id":"161e6485-0e81-4859-a51d-162c3e70b07f","local_time":"20201230160807","is_ascension_mode":false,"campfire_choices":[{"data":"ats:Volcano","floor":8.0,"key":"SMITH"},{"data":"ats:Emotion Absorption","floor":10.0,"key":"SMITH"},{"floor":15.0,"key":"REST"},{"data":"MostiFishMod:Nova","floor":24,"key":"SMITH"},{"data":"ats:Burning Ground","floor":30,"key":"SMITH"},{"data":"ats:Burning Ground","floor":32,"key":"SMITH"}],"circlet_count":0,"master_deck":["ats:Emotion Absorption+1","AT_DarkMatter","MostiFishMod:Nova+1","ats:Curse Doll","ats:Sunburst+1","ats:Burning Ground+1","ats:Volcano+1","ats:Very Hot Blade+1","ats:Sunburst","ats:Guardian Obelisk","ats:Calcification","Ghostly","Ghostly","Ghostly","Ghostly","Ghostly","ats:Echo Reverb","ats:Burning Ground+1","ats:Leaping Hammer"],"relics":["ats:Sanity","testmod-TestBox","DaveBox","REME_ComplimentaryCards","AT_ATBox","DianDianMeat","testmod-ChristmasGift","AT_Kusabimaru","SynthV:TestCard","ats:Originium","Singing Bowl","aspiration:StickyExplosives","Busted Crown","Quantum Egg","hubris:Icosahedron","PageOfPorccubus","Letter Opener","Whetstone","Matryoshka"],"acts_visited":["Exordium","TheCity"],"potions_floor_usage":[23,23,23,25,25,25,25,25,25,25,25,25,25,33,33,33,33,33,33,33,33,33],"damage_taken":[{"damage":12.0,"enemies":"2 Louse","floor":1.0,"turns":3.0},{"damage":19.0,"enemies":"Jaw Worm","floor":2.0,"turns":6.0},{"damage":12.0,"enemies":"Cultist","floor":3.0,"turns":5.0},{"damage":18.0,"enemies":"3 Sentries","floor":6.0,"turns":4.0},{"damage":0.0,"enemies":"Looter","floor":11.0,"turns":1.0},{"damage":18.0,"enemies":"Lagavulin","floor":13.0,"turns":5.0},{"damage":11.0,"enemies":"3 Louse","floor":14.0,"turns":2.0},{"damage":14.0,"enemies":"Fading Forest","floor":16.0,"turns":13.0},{"damage":5.0,"enemies":"Chosen","floor":18.0,"turns":3.0},{"damage":2,"enemies":"Gremlin Leader","floor":23,"turns":5},{"damage":4,"enemies":"Slavers","floor":25,"turns":3},{"damage":12,"enemies":"Gremlin Leader","floor":28,"turns":4},{"damage":4,"enemies":"2 Thieves","floor":29,"turns":2},{"damage":0,"enemies":"Snecko","floor":31,"turns":3}],"seed_played":"-3887489970149121156","potions_obtained":[{"floor":13.0,"key":"Languid Potion"},{"floor":14.0,"key":"Languid Potion"},{"floor":25,"key":"SkillPotion"},{"floor":28,"key":"DistilledChaos"},{"floor":31,"key":"Dexterity Potion"}],"is_trial":false,"path_per_floor":["M","M","M","?","?","E","$","R","T","R","M","?","E","M","R","B",null,"M","?","$","?","?","E","R","E","T","$","E","M","R","M","R","B"],"character_chosen":"DOCTOR_CLASS","items_purchased":["ats:Very Hot Blade","testmod-SpacePotion","Quantum Egg","Whetstone"],"campfire_rested":1,"item_purchase_floors":[7,20,20,27],"current_hp_per_floor":[41,28,20,39,39,28,33,33,33,33,40,29,18,15,45,77,110,110,111,111,111,100,125,125,124,124,124,125,141,141,160,160,84,84],"gold":120,"neow_bonus":"ONE_RARE_RELIC","is_daily":false,"chose_seed":false,"campfire_upgraded":5,"win_rate":0.0,"timestamp":1609315687,"path_taken":["M","M","M","?","?","E","?","R","T","R","?","?","E","M","R","BOSS","M","?","$","?","?","E","R","E","T","$","E","?","R","?","R","BOSS"],"items_purchased_type":["Card","Potion","Relic","Relic"],"build_version":"2020-12-22","purchased_purges":9,"victory":false,"max_hp_per_floor":[73,75,78,78,78,82,87,87,87,87,93,93,95,102,102,110,110,112,111,111,111,111,125,125,127,127,127,129,144,144,160,160,160,160],"card_choices":[{"not_picked":["ats:Hammer On","ats:Blood Oath"],"picked":"ats:Curse Doll","floor":1.0},{"not_picked":["ats:Powerful Strike","ats:Revitalization","ats:Shell Defense","ats:Flexible Camouflage"],"picked":"ats:Sunburst","floor":2.0},{"not_picked":["ats:Leaping Hammer","ats:Shadow Raid","ats:Apocalypse","ats:Powerful Strike"],"picked":"ats:Burning Ground","floor":3.0},{"not_picked":["ats:Neurotoxin","ats:Support Order","ats:Steam Pump","ats:Rat Pack"],"picked":"ats:Volcano","floor":6.0},{"not_picked":["ats:Consecutive Shot Auto","ats:Poison Spread","ats:Revitalization","ats:Hammer On"],"picked":"ats:Sunburst","floor":11.0},{"not_picked":["ats:Magnetic Hammer","ats:Apocalypse","ats:Childhood Dance","ats:Consecutive Shot Auto","ats:Shell Defense"],"picked":"Singing Bowl","floor":13.0},{"not_picked":["ats:Explosion Area Strengthen","ats:Curse Doll","ats:Mental Burst","ats:Healing Drone"],"picked":"ats:Guardian Obelisk","floor":14.0},{"not_picked":["ats:Roar Of Ursus","ats:Durian","ats:Volcano","ats:Ambush"],"picked":"ats:Calcification","floor":16.0},{"not_picked":["ats:Hook Shot","ats:Consecutive Shot Auto","ats:Assault Order+1"],"picked":"Singing Bowl","floor":18.0},{"not_picked":["ats:Very Hot Blade","ats:Leaping Hammer"],"picked":"ats:Echo Reverb","floor":23},{"not_picked":["ats:Automatic Cover","ats:Poison Spread","ats:Consecutive Shot Auto+1"],"picked":"Singing Bowl","floor":25},{"not_picked":["ats:Hammer On+1","ats:Shell Defense","ats:Sword Rain"],"picked":"Singing Bowl","floor":28},{"not_picked":["ats:Ignite","ats:Automatic Cover"],"picked":"ats:Burning Ground","floor":29},{"not_picked":["ats:Curse Doll","ats:Revitalization"],"picked":"ats:Leaping Hammer","floor":31}],"player_experience":1061456,"relics_obtained":[{"floor":1.0,"key":"SynthV:TestCard"},{"floor":6.0,"key":"ats:Originium"},{"floor":6.0,"key":"Singing Bowl"},{"floor":9.0,"key":"aspiration:StickyExplosives"},{"floor":13.0,"key":"ats:Originium"},{"floor":23,"key":"ats:Originium"},{"floor":23,"key":"PageOfPorccubus"},{"floor":25,"key":"Letter Opener"},{"floor":28,"key":"Matryoshka"}],"event_choices":[{"damage_healed":19.0,"max_hp_gain":0.0,"max_hp_loss":0.0,"gold_gain":0.0,"event_name":"The Cleric","player_choice":"Healed","floor":4.0,"gold_loss":35.0,"damage_taken":0.0},{"damage_healed":0.0,"max_hp_gain":0.0,"max_hp_loss":0.0,"gold_gain":0.0,"event_name":"Golden Wing","player_choice":"Ignored","floor":5.0,"gold_loss":0.0,"damage_taken":0.0},{"damage_healed":0.0,"max_hp_gain":0.0,"max_hp_loss":0.0,"gold_gain":75.0,"event_name":"World of Goop","player_choice":"Gather Gold","floor":12.0,"gold_loss":0.0,"damage_taken":11.0},{"damage_healed":0.0,"max_hp_gain":0.0,"max_hp_loss":56.0,"gold_gain":0.0,"event_name":"Ghosts","player_choice":"Became a Ghost","floor":19.0,"gold_loss":0.0,"damage_taken":0.0,"cards_obtained":["Ghostly","Ghostly","Ghostly","Ghostly","Ghostly"]},{"damage_healed":0,"gold_gain":75,"player_choice":"Touch","damage_taken":11,"max_hp_gain":0,"max_hp_loss":0,"event_name":"FaceTrader","floor":22,"gold_loss":0}],"is_beta":false,"boss_relics":[{"not_picked":["BloodWine","hubris:BlackHole"],"picked":"Busted Crown"}],"items_purged_floors":[7,7,7,7,20,20,20,20,20],"is_endless":false,"potions_floor_spawned":[11,13,14,25,28,31],"killed_by":"RedHoodMercenary","ascension_level":0}}