{"host":"tmf10eeko6je6wes","time":1609368355,"event":{"mods":["AchievementEnabler","BaseMod","Colored Map","Colored Powertips","DeckTracker","Highlight Path","Minty Spire (QoL Compilation)","Permanent Neow","Quick Restart","Relic Sorter","Relic Stats","Shop Mod","StSLib","SuperFastMode","Synergy Search"],"gold_per_floor":[114,114,126,5,25,25,58,58,81,81,99,60,60,19,19,115,115,135,50,50,60,78,78,78,78],"floor_reached":24,"playtime":745,"items_purged":[],"score":194,"play_id":"0bfa0196-cf8d-4892-9782-c389c0205a69","local_time":"20201230174555","is_ascension_mode":false,"campfire_choices":[{"data":"Prostrate","floor":6,"key":"SMITH"},{"floor":8,"key":"REST"},{"data":"SandsOfTime","floor":10,"key":"SMITH"},{"floor":15,"key":"REST"},{"floor":23,"key":"REST"}],"circlet_count":0,"master_deck":["Strike_P","Strike_P","Strike_P","Strike_P","Defend_P","Defend_P+1","Defend_P","Eruption","Vigilance","ThirdEye+1","FearNoEvil","Prostrate+1","EmptyFist","BowlingBash","EmptyFist","SandsOfTime+1","Protect","Collect","WindmillStrike","Devotion","Crescendo+1","Strike_P","Prostrate","Tantrum+1"],"relics":["PureWater","NeowsBlessing","FaceOfCleric","Bag of Preparation","Bag of Marbles","War Paint","Black Star","Omamori"],"acts_visited":["Exordium","TheCity"],"potions_floor_usage":[16,22,24],"damage_taken":[{"damage":0,"enemies":"Small Slimes","floor":1,"turns":1},{"damage":0,"enemies":"Cultist","floor":3,"turns":1},{"damage":0,"enemies":"Jaw Worm","floor":5,"turns":1},{"damage":42,"enemies":"Gremlin Nob","floor":7,"turns":5},{"damage":0,"enemies":"3 Louse","floor":11,"turns":2},{"damage":53,"enemies":"Hexaghost","floor":16,"turns":11},{"damage":29,"enemies":"3 Byrds","floor":18,"turns":5},{"damage":21,"enemies":"Shell Parasite","floor":21,"turns":7},{"damage":10,"enemies":"Snecko","floor":22,"turns":3},{"damage":55,"enemies":"Slavers","floor":24,"turns":4}],"seed_played":"5179542872689544128","potions_obtained":[{"floor":5,"key":"BlessingOfTheForge"},{"floor":7,"key":"DistilledChaos"},{"floor":21,"key":"BottledMiracle"}],"is_trial":false,"path_per_floor":["M","?","M","$","M","R","E","R","T","R","M","$","?","$","R","B",null,"M","?","?","M","M","R","E"],"character_chosen":"WATCHER","items_purchased":["Prostrate","EmptyFist","BowlingBash","Collect","WindmillStrike"],"campfire_rested":3,"item_purchase_floors":[4,4,4,12,14],"current_hp_per_floor":[72,72,73,73,74,74,33,55,55,55,56,56,44,44,66,14,77,49,49,49,29,20,44,0,0],"gold":78,"neow_bonus":"THREE_ENEMY_KILL","is_daily":false,"chose_seed":false,"campfire_upgraded":2,"win_rate":0.0,"timestamp":1609368355,"path_taken":["M","?","M","$","M","R","E","R","T","R","?","$","?","$","R","BOSS","M","?","?","M","M","R","E"],"items_purchased_type":["Card","Card","Card","Card","Card"],"build_version":"2020-12-22","purchased_purges":0,"victory":false,"max_hp_per_floor":[72,72,73,73,74,74,75,75,75,75,76,76,76,76,76,77,77,78,78,78,79,80,80,80,80],"relic_stats":{"FaceOfCleric":8,"counters":[10,40],"Bag of Preparation":[12],"Black Star":0,"War Paint":["Defend_P","ThirdEye"],"obtain_stats":[{"NeowsBlessing":0,"FaceOfCleric":2,"Bag of Preparation":7,"Bag of Marbles":9,"Black Star":17,"Omamori":19,"PureWater":0,"War Paint":13},{"NeowsBlessing":0,"FaceOfCleric":1,"Bag of Preparation":4,"Bag of Marbles":4,"Black Star":6,"Omamori":7,"PureWater":0,"War Paint":5},{"NeowsBlessing":0,"FaceOfCleric":1,"Bag of Preparation":8,"Bag of Marbles":8,"Black Star":21,"Omamori":26,"PureWater":0,"War Paint":10}]},"card_choices":[{"not_picked":["CutThroughFate","MentalFortress"],"picked":"ThirdEye","floor":1},{"not_picked":["WindmillStrike","CutThroughFate"],"picked":"FearNoEvil","floor":3},{"not_picked":["Wireheading","Study"],"picked":"EmptyFist","floor":5},{"not_picked":["Indignation","LessonLearned"],"picked":"SandsOfTime","floor":7},{"not_picked":["BowlingBash","Meditate"],"picked":"Protect","floor":11},{"not_picked":["Brilliance","ConjureBlade"],"picked":"Devotion","floor":16},{"not_picked":["EmptyBody+1","CrushJoints"],"picked":"Crescendo+1","floor":18},{"not_picked":["FearNoEvil","WaveOfTheHand"],"picked":"Prostrate","floor":21},{"not_picked":["SashWhip","Crescendo"],"picked":"Tantrum+1","floor":22}],"player_experience":30805,"relics_obtained":[{"floor":7,"key":"Bag of Preparation"},{"floor":9,"key":"Bag of Marbles"}],"event_choices":[{"damage_healed":0,"gold_gain":0,"player_choice":"Trade","damage_taken":0,"relics_obtained":["FaceOfCleric"],"max_hp_gain":0,"max_hp_loss":0,"event_name":"FaceTrader","floor":2,"gold_loss":0},{"damage_healed":0,"gold_gain":0,"player_choice":"Success","damage_taken":12,"relics_obtained":["War Paint"],"max_hp_gain":0,"max_hp_loss":0,"event_name":"Scrap Ooze","floor":13,"gold_loss":0},{"damage_healed":0,"gold_gain":0,"player_choice":"Obtained Relic","damage_taken":0,"relics_obtained":["Omamori"],"max_hp_gain":0,"max_hp_loss":0,"event_name":"Addict","floor":19,"gold_loss":85},{"cards_removed":["Defend_P"],"damage_healed":0,"gold_gain":0,"player_choice":"Took Card","damage_taken":0,"max_hp_gain":0,"max_hp_loss":0,"event_name":"NoteForYourself","floor":20,"gold_loss":0,"cards_obtained":["Strike_P"]}],"is_beta":false,"boss_relics":[{"not_picked":["Cursed Key","Fusion Hammer"],"picked":"Black Star"}],"items_purged_floors":[],"is_endless":false,"potions_floor_spawned":[5,7,21],"killed_by":"Slavers","ascension_level":0}}