{"host":"v1zz5dqrlq7zjvm7","time":1609317166,"event":{"mods":["Act Like it!","BaseMod","Colored Map","Colored Powertips","Friendly Minions","Gensokyo","HololiveMod","Minty Spire (QoL Compilation)","Prisma Mod","StSLib","The Servant 0.9.4","UnlockEverythingMod","Waifu the Spire"],"gold_per_floor":[76,76,76,95,95,127,127,127,196,214,12,40,53,63,63,142,142,310,330,342,342,355,355,355],"floor_reached":23,"playtime":859,"items_purged":[],"score":597,"play_id":"2ecd9308-0cae-4c56-9362-b77ea19ed8bc","local_time":"20201230190246","is_ascension_mode":true,"campfire_choices":[{"data":"Hololive_CallHoshimachiSuisei","floor":7,"key":"SMITH"},{"data":"Hololive_CallAZKi","floor":15,"key":"SMITH"}],"circlet_count":0,"master_deck":["AscendersBane","Hololive_Strike","Hololive_Defend","Hololive_Sequa","Hololive_CallFriendA","Hololive_CallKiryuuCoco","Hololive_CallCivia","Hololive_CallHoshimachiSuisei+1","Hololive_CallTsunomakiWatame","Regret","Hololive_CallYuzukiChoco","Hololive_CallOzoraSubaru","Hololive_LuckPotion","Gensokyo:CrescentMoonSlash","Hololive_CallTokoyamiTowa","Hololive_CallRoboco","Hololive_CallInugamiKorone","Hololive_CallCivia","Injury","Hololive_CallShiroganeNoel","Gensokyo:BlemishedSteel","Hololive_CallAZKi+1","Hololive_CallMomosuzuNene+4","Hololive_CallAyundaRisu","Hololive_DDD","Hololive_CallYuzukiChoco+1","Hololive_CocoNews","Gensokyo:SummonFieryMouse","Hololive_CallNekomataOkayu","Gensokyo:FourOfAKind","Gensokyo:FourOfAKind","Gensokyo:FourOfAKind","Gensokyo:FourOfAKind","Hololive_Psychosis"],"relics":["Hololive_TheStar","Smiling Mask","Dead Branch","MealTicket","Ornamental Fan","PreservedInsect","Happy Flower","Runic Dome","Gensokyo:Companionship"],"acts_visited":["Gensokyo:Gensokyo","Gensokyo:Gensokyoer"],"potions_floor_usage":[6],"damage_taken":[{"damage":0,"enemies":"Gensokyo:Python","floor":1,"turns":3},{"damage":0,"enemies":"Gensokyo:3_Fairies","floor":4,"turns":3},{"damage":0,"enemies":"Gensokyo:Cirno","floor":6,"turns":5},{"damage":0,"enemies":"Gensokyo:2_Kodama","floor":10,"turns":4},{"damage":0,"enemies":"Gensokyo:Mamizou","floor":12,"turns":4},{"damage":0,"enemies":"Gensokyo:LivingMonolith","floor":13,"turns":4},{"damage":0,"enemies":"Gensokyo:3_Kodama","floor":14,"turns":3},{"damage":0,"enemies":"Gensokyo:Yukari","floor":16,"turns":7},{"damage":0,"enemies":"Gensokyo:2_Gloops","floor":18,"turns":4},{"damage":9,"enemies":"Gensokyo:AngelMirror","floor":19,"turns":4},{"damage":2,"enemies":"Gensokyo:3_Gloops","floor":20,"turns":6},{"damage":11,"enemies":"Gensokyo:Mirror_and_Dog","floor":22,"turns":4},{"damage":11,"enemies":"Gensokyo:Tenshi","floor":23,"turns":1}],"seed_played":"-7425856343485352689","potions_obtained":[{"floor":1,"key":"EssenceOfSteel"},{"floor":10,"key":"SpeedPotion"},{"floor":13,"key":"SmokeBomb"},{"floor":14,"key":"ColorlessPotion"},{"floor":19,"key":"EssenceOfSteel"}],"is_trial":false,"path_per_floor":["M","?","?","M","T","E","R","?","T","M","COS","E","M","M","R","B",null,"M","M","M","?","M","E"],"character_chosen":"Hololive_HololiveCharacter","items_purchased":[],"campfire_rested":0,"item_purchase_floors":[],"current_hp_per_floor":[27,21,21,21,21,21,21,21,21,21,21,21,21,21,21,21,28,28,19,17,17,6,0,0],"gold":355,"neow_bonus":"TRANSFORM_TWO_CARDS","is_daily":false,"chose_seed":false,"campfire_upgraded":2,"win_rate":0.0,"timestamp":1609317166,"path_taken":["M","?","?","M","?","E","R","?","T","M","COS","E","M","?","R","BOSS","M","M","?","?","?","E"],"items_purchased_type":[],"build_version":"2020-12-22","purchased_purges":0,"victory":false,"max_hp_per_floor":[30,30,30,30,30,30,30,30,30,30,30,30,30,30,30,30,30,30,30,30,20,20,20,20],"card_choices":[{"not_picked":["Hololive_HuntDinosaur","Hololive_OvertimeWork","Hololive_Teleport"],"picked":"Hololive_LuckPotion","floor":1},{"not_picked":["Hololive_Rebound","Hololive_BeCareful","Hololive_OvertimeWork"],"picked":"Hololive_CallTokoyamiTowa","floor":3},{"not_picked":["Hololive_CallKiryuuCoco","Hololive_Drill","Hololive_LuckPotion"],"picked":"Hololive_CallRoboco","floor":3},{"not_picked":["Hololive_CallCivia","Hololive_Drill","Hololive_CallYogiri"],"picked":"Hololive_CallInugamiKorone","floor":4},{"not_picked":["Hololive_Trident","Hololive_CallAiraniIofifteen","Hololive_OvertimeWork"],"picked":"Hololive_CallCivia","floor":6},{"not_picked":["Hololive_FlareMind","Hololive_CocoNews","Hololive_OvertimeWork"],"picked":"Hololive_CallShiroganeNoel","floor":10},{"not_picked":["Hololive_OvertimeWork","Hololive_CandyCastle","Hololive_HuntDinosaur"],"picked":"Hololive_CallAZKi","floor":12},{"not_picked":["Hololive_Drill","Hololive_Sequa","Hololive_RevenueBasedLive"],"picked":"Hololive_CallMomosuzuNene","floor":13},{"not_picked":["Hololive_Sequa","Hololive_RevenueBasedLive","Hololive_FlyingPonyTail"],"picked":"Hololive_CallAyundaRisu","floor":14},{"not_picked":["Hololive_Nanodesu","Hololive_OpenUp","Hololive_ScarfAndHalo"],"picked":"Hololive_DDD","floor":16},{"not_picked":["Hololive_StrengthChampion","Hololive_HuntDinosaur","Hololive_Drill"],"picked":"Hololive_CallYuzukiChoco+1","floor":18},{"not_picked":["Hololive_Trident+1","Hololive_StrengthChampion","Hololive_LuckPotion"],"picked":"Hololive_CocoNews","floor":19},{"not_picked":["Hololive_RevenueBasedLive","Hololive_CallMoonaHoshinova","Hololive_Drill"],"picked":"Hololive_CallNekomataOkayu","floor":20},{"not_picked":["Hololive_LuckPotion","Hololive_Rebound","Hololive_Trident"],"picked":"Hololive_Psychosis","floor":22}],"player_experience":162991,"relics_obtained":[{"floor":5,"key":"Smiling Mask"},{"floor":6,"key":"Dead Branch"},{"floor":9,"key":"Ornamental Fan"},{"floor":12,"key":"PreservedInsect"}],"event_choices":[],"is_beta":false,"boss_relics":[{"not_picked":["Pandora\u0027s Box","Fusion Hammer"],"picked":"Runic Dome"}],"items_purged_floors":[],"is_endless":false,"potions_floor_spawned":[1,10,13,14,16,19,22],"killed_by":"Gensokyo:Tenshi","ascension_level":19}}