{"host":"t7mx8yfj1no5p62f","time":1609306899,"event":{"mods":["BaseMod","Colored Map","Colored Powertips","Minty Spire (QoL Compilation)","Relic Stats","StSLib"],"gold_per_floor":[116,127,127,138,138,138,150,33,33,47,47,47],"floor_reached":11,"playtime":298,"items_purged":["Strike_B"],"score":130,"play_id":"e0a5d2a9-5887-4847-953f-c0af1ce9c691","local_time":"20201230004139","is_ascension_mode":true,"campfire_choices":[{"data":"Streamline","floor":6,"key":"SMITH"}],"circlet_count":0,"master_deck":["AscendersBane","Strike_B+1","Strike_B","Strike_B","Defend_B","Defend_B+1","Defend_B","Defend_B","Zap","Dualcast","Streamline+1","Conserve Battery","Undo","Cold Snap","Doom and Gloom"],"relics":["Black Star","WingedGreaves"],"acts_visited":["Exordium"],"potions_floor_usage":[4,10],"damage_taken":[{"damage":10,"enemies":"2 Louse","floor":1,"turns":3},{"damage":3,"enemies":"Small Slimes","floor":2,"turns":3},{"damage":1,"enemies":"Jaw Worm","floor":4,"turns":4},{"damage":3,"enemies":"Looter","floor":7,"turns":4},{"damage":7,"enemies":"Exordium Thugs","floor":10,"turns":8},{"damage":21,"enemies":"Lagavulin","floor":11,"turns":7}],"seed_played":"-8474724743703540831","potions_obtained":[{"floor":1,"key":"SkillPotion"},{"floor":7,"key":"Block Potion"}],"is_trial":false,"path_per_floor":["M","M","?","M","?","R","M","$","T","M","E"],"character_chosen":"DEFECT","items_purchased":["Doom and Gloom"],"campfire_rested":0,"item_purchase_floors":[8],"current_hp_per_floor":[54,51,30,29,29,29,26,26,26,19,0,0],"gold":47,"neow_bonus":"BOSS_RELIC","is_daily":false,"chose_seed":false,"campfire_upgraded":1,"win_rate":0.0,"timestamp":1609306899,"path_taken":["M","M","?","M","?","R","M","$","T","M","E"],"items_purchased_type":["Card"],"build_version":"2020-12-22","purchased_purges":1,"victory":false,"max_hp_per_floor":[71,71,71,71,71,71,71,71,71,71,71,71],"relic_stats":{"counters":[6,29],"Black Star":0,"obtain_stats":[{"WingedGreaves":9,"Black Star":0,"Cracked Core":0},{"WingedGreaves":4,"Black Star":0,"Cracked Core":0},{"WingedGreaves":14,"Black Star":0,"Cracked Core":0}]},"card_choices":[{"not_picked":["Glacier","Hologram"],"picked":"Streamline","floor":1},{"not_picked":["Leap","Force Field"],"picked":"Conserve Battery","floor":2},{"not_picked":["Force Field","Fusion"],"picked":"Undo","floor":4},{"not_picked":["Redo","White Noise"],"picked":"Cold Snap","floor":7},{"not_picked":["Leap","Coolheaded","Barrage"],"picked":"SKIP","floor":10}],"player_experience":1609130,"relics_obtained":[{"floor":9,"key":"WingedGreaves"}],"event_choices":[{"damage_healed":0,"gold_gain":0,"player_choice":"Entered Light","damage_taken":21,"max_hp_gain":0,"max_hp_loss":0,"event_name":"Shining Light","floor":3,"gold_loss":0,"cards_upgraded":["Strike_B","Defend_B"]},{"damage_healed":0,"gold_gain":0,"player_choice":"Ignored","damage_taken":0,"max_hp_gain":0,"max_hp_loss":0,"event_name":"Liars Game","floor":5,"gold_loss":0}],"is_beta":false,"boss_relics":[],"items_purged_floors":[8],"is_endless":false,"potions_floor_spawned":[1,7],"killed_by":"Lagavulin","ascension_level":20}}