{"host":"vd5put2n5b3t1prw","time":1609304156,"event":{"mods":["2.2 Compatiblity","AchievementEnabler","Alarm Clock","BaseMod","Bestiary","Better Altar","Better Match","Better Note","Better Sensory Stone","Better Silent Start","Better Skull","Better Third Choice","Better Vampires","Better-Laid Plans","BetterRewards","Block Reminder","Card Filter","Card Forge","Colored Map","Curses Come First","Custom Start","Downfall","Emptier Cage","Marked Mod","Minty Spire (QoL Compilation)","Quick Restart","Random Character Button","Rare Cards Sparkle","Relic Filter","Relic Stats","Reorder Act Four","Spicy Shops","StSLib","The Marked","Transform Curses","Waifu the Spire"],"gold_per_floor":[136,151,224,50,90,142,230,230,254,404,404,404,415,601,601,991,991,1267,790,790,975,483,483,557,557,557,629,642,642,1089,1089,1089,1462,1462,1473,962,1139,1375,1391,1391,1670,1670,1670,1670,1799,1832,1849,2561,2561,3235,3235,2719,2719,2750,3148],"floor_reached":56,"playtime":6509,"items_purged":["sneckomod:Strike","sneckomod:Strike+1","sneckomod:UnknownX+1","Writhe","sneckomod:Defend","Decay"],"score":1873,"play_id":"bb50a2dd-05f2-4057-8b78-d2e5d2b2b857","local_time":"20201229225556","is_ascension_mode":true,"campfire_choices":[{"data":"sneckomod:DiceBoulder+3","floor":8,"key":"SMITH"},{"data":"sneckomod:DiceBoulder+4","floor":11,"key":"SMITH"},{"data":"sneckomod:DiceBoulder+5","floor":15,"key":"SMITH"},{"data":"sneckomod:DiceBoulder+6","floor":23,"key":"SMITH"},{"floor":25,"key":"RECALL"},{"data":"1","floor":32,"key":"LIFT"},{"data":"2","floor":40,"key":"LIFT"},{"data":"3","floor":44,"key":"LIFT"},{"data":"sneckomod:DiceBoulder+13","floor":49,"key":"SMITH"},{"data":"sneckomod:UnknownUncommonPower","floor":53,"key":"SMITH"}],"circlet_count":0,"master_deck":["sneckomod:Defend+1","sneckomod:Defend+1","sneckomod:Unknown+1","sneckomod:Unknown+1","sneckomod:MorePower+1","sneckomod:MorePower+1","sneckomod:GlitteringGambit+1","sneckomod:UnknownUncommonPower+1","sneckomod:GlitteringGambit+1","sneckomod:SerpentIdol+1","sneckomod:UnknownBlock+1","sneckomod:DiceBoulder+20","sneckomod:UnknownBlock+1","hexamod:SixthSeal","sneckomod:UnknownRarePower+1","sneckomod:UnknownClassRED+1","sneckomod:UnknownUncommonPower+1","sneckomod:UnlimitedRolls+1","sneckomod:UnknownColorless+1","sneckomod:Unknown0Cost+1","sneckomod:QuickBite+1","sneckomod:UnknownUncommonPower+2","sneckomod:SerpentIdol+1","sneckomod:UnknownRarePower+1","sneckomod:UnknownRareAttack+1","sneckomod:DiceCrush+1","sneckomod:DiceCrush+1","sneckomod:UnknownUncommonPower+1","sneckomod:UnknownStrength+1","sneckomod:SerpentMind+1","sneckomod:SoulCleanse+1","sneckomod:CheapStock+1","sneckomod:UnknownRarePower+1","sneckomod:UnknownUncommonPower+2","sneckomod:SlitherStrike+1","sneckomod:UnknownRarePower+1","sneckomod:DiceCrush+1","Transmutation+1","sneckomod:UnknownBlock+1","sneckomod:SlitherStrike+1","sneckomod:UnknownBlock+1","sneckomod:SlitherStrike+1","sneckomod:UnknownUncommonPower+1"],"relics":["sneckomod:SuperSneckoSoul","Hammer of Thor","Seething Fire","Anvil of the Gods","Toolbox","hexamod:BolsterEngine","Eternal Feather","Juzu Bracelet","DollysMirror","PreservedInsect","Orrery","Meat on the Bone","Mummified Hand","Vajra","Anchor","White Beast Statue","Empty Cage","sneckomod:LoadedDie","TheAbacus","Membership Card","TungstenRod","War Paint","Oddly Smooth Stone","Girya","betterThird:NestCultRelic","Strawberry","Bloody Idol","Potion Belt","OrangePellets","Blood Vial","Chemical X","Pocketwatch","Letter Opener","Bottled Flame","Akabeko","Bird Faced Urn","Guardian:PocketSentry","Bag of Marbles","Thread and Needle","HandDrill","Lee\u0027s Waffle","FossilizedHelix"],"acts_visited":["Exordium","TheCity","TheBeyond","TheEnding"],"potions_floor_usage":[18,33,48],"damage_taken":[{"damage":0,"enemies":"Cultist","floor":1,"turns":3},{"damage":0,"enemies":"2 Louse","floor":2,"turns":3},{"damage":7,"enemies":"Jaw Worm","floor":3,"turns":4},{"damage":0,"enemies":"2 Fungi Beasts","floor":5,"turns":2},{"damage":4,"enemies":"Lagavulin","floor":6,"turns":3},{"damage":3,"enemies":"Large Slime","floor":7,"turns":4},{"damage":16,"enemies":"Exordium Thugs","floor":10,"turns":5},{"damage":0,"enemies":"Looter","floor":13,"turns":1},{"damage":2,"enemies":"Gremlin Nob","floor":14,"turns":7},{"damage":34,"enemies":"Hexaghost","floor":16,"turns":4},{"damage":0,"enemies":"Shell Parasite","floor":18,"turns":3},{"damage":12,"enemies":"Spheric Guardian","floor":21,"turns":4},{"damage":9,"enemies":"Slavers","floor":24,"turns":4},{"damage":22,"enemies":"Chosen and Byrds","floor":27,"turns":7},{"damage":0,"enemies":"Shelled Parasite and Fungi","floor":28,"turns":2},{"damage":34,"enemies":"Gremlin Leader","floor":30,"turns":7},{"damage":65,"enemies":"Automaton","floor":33,"turns":7},{"damage":1,"enemies":"Orb Walker","floor":35,"turns":2},{"damage":28,"enemies":"3 Darklings","floor":37,"turns":6},{"damage":48,"enemies":"2 Orb Walkers","floor":38,"turns":5},{"damage":2,"enemies":"Spire Growth","floor":39,"turns":4},{"damage":32,"enemies":"Maw","floor":41,"turns":4},{"damage":10,"enemies":"3 Darklings","floor":45,"turns":4},{"damage":1,"enemies":"Nemesis","floor":46,"turns":5},{"damage":53,"enemies":"4 Shapes","floor":47,"turns":4},{"damage":0,"enemies":"Giant Head","floor":48,"turns":5},{"damage":38,"enemies":"Time Eater","floor":50,"turns":5},{"damage":0,"enemies":"Shield and Spear","floor":54,"turns":4},{"damage":28,"enemies":"The Heart","floor":55,"turns":5}],"seed_played":"8098189560212579339","potions_obtained":[{"floor":1,"key":"Weak Potion"},{"floor":2,"key":"champ:CounterPotion"},{"floor":3,"key":"LiquidBronze"},{"floor":10,"key":"Energy Potion"},{"floor":16,"key":"DistilledChaos"},{"floor":18,"key":"BlessingOfTheForge"},{"floor":33,"key":"SteroidPotion"},{"floor":35,"key":"Swift Potion"},{"floor":37,"key":"EntropicBrew"},{"floor":38,"key":"DistilledChaos"},{"floor":47,"key":"PowerPotion"}],"is_trial":false,"path_per_floor":["M","M","M","$","M","E","M","R","T","M","R","T","M","E","R","B",null,"M","$","?","M","$","R","E","R","T","M","M","?","E","?","R","B",null,"M","$","M","?","M","R","M","?","T","R","M","E","M","E","R","B",null,"$","R","E","B",null],"character_chosen":"THE_SNECKO","items_purchased":["sneckomod:UnknownUncommonPower","Toolbox","hexamod:BolsterEngine","Eternal Feather","Juzu Bracelet","DollysMirror","PreservedInsect","Orrery","Meat on the Bone","sneckomod:UnknownBlock","sneckomod:UnknownUncommonPower","sneckomod:LoadedDie","TheAbacus","sneckomod:SoulCleanse","sneckomod:CheapStock","Membership Card","TungstenRod","War Paint","sneckomod:UnknownUncommonPower","FairyPotion","FairyPotion","Potion Belt","OrangePellets","Blood Vial","Chemical X","Transmutation","Bird Faced Urn","Guardian:PocketSentry","Bag of Marbles","Thread and Needle","sneckomod:UnknownUncommonPower","HandDrill","DuplicationPotion","Lee\u0027s Waffle"],"campfire_rested":0,"item_purchase_floors":[0,0,0,0,0,0,0,0,0,0,4,19,19,19,19,22,22,22,22,22,36,36,36,36,36,36,52,52,52,52,52,52,52,52],"current_hp_per_floor":[95,96,91,92,93,90,88,102,102,86,102,102,102,101,103,80,104,104,104,104,93,94,106,97,106,106,84,84,84,70,14,35,58,150,150,150,137,101,106,127,137,137,137,142,142,142,94,111,135,109,142,149,149,149,149],"gold":3148,"neow_bonus":"","is_daily":false,"chose_seed":false,"campfire_upgraded":6,"win_rate":0.0,"timestamp":1609304156,"path_taken":["M","M","M","$","M","E","M","R","T","M","R","?","M","E","R","BOSS","M","$","?","M","$","R","E","R","T","M","M","?","E","?","R","BOSS","M","$","M","?","M","R","M","?","T","R","M","E","M","E","R","BOSS","$","R","E","BOSS"],"items_purchased_type":["Card","Relic","Relic","Relic","Relic","Relic","Relic","Relic","Relic","Card","Card","Relic","Relic","Card","Card","Relic","Relic","Relic","Card","Potion","Potion","Relic","Relic","Relic","Relic","Card","Relic","Relic","Relic","Relic","Card","Relic","Potion","Relic"],"build_version":"2020-12-22","purchased_purges":6,"victory":true,"max_hp_per_floor":[95,96,98,99,100,101,102,102,102,102,102,102,102,103,103,104,104,104,104,104,105,106,106,106,106,106,106,106,106,114,114,114,114,150,150,150,150,150,150,150,150,142,142,142,142,142,142,142,142,142,142,149,149,149,149],"relic_stats":{"Lee\u0027s Waffle":7,"counters":[82,310],"Eternal Feather":124,"PreservedInsect":1556,"Juzu Bracelet":5,"Letter Opener":[1033],"War Paint":["sneckomod:Defend","sneckomod:Unknown0Cost","sneckomod:Defend","sneckomod:SoulCleanse"],"Blood Vial":10,"OrangePellets":[45],"TheAbacus":[42],"Mummified Hand":[584],"Bloody Idol":107,"Bird Faced Urn":[22],"HandDrill":[18],"Chemical X":[11],"obtain_stats":[{"Calipers":36,"sneckomod:LoadedDie":41,"CeramicFish":42,"Vajra":38,"downfall:HeartBlessingGreen":13,"Hammer of Thor":0,"Whetstone":14,"Ginger":20,"sneckomod:SneckoSoul":0,"Sling":20,"Boot":20,"Sozu":34,"Blood Vial":36,"sneckomod:SuperSneckoSoul":34,"sneckomod:ConfusingCodex":28,"DollysMirror":24,"Strawberry":30,"HandDrill":20,"Toxic Egg 2":0,"Girya":26,"Astrolabe":17,"Oddly Smooth Stone":24,"Eternal Feather":0,"Pen Nib":0,"Guardian:PocketSentry":0,"Letter Opener":52,"War Paint":0,"Question Card":9,"Akabeko":29,"Du-Vu Doll":45,"OrangePellets":0,"Bottled Flame":46,"Anvil of the Gods":0,"Bird Faced Urn":38,"Bronze Scales":0,"Snecko Eye":34,"StrikeDummy":0,"Unceasing Top":24,"Meat on the Bone":3,"Pocketwatch":38,"Singing Bowl":0,"Torii":38,"Mango":0,"StoneCalendar":20,"Incense Burner":27,"Juzu Bracelet":20,"Bag of Preparation":54,"Ancient Tea Set":7,"PrismaticShard":0,"Empty Cage":17,"ClockworkSouvenir":38,"Frozen Eye":0,"SsserpentHead":27,"Dream Catcher":6,"TheAbacus":19,"Mummified Hand":0,"Gambling Chip":24,"Toolbox":0,"Chemical X":36,"Potion Belt":36,"Lee\u0027s Waffle":52,"Guardian:GemstoneGun":40,"Thread and Needle":52,"PreservedInsect":3,"betterThird:NestCultRelic":29,"Seething Fire":0,"Frozen Egg 2":28,"Orichalcum":0,"MawBank":43,"Medical Kit":3,"White Beast Statue":14,"Mercury Hourglass":0,"CaptainsWheel":0,"Anchor":43,"Bloody Idol":31,"Orrery":0,"Art of War":8,"Bag of Marbles":52,"Membership Card":28,"hexamod:BolsterEngine":52,"TungstenRod":22,"FossilizedHelix":54},{"Calipers":19,"sneckomod:LoadedDie":21,"CeramicFish":21,"Vajra":44,"downfall:HeartBlessingGreen":8,"Hammer of Thor":0,"Whetstone":33,"Ginger":36,"sneckomod:SneckoSoul":0,"Sling":36,"Boot":36,"Sozu":42,"Blood Vial":71,"sneckomod:SuperSneckoSoul":70,"sneckomod:ConfusingCodex":15,"DollysMirror":37,"Strawberry":69,"HandDrill":36,"Toxic Egg 2":23,"Girya":66,"Astrolabe":10,"Oddly Smooth Stone":66,"Eternal Feather":53,"Pen Nib":23,"Guardian:PocketSentry":23,"Letter Opener":51,"War Paint":23,"Question Card":28,"Akabeko":39,"Du-Vu Doll":49,"OrangePellets":23,"Bottled Flame":77,"Anvil of the Gods":0,"Bird Faced Urn":20,"Bronze Scales":23,"Snecko Eye":18,"StrikeDummy":23,"Unceasing Top":37,"Meat on the Bone":25,"Pocketwatch":73,"Singing Bowl":23,"Torii":44,"Mango":23,"StoneCalendar":36,"Incense Burner":14,"Juzu Bracelet":36,"Bag of Preparation":52,"Ancient Tea Set":5,"PrismaticShard":23,"Empty Cage":63,"ClockworkSouvenir":44,"Frozen Eye":23,"SsserpentHead":37,"Dream Catcher":27,"TheAbacus":64,"Mummified Hand":23,"Gambling Chip":37,"Toolbox":53,"Chemical X":71,"Potion Belt":71,"Lee\u0027s Waffle":80,"Guardian:GemstoneGun":46,"Thread and Needle":80,"PreservedInsect":25,"betterThird:NestCultRelic":68,"Seething Fire":0,"Frozen Egg 2":15,"Orichalcum":23,"MawBank":22,"Medical Kit":25,"White Beast Statue":62,"Mercury Hourglass":23,"CaptainsWheel":0,"Anchor":47,"Bloody Idol":69,"Orrery":23,"Art of War":6,"Bag of Marbles":80,"Membership Card":15,"hexamod:BolsterEngine":51,"TungstenRod":65,"FossilizedHelix":81},{"Calipers":78,"sneckomod:LoadedDie":85,"CeramicFish":85,"Vajra":152,"downfall:HeartBlessingGreen":32,"Hammer of Thor":0,"Whetstone":112,"Ginger":125,"sneckomod:SneckoSoul":0,"Sling":125,"Boot":125,"Sozu":148,"Blood Vial":259,"sneckomod:SuperSneckoSoul":257,"sneckomod:ConfusingCodex":58,"DollysMirror":128,"Strawberry":250,"HandDrill":125,"Toxic Egg 2":93,"Girya":234,"Astrolabe":38,"Oddly Smooth Stone":234,"Eternal Feather":187,"Pen Nib":93,"Guardian:PocketSentry":93,"Letter Opener":179,"War Paint":93,"Question Card":102,"Akabeko":135,"Du-Vu Doll":169,"OrangePellets":93,"Bottled Flame":287,"Anvil of the Gods":0,"Bird Faced Urn":84,"Bronze Scales":93,"Snecko Eye":74,"StrikeDummy":93,"Unceasing Top":128,"Meat on the Bone":97,"Pocketwatch":270,"Singing Bowl":93,"Torii":152,"Mango":93,"StoneCalendar":125,"Incense Burner":54,"Juzu Bracelet":125,"Bag of Preparation":182,"Ancient Tea Set":13,"PrismaticShard":93,"Empty Cage":223,"ClockworkSouvenir":152,"Frozen Eye":93,"SsserpentHead":128,"Dream Catcher":101,"TheAbacus":226,"Mummified Hand":93,"Gambling Chip":128,"Toolbox":187,"Chemical X":259,"Potion Belt":259,"Lee\u0027s Waffle":301,"Guardian:GemstoneGun":160,"Thread and Needle":301,"PreservedInsect":97,"betterThird:NestCultRelic":243,"Seething Fire":0,"Frozen Egg 2":58,"Orichalcum":93,"MawBank":91,"Medical Kit":97,"White Beast Statue":219,"Mercury Hourglass":93,"CaptainsWheel":0,"Anchor":163,"Bloody Idol":250,"Orrery":93,"Art of War":25,"Bag of Marbles":301,"Membership Card":58,"hexamod:BolsterEngine":179,"TungstenRod":230,"FossilizedHelix":305}],"TungstenRod":62,"Meat on the Bone":36,"Pocketwatch":[12]},"card_choices":[{"not_picked":["sneckomod:ImprovisedGuard","sneckomod:DiceBlock"],"picked":"sneckomod:SerpentIdol","floor":0},{"not_picked":["sneckomod:UnknownCommonAttack","sneckomod:QuickBite"],"picked":"sneckomod:UnknownBlock","floor":0},{"not_picked":["sneckomod:IronFang","sneckomod:Restock"],"picked":"sneckomod:DiceBoulder","floor":0},{"not_picked":["sneckomod:UnknownUncommonAttack+1","sneckomod:Unknown2Cost+1"],"picked":"sneckomod:UnknownRarePower+1","floor":1},{"not_picked":["sneckomod:UnknownCommonAttack+1","sneckomod:UnknownUncommonAttack+1"],"picked":"sneckomod:UnknownClassRED+1","floor":1},{"not_picked":["sneckomod:RainOfDice","sneckomod:UnknownEthereal","sneckomod:UnknownClassGREEN"],"picked":"SKIP","floor":1},{"not_picked":["sneckomod:UnknownEthereal+1","sneckomod:UnknownColorless+1"],"picked":"sneckomod:UnknownUncommonPower+1","floor":2},{"not_picked":["sneckomod:UnknownBlock","sneckomod:UnknownExhaust"],"picked":"sneckomod:UnlimitedRolls","floor":2},{"not_picked":["sneckomod:UnknownWeak+1","sneckomod:UnknownUncommonSkill+1"],"picked":"sneckomod:UnknownColorless+1","floor":3},{"not_picked":["sneckomod:UnknownClassGUARDIAN+1","sneckomod:UnknownUncommonSkill+1"],"picked":"sneckomod:Unknown0Cost+1","floor":3},{"not_picked":["sneckomod:SnakeSap","sneckomod:ImprovisedGuard"],"picked":"sneckomod:QuickBite","floor":3},{"not_picked":["sneckomod:UnknownClassHEXA_GHOST_PURPLE+1","sneckomod:UnknownVulnerable+1"],"picked":"sneckomod:UnknownX+1","floor":5},{"not_picked":["sneckomod:Nope","sneckomod:UnknownX"],"picked":"sneckomod:SerpentIdol","floor":5},{"not_picked":["sneckomod:UnknownClassBLUE+1","sneckomod:UnknownRareSkill+1","sneckomod:UnknownColorless+1"],"picked":"SKIP","floor":5},{"not_picked":["sneckomod:UnknownClassTHE_CHAMP_GRAY+1","sneckomod:UnknownEthereal+1"],"picked":"sneckomod:UnknownRarePower+1","floor":6},{"not_picked":["sneckomod:UnknownColorless+1","sneckomod:UnknownClassDEFAULT_GRAY_COLOR+1","sneckomod:UnknownCommonAttack+1"],"picked":"SKIP","floor":6},{"not_picked":["sneckomod:DiceBlock","sneckomod:UnknownColorless","sneckomod:Cheat"],"picked":"SKIP","floor":6},{"not_picked":["sneckomod:UnknownUncommonSkill+1","sneckomod:UnknownWeak+1"],"picked":"sneckomod:UnknownRareAttack+1","floor":7},{"not_picked":["sneckomod:UnknownClassHEXA_GHOST_PURPLE","sneckomod:UnknownClassTHE_CHAMP_GRAY"],"picked":"sneckomod:DiceCrush","floor":7},{"not_picked":["sneckomod:UnknownExhaust+1","sneckomod:UnknownClassSLIMEBOUND+1","sneckomod:UnknownDexterity+1"],"picked":"SKIP","floor":7},{"not_picked":["sneckomod:UnknownUncommonAttack+1","sneckomod:UnknownCommonAttack+1","sneckomod:UnknownEthereal+1"],"picked":"SKIP","floor":10},{"not_picked":["sneckomod:UnknownColorless+1","sneckomod:UnknownClassRED+1","sneckomod:UnknownEthereal+1"],"picked":"SKIP","floor":10},{"not_picked":["sneckomod:Unknown1Cost","sneckomod:QuickBite","sneckomod:UnknownVulnerable"],"picked":"SKIP","floor":10},{"not_picked":["sneckomod:IronFang","sneckomod:MasterEye","sneckomod:SlitherStrike"],"picked":"SKIP","floor":13},{"not_picked":["sneckomod:SoulRoll","sneckomod:Unknown1Cost"],"picked":"sneckomod:DiceCrush","floor":14},{"not_picked":["sneckomod:UnknownDexterity+1","sneckomod:UnknownStrike+1"],"picked":"sneckomod:UnknownUncommonPower+1","floor":14},{"not_picked":["sneckomod:UnknownVulnerable+1","sneckomod:Unknown0Cost+1","sneckomod:UnknownClassGREEN+1"],"picked":"SKIP","floor":14},{"not_picked":["sneckomod:UnknownClassHEXA_GHOST_PURPLE+1","sneckomod:UnknownBlock+1"],"picked":"sneckomod:UnknownStrength+1","floor":16},{"not_picked":["sneckomod:MorePower","sneckomod:UnlimitedRolls"],"picked":"sneckomod:SerpentMind","floor":16},{"not_picked":["sneckomod:UnknownClassPURPLE+1","sneckomod:Unknown3Cost+1","sneckomod:UnknownWeak+1"],"picked":"SKIP","floor":18},{"not_picked":["sneckomod:UnknownDexterity+1","sneckomod:UnknownClassDEFAULT_GRAY_COLOR+1","sneckomod:Unknown3Cost+1"],"picked":"SKIP","floor":18},{"not_picked":["sneckomod:UnknownCommonSkill","sneckomod:UnknownClassHEXA_GHOST_PURPLE+1","sneckomod:Rotation"],"picked":"SKIP","floor":18},{"not_picked":["sneckomod:UnknownBlock+1","sneckomod:Unknown2Cost+1"],"picked":"sneckomod:UnknownRarePower+1","floor":21},{"not_picked":["sneckomod:Unknown2Cost+1","sneckomod:UnknownClassGREEN+1","sneckomod:UnknownClassGUARDIAN+1"],"picked":"SKIP","floor":21},{"not_picked":["sneckomod:IronFang+1","sneckomod:UnknownBlock","sneckomod:UnknownCommonSkill"],"picked":"SKIP","floor":21},{"not_picked":["sneckomod:WideSting+1","sneckomod:PureSnecko"],"picked":"sneckomod:SlitherStrike+1","floor":24},{"not_picked":["sneckomod:UnknownClassBLUE+1","sneckomod:UnknownCommonSkill+1","sneckomod:UnknownColorless+1"],"picked":"SKIP","floor":24},{"not_picked":["sneckomod:UnknownClassPURPLE+1","sneckomod:Unknown1Cost+1","sneckomod:Unknown+1"],"picked":"SKIP","floor":24},{"not_picked":["sneckomod:UnknownExhaust+1","sneckomod:UnknownClassHEXA_GHOST_PURPLE+1","sneckomod:UnknownCommonSkill+1"],"picked":"SKIP","floor":27},{"not_picked":["sneckomod:Unknown0Cost+1","sneckomod:Unknown2Cost+1","sneckomod:UnknownRareSkill+1"],"picked":"SKIP","floor":27},{"not_picked":["sneckomod:RainOfDice+1","sneckomod:SoulDraw","sneckomod:UnknownUncommonAttack"],"picked":"SKIP","floor":27},{"not_picked":["sneckomod:UnknownClassHEXA_GHOST_PURPLE+1","sneckomod:Unknown3Cost+1","sneckomod:UnknownX+1"],"picked":"SKIP","floor":28},{"not_picked":["sneckomod:MasterEye","sneckomod:UnknownUncommonAttack","sneckomod:UnknownClassTHE_CHAMP_GRAY+1"],"picked":"SKIP","floor":28},{"not_picked":["sneckomod:UnknownClassHEXA_GHOST_PURPLE+1","sneckomod:UnknownClassBLUE+1"],"picked":"sneckomod:UnknownRarePower+1","floor":30},{"not_picked":["sneckomod:Unknown1Cost+1","sneckomod:UnknownClassGUARDIAN+1","sneckomod:UnknownClassRED+1"],"picked":"SKIP","floor":30},{"not_picked":["sneckomod:Unknown1Cost","sneckomod:SnekBeam","sneckomod:UnknownClassGREEN+1"],"picked":"SKIP","floor":30},{"not_picked":["sneckomod:UnknownCommonSkill","sneckomod:Unknown1Cost"],"picked":"sneckomod:DiceCrush+1","floor":35},{"not_picked":["sneckomod:UnknownStrength+1","sneckomod:UnknownClassDEFAULT_GRAY_COLOR+1","sneckomod:UnknownExhaust+1"],"picked":"SKIP","floor":37},{"not_picked":["sneckomod:UnknownCommonAttack","sneckomod:SoulRoll","sneckomod:QuickBite"],"picked":"SKIP","floor":37},{"not_picked":["sneckomod:Unknown2Cost+1","sneckomod:Unknown3Cost+1"],"picked":"sneckomod:UnknownBlock+1","floor":39},{"not_picked":["sneckomod:UnknownClassGUARDIAN+1","sneckomod:UnknownColorless+1","sneckomod:UnknownClassRED+1"],"picked":"SKIP","floor":39},{"not_picked":["sneckomod:UnknownClassTHE_CHAMP_GRAY+1","sneckomod:QuickBite","sneckomod:UnknownWeak+1"],"picked":"SKIP","floor":39},{"not_picked":["sneckomod:Unknown2Cost+1","sneckomod:UnknownClassBLUE+1","sneckomod:Unknown3Cost+1"],"picked":"SKIP","floor":41},{"not_picked":["sneckomod:Unknown2Cost+1","sneckomod:UnknownCommonAttack+1","sneckomod:SoulRoll+1"],"picked":"SKIP","floor":41},{"not_picked":["sneckomod:ImprovisedAttack","sneckomod:UnknownWeak+1"],"picked":"sneckomod:SlitherStrike+1","floor":45},{"not_picked":["sneckomod:Unknown2Cost+1","sneckomod:UnknownX+1","sneckomod:Unknown+1"],"picked":"SKIP","floor":45},{"not_picked":["sneckomod:Unknown1Cost+1","sneckomod:UnknownVulnerable+1"],"picked":"sneckomod:UnknownBlock+1","floor":46},{"not_picked":["sneckomod:UnknownVulnerable+1","sneckomod:UnknownCommonAttack+1"],"picked":"sneckomod:SlitherStrike","floor":46},{"not_picked":["sneckomod:Unknown3Cost+1","sneckomod:UnknownExhaust+1","sneckomod:UnknownStrike+1"],"picked":"SKIP","floor":47},{"not_picked":["sneckomod:RainOfDice+1","sneckomod:SoulDraw+1","sneckomod:QuickMove"],"picked":"SKIP","floor":47},{"not_picked":["sneckomod:UnknownUncommonSkill+1","sneckomod:UnknownCommonSkill+1","sneckomod:UnknownClassPURPLE+1"],"picked":"SKIP","floor":48},{"not_picked":["sneckomod:UnknownClassTHE_CHAMP_GRAY+1","sneckomod:UnknownExhaust+1","sneckomod:UnknownDexterity+1"],"picked":"SKIP","floor":48},{"not_picked":["sneckomod:UnknownClassDEFAULT_GRAY_COLOR+1","sneckomod:Unknown0Cost+1","sneckomod:SoulDraw"],"picked":"SKIP","floor":48},{"not_picked":["sneckomod:UnknownEthereal+1","sneckomod:UnknownStrike","sneckomod:TrashToTreasure"],"picked":"SKIP","floor":54}],"player_experience":356060,"relics_obtained":[{"floor":6,"key":"Vajra"},{"floor":12,"key":"Anchor"},{"floor":14,"key":"White Beast Statue"},{"floor":24,"key":"Oddly Smooth Stone"},{"floor":26,"key":"Girya"},{"floor":30,"key":"Strawberry"},{"floor":38,"key":"Pocketwatch"},{"floor":43,"key":"Letter Opener"},{"floor":46,"key":"Bottled Flame"},{"floor":48,"key":"Akabeko"},{"floor":54,"key":"FossilizedHelix"}],"event_choices":[{"damage_healed":0,"gold_gain":0,"player_choice":"Ignored","damage_taken":0,"max_hp_gain":0,"max_hp_loss":0,"event_name":"betterNote:BetterNote","floor":20,"gold_loss":0,"cards_obtained":["Blasphemy"]},{"damage_healed":0,"gold_gain":0,"player_choice":"Madness","damage_taken":0,"relics_obtained":["betterThird:NestCultRelic"],"max_hp_gain":0,"max_hp_loss":0,"event_name":"betterThird:BetterNest","floor":29,"gold_loss":0},{"damage_healed":0,"gold_gain":0,"player_choice":" Idol ","damage_taken":57,"relics_obtained":["Bloody Idol"],"max_hp_gain":70,"max_hp_loss":14,"event_name":"betterAltar:BetterAltar","floor":31,"potions_obtained":[],"relics_lost":[],"gold_loss":0},{"damage_healed":0,"gold_gain":0,"player_choice":"Fight","damage_taken":0,"max_hp_gain":0,"max_hp_loss":0,"event_name":"Mysterious Sphere","floor":38,"gold_loss":0},{"damage_healed":0,"gold_gain":0,"player_choice":"Max HP","damage_taken":0,"max_hp_gain":0,"max_hp_loss":8,"event_name":"Winding Halls","floor":42,"gold_loss":0}],"is_beta":false,"boss_relics":[{"not_picked":["SacredBark","expansioncontent:StudyCardRelic"],"picked":"Empty Cage"},{"not_picked":["Tiny House","Sozu"],"picked":"sneckomod:SuperSneckoSoul"}],"items_purged_floors":[0,4,19,22,22,36],"is_endless":false,"potions_floor_spawned":[1,2,3,7,10,16,18,21,27,28,33,35,37,38,39,41,45,46,47,54],"ascension_level":1}}