{"host":"r53pw7z744tg3fxg","time":1609288367,"event":{"mods":["AchievementEnabler","BaseMod","Colored Map","Colored Powertips","Highlight Path","Minty Spire (QoL Compilation)","Quick Restart","Transform Curses"],"gold_per_floor":[112,124,142,74,74,100,100,100,100,100,110,121,141,153,153,254,254,225,225,128,128,128,128],"floor_reached":22,"playtime":771,"items_purged":[],"score":369,"play_id":"86c09c72-7d9d-4ca9-98f2-8f3c49f15834","local_time":"20201229173247","is_ascension_mode":true,"campfire_choices":[{"floor":7.0,"key":"REST"},{"floor":10.0,"key":"DIG"},{"floor":15.0,"key":"DIG"}],"circlet_count":0,"master_deck":["AscendersBane","Strike_P","Strike_P","Strike_P","Strike_P","Defend_P","Defend_P+1","Defend_P","Defend_P","Eruption","Vigilance","Consecrate+1","Evaluate","Wallop","Wish","DevaForm+1","Worship+1","LessonLearned+1","ClearTheMind+1","Blind"],"relics":["PureWater","Bag of Preparation","Dead Branch","Shovel","Boot","Yang","Astrolabe"],"acts_visited":["Exordium","TheCity"],"potions_floor_usage":[21],"damage_taken":[{"damage":0.0,"enemies":"Jaw Worm","floor":1.0,"turns":3.0},{"damage":0.0,"enemies":"2 Louse","floor":2.0,"turns":1.0},{"damage":0.0,"enemies":"Cultist","floor":3.0,"turns":2.0},{"damage":19.0,"enemies":"3 Sentries","floor":6.0,"turns":3.0},{"damage":3.0,"enemies":"Looter","floor":11.0,"turns":2.0},{"damage":11.0,"enemies":"Gremlin Gang","floor":12.0,"turns":3.0},{"damage":2.0,"enemies":"Red Slaver","floor":13.0,"turns":3.0},{"damage":7.0,"enemies":"Exordium Wildlife","floor":14.0,"turns":3.0},{"damage":0.0,"enemies":"Slime Boss","floor":16.0,"turns":2.0},{"damage":52,"enemies":"2 Thieves","floor":18,"turns":5},{"damage":7,"enemies":"Chosen","floor":21,"turns":4},{"damage":32,"enemies":"Snake Plant","floor":22,"turns":3}],"seed_played":"-4951646986570990751","potions_obtained":[{"floor":6.0,"key":"FearPotion"},{"floor":11.0,"key":"DuplicationPotion"},{"floor":12.0,"key":"AttackPotion"},{"floor":18,"key":"Dexterity Potion"},{"floor":19,"key":"FairyPotion"},{"floor":19,"key":"SmokeBomb"}],"is_trial":false,"path_per_floor":["M","M","M","$","?","E","R","?","T","R","M","M","M","M","R","B",null,"M","?","$","M","M"],"character_chosen":"WATCHER","items_purchased":["InnerPeace","Blind"],"campfire_rested":1,"item_purchase_floors":[4,20],"current_hp_per_floor":[65,65,65,65,51,32,53,72,72,72,69,58,56,49,49,49,66,14,14,14,7,0,0],"gold":128,"neow_bonus":"RANDOM_COMMON_RELIC","is_daily":false,"chose_seed":false,"campfire_upgraded":0,"win_rate":0.0,"timestamp":1609288367,"path_taken":["M","M","M","$","?","E","R","?","T","R","M","M","M","?","R","BOSS","M","?","$","?","M"],"items_purchased_type":["Card","Card"],"build_version":"2020-12-22","purchased_purges":0,"victory":false,"max_hp_per_floor":[72,72,72,72,72,72,72,72,72,72,72,72,72,72,72,72,72,72,72,72,72,72,72],"card_choices":[{"not_picked":["EmptyBody","PathToVictory"],"picked":"Consecrate","floor":1.0},{"not_picked":["Protect","JustLucky"],"picked":"Crescendo","floor":2.0},{"not_picked":["CutThroughFate","CrushJoints"],"picked":"CarveReality","floor":3.0},{"not_picked":["Tantrum","SashWhip"],"picked":"Evaluate","floor":6.0},{"not_picked":["Collect","TalkToTheHand"],"picked":"ThirdEye","floor":11.0},{"not_picked":["Omniscience","CrushJoints","Collect"],"picked":"SKIP","floor":12.0},{"not_picked":["Consecrate","Evaluate","Indignation"],"picked":"SKIP","floor":13.0},{"not_picked":["BowlingBash","Swivel"],"picked":"Wallop","floor":14.0},{"not_picked":["Scrawl","SpiritShield"],"picked":"Wish","floor":16.0},{"not_picked":["WaveOfTheHand+1","Vengeance"],"picked":"ClearTheMind+1","floor":18}],"player_experience":1167622,"relics_obtained":[{"floor":6.0,"key":"Dead Branch"},{"floor":9.0,"key":"Shovel"},{"floor":10.0,"key":"Boot"},{"floor":15.0,"key":"Yang"}],"event_choices":[{"damage_healed":0.0,"max_hp_gain":0.0,"max_hp_loss":0.0,"gold_gain":0.0,"event_name":"Shining Light","player_choice":"Entered Light","floor":5.0,"gold_loss":0.0,"damage_taken":14.0,"cards_upgraded":["Consecrate","Defend_P"]},{"cards_removed":["InnerPeace"],"damage_healed":19.0,"max_hp_gain":0.0,"max_hp_loss":0.0,"gold_gain":0.0,"event_name":"Bonfire Elementals","player_choice":"Offered Uncommon","floor":8.0,"gold_loss":0.0,"damage_taken":0.0},{"damage_healed":0,"gold_gain":0,"player_choice":"Got Potions","damage_taken":0,"max_hp_gain":0,"max_hp_loss":0,"event_name":"Lab","floor":19,"gold_loss":0}],"is_beta":false,"boss_relics":[{"not_picked":["Empty Cage","Fusion Hammer"],"picked":"Astrolabe"}],"items_purged_floors":[],"is_endless":false,"potions_floor_spawned":[6,11,12,18],"killed_by":"Snake Plant","ascension_level":11}}