{"host":"ecuvtzmejf7hhjpv","time":1609362236,"event":{"mods":["AchievementEnabler","Act Like it!","Aspiration","BaseMod","Better Altar","Better Match","Better Note","Better Sensory Stone","Better Skull","Better Third Choice","BetterRewards","Conspire","Custom Start","Gensokyo","GifTheSpireLib","Hallownest","Hermit","Hubris","Kratos Character Expansion","Marisa????????","Minty Spire (QoL Compilation)","Prisma Mod","Replay The Spire","Spicy Shops","StSLib","The Animator","The Blackbeard","The Bug Knight","The Forsaken","The Hierophant","The Jungle","The Necromancer","The Poker Player","The Wild Card"],"gold_per_floor":[118,29,29,41,41,71,71,43,43,43,71,82,112,122,122,220,220,236,236,58,58,70,70,70],"floor_reached":23,"playtime":670,"items_purged":["Spreading Infection"],"score":322,"play_id":"ceb1a28a-bf36-4268-8380-f7aa2c38e792","local_time":"20201230150356","is_ascension_mode":true,"campfire_choices":[{"data":"Armaments","floor":7,"key":"SMITH"},{"data":"Pommel Strike","floor":10,"key":"SMITH"},{"data":"hubris:ReadiedAction","floor":15,"key":"SMITH"}],"circlet_count":0,"master_deck":["Strike_R","Strike_R","Strike_R","Strike_R","Defend_R","Defend_R","Defend_R","Defend_R","Bash","hubris:ReadiedAction+1","Thunderclap+1","Armaments+1","Pommel Strike+1","Burning Pact","Demon Form","Berserk","Rampage","Rampage","conspire:Purge","Twin Strike"],"relics":["Burning Blood","ReplayTheSpireMod:CursedCoin","CaptainsWheel","Oddly Smooth Stone","Blood Vial","Omamori","Strawberry","Philosopher\u0027s Stone","PreservedInsect"],"acts_visited":["Exordium","TheCity"],"potions_floor_usage":[16,18,18],"damage_taken":[{"damage":5,"enemies":"Small Slimes","floor":1,"turns":4},{"damage":2,"enemies":"2 Louse","floor":4,"turns":3},{"damage":14,"enemies":"Gremlin Nob","floor":6,"turns":4},{"damage":5,"enemies":"HollowMod:MossKnight","floor":11,"turns":9},{"damage":5,"enemies":"Jaw Worm","floor":12,"turns":3},{"damage":14,"enemies":"Gremlin Nob","floor":13,"turns":4},{"damage":0,"enemies":"Exordium Wildlife","floor":14,"turns":3},{"damage":13,"enemies":"The Guardian","floor":16,"turns":9},{"damage":21,"enemies":"3 Byrds","floor":18,"turns":3},{"damage":27,"enemies":"Shell Parasite","floor":22,"turns":6},{"damage":67,"enemies":"Slavers","floor":23,"turns":4}],"seed_played":"-6273759183217231412","potions_obtained":[{"floor":1,"key":"DuplicationPotion"},{"floor":4,"key":"Energy Potion"}],"is_trial":false,"path_per_floor":["M","$","?","M","?","E","R","$","T","R","E","M","E","M","R","B",null,"M","?","$","?","M","E"],"character_chosen":"IRONCLAD","items_purchased":["ReplayTheSpireMod:CursedCoin","CaptainsWheel","Death Potion","Pommel Strike","Rampage","PreservedInsect"],"campfire_rested":0,"item_purchase_floors":[0,0,2,8,20,20],"current_hp_per_floor":[75,75,80,84,84,76,76,76,76,76,79,82,83,91,91,85,92,77,77,77,77,58,0,0],"gold":70,"neow_bonus":"","is_daily":false,"chose_seed":false,"campfire_upgraded":3,"win_rate":0.0,"timestamp":1609362236,"path_taken":["M","$","?","M","?","E","R","?","T","R","E","M","E","M","R","BOSS","M","?","$","?","?","E"],"items_purchased_type":["Relic","Relic","Potion","Card","Card","Relic"],"build_version":"2020-12-22","purchased_purges":1,"victory":false,"max_hp_per_floor":[80,80,85,85,85,85,85,85,85,85,85,85,92,92,92,92,92,92,92,92,92,92,92,92],"card_choices":[{"not_picked":["Rupture","Defy Death"],"picked":"hubris:ReadiedAction","floor":1},{"not_picked":["Dropkick","Run Through"],"picked":"Thunderclap","floor":4},{"not_picked":["ReplayTheSpireMod:Strike From Hell","Abandon"],"picked":"Armaments","floor":6},{"not_picked":["Pommel Strike","Thunderclap"],"picked":"Burning Pact","floor":11},{"not_picked":["Run Through","Cleave"],"picked":"Demon Form","floor":12},{"not_picked":["Run Through","Carnage","Shrug It Off"],"picked":"SKIP","floor":13},{"not_picked":["Pommel Strike","Warcry"],"picked":"Heavy Blade","floor":14},{"not_picked":["Replay:Many Hands","conspire:Purge"],"picked":"Berserk","floor":16},{"not_picked":["ReplayTheSpireMod:Strike From Hell","Flex"],"picked":"Rampage","floor":18},{"not_picked":["Spot Weakness","Wild Strike+1"],"picked":"Twin Strike","floor":22}],"player_experience":915815,"relics_obtained":[{"floor":6,"key":"Oddly Smooth Stone"},{"floor":9,"key":"Blood Vial"},{"floor":11,"key":"Omamori"},{"floor":13,"key":"Strawberry"}],"event_choices":[{"damage_healed":0,"gold_gain":0,"player_choice":"Donut","damage_taken":0,"max_hp_gain":5,"max_hp_loss":0,"event_name":"Big Fish","floor":3,"gold_loss":0},{"damage_healed":0,"gold_gain":0,"player_choice":"Ignored","damage_taken":0,"max_hp_gain":0,"max_hp_loss":0,"event_name":"betterNote:BetterNote","floor":19,"gold_loss":0,"cards_obtained":["Strike_G"]},{"damage_healed":0,"gold_gain":0,"cards_transformed":["Strike_R"],"player_choice":"Transformed","damage_taken":0,"max_hp_gain":0,"max_hp_loss":0,"event_name":"Transmorgrifier","floor":21,"gold_loss":0,"cards_obtained":["conspire:Purge"]}],"is_beta":false,"boss_relics":[{"not_picked":["hubris:VirtuousBlindfold","hubris:RunicObelisk"],"picked":"Philosopher\u0027s Stone"}],"items_purged_floors":[0],"is_endless":false,"potions_floor_spawned":[1,4,12,13],"killed_by":"Slavers","ascension_level":1}}