{"host":"ujyomg7d1f18u2we","time":1609295825,"event":{"mods":["AchievementEnabler","AlwaysNeverKeys","Aspiration","BaseMod","Colored Map","DeckTracker","Gremlin Skip","Highlight Path","Hubris","Minty Spire (QoL Compilation)","Quick Restart","Random Character Button","StSLib"],"gold_per_floor":[113,113,125,136,311,311,311,330,330,330,330,330,347,376,376,376,376],"floor_reached":16,"playtime":430,"items_purged":[],"score":100,"play_id":"0b477d69-0aab-4807-a371-da1005befde1","local_time":"20201229233705","is_ascension_mode":false,"campfire_choices":[{"data":"Neutralize","floor":6,"key":"SMITH"},{"data":"Survivor","floor":10,"key":"SMITH"},{"data":"Accuracy","floor":12,"key":"SMITH"},{"floor":15,"key":"REST"}],"circlet_count":0,"master_deck":["Strike_G","Strike_G","Strike_G","Strike_G","Strike_G","Defend_G","Defend_G","Defend_G","Defend_G","Defend_G","Survivor+1","Neutralize+1","Accuracy+1","Doubt"],"relics":["Ring of the Snake","aspiration:Nostalgia","Cracked Core","GremlinMask","Frozen Egg 2","Nunchaku"],"acts_visited":["Exordium"],"potions_floor_usage":[4,4,14,14,16],"damage_taken":[{"damage":0,"enemies":"Jaw Worm","floor":1,"turns":4},{"damage":1,"enemies":"Cultist","floor":3,"turns":4},{"damage":0,"enemies":"2 Louse","floor":4,"turns":2},{"damage":13,"enemies":"Red Slaver","floor":8,"turns":6},{"damage":0,"enemies":"3 Louse","floor":13,"turns":4},{"damage":17,"enemies":"3 Sentries","floor":14,"turns":9},{"damage":59,"enemies":"The Guardian","floor":16,"turns":21}],"seed_played":"4449277506569101759","potions_obtained":[{"floor":1,"key":"FairyPotion"},{"floor":3,"key":"EntropicBrew"},{"floor":8,"key":"SkillPotion"},{"floor":14,"key":"FearPotion"}],"is_trial":false,"path_per_floor":["M","?","M","M","?","R","?","M","T","R","?","R","M","E","R","B"],"character_chosen":"THE_SILENT","items_purchased":[],"campfire_rested":1,"item_purchase_floors":[],"current_hp_per_floor":[70,70,69,69,69,69,69,56,56,56,70,70,70,53,70,11,11],"gold":376,"neow_bonus":"NOSTALGIA","is_daily":false,"chose_seed":false,"campfire_upgraded":3,"win_rate":0.0,"timestamp":1609295825,"path_taken":["M","?","?","M","?","R","?","?","T","R","?","R","M","E","R","BOSS"],"items_purchased_type":[],"build_version":"2020-12-22","purchased_purges":0,"victory":false,"max_hp_per_floor":[70,70,70,70,70,70,70,70,70,70,70,70,70,70,70,70,70],"card_choices":[{"not_picked":["Expertise","Outmaneuver","Concentrate"],"picked":"SKIP","floor":1},{"not_picked":["Quick Slash","PiercingWail","Sucker Punch"],"picked":"SKIP","floor":3},{"not_picked":["Quick Slash","Blade Dance"],"picked":"Accuracy","floor":4},{"not_picked":["Slice","Flechettes","Dagger Spray"],"picked":"SKIP","floor":8},{"not_picked":["Concentrate","Underhanded Strike","Setup"],"picked":"SKIP","floor":13},{"not_picked":["Heel Hook","Poisoned Stab","Sucker Punch"],"picked":"SKIP","floor":14}],"player_experience":1568689,"relics_obtained":[{"floor":9,"key":"Frozen Egg 2"},{"floor":14,"key":"Nunchaku"}],"event_choices":[{"damage_healed":0,"gold_gain":0,"player_choice":"Bought 0 Potions","damage_taken":0,"max_hp_gain":0,"max_hp_loss":0,"event_name":"The Woman in Blue","floor":2,"gold_loss":0},{"damage_healed":0,"gold_gain":175,"player_choice":"AGREE","damage_taken":0,"max_hp_gain":0,"max_hp_loss":0,"event_name":"Liars Game","floor":5,"gold_loss":0,"cards_obtained":["Doubt"]},{"damage_healed":0,"gold_gain":0,"player_choice":"Trade","damage_taken":0,"relics_obtained":["GremlinMask"],"max_hp_gain":0,"max_hp_loss":0,"event_name":"FaceTrader","floor":7,"gold_loss":0},{"damage_healed":23,"gold_gain":0,"player_choice":"Banana","damage_taken":0,"max_hp_gain":0,"max_hp_loss":0,"event_name":"Big Fish","floor":11,"gold_loss":0}],"is_beta":false,"boss_relics":[],"items_purged_floors":[],"is_endless":false,"potions_floor_spawned":[1,3,8,14],"killed_by":"The Guardian","ascension_level":0}}