{"host":"2461dio7vetlq1z3","time":1609361631,"event":{"mods":["2.2 Compatiblity","AchievementEnabler","Aspiration","BaseMod","Better Third Choice","Friendly Minions","Hermit","Minty Spire (QoL Compilation)","Relic Stats","Spicy Shops","StSLib","The Hierophant","Waifu the Spire"],"gold_per_floor":[110,35,46,62,75,75,103,103,103,103,103,122,160,185,185,185,185],"floor_reached":16,"playtime":515,"items_purged":["Strike_G"],"score":224,"play_id":"e1f8ff78-a800-4a95-9aec-0fc6aa870c5d","local_time":"20201230215351","is_ascension_mode":true,"campfire_choices":[{"data":"Catalyst","floor":6.0,"key":"SMITH"},{"floor":10.0,"key":"REST"},{"data":"Deadly Poison","floor":15.0,"key":"SMITH"}],"circlet_count":0,"master_deck":["AscendersBane","Strike_G","Strike_G","Strike_G","Defend_G","Defend_G","Defend_G","Defend_G","Defend_G","Survivor","Neutralize","Deadly Poison","Leg Sweep","Deadly Poison+1","Catalyst+1","Unload","Poisoned Stab","Crippling Poison","Night Terror"],"relics":["Runic Dome","Akabeko","StrikeDummy","Golden Idol","Nunchaku"],"acts_visited":["Exordium"],"potions_floor_usage":[16,16],"damage_taken":[{"damage":3.0,"enemies":"Small Slimes","floor":1.0,"turns":5.0},{"damage":0.0,"enemies":"2 Louse","floor":3.0,"turns":3.0},{"damage":2.0,"enemies":"Jaw Worm","floor":4.0,"turns":5.0},{"damage":0.0,"enemies":"Blue Slaver","floor":5.0,"turns":4.0},{"damage":34.0,"enemies":"3 Sentries","floor":7.0,"turns":12.0},{"damage":0.0,"enemies":"2 Fungi Beasts","floor":12.0,"turns":3.0},{"damage":5.0,"enemies":"Lagavulin","floor":13.0,"turns":4.0},{"damage":1.0,"enemies":"Lots of Slimes","floor":14.0,"turns":4.0},{"damage":12,"enemies":"The Guardian","floor":16,"turns":8}],"seed_played":"6754120762875039012","potions_obtained":[{"floor":3.0,"key":"SteroidPotion"},{"floor":4.0,"key":"Strength Potion"},{"floor":13.0,"key":"Swift Potion"}],"is_trial":false,"path_per_floor":["M","$","M","M","M","R","E","?","T","R","?","M","E","M","R","B"],"character_chosen":"THE_SILENT","items_purchased":[],"campfire_rested":1,"item_purchase_floors":[],"current_hp_per_floor":[56,56,56,54,54,54,20,20,20,39,16,16,11,10,10,0,0],"gold":185,"neow_bonus":"BOSS_RELIC","is_daily":false,"chose_seed":false,"campfire_upgraded":2,"win_rate":0.0,"timestamp":1609361631,"path_taken":["M","$","M","M","M","R","E","?","T","R","?","M","E","M","R","BOSS"],"items_purchased_type":[],"build_version":"2020-12-22","purchased_purges":1,"victory":false,"max_hp_per_floor":[66,66,66,66,66,66,66,66,66,66,66,66,66,66,66,66,66],"relic_stats":{"Nunchaku":[1],"counters":[9,48],"Golden Idol":17,"obtain_stats":[{"Runic Dome":0,"Nunchaku":13,"Golden Idol":11,"StrikeDummy":9,"Akabeko":7,"Ring of the Snake":0},{"Runic Dome":0,"Nunchaku":7,"Golden Idol":5,"StrikeDummy":5,"Akabeko":5,"Ring of the Snake":0},{"Runic Dome":0,"Nunchaku":36,"Golden Idol":29,"StrikeDummy":29,"Akabeko":29,"Ring of the Snake":0}]},"card_choices":[{"not_picked":["Deflect","Well Laid Plans"],"picked":"Deadly Poison","floor":1.0},{"not_picked":["Flechettes","Deflect"],"picked":"Leg Sweep","floor":3.0},{"not_picked":["Quick Slash","Acrobatics"],"picked":"Deadly Poison","floor":4.0},{"not_picked":["Bane","PiercingWail"],"picked":"Catalyst","floor":5.0},{"not_picked":["Setup","Acrobatics"],"picked":"Unload","floor":7.0},{"not_picked":["Quick Slash","PiercingWail"],"picked":"Poisoned Stab","floor":12.0},{"not_picked":["Backstab","Acrobatics"],"picked":"Crippling Poison","floor":13.0},{"not_picked":["Slice","Deflect"],"picked":"Night Terror","floor":14.0}],"player_experience":1025566,"relics_obtained":[{"floor":7.0,"key":"Akabeko"},{"floor":9.0,"key":"StrikeDummy"},{"floor":13.0,"key":"Nunchaku"}],"event_choices":[{"cards_removed":["Strike_G"],"damage_healed":0.0,"max_hp_gain":0.0,"max_hp_loss":0.0,"gold_gain":0.0,"event_name":"Living Wall","player_choice":"Forget","floor":8.0,"gold_loss":0.0,"damage_taken":0.0},{"damage_healed":0.0,"max_hp_gain":0.0,"max_hp_loss":0.0,"gold_gain":0.0,"event_name":"Golden Idol","player_choice":"Take Damage","floor":11.0,"gold_loss":0.0,"damage_taken":23.0,"relics_obtained":["Golden Idol"]}],"is_beta":false,"boss_relics":[],"items_purged_floors":[2],"is_endless":false,"potions_floor_spawned":[3,4,13,14],"killed_by":"The Guardian","ascension_level":20}}