{"host":"yss3m9ygfcyke5zi","time":1609302391,"event":{"mods":["2.2 Compatiblity","BaseMod","Highlight Path","Minty Spire (QoL Compilation)","Permanent Neow"],"gold_per_floor":[114,114,68,78,88,108,108,142,168,168,186,217,234,90,90,188,188,201,217,235,255,255,284,184,184,207,227,227,240,256,256,256,358,358,372,391,71,121,121,121,140,175,199,199,216,231,0,10,10,10,10],"floor_reached":50,"playtime":3794,"items_purged":["Strike_G","Strike_G","Strike_G"],"score":558,"play_id":"2edf0f2d-35af-48f4-972c-55b661b05e87","local_time":"20201230132630","is_ascension_mode":false,"campfire_choices":[{"data":"Accuracy","floor":10,"key":"SMITH"},{"data":"Well Laid Plans","floor":15,"key":"SMITH"},{"floor":25,"key":"REST"},{"floor":28,"key":"REST"},{"data":"Cloak And Dagger","floor":32,"key":"SMITH"},{"data":"After Image","floor":40,"key":"SMITH"},{"floor":44,"key":"REST"},{"floor":49,"key":"REST"}],"circlet_count":0,"master_deck":["Strike_G","Defend_G","Defend_G","Defend_G","Survivor","Neutralize","Cloak And Dagger+1","Acrobatics","Backflip","Blade Dance","Finisher","Accuracy+1","Blade Dance","Glass Knife","Well Laid Plans+1","Phantasmal Killer","Backstab","Blade Dance","Infinite Blades+1","Dodge and Roll","After Image+1","Choke+1","Accuracy","Backflip+1","Madness+1","Madness+1"],"relics":["Empty Cage","Ornamental Fan","Gremlin Horn","Toy Ornithopter","Boot","Busted Crown","Omamori","Potion Belt","Calling Bell","Snake Skull","Toxic Egg 2","Tingsha","Du-Vu Doll","Pen Nib","Strawberry","Red Mask"],"acts_visited":["Exordium","TheCity","TheBeyond"],"potions_floor_usage":[6,16,16,16,23,33,35,35,41,50,50],"damage_taken":[{"damage":0,"enemies":"Jaw Worm","floor":1,"turns":5},{"damage":0,"enemies":"Cultist","floor":4,"turns":4},{"damage":0,"enemies":"2 Louse","floor":5,"turns":3},{"damage":0,"enemies":"Lots of Slimes","floor":6,"turns":1},{"damage":13,"enemies":"3 Sentries","floor":8,"turns":9},{"damage":1,"enemies":"Looter","floor":11,"turns":3},{"damage":4,"enemies":"Lagavulin","floor":12,"turns":4},{"damage":6,"enemies":"Large Slime","floor":13,"turns":2},{"damage":0,"enemies":"Hexaghost","floor":16,"turns":5},{"damage":4,"enemies":"2 Thieves","floor":18,"turns":3},{"damage":0,"enemies":"Spheric Guardian","floor":19,"turns":3},{"damage":0,"enemies":"3 Cultists","floor":20,"turns":4},{"damage":13,"enemies":"Snake Plant","floor":21,"turns":3},{"damage":29,"enemies":"Slavers","floor":23,"turns":3},{"damage":0,"enemies":"Shelled Parasite and Fungi","floor":27,"turns":3},{"damage":5,"enemies":"Snecko","floor":29,"turns":4},{"damage":0,"enemies":"Sentry and Sphere","floor":30,"turns":3},{"damage":4,"enemies":"Collector","floor":33,"turns":5},{"damage":5,"enemies":"3 Darklings","floor":35,"turns":4},{"damage":0,"enemies":"3 Shapes","floor":36,"turns":2},{"damage":0,"enemies":"Mind Bloom Boss Battle","floor":38,"turns":4},{"damage":30,"enemies":"3 Darklings","floor":41,"turns":3},{"damage":10,"enemies":"Reptomancer","floor":42,"turns":4},{"damage":11,"enemies":"Sphere and 2 Shapes","floor":45,"turns":2},{"damage":3,"enemies":"Maw","floor":46,"turns":5},{"damage":11,"enemies":"Jaw Worm Horde","floor":48,"turns":3},{"damage":76,"enemies":"Time Eater","floor":50,"turns":7}],"seed_played":"-6422707390970353565","potions_obtained":[{"floor":1,"key":"Explosive Potion"},{"floor":8,"key":"Dexterity Potion"},{"floor":11,"key":"PowerPotion"},{"floor":13,"key":"Weak Potion"},{"floor":18,"key":"Poison Potion"},{"floor":27,"key":"Explosive Potion"},{"floor":29,"key":"AttackPotion"},{"floor":30,"key":"Block Potion"},{"floor":33,"key":"ColorlessPotion"},{"floor":35,"key":"Ancient Potion"},{"floor":42,"key":"SkillPotion"}],"is_trial":false,"path_per_floor":["M","?","$","M","M","M","T","E","T","R","M","E","M","$","R","B",null,"M","M","M","M","?","E","$","R","T","M","R","M","M","?","R","B",null,"M","M","$","?","?","R","M","E","T","R","M","M","?","M","R","B"],"character_chosen":"THE_SILENT","items_purchased":["Acrobatics","Well Laid Plans","Accuracy","Backflip+1","DuplicationPotion"],"campfire_rested":4,"item_purchase_floors":[3,14,37,37,37],"current_hp_per_floor":[70,70,70,70,70,70,70,57,57,57,56,52,46,46,46,61,70,66,66,66,53,40,16,16,38,38,38,60,55,55,55,55,56,75,75,75,75,75,66,66,41,31,38,62,51,48,48,37,61,0,0],"gold":10,"neow_bonus":"BOSS_RELIC","is_daily":false,"chose_seed":false,"campfire_upgraded":4,"win_rate":0.0,"timestamp":1609302390,"path_taken":["M","?","?","M","M","?","?","E","T","R","M","E","M","?","R","BOSS","M","M","M","M","?","E","$","R","T","M","R","M","M","?","R","BOSS","M","M","?","?","?","R","M","E","T","R","M","M","?","M","R","BOSS"],"items_purchased_type":["Card","Card","Card","Card","Potion"],"build_version":"2020-12-22","purchased_purges":3,"victory":false,"max_hp_per_floor":[70,70,70,70,70,70,70,70,70,70,70,70,70,70,70,70,70,70,70,70,70,75,75,75,75,75,75,75,75,75,75,75,75,75,75,75,75,75,75,75,75,75,82,82,82,82,82,82,82,82,82],"card_choices":[{"not_picked":["Crippling Poison","Sucker Punch"],"picked":"Cloak And Dagger","floor":1},{"not_picked":["Finisher","Slice"],"picked":"Backflip","floor":4},{"not_picked":["Slice","Dagger Spray"],"picked":"Blade Dance","floor":5},{"not_picked":["Bane","Glass Knife"],"picked":"Finisher","floor":6},{"not_picked":["Terror","Backstab"],"picked":"Accuracy","floor":8},{"not_picked":["Predator","Dodge and Roll"],"picked":"Blade Dance","floor":11},{"not_picked":["Poisoned Stab","Dagger Throw"],"picked":"Glass Knife","floor":12},{"not_picked":["Slice","Deflect","Predator"],"picked":"SKIP","floor":13},{"not_picked":["Envenom","A Thousand Cuts"],"picked":"Phantasmal Killer","floor":16},{"not_picked":[],"picked":"Backstab","floor":18},{"not_picked":["Heel Hook"],"picked":"SKIP","floor":19},{"not_picked":["Dagger Spray"],"picked":"SKIP","floor":20},{"not_picked":[],"picked":"Blade Dance","floor":21},{"not_picked":["Deflect"],"picked":"SKIP","floor":23},{"not_picked":["Tools of the Trade"],"picked":"SKIP","floor":27},{"not_picked":[],"picked":"Infinite Blades","floor":29},{"not_picked":[],"picked":"Dodge and Roll","floor":30},{"not_picked":[],"picked":"After Image","floor":33},{"not_picked":[],"picked":"Choke+1","floor":35},{"not_picked":["Catalyst+1"],"picked":"SKIP","floor":36},{"not_picked":["Crippling Poison+1"],"picked":"SKIP","floor":41},{"not_picked":["Deadly Poison+1"],"picked":"SKIP","floor":42},{"not_picked":["Deflect+1"],"picked":"SKIP","floor":45},{"not_picked":["Riddle With Holes+1"],"picked":"SKIP","floor":46},{"not_picked":["Slice"],"picked":"SKIP","floor":48}],"player_experience":143367,"relics_obtained":[{"floor":7,"key":"Ornamental Fan"},{"floor":8,"key":"Gremlin Horn"},{"floor":9,"key":"Toy Ornithopter"},{"floor":12,"key":"Boot"},{"floor":23,"key":"Omamori"},{"floor":26,"key":"Potion Belt"},{"floor":34,"key":"Snake Skull"},{"floor":34,"key":"Toxic Egg 2"},{"floor":34,"key":"Tingsha"},{"floor":38,"key":"Du-Vu Doll"},{"floor":42,"key":"Pen Nib"},{"floor":43,"key":"Strawberry"}],"event_choices":[{"cards_removed":["Defend_G"],"damage_healed":0,"gold_gain":0,"player_choice":"Offered Basic","damage_taken":0,"max_hp_gain":0,"max_hp_loss":0,"event_name":"Bonfire Elementals","floor":2,"gold_loss":0},{"damage_healed":0,"gold_gain":0,"player_choice":"Shed Blood","damage_taken":18,"max_hp_gain":5,"max_hp_loss":0,"event_name":"Forgotten Altar","floor":22,"gold_loss":0},{"damage_healed":0,"gold_gain":0,"player_choice":"Upgraded","damage_taken":0,"max_hp_gain":0,"max_hp_loss":0,"event_name":"Upgrade Shrine","floor":31,"gold_loss":0,"cards_upgraded":["Infinite Blades"]},{"damage_healed":0,"gold_gain":0,"player_choice":"Fight","damage_taken":0,"max_hp_gain":0,"max_hp_loss":0,"event_name":"MindBloom","floor":38,"gold_loss":0},{"damage_healed":0,"gold_gain":0,"player_choice":"Embrace Madness","damage_taken":9,"max_hp_gain":0,"max_hp_loss":0,"event_name":"Winding Halls","floor":39,"gold_loss":0,"cards_obtained":["Madness","Madness"]},{"damage_healed":0,"gold_gain":0,"player_choice":"Paid","damage_taken":0,"relics_obtained":["Red Mask"],"max_hp_gain":0,"max_hp_loss":0,"event_name":"Tomb of Lord Red Mask","floor":47,"gold_loss":231}],"is_beta":false,"boss_relics":[{"not_picked":["Coffee Dripper","HoveringKite"],"picked":"Busted Crown"},{"not_picked":["SacredBark","Runic Pyramid"],"picked":"Calling Bell"}],"items_purged_floors":[14,24,37],"is_endless":false,"potions_floor_spawned":[1,8,11,13,18,27,29,30,33,35,42],"killed_by":"Time Eater","ascension_level":0}}