{"host":"m6aaltr68g9tvoay","time":1609321046,"event":{"mods":["AchievementEnabler","BaseMod","Colored Map","Minty Spire (QoL Compilation)","StSLib"],"gold_per_floor":[117,117,132,132,152,152,187,187,266,279,128,128,142,154,154,228,228,178,188,206,143,153,153,78,78,78,3,22,22,53,53,53,53,53],"floor_reached":33,"playtime":1037,"items_purged":["Shame"],"score":507,"play_id":"76908ca8-b7b3-44c5-ab9a-9cf961fa0fc6","local_time":"20201230013726","is_ascension_mode":true,"campfire_choices":[{"data":"Rampage","floor":6.0,"key":"SMITH"},{"floor":8.0,"key":"REST"},{"data":"Rage","floor":12.0,"key":"SMITH"},{"data":"Rampage","floor":15.0,"key":"SMITH"},{"floor":23,"key":"REST"},{"floor":25,"key":"REST"},{"floor":32,"key":"REST"}],"circlet_count":0,"master_deck":["AscendersBane","Strike_R","Strike_R","Strike_R","Strike_R","Defend_R","Defend_R","Defend_R","Defend_R","Bash","Cleave","Flex","Rampage+1","Disarm","Rage+1","Impervious","Feed","Rampage+1","Double Tap","Body Slam+1","Metallicize+1","Shockwave+1","Ghostly Armor"],"relics":["Burning Blood","NeowsBlessing","Matryoshka","Nunchaku","HornCleat","InkBottle","Cursed Key","Vajra","Darkstone Periapt","Gremlin Horn","Bottled Tornado","MutagenicStrength"],"acts_visited":["Exordium","TheCity"],"potions_floor_usage":[19,22,30,33],"damage_taken":[{"damage":0.0,"enemies":"Cultist","floor":1.0,"turns":1.0},{"damage":0.0,"enemies":"Small Slimes","floor":3.0,"turns":1.0},{"damage":2.0,"enemies":"2 Louse","floor":5.0,"turns":2.0},{"damage":56.0,"enemies":"Gremlin Nob","floor":7.0,"turns":5.0},{"damage":11.0,"enemies":"Lots of Slimes","floor":10.0,"turns":4.0},{"damage":2.0,"enemies":"3 Louse","floor":13.0,"turns":4.0},{"damage":11.0,"enemies":"Blue Slaver","floor":14.0,"turns":4.0},{"damage":24.0,"enemies":"Hexaghost","floor":16.0,"turns":9.0},{"damage":33.0,"enemies":"2 Thieves","floor":18.0,"turns":5.0},{"damage":19,"enemies":"Spheric Guardian","floor":19,"turns":4},{"damage":7,"enemies":"Snake Plant","floor":20,"turns":5},{"damage":13,"enemies":"Centurion and Healer","floor":22,"turns":4},{"damage":7,"enemies":"Shelled Parasite and Fungi","floor":28,"turns":5},{"damage":8,"enemies":"Slavers","floor":30,"turns":7},{"damage":130,"enemies":"Automaton","floor":33,"turns":14}],"seed_played":"6151582865177409512","potions_obtained":[{"floor":4.0,"key":"BlessingOfTheForge"},{"floor":4.0,"key":"CultistPotion"},{"floor":7.0,"key":"FairyPotion"},{"floor":16.0,"key":"CultistPotion"},{"floor":19,"key":"DuplicationPotion"},{"floor":22,"key":"Dexterity Potion"},{"floor":28,"key":"Block Potion"},{"floor":30,"key":"SpeedPotion"}],"is_trial":false,"path_per_floor":["M","T","M","?","M","R","E","R","T","M","$","R","M","M","R","B",null,"M","M","M","?","M","R","?","R","T","$","M","?","E","?","R","B"],"character_chosen":"IRONCLAD","items_purchased":["Impervious"],"campfire_rested":4,"item_purchase_floors":[11],"current_hp_per_floor":[74,74,75,75,75,75,25,47,47,42,42,42,46,41,41,23,62,35,22,21,21,14,36,36,58,58,58,57,57,58,58,78,0,0],"gold":53,"neow_bonus":"THREE_ENEMY_KILL","is_daily":false,"chose_seed":false,"campfire_upgraded":3,"win_rate":0.0,"timestamp":1609321046,"path_taken":["M","?","?","?","M","R","E","R","T","M","$","R","M","?","R","BOSS","M","M","M","?","?","R","?","R","T","$","M","?","E","?","R","BOSS"],"items_purchased_type":["Card"],"build_version":"2020-12-22","purchased_purges":1,"victory":false,"max_hp_per_floor":[75,75,75,75,75,75,75,75,75,75,75,75,75,75,75,75,75,75,75,75,75,75,75,75,75,75,75,75,75,78,78,78,78,78],"card_choices":[{"not_picked":["Perfected Strike","Warcry"],"picked":"Cleave","floor":1.0},{"not_picked":["Body Slam","Anger"],"picked":"Flex","floor":3.0},{"not_picked":["Flex","Havoc"],"picked":"Rampage","floor":5.0},{"not_picked":["Heavy Blade","Body Slam"],"picked":"Disarm","floor":7.0},{"not_picked":["Power Through","Metallicize"],"picked":"Rage","floor":10.0},{"not_picked":["Infernal Blade","Flame Barrier"],"picked":"Feed","floor":13.0},{"not_picked":["Dark Embrace","Flex"],"picked":"Rampage","floor":14.0},{"not_picked":["Feed","Brutality"],"picked":"Double Tap","floor":16.0},{"not_picked":["Pommel Strike","Wild Strike","Twin Strike"],"picked":"SKIP","floor":18.0},{"not_picked":["Bloodletting","Perfected Strike","Pummel"],"picked":"SKIP","floor":19},{"not_picked":["True Grit","Headbutt"],"picked":"Body Slam+1","floor":20},{"not_picked":["Cleave","Fire Breathing"],"picked":"Metallicize+1","floor":22},{"not_picked":["Reckless Charge","Armaments"],"picked":"Shockwave+1","floor":28},{"not_picked":["Havoc","Clothesline"],"picked":"Ghostly Armor","floor":30}],"player_experience":1320212,"relics_obtained":[{"floor":2.0,"key":"Matryoshka"},{"floor":7.0,"key":"Nunchaku"},{"floor":9.0,"key":"HornCleat"},{"floor":9.0,"key":"InkBottle"},{"floor":26,"key":"Darkstone Periapt"},{"floor":26,"key":"Gremlin Horn"},{"floor":30,"key":"Bottled Tornado"}],"event_choices":[{"damage_healed":0.0,"max_hp_gain":0.0,"max_hp_loss":0.0,"gold_gain":0.0,"event_name":"Lab","player_choice":"Got Potions","floor":4.0,"gold_loss":0.0,"damage_taken":0.0},{"damage_healed":0,"gold_gain":0,"player_choice":"Paid Gold","damage_taken":0,"relics_obtained":["Vajra"],"max_hp_gain":0,"max_hp_loss":0,"event_name":"WeMeetAgain","floor":21,"gold_loss":63},{"cards_removed":["Strike_R"],"damage_healed":0,"gold_gain":0,"player_choice":"Gave Gold","damage_taken":0,"max_hp_gain":0,"max_hp_loss":0,"event_name":"Beggar","floor":24,"gold_loss":75},{"damage_healed":0,"gold_gain":0,"player_choice":"Ignored","damage_taken":0,"max_hp_gain":0,"max_hp_loss":0,"event_name":"Ghosts","floor":29,"gold_loss":0},{"damage_healed":0,"gold_gain":0,"player_choice":"Inject Mutagens","damage_taken":0,"relics_obtained":["MutagenicStrength"],"max_hp_gain":0,"max_hp_loss":0,"event_name":"Drug Dealer","floor":31,"gold_loss":0}],"is_beta":false,"boss_relics":[{"not_picked":["Tiny House","Astrolabe"],"picked":"Cursed Key"}],"items_purged_floors":[27],"is_endless":false,"potions_floor_spawned":[7,10,13,14,16,19,22,28,30],"killed_by":"Automaton","ascension_level":18}}