{"host":"pynofkhbweftzsaw","time":1609298963,"event":{"mods":["BaseMod","Colored Map","Marisa????????","Minty Spire (QoL Compilation)","StSLib","The Servant 0.9.4"],"gold_per_floor":[114,114,134,153,170,201,216,244,244,244,260,290,290,147,147,243,243,260,272,272,272,187,218,218,245,245,245,245,261,14,44,44,44,44],"floor_reached":33,"playtime":4235,"items_purged":["Defend_G","Strike_G"],"score":410,"play_id":"e6c8d8a1-0879-4438-ba43-4741ad8a19c6","local_time":"20201230112923","is_ascension_mode":true,"campfire_choices":[{"data":"Neutralize","floor":10,"key":"SMITH"},{"data":"A Thousand Cuts","floor":13,"key":"SMITH"},{"data":"Terror","floor":15,"key":"SMITH"},{"data":"Prepared","floor":24,"key":"SMITH"},{"data":"Phantasmal Killer","floor":27,"key":"SMITH"},{"data":"RitualDagger","floor":32,"key":"SMITH"}],"circlet_count":0,"master_deck":["Strike_G","Strike_G","Defend_G","Defend_G","Survivor","Neutralize+1","Phantasmal Killer+1","Dodge and Roll+1","Glass Knife+1","Dagger Throw","A Thousand Cuts+1","Flying Knee","Die Die Die","Flying Knee","Dagger Throw","Underhanded Strike","Prepared+1","Terror+1","Phantasmal Killer+1","Acrobatics","Writhe","RitualDagger+1","Masterful Stab+1"],"relics":["Astrolabe","Bag of Marbles","Nunchaku","StoneCalendar","Ornamental Fan","Philosopher\u0027s Stone","Bird Faced Urn","Nilry\u0027s Codex","Blue Candle","Pen Nib","Sundial","HornCleat","Sling","Molten Egg 2"],"acts_visited":["Exordium","TheCity"],"potions_floor_usage":[12,16,16,25,29,31,31],"damage_taken":[{"damage":0,"enemies":"Cultist","floor":1,"turns":3},{"damage":0,"enemies":"Jaw Worm","floor":3,"turns":2},{"damage":12,"enemies":"Small Slimes","floor":4,"turns":2},{"damage":0,"enemies":"3 Louse","floor":5,"turns":3},{"damage":8,"enemies":"3 Sentries","floor":6,"turns":3},{"damage":0,"enemies":"Large Slime","floor":7,"turns":2},{"damage":0,"enemies":"Lagavulin","floor":8,"turns":4},{"damage":0,"enemies":"2 Fungi Beasts","floor":11,"turns":2},{"damage":0,"enemies":"Gremlin Nob","floor":12,"turns":3},{"damage":8,"enemies":"Hexaghost","floor":16,"turns":5},{"damage":20,"enemies":"3 Byrds","floor":18,"turns":4},{"damage":0,"enemies":"Chosen","floor":19,"turns":2},{"damage":16,"enemies":"Gremlin Leader","floor":23,"turns":4},{"damage":8,"enemies":"Slavers","floor":25,"turns":5},{"damage":7,"enemies":"Centurion and Healer","floor":29,"turns":4},{"damage":4,"enemies":"Book of Stabbing","floor":31,"turns":2},{"damage":7,"enemies":"Champ","floor":33,"turns":1}],"seed_played":"-5948888716936490235","potions_obtained":[{"floor":3,"key":"EssenceOfSteel"},{"floor":5,"key":"CunningPotion"},{"floor":7,"key":"Block Potion"},{"floor":16,"key":"PowerPotion"},{"floor":19,"key":"FearPotion"},{"floor":23,"key":"SpeedPotion"},{"floor":25,"key":"Weak Potion"}],"is_trial":false,"path_per_floor":["M","?","M","M","M","E","M","E","T","R","M","E","R","$","R","B",null,"M","M","?","?","?","E","R","E","T","R","?","M","$","E","R","B"],"character_chosen":"THE_SILENT","items_purchased":["Terror","Sling"],"campfire_rested":0,"item_purchase_floors":[14,30],"current_hp_per_floor":[70,70,70,58,58,50,50,50,50,50,50,50,50,50,50,42,70,50,50,50,34,34,18,18,16,16,16,10,5,5,1,1,0,0],"gold":44,"neow_bonus":"BOSS_RELIC","is_daily":false,"chose_seed":false,"campfire_upgraded":6,"win_rate":0.0,"timestamp":1609298963,"path_taken":["M","?","M","M","M","E","M","E","T","R","M","E","R","?","R","BOSS","M","?","?","?","?","E","R","E","T","R","?","M","$","E","R","BOSS"],"items_purchased_type":["Card","Relic"],"build_version":"2020-12-22","purchased_purges":2,"victory":false,"max_hp_per_floor":[70,70,70,70,70,70,70,70,70,70,70,70,70,70,70,70,70,70,70,70,70,70,70,70,70,70,70,70,70,70,70,70,70,70],"card_choices":[{"not_picked":["Dagger Spray","Escape Plan"],"picked":"Dagger Throw","floor":1},{"not_picked":["Deadly Poison","Choke"],"picked":"Flying Knee","floor":3},{"not_picked":["Calculated Gamble","Well Laid Plans","Leg Sweep"],"picked":"SKIP","floor":4},{"not_picked":["Slice","Endless Agony"],"picked":"Die Die Die","floor":5},{"not_picked":["Infinite Blades","Reflex"],"picked":"Flying Knee","floor":6},{"not_picked":["Infinite Blades","Blade Dance"],"picked":"Dagger Throw","floor":7},{"not_picked":["Deflect","Cloak And Dagger"],"picked":"Underhanded Strike","floor":8},{"not_picked":["Cloak And Dagger","Heel Hook"],"picked":"Prepared","floor":11},{"not_picked":["Distraction","Dagger Spray","Blur"],"picked":"SKIP","floor":12},{"not_picked":["Doppelganger","Tools of the Trade"],"picked":"Phantasmal Killer","floor":16},{"not_picked":["Outmaneuver","Crippling Poison","Dodge and Roll+1"],"picked":"SKIP","floor":18},{"not_picked":["Riddle With Holes","Poisoned Stab"],"picked":"Acrobatics","floor":19},{"not_picked":["Sucker Punch","Quick Slash","Backflip"],"picked":"SKIP","floor":23},{"not_picked":["All Out Attack","Crippling Poison+1","Dash+1"],"picked":"SKIP","floor":25},{"not_picked":["Bane","Outmaneuver+1","All Out Attack"],"picked":"SKIP","floor":29},{"not_picked":["Poisoned Stab+1","Dodge and Roll"],"picked":"Masterful Stab+1","floor":31}],"player_experience":98154,"relics_obtained":[{"floor":6,"key":"Bag of Marbles"},{"floor":8,"key":"Nunchaku"},{"floor":9,"key":"StoneCalendar"},{"floor":12,"key":"Ornamental Fan"},{"floor":21,"key":"Nilry\u0027s Codex"},{"floor":23,"key":"Pen Nib"},{"floor":25,"key":"Sundial"},{"floor":26,"key":"HornCleat"},{"floor":31,"key":"Molten Egg 2"}],"event_choices":[{"damage_healed":0,"gold_gain":0,"cards_transformed":["Strike_G"],"player_choice":"Transformed","damage_taken":0,"max_hp_gain":0,"max_hp_loss":0,"event_name":"Transmorgrifier","floor":2,"gold_loss":0,"cards_obtained":["A Thousand Cuts"]},{"damage_healed":0,"gold_gain":0,"player_choice":"Opened","damage_taken":0,"relics_obtained":["Bird Faced Urn"],"max_hp_gain":0,"max_hp_loss":0,"event_name":"The Mausoleum","floor":20,"gold_loss":0,"cards_obtained":["Writhe"]},{"damage_healed":0,"gold_gain":0,"player_choice":"Obtained Book","damage_taken":16,"max_hp_gain":0,"max_hp_loss":0,"event_name":"Cursed Tome","floor":21,"gold_loss":0},{"damage_healed":0,"gold_gain":0,"player_choice":"Obtained Relic","damage_taken":0,"relics_obtained":["Blue Candle"],"max_hp_gain":0,"max_hp_loss":0,"event_name":"Addict","floor":22,"gold_loss":85},{"damage_healed":0,"gold_gain":0,"player_choice":"Joined the Cult","damage_taken":6,"max_hp_gain":0,"max_hp_loss":0,"event_name":"Nest","floor":28,"gold_loss":0,"cards_obtained":["RitualDagger"]}],"is_beta":false,"boss_relics":[{"not_picked":["Empty Cage","Runic Pyramid"],"picked":"Philosopher\u0027s Stone"}],"items_purged_floors":[14,30],"is_endless":false,"potions_floor_spawned":[3,5,7,16,19,23,25],"killed_by":"Champ","ascension_level":2}}