{"host":"hwrdjx5eod2cxh09","time":1609324630,"event":{"mods":["AchievementEnabler","BaseMod","Bestiary","Minty Spire (QoL Compilation)","Relic Stats"],"gold_per_floor":[117,131,147,147,167,197,215,226,226,226,256,276,289,302,302,401,401,418,429,457,457,457,457],"floor_reached":22,"playtime":1443,"items_purged":[],"score":202,"play_id":"03f93cc4-4db2-427c-9922-ae373f18d9ce","local_time":"20201230193710","is_ascension_mode":false,"campfire_choices":[{"data":"Hologram","floor":10,"key":"SMITH"},{"floor":15,"key":"REST"}],"circlet_count":0,"master_deck":["Strike_B","Strike_B","Strike_B","Defend_B","Defend_B","Defend_B","Defend_B","Zap","Dualcast","Conserve Battery","Ball Lightning","Gash","Rebound","Hologram+1","Rebound","Leap","Hologram","Steam Power","Streamline","FTL+1","Beam Cell"],"relics":["Cracked Core","MealTicket","Gambling Chip","Matryoshka","Black Star","Red Mask"],"acts_visited":["Exordium","TheCity"],"potions_floor_usage":[18,20,20,22],"damage_taken":[{"damage":0.0,"enemies":"Small Slimes","floor":1.0,"turns":2.0},{"damage":4,"enemies":"Jaw Worm","floor":2,"turns":2},{"damage":4,"enemies":"2 Louse","floor":3,"turns":2},{"damage":0,"enemies":"Blue Slaver","floor":5,"turns":3},{"damage":11,"enemies":"3 Sentries","floor":6,"turns":7},{"damage":0,"enemies":"Exordium Wildlife","floor":7,"turns":3},{"damage":8,"enemies":"Exordium Thugs","floor":8,"turns":4},{"damage":20,"enemies":"Gremlin Nob","floor":11,"turns":5},{"damage":2,"enemies":"2 Fungi Beasts","floor":12,"turns":3},{"damage":2,"enemies":"Blue Slaver","floor":13,"turns":4},{"damage":0,"enemies":"3 Louse","floor":14,"turns":3},{"damage":36,"enemies":"Hexaghost","floor":16,"turns":11},{"damage":18,"enemies":"2 Thieves","floor":18,"turns":4},{"damage":1,"enemies":"3 Byrds","floor":19,"turns":5},{"damage":29,"enemies":"Masked Bandits","floor":20,"turns":4},{"damage":29,"enemies":"Sentry and Sphere","floor":22,"turns":5}],"seed_played":"3079587569715365670","potions_obtained":[{"floor":1.0,"key":"Explosive Potion"},{"floor":5,"key":"AttackPotion"},{"floor":11,"key":"AttackPotion"},{"floor":12,"key":"Fire Potion"},{"floor":13,"key":"Fire Potion"},{"floor":18,"key":"DistilledChaos"},{"floor":19,"key":"Regen Potion"}],"is_trial":false,"path_per_floor":["M","M","M","?","M","E","M","M","T","R","E","M","M","M","R","B",null,"M","M","?","?","M"],"character_chosen":"DEFECT","items_purchased":[],"campfire_rested":1,"item_purchase_floors":[],"current_hp_per_floor":[75,71,67,60,60,49,49,41,41,41,21,19,17,17,39,3,75,57,56,27,13,0,0],"gold":457,"neow_bonus":"THREE_CARDS","is_daily":false,"chose_seed":false,"campfire_upgraded":1,"win_rate":0.0,"timestamp":1609324630,"path_taken":["M","M","M","?","M","E","M","M","T","R","E","M","M","M","R","BOSS","M","M","?","?","M"],"items_purchased_type":[],"build_version":"2020-12-22","purchased_purges":0,"victory":false,"max_hp_per_floor":[75,75,75,75,75,75,75,75,75,75,75,75,75,75,75,75,75,75,75,75,80,80,80],"relic_stats":{"counters":[16,67],"Gambling Chip":[17],"MealTicket":0,"Black Star":0,"obtain_stats":[{"Matryoshka":11,"Gambling Chip":9,"MealTicket":6,"Black Star":17,"Red Mask":20,"Cracked Core":0},{"Matryoshka":8,"Gambling Chip":7,"MealTicket":5,"Black Star":12,"Red Mask":15,"Cracked Core":0},{"Matryoshka":28,"Gambling Chip":23,"MealTicket":16,"Black Star":49,"Red Mask":62,"Cracked Core":0}]},"card_choices":[{"not_picked":["Compile Driver","Aggregate"],"picked":"Conserve Battery","floor":0.0},{"not_picked":["BootSequence","Streamline"],"picked":"Ball Lightning","floor":1.0},{"not_picked":["Ball Lightning","Stack"],"picked":"Gash","floor":2},{"not_picked":["Chaos","Compile Driver"],"picked":"Rebound","floor":3},{"not_picked":["Turbo","Lockon"],"picked":"Hologram","floor":5},{"not_picked":["Barrage","Ball Lightning"],"picked":"Rebound","floor":6},{"not_picked":["Lockon","Fusion","Hologram"],"picked":"SKIP","floor":7},{"not_picked":["Consume","Core Surge"],"picked":"Leap","floor":8},{"not_picked":["Redo","Hello World"],"picked":"Hologram","floor":11},{"not_picked":["Ball Lightning","Barrage","Cold Snap"],"picked":"SKIP","floor":12},{"not_picked":["Leap","Redo"],"picked":"Steam Power","floor":13},{"not_picked":["Cold Snap","Double Energy"],"picked":"Streamline","floor":14},{"not_picked":["Sweeping Beam","White Noise"],"picked":"FTL+1","floor":18},{"not_picked":["Conserve Battery","Sweeping Beam","Barrage"],"picked":"SKIP","floor":19},{"not_picked":["Hello World+1","Ball Lightning"],"picked":"Beam Cell","floor":20}],"player_experience":97575,"relics_obtained":[{"floor":6,"key":"MealTicket"},{"floor":9,"key":"Gambling Chip"},{"floor":11,"key":"Matryoshka"},{"floor":20,"key":"Red Mask"}],"event_choices":[{"cards_removed":["Strike_B"],"damage_healed":0,"gold_gain":0,"player_choice":"Card Removal","damage_taken":7,"max_hp_gain":0,"max_hp_loss":0,"event_name":"Golden Wing","floor":4,"gold_loss":0},{"damage_healed":0,"gold_gain":0,"player_choice":"Fought Bandits","damage_taken":0,"max_hp_gain":0,"max_hp_loss":0,"event_name":"Masked Bandits","floor":20,"gold_loss":0},{"damage_healed":0,"gold_gain":0,"player_choice":"Shed Blood","damage_taken":19,"max_hp_gain":5,"max_hp_loss":0,"event_name":"Forgotten Altar","floor":21,"gold_loss":0}],"is_beta":false,"boss_relics":[{"not_picked":["Coffee Dripper","Empty Cage"],"picked":"Black Star"}],"items_purged_floors":[],"is_endless":false,"potions_floor_spawned":[1,5,11,12,13,16,18,19],"killed_by":"Sentry and Sphere","ascension_level":0}}