{"host":"n3vqtvx9hbigdfc4","time":1609306979,"event":{"mods":["AchievementEnabler","BaseMod","Better Third Choice","Block Reminder","Colored Map","Colored Powertips","Downfall","Minty Spire (QoL Compilation)","Permanent Neow","Rare Cards Sparkle","Relic Stats","Replay The Spire","Shop Mod","StSLib"],"gold_per_floor":[99,114,130,130,130,130,155,155,182,193,222,269,289,289,300,395,395,270,287,302,402,387,401,424,452,79,94,123,173,223,290,300,403,403,353,366,466,482,501,526,526,576,626,39,39,109,59,73,91,91],"floor_reached":51,"playtime":4258,"items_purged":["Pain"],"score":942,"play_id":"b8987144-5158-4453-b3ef-3e2b98cb6410","local_time":"20201229234259","is_ascension_mode":true,"campfire_choices":[{"data":"Slimebound:Split","floor":1.0,"key":"SMITH"},{"data":"Slimebound:SplitAcid","floor":6.0,"key":"SMITH"},{"data":"Slimebound:MassRepurpose","floor":18.0,"key":"SMITH"},{"data":"Slimebound:MinionMaster","floor":35,"key":"SMITH"},{"floor":45,"key":"RECALL"},{"floor":47,"key":"DIG"}],"circlet_count":0,"master_deck":["Slimebound:Strike_Slimebound","Slimebound:Strike_Slimebound","Slimebound:Tackle","Slimebound:Defend_Slimebound","Slimebound:Defend_Slimebound","Slimebound:Defend_Slimebound","Slimebound:Defend_Slimebound","Slimebound:Split+1","Slimebound:CorrosiveSpit+1","Slimebound:SplitAcid+1","Slimebound:HauntingLick","Slimebound:FormOfPuddle","Slimebound:RejuvenatingLick","Slimebound:Prepare","Slimebound:ServeAndProtect","Slimebound:SplitLeeching","Slimebound:MassRepurpose+1","Slimebound:FinishingTackle","Slimebound:SplitBruiser+1","Slimebound:Replication","Slimebound:LeadByExample","Slimebound:PressTheAttack","Slimebound:Dissolve","Slimebound:Teamwork+1","Slimebound:SplitBruiser","Slimebound:GrowthPunch+1","Ghostly","Ghostly","Ghostly","Ghostly+1","Ghostly","Slimebound:SplitLeeching","Slimebound:RollThrough","Slimebound:MinionMaster+1","Slimebound:SplitBruiser+1","Slimebound:SlimeBarrage","Slimebound:ItLooksTasty+1","Slimebound:ViciousTackle","Slimebound:SamplingLick+1","Slimebound:WasteNot+1","Slimebound:Repurpose","Slimebound:Equalize","Slimebound:SplitBruiser+1","Slimebound:SlimeBarrage"],"relics":["Slimebound:AbsorbEndCombat","downfall:ShatteredFragment","Ring of Searing","Ring of Misfortune","Slimebound:AggressiveSlimeRelic","Slimebound:GreedOozeRelic","Bottled Lightning","Pet Ghost","WarpedTongs","Slimebound:TarBlob","downfall:HeartBlessingGreen","downfall:CloakOfManyFaces","CultistMask","FaceOfCleric","NlothsMask","GremlinMask","SsserpentHead","Dream Catcher","Oddly Smooth Stone","Bag of Preparation","TheAbacus","Quantum Egg","Nilry\u0027s Codex","Coffee Dripper","Replay:Multitool","Mercury Hourglass","InkBottle","Mummified Hand","Guide Book","War Paint","Bag of Marbles"],"acts_visited":["Exordium","TheCity","TheBeyond"],"potions_floor_usage":[50],"damage_taken":[{"damage":9.0,"enemies":"Jaw Worm","floor":2.0,"turns":4.0},{"damage":14.0,"enemies":"Small Slimes","floor":3.0,"turns":3.0},{"damage":20.0,"enemies":"3 Sentries","floor":9.0,"turns":4.0},{"damage":8.0,"enemies":"2 Louse","floor":10.0,"turns":2.0},{"damage":16.0,"enemies":"Gremlin Nob","floor":11.0,"turns":2.0},{"damage":9.0,"enemies":"2 Fungi Beasts","floor":13.0,"turns":2.0},{"damage":22.0,"enemies":"Blue Slaver","floor":15.0,"turns":2.0},{"damage":48.0,"enemies":"downfall:Ironclad","floor":16.0,"turns":4.0},{"damage":34.0,"enemies":"Spheric Guardian","floor":19.0,"turns":3.0},{"damage":39.0,"enemies":"Chosen","floor":20.0,"turns":3.0},{"damage":47.0,"enemies":"downfall:FaceTrader","floor":21.0,"turns":3.0},{"damage":43.0,"enemies":"downfall:FleeingMerchant","floor":22.0,"turns":4.0},{"damage":34.0,"enemies":"Snecko","floor":23.0,"turns":3.0},{"damage":46.0,"enemies":"Gremlin Leader","floor":25.0,"turns":4.0},{"damage":32.0,"enemies":"downfall:FleeingMerchant","floor":26.0,"turns":3.0},{"damage":36,"enemies":"Sentry and Sphere","floor":27,"turns":2},{"damage":27,"enemies":"Slavers","floor":28,"turns":3},{"damage":10,"enemies":"Snake Plant","floor":31,"turns":2},{"damage":36,"enemies":"Cultist and Chosen","floor":32,"turns":3},{"damage":64,"enemies":"downfall:Watcher","floor":33,"turns":5},{"damage":30,"enemies":"3 Darklings","floor":36,"turns":3},{"damage":42,"enemies":"Mind Bloom Boss Battle","floor":37,"turns":3},{"damage":11,"enemies":"Orb Walker","floor":38,"turns":3},{"damage":10,"enemies":"3 Darklings","floor":39,"turns":3},{"damage":29,"enemies":"Reptomancer","floor":40,"turns":4},{"damage":15,"enemies":"Writhing Mass","floor":46,"turns":3},{"damage":17,"enemies":"Jaw Worm Horde","floor":48,"turns":2},{"damage":36,"enemies":"Sphere and 2 Shapes","floor":49,"turns":2},{"damage":23,"enemies":"downfall:Silent","floor":50,"turns":4}],"seed_played":"8602425023992802703","potions_obtained":[{"floor":3.0,"key":"SteroidPotion"},{"floor":11.0,"key":"SpeedPotion"},{"floor":12.0,"key":"Ancient Potion"},{"floor":12.0,"key":"Reflective Coating"},{"floor":12.0,"key":"Elixir"},{"floor":16.0,"key":"ColorlessPotion"},{"floor":23.0,"key":"Block Potion"},{"floor":25.0,"key":"Guardian:BlockOnCardUsePotion"},{"floor":37,"key":"Guardian:BlockOnCardUsePotion"},{"floor":40,"key":"LifebloodPotion"}],"is_trial":false,"path_per_floor":["R","M","M","?","?","R","T","?","E","M","E","?","M","?","M","B",null,"R","M","M","?","$","M","T","E","$","M","E","?","?","M","M","B",null,"R","M","?","M","M","E","T","?","?","$","R","M","R","M","M","B",null],"character_chosen":"SLIMEBOUND","items_purchased":["Oddly Smooth Stone","Bag of Preparation","TheAbacus","Slimebound:Teamwork","Slimebound:Repurpose","Mummified Hand","Guide Book","War Paint"],"campfire_rested":0,"item_purchase_floors":[26,26,26,26,44,44,44,44],"current_hp_per_floor":[60,60,60,42,42,42,42,42,42,46,56,41,50,50,54,48,60,60,60,56,55,61,62,62,60,64,61,61,33,17,34,35,27,36,36,33,38,39,40,41,41,41,41,41,41,42,42,43,44,45],"gold":91,"neow_bonus":"REMOVE_CARD","is_daily":false,"chose_seed":false,"campfire_upgraded":4,"win_rate":0.0,"timestamp":1609306979,"path_taken":["R","M","M","?","?","R","T","?","E","M","E","?","?","?","M","BOSS","R","M","M","?","$","M","T","E","$","M","E","?","?","?","M","BOSS","R","M","?","M","M","E","T","?","?","$","R","?","R","M","M","BOSS"],"items_purchased_type":["Relic","Relic","Relic","Card","Card","Relic","Relic","Relic"],"build_version":"2020-12-22","purchased_purges":1,"victory":true,"max_hp_per_floor":[60,60,60,60,60,60,60,60,60,60,60,60,60,60,60,60,60,60,60,60,60,61,62,62,63,64,65,66,33,33,34,35,36,36,36,37,38,39,40,41,41,41,41,41,41,42,42,43,44,45],"relic_stats":{"SsserpentHead":350,"Dream Catcher":0,"TheAbacus":[0],"FaceOfCleric":18,"counters":[29,84],"Mummified Hand":[9],"Bag of Preparation":[28],"War Paint":["Ghostly","Slimebound:CorrosiveSpit"],"obtain_stats":[{"Nilry\u0027s Codex":30,"downfall:HeartBlessingGreen":18,"GremlinMask":21,"Bag of Preparation":26,"Replay:Multitool":37,"Pet Ghost":11,"Ring of Searing":5,"SsserpentHead":21,"Dream Catcher":25,"TheAbacus":26,"FaceOfCleric":21,"Mummified Hand":44,"downfall:CloakOfManyFaces":21,"InkBottle":42,"Slimebound:AggressiveSlimeRelic":7,"downfall:ShatteredFragment":4,"Quantum Egg":28,"Guide Book":44,"Oddly Smooth Stone":26,"War Paint":44,"WarpedTongs":14,"Slimebound:TarBlob":17,"Mercury Hourglass":40,"Slimebound:GreedOozeRelic":8,"Ring of Misfortune":5,"CultistMask":21,"Slimebound:AbsorbEndCombat":0,"Coffee Dripper":34,"Bag of Marbles":47,"Bottled Lightning":9,"NlothsMask":21},{"Nilry\u0027s Codex":17,"downfall:HeartBlessingGreen":8,"GremlinMask":11,"Bag of Preparation":15,"Replay:Multitool":22,"Pet Ghost":5,"Ring of Searing":2,"SsserpentHead":11,"Dream Catcher":14,"TheAbacus":15,"FaceOfCleric":11,"Mummified Hand":25,"downfall:CloakOfManyFaces":11,"InkBottle":25,"Slimebound:AggressiveSlimeRelic":2,"downfall:ShatteredFragment":2,"Quantum Egg":17,"Guide Book":25,"Oddly Smooth Stone":15,"War Paint":25,"WarpedTongs":6,"Slimebound:TarBlob":8,"Mercury Hourglass":25,"Slimebound:GreedOozeRelic":2,"Ring of Misfortune":2,"CultistMask":11,"Slimebound:AbsorbEndCombat":0,"Coffee Dripper":20,"Bag of Marbles":26,"Bottled Lightning":3,"NlothsMask":11},{"Nilry\u0027s Codex":49,"downfall:HeartBlessingGreen":22,"GremlinMask":31,"Bag of Preparation":45,"Replay:Multitool":64,"Pet Ghost":14,"Ring of Searing":7,"SsserpentHead":31,"Dream Catcher":42,"TheAbacus":45,"FaceOfCleric":31,"Mummified Hand":73,"downfall:CloakOfManyFaces":31,"InkBottle":73,"Slimebound:AggressiveSlimeRelic":7,"downfall:ShatteredFragment":7,"Quantum Egg":49,"Guide Book":73,"Oddly Smooth Stone":45,"War Paint":73,"WarpedTongs":16,"Slimebound:TarBlob":22,"Mercury Hourglass":73,"Slimebound:GreedOozeRelic":7,"Ring of Misfortune":7,"CultistMask":31,"Slimebound:AbsorbEndCombat":0,"Coffee Dripper":58,"Bag of Marbles":76,"Bottled Lightning":11,"NlothsMask":31}],"InkBottle":[6],"WarpedTongs":[68],"Mercury Hourglass":[26]},"card_choices":[{"not_picked":["Slimebound:LeechEnergy","Slimebound:SplitLeeching"],"picked":"Slimebound:SplitAcid","floor":2.0},{"not_picked":["Slimebound:Grow","Slimebound:LeechingTouch"],"picked":"Slimebound:HauntingLick","floor":3.0},{"not_picked":["Slimebound:GrowthPunch","Slimebound:ViciousTackle"],"picked":"Slimebound:FormOfPuddle","floor":9.0},{"not_picked":["Slimebound:GrowthPunch","Slimebound:HauntingLick"],"picked":"Slimebound:RejuvenatingLick","floor":10.0},{"not_picked":["Slimebound:GoopSpray","Slimebound:FirmFortitude"],"picked":"Slimebound:Prepare","floor":11.0},{"not_picked":["Slimebound:SlimeSlap","Slimebound:Prepare"],"picked":"Slimebound:ServeAndProtect","floor":13.0},{"not_picked":["Slimebound:LeechEnergy","Slimebound:ForwardTackle"],"picked":"Slimebound:SplitLeeching","floor":15.0},{"not_picked":["Slimebound:WasteNot","Slimebound:PrepareCrush"],"picked":"Slimebound:MassRepurpose","floor":16.0},{"not_picked":["Slimebound:ServeAndProtect","Slimebound:ComboTackle"],"picked":"Slimebound:FinishingTackle","floor":19.0},{"not_picked":["Slimebound:RollThrough","Slimebound:Schlurp"],"picked":"Slimebound:SplitBruiser+1","floor":20.0},{"not_picked":["Slimebound:ServeAndProtect","Slimebound:LivingWall"],"picked":"Slimebound:Replication","floor":21.0},{"not_picked":["Slimebound:RollThrough","Slimebound:ItLooksTasty+1"],"picked":"Slimebound:LeadByExample","floor":22.0},{"not_picked":["Slimebound:SamplingLick","Slimebound:FinishingTackle"],"picked":"Slimebound:PressTheAttack","floor":23.0},{"not_picked":["Slimebound:LeechEnergy","Slimebound:Gluttony"],"picked":"Slimebound:Dissolve","floor":25.0},{"not_picked":["Slimebound:Gluttony","Slimebound:MassRepurpose"],"picked":"Slimebound:SplitBruiser","floor":27},{"not_picked":["Slimebound:ProtectTheBoss","Slimebound:HauntingLick"],"picked":"Slimebound:GrowthPunch+1","floor":28},{"not_picked":["Slimebound:GoopSpray","Slimebound:SplitBruiser"],"picked":"Slimebound:SplitLeeching","floor":31},{"not_picked":["Slimebound:FinishingTackle","Slimebound:SpikyOuterGoop+1"],"picked":"Slimebound:RollThrough","floor":32},{"not_picked":["Slimebound:WasteNot","Slimebound:SlimeSlap"],"picked":"Slimebound:MinionMaster","floor":33},{"not_picked":["Slimebound:SplitLeeching","Slimebound:PressTheAttack+1"],"picked":"Slimebound:SplitBruiser+1","floor":36},{"not_picked":["Slimebound:SlimeSpikes+1","Slimebound:Replication"],"picked":"Slimebound:SlimeBarrage","floor":37},{"not_picked":["Slimebound:SplitLeeching","Slimebound:RainOfGoop"],"picked":"Slimebound:ItLooksTasty+1","floor":38},{"not_picked":["Slimebound:SlimeSpikes+1","Slimebound:SplitMire"],"picked":"Slimebound:ViciousTackle","floor":39},{"not_picked":["Slimebound:Replication+1","Slimebound:SplitMire"],"picked":"Slimebound:SamplingLick+1","floor":40},{"not_picked":["Slimebound:LeadByExample","Slimebound:Schlurp"],"picked":"Slimebound:Equalize","floor":46},{"not_picked":["Slimebound:SplitAcid","Slimebound:ComboTackle"],"picked":"Slimebound:SplitBruiser+1","floor":48},{"not_picked":["Slimebound:SlimeSpikes+1","Slimebound:LeechEnergy+1"],"picked":"Slimebound:SlimeBarrage","floor":49}],"player_experience":476808,"relics_obtained":[{"floor":5.0,"key":"Ring of Searing"},{"floor":5.0,"key":"Ring of Misfortune"},{"floor":7.0,"key":"Slimebound:AggressiveSlimeRelic"},{"floor":9.0,"key":"Bottled Lightning"},{"floor":11.0,"key":"Pet Ghost"},{"floor":21.0,"key":"downfall:CloakOfManyFaces"},{"floor":25.0,"key":"Dream Catcher"},{"floor":28,"key":"Quantum Egg"},{"floor":30,"key":"Nilry\u0027s Codex"},{"floor":37,"key":"Replay:Multitool"},{"floor":40,"key":"Mercury Hourglass"},{"floor":42,"key":"InkBottle"},{"floor":47,"key":"Bag of Marbles"}],"event_choices":[{"damage_healed":0.0,"max_hp_gain":0.0,"max_hp_loss":0.0,"gold_gain":0.0,"event_name":"Accursed Blacksmith","player_choice":"Rummage","floor":14.0,"gold_loss":0.0,"damage_taken":0.0,"relics_obtained":["WarpedTongs"],"cards_obtained":["Pain"]},{"damage_healed":0,"gold_gain":0,"player_choice":"Became a Ghost","damage_taken":0,"max_hp_gain":0,"max_hp_loss":33,"event_name":"Ghosts","floor":29,"gold_loss":0,"cards_obtained":["Ghostly","Ghostly","Ghostly","Ghostly","Ghostly"]}],"is_beta":false,"boss_relics":[{"not_picked":["Empty Cage","Painkiller Herb"],"picked":"Slimebound:TarBlob"},{"not_picked":["Philosopher\u0027s Stone","SacredBark"],"picked":"Coffee Dripper"}],"items_purged_floors":[26],"is_endless":false,"potions_floor_spawned":[3,11,13,16,19,23,25,28,31,37,39,40],"ascension_level":1}}