{"host":"hxb85ejwp6zvj2g7","time":1609320372,"event":{"mods":["BaseMod","BetterRewards","Colored Map","Friendly Minions","Marisa£®ÏF”Í°°ƒß¿Ì…≥£©","Minty Spire (QoL Compilation)"],"gold_per_floor":[110,126,126,126,126,126,167,167,167,191,210,246,246,269,269,395,395,408,12,12,25,125,164,184,184,184,227,227,240,240,273,273,377,377,389,389,404,26,26,50,78,78,78,78,89,124,140,40,40,40],"floor_reached":51,"playtime":3818,"items_purged":["Injury","Wraith"],"score":846,"play_id":"0f1945d3-8a87-41ab-8830-601a4e2c1687","local_time":"20201230172612","is_ascension_mode":false,"campfire_choices":[{"data":"Zap","floor":6,"key":"SMITH"},{"floor":8,"key":"REST"},{"floor":13,"key":"REST"},{"floor":15,"key":"REST"},{"floor":25,"key":"REST"},{"floor":28,"key":"REST"},{"data":"Creative AI","floor":32,"key":"SMITH"},{"floor":49,"key":"REST"}],"circlet_count":0,"master_deck":["Strike_B","Strike_B","Strike_B","Strike_B","Defend_B","Defend_B","Defend_B","Defend_B","Zap+1","Dualcast","Defragment+1","Melter","Genetic Algorithm","Cold Snap","Redo","FTL","Loop","Creative AI+1","CurseOfTheBell","Sweeping Beam+1","Gash+1","Electrodynamics+1","Defragment","Go for the Eyes+1","Self Repair","Ball Lightning+1","Biased Cognition","Aggregate","Static Discharge+1","Madness","Madness","Coolheaded+1","Melter+1","Stack+1","Hello World","Compile Driver+1"],"relics":["SacredBark","Bloody Idol","Gambling Chip","Lizard Tail","Mercury Hourglass","HornCleat","Calling Bell","Ancient Tea Set","Molten Egg 2","Torii","Matryoshka","Lantern","Bronze Scales","Anchor","White Beast Statue","Meat on the Bone","Dream Catcher","SlaversCollar","TheAbacus","Strawberry","Shuriken","Juzu Bracelet","Oddly Smooth Stone","Kunai","Ice Cream"],"acts_visited":["Exordium","TheCity","TheBeyond"],"potions_floor_usage":[12,16,16,21,27,27,33,33,37,41,46,47,50],"damage_taken":[{"damage":1,"enemies":"Cultist","floor":1,"turns":4},{"damage":3,"enemies":"2 Louse","floor":2,"turns":3},{"damage":37,"enemies":"Gremlin Nob","floor":7,"turns":5},{"damage":5,"enemies":"Small Slimes","floor":10,"turns":3},{"damage":9,"enemies":"Exordium Thugs","floor":11,"turns":3},{"damage":7,"enemies":"Lagavulin","floor":12,"turns":5},{"damage":3,"enemies":"Red Slaver","floor":14,"turns":4},{"damage":0,"enemies":"Slime Boss","floor":16,"turns":8},{"damage":0,"enemies":"Spheric Guardian","floor":18,"turns":1},{"damage":0,"enemies":"2 Thieves","floor":21,"turns":1},{"damage":65,"enemies":"Gremlin Leader","floor":23,"turns":10},{"damage":0,"enemies":"Snake Plant","floor":24,"turns":3},{"damage":27,"enemies":"Book of Stabbing","floor":27,"turns":5},{"damage":16,"enemies":"Cultist and Chosen","floor":29,"turns":5},{"damage":25,"enemies":"Slavers","floor":31,"turns":4},{"damage":35,"enemies":"Automaton","floor":33,"turns":9},{"damage":0,"enemies":"3 Shapes","floor":35,"turns":2},{"damage":0,"enemies":"Orb Walker","floor":37,"turns":5},{"damage":57,"enemies":"Reptomancer","floor":41,"turns":4},{"damage":74,"enemies":"Transient","floor":45,"turns":5},{"damage":39,"enemies":"Nemesis","floor":46,"turns":5},{"damage":38,"enemies":"Spire Growth","floor":47,"turns":3},{"damage":45,"enemies":"Donu and Deca","floor":50,"turns":7}],"seed_played":"-6343408187554716650","potions_obtained":[{"floor":1,"key":"Swift Potion"},{"floor":10,"key":"FearPotion"},{"floor":11,"key":"DuplicationPotion"},{"floor":14,"key":"SkillPotion"},{"floor":18,"key":"AttackPotion"},{"floor":24,"key":"GamblersBrew"},{"floor":27,"key":"FearPotion"},{"floor":29,"key":"Swift Potion"},{"floor":31,"key":"Block Potion"},{"floor":33,"key":"Block Potion"},{"floor":35,"key":"ColorlessPotion"},{"floor":37,"key":"FairyPotion"},{"floor":41,"key":"Dexterity Potion"},{"floor":45,"key":"FairyPotion"},{"floor":46,"key":"SteroidPotion"},{"floor":47,"key":"BlessingOfTheForge"}],"is_trial":false,"path_per_floor":["M","M","?","?","?","R","E","R","T","M","M","E","R","M","R","B",null,"M","$","?","M","?","E","M","R","T","E","R","M","?","E","R","B",null,"M","?","M","$","?","T","E","?","T","?","M","E","M","$","R","B",null],"character_chosen":"DEFECT","items_purchased":["Matryoshka","Lantern","TheAbacus","Strawberry"],"campfire_rested":6,"item_purchase_floors":[19,19,38,38],"current_hp_per_floor":[74,71,71,71,53,53,16,38,38,33,24,17,39,36,58,58,75,75,75,75,75,75,10,10,32,32,5,27,23,23,61,61,43,75,75,75,75,82,72,77,37,37,37,37,61,46,25,25,49,23],"gold":40,"neow_bonus":"BOSS_RELIC","is_daily":false,"chose_seed":false,"campfire_upgraded":2,"win_rate":0.0,"timestamp":1609320372,"path_taken":["M","M","?","?","?","R","E","R","T","?","M","E","R","M","R","BOSS","M","$","?","M","?","E","?","R","T","E","R","M","?","E","R","BOSS","M","?","M","?","?","?","E","?","T","?","M","E","M","$","R","BOSS"],"items_purchased_type":["Relic","Relic","Relic","Relic"],"build_version":"2020-12-22","purchased_purges":2,"victory":true,"max_hp_per_floor":[75,75,75,75,75,75,75,75,75,75,75,75,75,75,75,75,75,75,75,75,75,75,75,75,75,75,75,75,75,75,75,75,75,75,75,75,75,82,82,82,82,82,82,82,82,82,82,82,82,82],"card_choices":[{"not_picked":["Glacier","Streamline"],"picked":"Defragment","floor":1},{"not_picked":["Sunder","Compile Driver"],"picked":"Melter","floor":2},{"not_picked":["Melter","Turbo"],"picked":"Genetic Algorithm","floor":7},{"not_picked":["Hologram","Turbo"],"picked":"Cold Snap","floor":10},{"not_picked":["Compile Driver","Barrage"],"picked":"Redo","floor":11},{"not_picked":["Coolheaded","Conserve Battery"],"picked":"FTL","floor":12},{"not_picked":["Stack","Static Discharge"],"picked":"Loop","floor":14},{"not_picked":["Fission","Buffer"],"picked":"Creative AI","floor":16},{"not_picked":["Streamline+1","Skim+1"],"picked":"Sweeping Beam+1","floor":18},{"not_picked":["Sweeping Beam+1","Coolheaded"],"picked":"Gash+1","floor":21},{"not_picked":["Loop","Turbo"],"picked":"Electrodynamics","floor":23},{"not_picked":["Hologram","Gash+1"],"picked":"Defragment","floor":24},{"not_picked":["Gash+1","Steam Power"],"picked":"Go for the Eyes+1","floor":27},{"not_picked":["Turbo","Redo"],"picked":"Self Repair","floor":29},{"not_picked":["Darkness","Beam Cell+1"],"picked":"Ball Lightning+1","floor":31},{"not_picked":["Creative AI","Reboot"],"picked":"Biased Cognition","floor":33},{"not_picked":["Sunder+1","Streamline+1"],"picked":"Aggregate","floor":35},{"not_picked":["Redo+1","Go for the Eyes+1"],"picked":"Static Discharge+1","floor":37},{"not_picked":["Go for the Eyes+1","Double Energy"],"picked":"Coolheaded+1","floor":41},{"not_picked":["Redo","Steam+1"],"picked":"Melter+1","floor":45},{"not_picked":["Rip and Tear+1","Gash+1"],"picked":"Stack+1","floor":46},{"not_picked":["Rebound+1","Beam Cell+1"],"picked":"Hello World","floor":47},{"not_picked":["Gash+1","Redo"],"picked":"Compile Driver+1","floor":49}],"player_experience":47916,"relics_obtained":[{"floor":7,"key":"Lizard Tail"},{"floor":9,"key":"Mercury Hourglass"},{"floor":12,"key":"HornCleat"},{"floor":17,"key":"Ancient Tea Set"},{"floor":17,"key":"Molten Egg 2"},{"floor":17,"key":"Torii"},{"floor":23,"key":"Bronze Scales"},{"floor":26,"key":"Anchor"},{"floor":26,"key":"White Beast Statue"},{"floor":27,"key":"Meat on the Bone"},{"floor":31,"key":"Dream Catcher"},{"floor":40,"key":"Shuriken"},{"floor":40,"key":"Juzu Bracelet"},{"floor":41,"key":"Oddly Smooth Stone"},{"floor":43,"key":"Kunai"},{"floor":46,"key":"Ice Cream"}],"event_choices":[{"damage_healed":0,"gold_gain":0,"player_choice":"Grow","damage_taken":0,"max_hp_gain":0,"max_hp_loss":0,"event_name":"Living Wall","floor":3,"gold_loss":0,"cards_upgraded":["Defragment"]},{"damage_healed":0,"gold_gain":0,"player_choice":"Take Wound","damage_taken":0,"relics_obtained":["Golden Idol"],"max_hp_gain":0,"max_hp_loss":0,"event_name":"Golden Idol","floor":4,"gold_loss":0,"cards_obtained":["Injury"]},{"damage_healed":0,"gold_gain":0,"player_choice":"Success","damage_taken":18,"relics_obtained":["Gambling Chip"],"max_hp_gain":0,"max_hp_loss":0,"event_name":"Scrap Ooze","floor":5,"gold_loss":0},{"damage_healed":0,"gold_gain":0,"player_choice":"Ignored","damage_taken":0,"max_hp_gain":0,"max_hp_loss":0,"event_name":"Ghosts","floor":20,"gold_loss":0},{"damage_healed":0,"gold_gain":100,"player_choice":"Pray","damage_taken":0,"max_hp_gain":0,"max_hp_loss":0,"event_name":"Golden Shrine","floor":22,"gold_loss":0},{"damage_healed":0,"gold_gain":0,"player_choice":"Gave Idol","damage_taken":0,"relics_obtained":["Bloody Idol"],"max_hp_gain":0,"max_hp_loss":0,"event_name":"Forgotten Altar","floor":30,"relics_lost":["Golden Idol"],"gold_loss":0},{"damage_healed":0,"gold_gain":0,"player_choice":"Upgraded","damage_taken":0,"max_hp_gain":0,"max_hp_loss":0,"event_name":"Upgrade Shrine","floor":36,"gold_loss":0,"cards_upgraded":["Electrodynamics"]},{"damage_healed":0,"gold_gain":0,"player_choice":"Embrace Madness","damage_taken":10,"max_hp_gain":0,"max_hp_loss":0,"event_name":"Winding Halls","floor":39,"gold_loss":0,"cards_obtained":["Madness","Madness"]},{"damage_healed":0,"gold_gain":0,"player_choice":"Ignored","damage_taken":0,"max_hp_gain":0,"max_hp_loss":0,"event_name":"The Moai Head","floor":42,"gold_loss":0},{"damage_healed":0,"gold_gain":0,"player_choice":"Ignored","damage_taken":0,"max_hp_gain":0,"max_hp_loss":0,"event_name":"OrinTheCat","floor":44,"gold_loss":0}],"is_beta":false,"boss_relics":[{"not_picked":["Velvet Choker","Cursed Key"],"picked":"Calling Bell"},{"not_picked":["Runic Pyramid","Nuclear Battery"],"picked":"SlaversCollar"}],"items_purged_floors":[38,48],"is_endless":false,"potions_floor_spawned":[1,10,11,14,18,24,27,29,31,33,35,37,41,45,46,47],"ascension_level":0}}