{"host":"2qv44oxt58ptq59r","time":1609358884,"event":{"mods":["AchievementEnabler","BaseMod","Colored Powertips","Highlight Path","Minty Spire (QoL Compilation)","Permanent Neow","StSLib"],"gold_per_floor":[109,109,36,49,63,98,115,115,115,135,135,167,167,187,187,290,290,302,267,12,29,128,141,141,155,155,155,171,190,190,190,190],"floor_reached":31,"playtime":3395,"items_purged":[],"score":251,"play_id":"4e811aaa-3288-4cf7-949d-9351024f9cf8","local_time":"20201230200804","is_ascension_mode":false,"campfire_choices":[{"data":"Bash","floor":8.0,"key":"SMITH"},{"floor":11.0,"key":"RECALL"},{"data":"Clothesline","floor":13,"key":"SMITH"},{"floor":15,"key":"REST"},{"floor":24,"key":"REST"},{"floor":27,"key":"REST"}],"circlet_count":0,"master_deck":["Strike_R+1","Strike_R+1","Strike_R+1","Strike_R+1","Defend_R+1","Defend_R+1","Defend_R+1","Defend_R+1","Bash+1","Perfected Strike","Fire Breathing","Rage","Pommel Strike","Rage","Clothesline+1","Exhume","Juggernaut","Heavy Blade","Dramatic Entrance","Dark Shackles","Reaper","Disarm+1","Uppercut","Feel No Pain","Metallicize","Clothesline"],"relics":["Burning Blood","Akabeko","The Courier","Prayer Wheel","SlaversCollar"],"acts_visited":["Exordium","TheCity"],"potions_floor_usage":[12,16,19,21,23,25],"damage_taken":[{"damage":6.0,"enemies":"Jaw Worm","floor":1.0,"turns":3.0},{"damage":0.0,"enemies":"Cultist","floor":4.0,"turns":3.0},{"damage":1.0,"enemies":"2 Louse","floor":5.0,"turns":3.0},{"damage":27.0,"enemies":"Gremlin Nob","floor":6.0,"turns":4.0},{"damage":16.0,"enemies":"Large Slime","floor":7.0,"turns":3.0},{"damage":4.0,"enemies":"Gremlin Gang","floor":10.0,"turns":6.0},{"damage":15,"enemies":"3 Sentries","floor":12,"turns":6},{"damage":0,"enemies":"3 Louse","floor":14,"turns":3},{"damage":77,"enemies":"Hexaghost","floor":16,"turns":13},{"damage":37,"enemies":"Spheric Guardian","floor":18,"turns":6},{"damage":32,"enemies":"2 Thieves","floor":19,"turns":5},{"damage":35,"enemies":"Shelled Parasite and Fungi","floor":21,"turns":8},{"damage":10,"enemies":"Centurion and Healer","floor":23,"turns":6},{"damage":3,"enemies":"3 Cultists","floor":25,"turns":4},{"damage":45,"enemies":"Snake Plant","floor":28,"turns":7},{"damage":27,"enemies":"Cultist and Chosen","floor":29,"turns":6},{"damage":20,"enemies":"Shelled Parasite and Fungi","floor":31,"turns":3}],"seed_played":"5779075057551163490","potions_obtained":[{"floor":1.0,"key":"ColorlessPotion"},{"floor":4.0,"key":"ElixirPotion"},{"floor":6.0,"key":"LiquidBronze"},{"floor":7.0,"key":"Dexterity Potion"},{"floor":14,"key":"BloodPotion"},{"floor":21,"key":"Explosive Potion"},{"floor":23,"key":"DistilledChaos"}],"is_trial":false,"path_per_floor":["M","?","$","M","M","E","M","R","T","M","R","E","R","M","R","B",null,"M","M","$","M","?","M","R","M","T","R","M","M","?","M"],"character_chosen":"IRONCLAD","items_purchased":["Rage","Dramatic Entrance","Dark Shackles","DuplicationPotion","Reaper"],"campfire_rested":3,"item_purchase_floors":[3,20,20,20,20],"current_hp_per_floor":[80,80,80,80,80,59,49,49,49,51,51,42,42,48,72,17,80,49,23,23,10,10,10,34,37,37,61,38,17,17,0,0],"gold":190,"neow_bonus":"THREE_CARDS","is_daily":false,"chose_seed":false,"campfire_upgraded":2,"win_rate":0.0,"timestamp":1609358884,"path_taken":["M","?","?","M","M","E","M","R","T","M","R","E","R","M","R","BOSS","M","M","$","M","?","M","R","M","T","R","M","M","?","M"],"items_purchased_type":["Card","Card","Card","Potion","Card"],"build_version":"2020-12-22","purchased_purges":0,"victory":false,"max_hp_per_floor":[80,80,80,80,80,80,80,80,80,80,80,80,80,80,80,80,80,80,80,80,80,80,80,80,80,80,80,80,80,80,80,80],"card_choices":[{"not_picked":["Shrug It Off","Headbutt"],"picked":"Perfected Strike","floor":0.0},{"not_picked":["Sword Boomerang","Thunderclap"],"picked":"Fire Breathing","floor":1.0},{"not_picked":["Dropkick","Iron Wave","Havoc"],"picked":"SKIP","floor":4.0},{"not_picked":["Clash","Combust"],"picked":"Pommel Strike","floor":5.0},{"not_picked":["Rupture","Perfected Strike","Warcry"],"picked":"SKIP","floor":6.0},{"not_picked":["Reckless Charge","Sword Boomerang"],"picked":"Rage","floor":7.0},{"not_picked":["Heavy Blade","Havoc"],"picked":"Clothesline","floor":10.0},{"not_picked":["Bloodletting","Sword Boomerang","Iron Wave"],"picked":"SKIP","floor":12},{"not_picked":["Twin Strike","Cleave"],"picked":"Exhume","floor":14},{"not_picked":["Infernal Blade","True Grit","Havoc"],"picked":"SKIP","floor":14},{"not_picked":["Offering","Impervious"],"picked":"Juggernaut","floor":16},{"not_picked":["Second Wind","Iron Wave","Flex+1"],"picked":"SKIP","floor":18},{"not_picked":["Pommel Strike","Sever Soul","Wild Strike"],"picked":"SKIP","floor":18},{"not_picked":["Double Tap","Body Slam"],"picked":"Heavy Blade","floor":19},{"not_picked":["Twin Strike","Body Slam","Fire Breathing"],"picked":"SKIP","floor":19},{"not_picked":["Body Slam","Shockwave"],"picked":"Disarm+1","floor":21},{"not_picked":["Shrug It Off+1","Havoc"],"picked":"Uppercut","floor":21},{"not_picked":["Sword Boomerang","Headbutt","Body Slam"],"picked":"SKIP","floor":23},{"not_picked":["Clash","Infernal Blade","Dropkick+1"],"picked":"SKIP","floor":23},{"not_picked":["Pommel Strike","Thunderclap"],"picked":"Feel No Pain","floor":25},{"not_picked":["Sever Soul","Carnage+1","Immolate"],"picked":"SKIP","floor":25},{"not_picked":["Sword Boomerang","Burning Pact"],"picked":"Metallicize","floor":28},{"not_picked":["Shrug It Off","Dropkick","Sentinel+1"],"picked":"SKIP","floor":28},{"not_picked":["Sword Boomerang","Wild Strike+1"],"picked":"Clothesline","floor":29},{"not_picked":["Wild Strike","Carnage+1","Bludgeon"],"picked":"SKIP","floor":29}],"player_experience":5101263,"relics_obtained":[{"floor":6.0,"key":"Akabeko"},{"floor":9.0,"key":"The Courier"},{"floor":12,"key":"Prayer Wheel"}],"event_choices":[{"cards_removed":["Strike_R"],"damage_healed":0.0,"max_hp_gain":0.0,"max_hp_loss":0.0,"gold_gain":0.0,"event_name":"Bonfire Elementals","player_choice":"Offered Basic","floor":2.0,"gold_loss":0.0,"damage_taken":0.0},{"damage_healed":0,"gold_gain":99,"player_choice":"Stole From Cult","damage_taken":0,"max_hp_gain":0,"max_hp_loss":0,"event_name":"Nest","floor":22,"gold_loss":0},{"damage_healed":0,"gold_gain":0,"player_choice":"Simplicity","damage_taken":0,"max_hp_gain":0,"max_hp_loss":0,"event_name":"Back to Basics","floor":30,"gold_loss":0,"cards_upgraded":["Strike_R","Strike_R","Strike_R","Strike_R","Defend_R","Defend_R","Defend_R","Defend_R"]}],"is_beta":false,"boss_relics":[{"not_picked":["Velvet Choker","Sozu"],"picked":"SlaversCollar"}],"items_purged_floors":[],"is_endless":false,"potions_floor_spawned":[1,4,6,7,14,21,23],"killed_by":"Shelled Parasite and Fungi","ascension_level":0}}