{"host":"j3h0p3l2xgzxhnx7","time":1609346366,"event":{"mods":["BaseMod","Luminous","Marisa????????","Minty Spire (QoL Compilation)","Remilia??????","StSLib","The Bug Knight","The Cursed","The Servant 0.9.4"],"gold_per_floor":[115,190,190,205,222,248,65,65,65,65,65,240,251,263,263,365,365,378,378,392,409,409,409,444,444,444,444,461,488,500,510,510,613,613,631,631,646,124,136,166,166,166,191,191,191,210,210,230,230,230,230],"floor_reached":50,"playtime":2552,"items_purged":["Writhe"],"score":517,"play_id":"58833e91-6084-4fa0-8ade-cbfe3b10289c","local_time":"20201231003926","is_ascension_mode":false,"campfire_choices":[{"floor":8,"key":"REST"},{"data":"Fission","floor":15,"key":"SMITH"},{"floor":23,"key":"REST"},{"floor":25,"key":"REST"},{"floor":27,"key":"REST"},{"floor":32,"key":"REST"},{"data":"Skim","floor":44,"key":"SMITH"},{"floor":49,"key":"REST"}],"circlet_count":0,"master_deck":["Strike_B+1","Strike_B+1","Strike_B+1","Strike_B+1","Defend_B+1","Defend_B+1","Defend_B+1","Defend_B+1","Zap+1","Dualcast+1","Storm+1","Beam Cell+1","Cold Snap+1","Fission+1","Ball Lightning+1","Doubt","Loop+1","Redo+1","Echo Form+1","Skim+1","Compile Driver+1","Chill+1","Hologram+1","Redo+1","Ball Lightning+1","Hello World+1","Hologram+1","Fission+1","Redo+1","Coolheaded+1","Conserve Battery+1","Apotheosis+1","Go for the Eyes+1","Go for the Eyes+1","Pain","Zap+1","Coolheaded+1","Sweeping Beam+1","Conserve Battery+1"],"relics":["Cracked Core","NeowsBlessing","Ornamental Fan","Juzu Bracelet","Strawberry","TungstenRod","Cursed Key","Mango","Mercury Hourglass","PreservedInsect","Toxic Egg 2","Red Mask","SlaversCollar","Nunchaku","Whetstone","Potion Belt","Mark of the Bloom"],"acts_visited":["Exordium","TheCity","TheBeyond"],"potions_floor_usage":[16,16,24,28,29,33,33,33,33,33,40,40,50],"damage_taken":[{"damage":0,"enemies":"Small Slimes","floor":1,"turns":1},{"damage":0,"enemies":"Jaw Worm","floor":4,"turns":1},{"damage":0,"enemies":"2 Louse","floor":5,"turns":1},{"damage":41,"enemies":"Lagavulin","floor":6,"turns":7},{"damage":3,"enemies":"Large Slime","floor":13,"turns":5},{"damage":3,"enemies":"Looter","floor":14,"turns":3},{"damage":49,"enemies":"Slime Boss","floor":16,"turns":10},{"damage":11,"enemies":"Shell Parasite","floor":18,"turns":4},{"damage":18,"enemies":"2 Thieves","floor":20,"turns":5},{"damage":35,"enemies":"Shelled Parasite and Fungi","floor":21,"turns":7},{"damage":24,"enemies":"Slavers","floor":24,"turns":4},{"damage":23,"enemies":"Sentry and Sphere","floor":28,"turns":5},{"damage":17,"enemies":"Masked Bandits","floor":29,"turns":5},{"damage":4,"enemies":"Chosen and Byrds","floor":30,"turns":4},{"damage":12,"enemies":"Snake Plant","floor":31,"turns":4},{"damage":35,"enemies":"Automaton","floor":33,"turns":9},{"damage":11,"enemies":"3 Darklings","floor":35,"turns":6},{"damage":21,"enemies":"Orb Walker","floor":37,"turns":5},{"damage":16,"enemies":"Maw","floor":39,"turns":9},{"damage":16,"enemies":"Giant Head","floor":40,"turns":8},{"damage":1,"enemies":"Writhing Mass","floor":46,"turns":6},{"damage":9,"enemies":"Spire Growth","floor":48,"turns":4},{"damage":81,"enemies":"Time Eater","floor":50,"turns":12}],"seed_played":"5504245216596538921","potions_obtained":[{"floor":5,"key":"Explosive Potion"},{"floor":14,"key":"CultistPotion"},{"floor":16,"key":"SpeedPotion"},{"floor":20,"key":"PowerPotion"},{"floor":24,"key":"Fire Potion"},{"floor":28,"key":"BlessingOfTheForge"},{"floor":30,"key":"EntropicBrew"},{"floor":31,"key":"Ancient Potion"},{"floor":37,"key":"Fire Potion"},{"floor":46,"key":"LiquidBronze"}],"is_trial":false,"path_per_floor":["M","?","?","M","M","E","$","R","T","?","T","?","M","M","R","B",null,"M","?","M","M","?","R","E","R","T","R","M","?","M","M","R","B",null,"M","?","M","$","M","E","?","?","T","R","?","M","?","M","R","B"],"character_chosen":"DEFECT","items_purchased":["Juzu Bracelet","Ball Lightning","Nunchaku","Conserve Battery+1","Apotheosis+1","AttackPotion"],"campfire_rested":6,"item_purchase_floors":[7,7,38,38,38,38],"current_hp_per_floor":[75,64,64,64,64,23,23,45,52,79,79,79,76,73,73,24,82,71,85,67,32,32,60,36,64,64,92,69,52,48,36,64,29,96,85,85,64,64,48,32,32,84,84,84,84,83,83,74,74,0,0],"gold":230,"neow_bonus":"THREE_ENEMY_KILL","is_daily":false,"chose_seed":false,"campfire_upgraded":2,"win_rate":0.0,"timestamp":1609346366,"path_taken":["M","?","?","M","M","E","$","R","T","?","?","?","M","M","R","BOSS","M","?","M","M","?","R","E","R","T","R","M","?","M","M","R","BOSS","M","?","M","$","M","E","?","?","T","R","?","M","?","M","R","BOSS"],"items_purchased_type":["Relic","Card","Relic","Card","Card","Potion"],"build_version":"2020-12-22","purchased_purges":1,"victory":false,"max_hp_per_floor":[75,75,75,75,75,75,75,75,82,82,82,82,82,82,82,82,82,82,96,96,96,96,96,96,96,96,96,96,96,96,96,96,96,96,96,96,96,96,96,96,96,84,84,84,84,84,84,84,84,84,84],"card_choices":[{"not_picked":["Turbo","Leap"],"picked":"Storm","floor":1},{"not_picked":["Self Repair","Darkness"],"picked":"Beam Cell","floor":4},{"not_picked":["Compile Driver","Leap"],"picked":"Cold Snap","floor":5},{"not_picked":["Compile Driver","Turbo"],"picked":"Fission","floor":6},{"not_picked":["Rebound","Amplify"],"picked":"Loop","floor":13},{"not_picked":["Sweeping Beam","Streamline"],"picked":"Redo","floor":14},{"not_picked":["All For One","Thunder Strike"],"picked":"Echo Form","floor":16},{"not_picked":["Ball Lightning","Beam Cell"],"picked":"Skim","floor":18},{"not_picked":["Doom and Gloom","Go for the Eyes"],"picked":"Compile Driver","floor":20},{"not_picked":["Turbo","Loop"],"picked":"Chill","floor":21},{"not_picked":["Barrage","Electrodynamics"],"picked":"Hologram+1","floor":24},{"not_picked":["Hologram+1","Blizzard"],"picked":"Redo+1","floor":28},{"not_picked":["Gash","Heatsinks"],"picked":"Ball Lightning+1","floor":29},{"not_picked":["Scrape","Stack+1"],"picked":"Hello World+1","floor":30},{"not_picked":["Beam Cell","Genetic Algorithm+1"],"picked":"Hologram+1","floor":31},{"not_picked":["Echo Form","Creative AI"],"picked":"Fission+1","floor":33},{"not_picked":["Chill+1","Defragment"],"picked":"Redo+1","floor":35},{"not_picked":["Scrape+1","Stack+1"],"picked":"Coolheaded+1","floor":37},{"not_picked":["Cold Snap","Steam+1"],"picked":"Go for the Eyes+1","floor":39},{"not_picked":["Darkness+1","Scrape+1"],"picked":"Go for the Eyes","floor":40},{"not_picked":["Tempest+1","BootSequence+1"],"picked":"Sweeping Beam+1","floor":46},{"not_picked":["Leap+1","Stack+1"],"picked":"Conserve Battery+1","floor":48}],"player_experience":78659,"relics_obtained":[{"floor":6,"key":"Ornamental Fan"},{"floor":9,"key":"Strawberry"},{"floor":11,"key":"TungstenRod"},{"floor":24,"key":"PreservedInsect"},{"floor":26,"key":"Toxic Egg 2"},{"floor":29,"key":"Red Mask"},{"floor":40,"key":"Whetstone"},{"floor":43,"key":"Potion Belt"}],"event_choices":[{"damage_healed":0,"gold_gain":75,"player_choice":"Gather Gold","damage_taken":11,"max_hp_gain":0,"max_hp_loss":0,"event_name":"World of Goop","floor":2,"gold_loss":0},{"damage_healed":0,"gold_gain":0,"player_choice":"Ignored","damage_taken":0,"max_hp_gain":0,"max_hp_loss":0,"event_name":"Golden Wing","floor":3,"gold_loss":0},{"damage_healed":27,"gold_gain":0,"player_choice":"Banana","damage_taken":0,"max_hp_gain":0,"max_hp_loss":0,"event_name":"Big Fish","floor":10,"gold_loss":0},{"damage_healed":0,"gold_gain":175,"player_choice":"AGREE","damage_taken":0,"max_hp_gain":0,"max_hp_loss":0,"event_name":"Liars Game","floor":12,"gold_loss":0,"cards_obtained":["Doubt"]},{"damage_healed":0,"gold_gain":0,"player_choice":"Gave Potion","damage_taken":0,"relics_obtained":["Mango"],"max_hp_gain":0,"max_hp_loss":0,"event_name":"WeMeetAgain","floor":19,"gold_loss":0},{"damage_healed":0,"gold_gain":0,"player_choice":"Opened","damage_taken":0,"relics_obtained":["Mercury Hourglass"],"max_hp_gain":0,"max_hp_loss":0,"event_name":"The Mausoleum","floor":22,"gold_loss":0},{"damage_healed":0,"gold_gain":0,"player_choice":"Fought Bandits","damage_taken":0,"max_hp_gain":0,"max_hp_loss":0,"event_name":"Masked Bandits","floor":29,"gold_loss":0},{"damage_healed":0,"gold_gain":0,"player_choice":"Ignored","damage_taken":0,"max_hp_gain":0,"max_hp_loss":0,"event_name":"Mysterious Sphere","floor":36,"gold_loss":0},{"damage_healed":0,"gold_gain":0,"player_choice":"Upgraded","damage_taken":0,"max_hp_gain":0,"max_hp_loss":0,"event_name":"Upgrade Shrine","floor":41,"gold_loss":0,"cards_upgraded":["Loop"]},{"damage_healed":84,"gold_gain":0,"player_choice":"Heal","damage_taken":0,"max_hp_gain":0,"max_hp_loss":12,"event_name":"The Moai Head","floor":42,"gold_loss":0},{"damage_healed":0,"gold_gain":0,"player_choice":"2 cards matched","damage_taken":0,"max_hp_gain":0,"max_hp_loss":0,"event_name":"Match and Keep!","floor":45,"gold_loss":0,"cards_obtained":["Zap","Coolheaded"]},{"damage_healed":0,"gold_gain":0,"player_choice":"Upgrade","damage_taken":0,"relics_obtained":["Mark of the Bloom"],"max_hp_gain":0,"max_hp_loss":0,"event_name":"MindBloom","floor":47,"gold_loss":0,"cards_upgraded":["Strike_B","Strike_B","Defend_B","Defend_B","Defend_B","Defend_B","Zap","Dualcast","Storm","Beam Cell","Cold Snap","Ball Lightning","Redo","Echo Form","Compile Driver","Chill","Go for the Eyes"]}],"is_beta":false,"boss_relics":[{"not_picked":["Fusion Hammer","FrozenCore"],"picked":"Cursed Key"},{"not_picked":["Philosopher\u0027s Stone","Astrolabe"],"picked":"SlaversCollar"}],"items_purged_floors":[38],"is_endless":false,"potions_floor_spawned":[5,14,16,20,24,28,30,31,37,46],"killed_by":"Time Eater","ascension_level":0}}