{"host":"5vp09kzjmsnmc21d","time":1609340913,"event":{"mods":["AchievementEnabler","BaseMod","Colored Map","Colored Powertips","DeckTracker","Keyboard Shortcuts","Minty Spire (QoL Compilation)","Permanent Neow","Quick Restart","StSLib","SuperFastMode","everything is the same but u backflip on backflip"],"gold_per_floor":[111,111,36,50,74,112,112,112,163,201,201,201,225,243,243,374,374,397,397,397],"floor_reached":19,"playtime":571,"items_purged":["Injury"],"score":186,"play_id":"dc0918b8-0dbf-4593-98c3-5bdc0ad4f558","local_time":"20201231000833","is_ascension_mode":true,"campfire_choices":[{"data":"Heavy Blade","floor":7,"key":"SMITH"},{"floor":11,"key":"RECALL"},{"data":"Flex","floor":15,"key":"SMITH"}],"circlet_count":0,"master_deck":["Strike_R","Strike_R","Strike_R","Strike_R","Strike_R","Defend_R","Defend_R","Defend_R","Defend_R","Bash","Power Through","Sword Boomerang","Inflame","Rage","Heavy Blade+1","Fiend Fire","Flex+1","Barricade"],"relics":["Burning Blood","Golden Idol","Vajra","Smiling Mask","Singing Bowl","SlaversCollar"],"acts_visited":["Exordium","TheCity"],"potions_floor_usage":[6,10,18],"damage_taken":[{"damage":6,"enemies":"Jaw Worm","floor":1,"turns":3},{"damage":0,"enemies":"Small Slimes","floor":4,"turns":3},{"damage":2,"enemies":"2 Louse","floor":5,"turns":4},{"damage":8,"enemies":"Gremlin Nob","floor":6,"turns":4},{"damage":16,"enemies":"Lagavulin","floor":10,"turns":5},{"damage":4,"enemies":"2 Fungi Beasts","floor":13,"turns":3},{"damage":0,"enemies":"3 Louse","floor":14,"turns":3},{"damage":43,"enemies":"Hexaghost","floor":16,"turns":8},{"damage":42,"enemies":"3 Byrds","floor":18,"turns":7},{"damage":68,"enemies":"Masked Bandits","floor":19,"turns":5}],"seed_played":"2885299727470953634","potions_obtained":[{"floor":1,"key":"Energy Potion"},{"floor":4,"key":"HeartOfIron"},{"floor":16,"key":"ColorlessPotion"}],"is_trial":false,"path_per_floor":["M","?","$","M","M","E","R","?","T","E","R","?","M","M","R","B",null,"M","?"],"character_chosen":"IRONCLAD","items_purchased":[],"campfire_rested":0,"item_purchase_floors":[],"current_hp_per_floor":[80,80,80,80,80,78,78,60,60,50,50,55,59,65,65,28,87,53,0,0],"gold":397,"neow_bonus":"THREE_CARDS","is_daily":false,"chose_seed":false,"campfire_upgraded":2,"win_rate":0.0,"timestamp":1609340913,"path_taken":["M","?","$","M","M","E","R","?","T","E","R","?","M","M","R","BOSS","M","?"],"items_purchased_type":[],"build_version":"2020-12-22","purchased_purges":1,"victory":false,"max_hp_per_floor":[80,80,80,80,80,80,80,80,80,80,80,85,87,87,87,87,87,89,89,89],"card_choices":[{"not_picked":["Anger","Twin Strike"],"picked":"Power Through","floor":0},{"not_picked":["Dark Embrace","Fire Breathing"],"picked":"Sword Boomerang","floor":1},{"not_picked":["Cleave","Anger"],"picked":"Inflame","floor":4},{"not_picked":["Iron Wave","Clothesline"],"picked":"Rage","floor":5},{"not_picked":["Warcry","Evolve"],"picked":"Heavy Blade","floor":6},{"not_picked":["Ghostly Armor","Dark Embrace"],"picked":"Fiend Fire","floor":10},{"not_picked":["Anger","Searing Blow","Heavy Blade"],"picked":"Singing Bowl","floor":13},{"not_picked":["Twin Strike","Anger"],"picked":"Flex","floor":14},{"not_picked":["Brutality","Reaper"],"picked":"Barricade","floor":16},{"not_picked":["Flex","Twin Strike","Sword Boomerang"],"picked":"Singing Bowl","floor":18}],"player_experience":1090874,"relics_obtained":[{"floor":6,"key":"Vajra"},{"floor":10,"key":"Singing Bowl"}],"event_choices":[{"damage_healed":0,"gold_gain":0,"player_choice":"Take Wound","damage_taken":0,"relics_obtained":["Golden Idol"],"max_hp_gain":0,"max_hp_loss":0,"event_name":"Golden Idol","floor":2,"gold_loss":0,"cards_obtained":["Injury"]},{"damage_healed":0,"gold_gain":0,"player_choice":"Success","damage_taken":18,"relics_obtained":["Smiling Mask"],"max_hp_gain":0,"max_hp_loss":0,"event_name":"Scrap Ooze","floor":8,"gold_loss":0},{"damage_healed":0,"gold_gain":0,"player_choice":"Donut","damage_taken":0,"max_hp_gain":5,"max_hp_loss":0,"event_name":"Big Fish","floor":12,"gold_loss":0},{"damage_healed":0,"gold_gain":0,"player_choice":"Fought Bandits","damage_taken":0,"max_hp_gain":0,"max_hp_loss":0,"event_name":"Masked Bandits","floor":19,"gold_loss":0}],"is_beta":false,"boss_relics":[{"not_picked":["Velvet Choker","Black Blood"],"picked":"SlaversCollar"}],"items_purged_floors":[3],"is_endless":false,"potions_floor_spawned":[1,4,16],"killed_by":"Masked Bandits","ascension_level":1}}