{"host":"n43wxkei7kulhi8o","time":1609337542,"event":{"mods":["BaseMod","Colored Map","Curses Come First","Custom Start","Highlight Path","Minty Spire (QoL Compilation)","StSLib"],"gold_per_floor":[118,131,27,27,27,27,86,86,86,102,102,119,139,172,172,273,273,290,304,304,318,35,69,69,87,87,121,139,23,23,23,23,127,127,144,158,5,17,30,30,252,252,252,265,283,299,43,43,43,43],"floor_reached":51,"playtime":3781,"items_purged":["Strike_B"],"score":694,"play_id":"f036cd62-44ae-4b49-a495-fa7a0dfb6bd5","local_time":"20201230091222","is_ascension_mode":false,"campfire_choices":[{"data":"Defragment","floor":6,"key":"SMITH"},{"data":"Zap","floor":8,"key":"SMITH"},{"data":"Buffer","floor":11,"key":"SMITH"},{"data":"Dualcast","floor":15,"key":"SMITH"},{"data":"Loop","floor":24,"key":"SMITH"},{"data":"Multi-Cast","floor":30,"key":"SMITH"},{"data":"Echo Form","floor":32,"key":"SMITH"},{"data":"Conserve Battery","floor":40,"key":"SMITH"},{"data":"Conserve Battery","floor":42,"key":"SMITH"},{"data":"Capacitor","floor":49,"key":"SMITH"}],"circlet_count":0,"master_deck":["Strike_B","Strike_B","Strike_B","Defend_B","Defend_B","Defend_B","Defend_B","Zap+1","Dualcast+1","Defragment+1","Ball Lightning","Conserve Battery+1","Buffer+1","Cold Snap","Compile Driver","Conserve Battery+1","Multi-Cast+1","CurseOfTheBell","Loop+1","Redo+1","Echo Form+1","Cold Snap+1","Melter","Amplify+1","Hologram+1","Sweeping Beam+1","Ball Lightning","Glacier+1","Capacitor+1","Writhe"],"relics":["Busted Crown","Bag of Marbles","Bag of Preparation","DataDisk","Calling Bell","Pen Nib","White Beast Statue","Bird Faced Urn","Orichalcum","Toxic Egg 2","Eternal Feather","Red Mask","Question Card","Black Star","Runic Capacitor","Ornamental Fan","ClockworkSouvenir"],"acts_visited":["TheCity","TheBeyond"],"potions_floor_usage":[7,14,16,19,23,23,23,27,35,39,39,39,45,50,50,50],"damage_taken":[{"damage":2,"enemies":"Small Slimes","floor":1,"turns":4},{"damage":2,"enemies":"2 Louse","floor":2,"turns":2},{"damage":6,"enemies":"Gremlin Nob","floor":7,"turns":3},{"damage":0,"enemies":"Jaw Worm","floor":10,"turns":3},{"damage":0,"enemies":"3 Louse","floor":12,"turns":3},{"damage":0,"enemies":"Large Slime","floor":13,"turns":6},{"damage":0,"enemies":"Gremlin Nob","floor":14,"turns":3},{"damage":0,"enemies":"The Guardian","floor":16,"turns":9},{"damage":5,"enemies":"Chosen","floor":18,"turns":4},{"damage":0,"enemies":"3 Byrds","floor":19,"turns":5},{"damage":0,"enemies":"Centurion and Healer","floor":21,"turns":7},{"damage":11,"enemies":"Book of Stabbing","floor":23,"turns":4},{"damage":10,"enemies":"Snecko","floor":25,"turns":8},{"damage":1,"enemies":"Masked Bandits","floor":27,"turns":3},{"damage":0,"enemies":"Cultist and Chosen","floor":28,"turns":4},{"damage":10,"enemies":"Champ","floor":33,"turns":10},{"damage":23,"enemies":"3 Darklings","floor":35,"turns":8},{"damage":31,"enemies":"Orb Walker","floor":36,"turns":5},{"damage":1,"enemies":"Sphere and 2 Shapes","floor":38,"turns":6},{"damage":17,"enemies":"Jaw Worm Horde","floor":39,"turns":7},{"damage":26,"enemies":"3 Darklings","floor":44,"turns":6},{"damage":11,"enemies":"Writhing Mass","floor":45,"turns":5},{"damage":13,"enemies":"4 Shapes","floor":46,"turns":4},{"damage":21,"enemies":"Awakened One","floor":50,"turns":22}],"seed_played":"8592581679100023711","potions_obtained":[{"floor":2,"key":"SteroidPotion"},{"floor":12,"key":"EssenceOfDarkness"},{"floor":13,"key":"PowerPotion"},{"floor":14,"key":"SpeedPotion"},{"floor":16,"key":"SmokeBomb"},{"floor":18,"key":"SkillPotion"},{"floor":19,"key":"GamblersBrew"},{"floor":21,"key":"BlessingOfTheForge"},{"floor":23,"key":"Block Potion"},{"floor":25,"key":"PowerPotion"},{"floor":27,"key":"Block Potion"},{"floor":28,"key":"EssenceOfDarkness"},{"floor":35,"key":"SteroidPotion"},{"floor":36,"key":"Strength Potion"},{"floor":38,"key":"PowerPotion"},{"floor":39,"key":"Dexterity Potion"},{"floor":44,"key":"Weak Potion"},{"floor":45,"key":"EssenceOfSteel"},{"floor":46,"key":"DistilledChaos"}],"is_trial":false,"path_per_floor":["M","M","$","?","$","R","?","R","T","M","R","M","M","E","R","B",null,"M","M","?","M","$","E","R","M","T","?","M","$","R","?","R","B",null,"M","M","$","M","M","R","?","R","T","M","M","M","$","?","R","B",null],"character_chosen":"DEFECT","items_purchased":["Defragment","Ball Lightning","Orichalcum","Echo Form","Melter","LiquidMemories","Runic Capacitor","Capacitor","ClockworkSouvenir"],"campfire_rested":0,"item_purchase_floors":[3,3,22,22,29,29,37,47,47],"current_hp_per_floor":[73,71,71,71,71,71,65,65,65,65,65,65,65,65,65,65,75,72,75,75,75,75,66,66,68,68,73,75,75,75,75,75,65,75,58,35,35,42,33,48,48,63,63,47,44,37,37,56,74,64],"gold":43,"neow_bonus":"BOSS_RELIC","is_daily":false,"chose_seed":false,"campfire_upgraded":10,"win_rate":0.0,"timestamp":1609337542,"path_taken":["M","M","$","?","$","R","?","R","T","M","R","M","M","E","R","BOSS","M","M","?","M","$","E","R","M","T","?","M","$","R","?","R","BOSS","M","M","$","M","M","R","?","R","T","M","M","M","$","?","R","BOSS"],"items_purchased_type":["Card","Card","Relic","Card","Card","Potion","Relic","Card","Relic"],"build_version":"2020-12-22","purchased_purges":1,"victory":true,"max_hp_per_floor":[75,75,75,75,75,75,75,75,75,75,75,75,75,75,75,75,75,75,75,75,75,75,75,75,75,75,75,75,75,75,75,75,75,75,75,75,75,75,75,75,75,75,75,75,75,75,75,75,75,75],"card_choices":[{"not_picked":["Hologram"],"picked":"SKIP","floor":1},{"not_picked":["Go for the Eyes"],"picked":"SKIP","floor":2},{"not_picked":[],"picked":"Conserve Battery","floor":7},{"not_picked":[],"picked":"Buffer","floor":10},{"not_picked":[],"picked":"Cold Snap","floor":12},{"not_picked":[],"picked":"Compile Driver","floor":13},{"not_picked":[],"picked":"Conserve Battery","floor":14},{"not_picked":[],"picked":"Multi-Cast","floor":16},{"not_picked":["BootSequence"],"picked":"SKIP","floor":18},{"not_picked":[],"picked":"Loop","floor":19},{"not_picked":[],"picked":"Redo+1","floor":21},{"not_picked":[],"picked":"Cold Snap+1","floor":23},{"not_picked":["Compile Driver+1"],"picked":"SKIP","floor":25},{"not_picked":["Rip and Tear"],"picked":"SKIP","floor":28},{"not_picked":["All For One"],"picked":"Amplify+1","floor":33},{"not_picked":["Redo+1"],"picked":"Hologram+1","floor":35},{"not_picked":["Fusion+1","Steam+1"],"picked":"SKIP","floor":36},{"not_picked":["Conserve Battery+1","Stack+1"],"picked":"SKIP","floor":38},{"not_picked":["Compile Driver+1"],"picked":"Sweeping Beam+1","floor":39},{"not_picked":["Streamline"],"picked":"Ball Lightning","floor":44},{"not_picked":["Aggregate+1","Steam+1"],"picked":"SKIP","floor":45},{"not_picked":["Ball Lightning+1"],"picked":"Glacier+1","floor":46}],"player_experience":618104,"relics_obtained":[{"floor":9,"key":"Bag of Preparation"},{"floor":14,"key":"DataDisk"},{"floor":17,"key":"Pen Nib"},{"floor":17,"key":"White Beast Statue"},{"floor":17,"key":"Bird Faced Urn"},{"floor":23,"key":"Toxic Egg 2"},{"floor":26,"key":"Eternal Feather"},{"floor":27,"key":"Red Mask"},{"floor":43,"key":"Ornamental Fan"}],"event_choices":[{"damage_healed":0,"gold_gain":0,"player_choice":"Ignored","damage_taken":0,"max_hp_gain":0,"max_hp_loss":0,"event_name":"Liars Game","floor":4,"gold_loss":0},{"damage_healed":0,"gold_gain":0,"player_choice":"Searched \u00272\u0027 times","damage_taken":0,"relics_obtained":["Bag of Marbles"],"max_hp_gain":0,"max_hp_loss":0,"event_name":"Dead Adventurer","floor":7,"gold_loss":0},{"damage_healed":0,"gold_gain":0,"player_choice":"Fought Bandits","damage_taken":0,"max_hp_gain":0,"max_hp_loss":0,"event_name":"Masked Bandits","floor":27,"gold_loss":0},{"damage_healed":0,"gold_gain":0,"player_choice":"Opened","damage_taken":0,"relics_obtained":["Question Card"],"max_hp_gain":0,"max_hp_loss":0,"event_name":"The Mausoleum","floor":31,"gold_loss":0},{"damage_healed":0,"gold_gain":222,"player_choice":"Wore Mask","damage_taken":0,"max_hp_gain":0,"max_hp_loss":0,"event_name":"Tomb of Lord Red Mask","floor":41,"gold_loss":0},{"damage_healed":19,"gold_gain":0,"player_choice":"Writhe","damage_taken":0,"max_hp_gain":0,"max_hp_loss":0,"event_name":"Winding Halls","floor":48,"gold_loss":0,"cards_obtained":["Writhe"]}],"is_beta":false,"boss_relics":[{"not_picked":["Tiny House","Ectoplasm"],"picked":"Calling Bell"},{"not_picked":["Astrolabe","Empty Cage"],"picked":"Black Star"}],"items_purged_floors":[47],"is_endless":false,"potions_floor_spawned":[2,12,13,14,16,18,19,21,23,25,27,28,33,35,36,38,39,44,45,46],"ascension_level":0}}