{"host":"ixqzyafodex1tsi5","time":1609325957,"event":{"mods":["AchievementEnabler","Act Like it!","BaseMod","Downfall","Gensokyo","GifTheSpireLib","Lobotomy","LobotomyExtend","Minty Spire (QoL Compilation)","Relic Stats","Replay The Spire","RumiaBox-露米娅的神秘盒子","Spicy Shops","StSLib","【功能Mod】混沌之环修复补丁"],"gold_per_floor":[134,484,509,584,167,167,209,229,301,301,57,79,125,67,67,190,190,222,222,34,67,97,142,21,33,33],"floor_reached":25,"playtime":1735,"items_purged":["SpecialBullet","Guardian:Aged"],"score":468,"play_id":"61d9aab4-ec62-4a01-94b1-3321c09c3da9","local_time":"20201230185917","is_ascension_mode":true,"campfire_choices":[],"circlet_count":0,"master_deck":["ExtractionCode","SecurityCode","InformationCode","ParadiseLost","Parasite","Normality","CrumblingArmor","Lantern","OldLady","SoundOfStar","SoundOfStar","Twilight","GoldRush","DaCapo","CENSORED_ego","Pinks","Horn","Languid","BodiesMountain","Lamp+3","DreamingCurrent","ReplayTheSpireMod:Splinters","Writhe","Languid","Amnesia","Shame","ReplayTheSpireMod:Doomed","NothingThere","Beak+1","Woodsman"],"relics":["CogitoBucket","LetterFromLob","Baka","ReplayTheSpireMod:Ring of Challenge","Ring of Greed","Replay:Bandana","Old Coin","Membership Card","Vajra","ChaoDraw","Chemical X","War Paint","Pantograph","SumBook","GodSword5","Lantern","SkinProphecy","ReplayTheSpireMod:DimensionalGlitch","Spirit Poop","Medical Kit","Ccalipers","Smiling Mask","MoreBug","Darkstone Periapt"],"acts_visited":["Exordium","TheCity"],"potions_floor_usage":[16],"damage_taken":[{"damage":16,"enemies":"Cultist","floor":1,"turns":4},{"damage":10,"enemies":"Small Slimes","floor":3,"turns":3},{"damage":45,"enemies":"3 Sentries","floor":7,"turns":4},{"damage":6,"enemies":"2 Louse","floor":8,"turns":3},{"damage":22,"enemies":"Gremlin Gang","floor":12,"turns":3},{"damage":0,"enemies":"Gremlin Nob","floor":13,"turns":3},{"damage":45,"enemies":"Exordium Thugs","floor":14,"turns":3},{"damage":23,"enemies":"The Guardian","floor":16,"turns":7},{"damage":58,"enemies":"3 Byrds","floor":18,"turns":3},{"damage":0,"enemies":"Shell Parasite","floor":21,"turns":2},{"damage":78,"enemies":"Shelled Parasite and Fungi","floor":22,"turns":3},{"damage":80,"enemies":"Slavers","floor":23,"turns":4},{"damage":108,"enemies":"Gremlin Leader","floor":25,"turns":4}],"seed_played":"-3270062059698980967","potions_obtained":[{"floor":8,"key":"Venom Potion"},{"floor":14,"key":"Adrenaline Potion"},{"floor":22,"key":"AttackPotion"}],"is_trial":false,"path_per_floor":["M","?","M","?","$","R","E","M","T","R","$","M","E","M","R","B",null,"M","?","$","M","M","E","$","E"],"character_chosen":"Angela","items_purchased":["Membership Card","Vajra","ChaoDraw","Lantern","Chemical X","SumBook","GodSword5","Lamp","Medical Kit","Ccalipers","MoreBug","Darkstone Periapt"],"campfire_rested":0,"item_purchase_floors":[5,5,5,5,5,11,11,20,20,20,24,24],"current_hp_per_floor":[62,62,60,49,49,49,16,22,22,22,22,21,49,32,39,72,72,13,20,27,51,34,39,46,0,0],"gold":33,"neow_bonus":"ONE_RANDOM_RARE_CARD","is_daily":false,"chose_seed":false,"campfire_upgraded":0,"win_rate":0.0,"timestamp":1609325957,"path_taken":["M","?","M","?","$","R","E","M","T","R","$","M","E","M","R","BOSS","M","?","$","?","M","E","$","E"],"items_purchased_type":["Relic","Relic","Relic","Card","Relic","Relic","Relic","Card","Relic","Relic","Relic","Relic"],"build_version":"2020-12-22","purchased_purges":2,"victory":false,"max_hp_per_floor":[70,70,70,70,70,70,70,70,70,70,70,70,70,70,70,72,72,74,74,74,76,78,80,80,82,82],"relic_stats":{"Darkstone Periapt":0,"counters":[14,46],"Pantograph":30,"Chemical X":[12],"War Paint":[],"Medical Kit":[0],"Smiling Mask":0,"obtain_stats":[{"MoreBug":24,"Darkstone Periapt":24,"Lantern":13,"Vajra":5,"Spirit Poop":19,"Baka":1,"Ring of Greed":2,"War Paint":7,"SkinProphecy":14,"Medical Kit":20,"Smiling Mask":23,"ChaoDraw":5,"Old Coin":2,"CogitoBucket":0,"Replay:Bandana":2,"Ccalipers":20,"Pantograph":9,"LetterFromLob":1,"Membership Card":5,"Chemical X":5,"GodSword5":11,"ReplayTheSpireMod:Ring of Challenge":2,"ReplayTheSpireMod:DimensionalGlitch":17,"SumBook":11},{"MoreBug":13,"Darkstone Periapt":13,"Lantern":6,"Vajra":2,"Spirit Poop":10,"Baka":1,"Ring of Greed":1,"War Paint":3,"SkinProphecy":8,"Medical Kit":10,"Smiling Mask":13,"ChaoDraw":2,"Old Coin":1,"CogitoBucket":0,"Replay:Bandana":1,"Ccalipers":10,"Pantograph":4,"LetterFromLob":1,"Membership Card":2,"Chemical X":2,"GodSword5":4,"ReplayTheSpireMod:Ring of Challenge":1,"ReplayTheSpireMod:DimensionalGlitch":9,"SumBook":4},{"MoreBug":43,"Darkstone Periapt":43,"Lantern":20,"Vajra":7,"Spirit Poop":34,"Baka":4,"Ring of Greed":4,"War Paint":11,"SkinProphecy":24,"Medical Kit":34,"Smiling Mask":43,"ChaoDraw":7,"Old Coin":4,"CogitoBucket":0,"Replay:Bandana":4,"Ccalipers":34,"Pantograph":14,"LetterFromLob":4,"Membership Card":7,"Chemical X":7,"GodSword5":14,"ReplayTheSpireMod:Ring of Challenge":4,"ReplayTheSpireMod:DimensionalGlitch":31,"SumBook":14}]},"card_choices":[{"not_picked":["RedEyes","InTheNameOfLoveAndHate"],"picked":"SKIP","floor":1},{"not_picked":["Lantern","FourthMatchFlame"],"picked":"SKIP","floor":1},{"not_picked":["NakedNest","LongBird"],"picked":"CrumblingArmor","floor":3},{"not_picked":["Horn","FeatherOfHonor"],"picked":"SKIP","floor":3},{"not_picked":["BearPaw","Laetitia_ego"],"picked":"SKIP","floor":7},{"not_picked":["MHz","ShyLook"],"picked":"OldLady","floor":8},{"not_picked":["GrinderMk4","Regret_ego"],"picked":"SKIP","floor":8},{"not_picked":["TodaysExpression"],"picked":"Horn","floor":12},{"not_picked":["Wingbeat","BlackSwan_ego"],"picked":"SKIP","floor":13},{"not_picked":["GrinderMk4","Logging"],"picked":"SKIP","floor":13},{"not_picked":["Noise","Loneliness"],"picked":"SKIP","floor":14},{"not_picked":["PunishingBird","GalaxyChild"],"picked":"BodiesMountain","floor":18},{"not_picked":["Pleasure","Heaven","Christmas"],"picked":"SKIP","floor":18},{"not_picked":["DespairKnight","WhiteNight","FairyFestival"],"picked":"Singing Bowl","floor":21},{"not_picked":["UniverseFragment","WallGazer"],"picked":"DreamingCurrent","floor":21},{"not_picked":["TodaysExpression","Logging","Harmony"],"picked":"SKIP","floor":21},{"not_picked":["SpiderBud","ShyLook"],"picked":"NothingThere","floor":22},{"not_picked":["Laetitia_ego","Regret_ego"],"picked":"Beak+1","floor":22},{"not_picked":["FairyFestival","GreedKing"],"picked":"Woodsman","floor":23},{"not_picked":["FrostShard","FourthMatchFlame","CherryBlossom"],"picked":"SKIP","floor":23},{"not_picked":["CherryBlossom","Amita","SomewhereSpear"],"picked":"SKIP","floor":23}],"player_experience":159599,"relics_obtained":[{"floor":1,"key":"LetterFromLob"},{"floor":1,"key":"Baka"},{"floor":2,"key":"ReplayTheSpireMod:Ring of Challenge"},{"floor":2,"key":"Ring of Greed"},{"floor":2,"key":"Replay:Bandana"},{"floor":2,"key":"Old Coin"},{"floor":7,"key":"War Paint"},{"floor":9,"key":"Pantograph"},{"floor":13,"key":"Lantern"},{"floor":23,"key":"Smiling Mask"}],"event_choices":[{"damage_healed":0,"gold_gain":75,"player_choice":"Gather Gold","damage_taken":11,"max_hp_gain":0,"max_hp_loss":0,"event_name":"World of Goop","floor":4,"gold_loss":0},{"cards_removed":["Spreading Infection"],"damage_healed":0,"gold_gain":0,"player_choice":"Offered Curse","damage_taken":0,"relics_obtained":["Spirit Poop"],"max_hp_gain":0,"max_hp_loss":0,"event_name":"Bonfire Elementals","floor":19,"gold_loss":0}],"is_beta":false,"boss_relics":[{"not_picked":["Runic Pyramid","Replay:Drink Me"],"picked":"ReplayTheSpireMod:DimensionalGlitch"}],"items_purged_floors":[5,5],"is_endless":false,"potions_floor_spawned":[8,22],"killed_by":"Gremlin Leader","ascension_level":3}}