{"host":"j29osl8nelwi4hyu","time":1609318137,"event":{"mods":["BaseMod","Colored Powertips","Hubris","Infinite Spire","Minty Spire (QoL Compilation)","Replay The Spire","StSLib"],"gold_per_floor":[110,124,141,165,184,215,290,290,290,320,340,45,45,45,45,150,150,163,78,78,98,22,22,22,22],"floor_reached":24,"playtime":834,"items_purged":[],"score":275,"play_id":"525ec5f7-0828-4548-9f21-0d37eef7f103","local_time":"20201230004857","is_ascension_mode":true,"campfire_choices":[{"floor":8,"key":"REST"},{"floor":15,"key":"REST"},{"floor":23,"key":"REST"}],"circlet_count":0,"master_deck":["Zap+1","Dualcast","Ball Lightning","Go for the Eyes","ReplayTheSpireMod:Calculation Training","FIFO Queue","Pot Of Greed","Pot Of Greed","Conserve Battery","Rainbow+1","Coolheaded","ReplayTheSpireMod:Fabricate Wheel","Sunder","Sweeping Beam","Defragment","Buffer","Coolheaded","Coolheaded","Seek","ReplaySolidLightProjector","Pot Of Greed","ReplayTheSpireMod:Calculation Training","Turbo"],"relics":["Cracked Core","Grinning Jar","Bottled Flame","Counterbalance","Gremlin Food","Runic Capacitor","Torii","Pandora\u0027s Box","Boot"],"acts_visited":["Exordium","TheCity"],"potions_floor_usage":[6,6,21,24],"damage_taken":[{"damage":5,"enemies":"Cultist","floor":1,"turns":4},{"damage":0,"enemies":"2 Louse","floor":2,"turns":2},{"damage":4,"enemies":"Jaw Worm","floor":3,"turns":3},{"damage":1,"enemies":"Looter","floor":5,"turns":3},{"damage":22,"enemies":"3 Sentries","floor":6,"turns":7},{"damage":37,"enemies":"Gremlin Nob","floor":10,"turns":4},{"damage":2,"enemies":"Blue Slaver","floor":11,"turns":5},{"damage":6,"enemies":"Hexaghost","floor":16,"turns":10},{"damage":39,"enemies":"2 Thieves","floor":18,"turns":4},{"damage":18,"enemies":"3 Byrds","floor":21,"turns":4},{"damage":33,"enemies":"Snake Plant","floor":24,"turns":2}],"seed_played":"6413621025276779875","potions_obtained":[{"floor":1,"key":"Adrenaline Potion"},{"floor":5,"key":"Toxic Potion"},{"floor":11,"key":"Swift Potion"},{"floor":16,"key":"SpeedPotion"}],"is_trial":false,"path_per_floor":["M","M","M","T","M","E","?","R","T","E","M","$","T","$","R","B",null,"M","?","?","M","$","R","M"],"character_chosen":"DEFECT","items_purchased":["Gremlin Food","Runic Capacitor","LiquidMemories"],"campfire_rested":3,"item_purchase_floors":[12,12,22],"current_hp_per_floor":[63,63,59,59,58,36,25,47,47,10,8,8,8,8,30,24,62,23,23,23,5,5,27,0,0],"gold":22,"neow_bonus":"RANDOM_EVENT","is_daily":false,"chose_seed":false,"campfire_upgraded":0,"win_rate":0.0,"timestamp":1609318137,"path_taken":["M","M","M","?","M","E","?","R","T","E","M","?","?","$","R","BOSS","M","?","?","M","?","R","M"],"items_purchased_type":["Relic","Relic","Potion"],"build_version":"2020-12-22","purchased_purges":0,"victory":false,"max_hp_per_floor":[75,75,75,75,75,75,75,75,75,75,75,75,75,75,75,75,75,75,75,75,75,75,75,75,75],"card_choices":[{"not_picked":["Streamline","Turbo"],"picked":"Go for the Eyes","floor":1},{"not_picked":["Blizzard","Panic Button"],"picked":"ReplayTheSpireMod:Calculation Training","floor":2},{"not_picked":["Panic Button","Storm"],"picked":"FIFO Queue","floor":3},{"not_picked":["Coolheaded","Steam"],"picked":"Conserve Battery","floor":5},{"not_picked":["Coolheaded","Steam"],"picked":"Rainbow","floor":6},{"not_picked":["Steam","Redo"],"picked":"Coolheaded","floor":10},{"not_picked":["Recycle","Gash","Double Energy"],"picked":"SKIP","floor":11},{"not_picked":["Mirror Shield","hubris:Prefetch"],"picked":"ReplayTheSpireMod:Fabricate Wheel","floor":16},{"not_picked":["Cold Snap","ReplayGash"],"picked":"ReplayTheSpireMod:Calculation Training","floor":18},{"not_picked":["Blizzard","Sunder"],"picked":"Turbo","floor":21}],"player_experience":298861,"relics_obtained":[{"floor":4,"key":"Grinning Jar"},{"floor":6,"key":"Bottled Flame"},{"floor":10,"key":"Counterbalance"},{"floor":13,"key":"Torii"}],"event_choices":[{"damage_healed":0,"gold_gain":75,"player_choice":"Gather Gold","damage_taken":11,"max_hp_gain":0,"max_hp_loss":0,"event_name":"World of Goop","floor":7,"gold_loss":0},{"damage_healed":0,"gold_gain":0,"player_choice":"Obtained Relic","damage_taken":0,"relics_obtained":["Boot"],"max_hp_gain":0,"max_hp_loss":0,"event_name":"Addict","floor":19,"gold_loss":85},{"damage_healed":0,"gold_gain":0,"player_choice":"Ignored","damage_taken":0,"max_hp_gain":0,"max_hp_loss":0,"event_name":"Ghosts","floor":20,"gold_loss":0}],"is_beta":false,"boss_relics":[{"not_picked":["Calling Bell","hubris:CrackedHourglass"],"picked":"Pandora\u0027s Box"}],"items_purged_floors":[],"is_endless":false,"potions_floor_spawned":[1,5,11,16],"killed_by":"Snake Plant","ascension_level":7}}