{"host":"sav7uxregyirlf69","time":1609301017,"event":{"mods":["AchievementEnabler","BaseMod","Colored Map","DeckTracker","Keyboard Shortcuts","Minty Spire (QoL Compilation)","READ ME - Guardian Mod","StSLib","SuperFastMode"],"gold_per_floor":[111,71,71,84,95,95,115,148,148,148,179,204,204,204],"floor_reached":13,"playtime":240,"items_purged":[],"score":186,"play_id":"c23f0583-9288-4793-9f70-bc008cc7935a","local_time":"20201230130337","is_ascension_mode":true,"campfire_choices":[{"data":"Tactician","floor":6,"key":"SMITH"},{"floor":10,"key":"REST"}],"circlet_count":0,"master_deck":["AscendersBane","Strike_G","Strike_G","Strike_G","Strike_G","Strike_G","Defend_G","Defend_G","Defend_G","Defend_G","Defend_G","Survivor","Neutralize","Tactician+1","Dagger Throw","Endless Agony","Deadly Poison","Catalyst","Acrobatics"],"relics":["Ring of the Snake","StoneCalendar","Oddly Smooth Stone","Bottled Flame","TungstenRod","Odd Mushroom"],"acts_visited":["Exordium"],"potions_floor_usage":[8],"damage_taken":[{"damage":0,"enemies":"2 Louse","floor":1,"turns":3},{"damage":11,"enemies":"Cultist","floor":4,"turns":5},{"damage":3,"enemies":"Small Slimes","floor":5,"turns":5},{"damage":11,"enemies":"Blue Slaver","floor":7,"turns":4},{"damage":23,"enemies":"Lagavulin","floor":8,"turns":8},{"damage":24,"enemies":"3 Sentries","floor":11,"turns":7},{"damage":23,"enemies":"The Mushroom Lair","floor":12,"turns":4},{"damage":19,"enemies":"Lagavulin","floor":13,"turns":5}],"seed_played":"6130845007040491735","potions_obtained":[{"floor":1,"key":"Weak Potion"},{"floor":2,"key":"FairyPotion"},{"floor":2,"key":"Regen Potion"}],"is_trial":false,"path_per_floor":["M","?","$","M","M","R","M","E","T","R","E","?","E"],"character_chosen":"THE_SILENT","items_purchased":[],"campfire_rested":1,"item_purchase_floors":[],"current_hp_per_floor":[44,44,44,33,30,30,19,11,11,30,6,11,0,0],"gold":204,"neow_bonus":"ONE_RARE_RELIC","is_daily":false,"chose_seed":false,"campfire_upgraded":1,"win_rate":0.0,"timestamp":1609301017,"path_taken":["M","?","?","M","M","R","M","E","T","R","E","?","E"],"items_purchased_type":[],"build_version":"2020-12-22","purchased_purges":0,"victory":false,"max_hp_per_floor":[66,66,66,66,66,66,66,66,66,66,66,66,66,66],"card_choices":[{"not_picked":["Deadly Poison","Poisoned Stab"],"picked":"Tactician","floor":1},{"not_picked":["Sucker Punch","Setup","Underhanded Strike"],"picked":"SKIP","floor":4},{"not_picked":["Skewer","Setup"],"picked":"Dagger Throw","floor":5},{"not_picked":["Bane","Masterful Stab","Endless Agony"],"picked":"SKIP","floor":7},{"not_picked":["Bane","Masterful Stab"],"picked":"Endless Agony","floor":7},{"not_picked":["Expertise","Cloak And Dagger"],"picked":"Deadly Poison","floor":8},{"not_picked":["Concentrate","Escape Plan"],"picked":"Catalyst","floor":11},{"not_picked":["Flechettes","Backflip"],"picked":"Acrobatics","floor":12}],"player_experience":1064457,"relics_obtained":[{"floor":8,"key":"Oddly Smooth Stone"},{"floor":9,"key":"Bottled Flame"},{"floor":11,"key":"TungstenRod"},{"floor":12,"key":"Odd Mushroom"}],"event_choices":[{"damage_healed":0,"gold_gain":0,"player_choice":"Bought 3 Potions","damage_taken":0,"max_hp_gain":0,"max_hp_loss":0,"event_name":"The Woman in Blue","floor":2,"gold_loss":0},{"damage_healed":0,"gold_gain":0,"player_choice":"Fought Mushrooms","damage_taken":0,"max_hp_gain":0,"max_hp_loss":0,"event_name":"Mushrooms","floor":12,"gold_loss":0}],"is_beta":false,"boss_relics":[],"items_purged_floors":[],"is_endless":false,"potions_floor_spawned":[1,4],"killed_by":"Lagavulin","ascension_level":20}}