{"host":"56ghxnzsglgdq727","time":1609296815,"event":{"mods":["AchievementEnabler","BaseMod","Minty Spire (QoL Compilation)"],"gold_per_floor":[113,113,188,188,113,113,144,94,94,121,136,161,161,179,179,283,333,347,357,148,168,168,195,195,195,195,206,255,284,295,295,295],"floor_reached":31,"playtime":623,"items_purged":["Eruption","Defend_P"],"score":374,"play_id":"0ebf1920-34ce-4e72-9870-2209e785f913","local_time":"20201229215335","is_ascension_mode":true,"campfire_choices":[{"floor":6.0,"key":"REST"},{"data":"Blasphemy","floor":13.0,"key":"SMITH"},{"data":"Prostrate","floor":15.0,"key":"SMITH"},{"data":"Ragnarok","floor":24.0,"key":"SMITH"}],"circlet_count":0,"master_deck":["Strike_P","Strike_P","Strike_P","Strike_P","Defend_P+1","Defend_P","Vigilance","Prostrate+1","Blasphemy+1","Ragnarok+1","Prostrate","Devotion","FlyingSleeves+1","SandsOfTime","Study"],"relics":["PureWater","NeowsBlessing","Centennial Puzzle","Blood Vial","The Courier","Happy Flower","Omamori","Tiny House","Pocketwatch","Dream Catcher","Toy Ornithopter","Potion Belt"],"acts_visited":["Exordium","TheCity"],"potions_floor_usage":[31],"damage_taken":[{"damage":0.0,"enemies":"Jaw Worm","floor":1.0,"turns":1.0},{"damage":0.0,"enemies":"3 Sentries","floor":7.0,"turns":2.0},{"damage":0.0,"enemies":"Gremlin Nob","floor":10.0,"turns":1.0},{"damage":0.0,"enemies":"2 Louse","floor":11.0,"turns":1.0},{"damage":1.0,"enemies":"Small Slimes","floor":14.0,"turns":2.0},{"damage":35.0,"enemies":"Slime Boss","floor":16.0,"turns":4.0},{"damage":0.0,"enemies":"Spheric Guardian","floor":18.0,"turns":1.0},{"damage":3.0,"enemies":"2 Thieves","floor":19.0,"turns":2.0},{"damage":8.0,"enemies":"Centurion and Healer","floor":21.0,"turns":3.0},{"damage":0.0,"enemies":"Slavers","floor":23.0,"turns":1.0},{"damage":0.0,"enemies":"Shelled Parasite and Fungi","floor":27.0,"turns":2.0},{"damage":12.0,"enemies":"Book of Stabbing","floor":29.0,"turns":2.0},{"damage":9,"enemies":"Snake Plant","floor":30,"turns":3},{"damage":38,"enemies":"Slavers","floor":31,"turns":3}],"seed_played":"1832878338544633717","potions_obtained":[{"floor":1.0,"key":"AttackPotion"},{"floor":7.0,"key":"SteroidPotion"},{"floor":16.0,"key":"Ancient Potion"},{"floor":17.0,"key":"Swift Potion"},{"floor":18.0,"key":"Swift Potion"},{"floor":21.0,"key":"SkillPotion"},{"floor":27.0,"key":"PowerPotion"}],"is_trial":false,"path_per_floor":["M","?","?","?","$","R","E","?","T","E","M","T","R","M","R","B",null,"M","M","$","M","?","E","R","?","T","M","T","E","M","E"],"character_chosen":"WATCHER","items_purchased":["Devotion"],"campfire_rested":1,"item_purchase_floors":[20],"current_hp_per_floor":[72,77,66,54,54,77,77,77,77,77,77,77,77,76,76,42,82,82,79,79,73,73,75,75,75,75,77,77,70,63,32,32],"gold":295,"neow_bonus":"THREE_ENEMY_KILL","is_daily":false,"chose_seed":false,"campfire_upgraded":3,"win_rate":0.0,"timestamp":1609296815,"path_taken":["M","?","?","?","$","R","E","?","T","E","M","?","R","M","R","BOSS","M","M","$","?","?","E","R","?","T","M","?","E","M","E"],"items_purchased_type":["Card"],"build_version":"2020-12-22","purchased_purges":2,"victory":false,"max_hp_per_floor":[72,77,77,77,77,77,77,77,77,77,77,77,77,77,77,77,82,82,82,82,82,82,82,82,82,82,82,82,82,82,82,82],"card_choices":[{"not_picked":["Protect","Evaluate"],"picked":"Prostrate","floor":1.0},{"not_picked":["Adaptation","SashWhip"],"picked":"Blasphemy","floor":7.0},{"not_picked":["Collect","ThirdEye","FollowUp"],"picked":"SKIP","floor":10.0},{"not_picked":["Sanctity","WheelKick","Protect"],"picked":"SKIP","floor":11.0},{"not_picked":["Swivel","FlyingSleeves","CutThroughFate"],"picked":"SKIP","floor":14.0},{"not_picked":["Devotion","DeusExMachina"],"picked":"Ragnarok","floor":16.0},{"not_picked":["Halt","ReachHeaven"],"picked":"Prostrate","floor":17.0},{"not_picked":["Collect","WreathOfFlame+1","CrushJoints"],"picked":"SKIP","floor":18.0},{"not_picked":["Meditate","CutThroughFate+1","EmptyFist"],"picked":"SKIP","floor":19.0},{"not_picked":["Perseverance","Tantrum+1","WreathOfFlame"],"picked":"SKIP","floor":21.0},{"not_picked":["Evaluate","ClearTheMind"],"picked":"FlyingSleeves+1","floor":23.0},{"not_picked":["EmptyMind+1","Consecrate","EmptyBody"],"picked":"SKIP","floor":27.0},{"not_picked":["Halt","Conclude","Perseverance"],"picked":"SKIP","floor":29.0},{"not_picked":["ThirdEye","Evaluate+1"],"picked":"Study","floor":30}],"player_experience":56347,"relics_obtained":[{"floor":7.0,"key":"Blood Vial"},{"floor":9.0,"key":"The Courier"},{"floor":10.0,"key":"Happy Flower"},{"floor":12.0,"key":"Omamori"},{"floor":23.0,"key":"Pocketwatch"},{"floor":26.0,"key":"Dream Catcher"},{"floor":28.0,"key":"Toy Ornithopter"},{"floor":29.0,"key":"Potion Belt"}],"event_choices":[{"damage_healed":0.0,"max_hp_gain":5.0,"max_hp_loss":0.0,"gold_gain":0.0,"event_name":"Big Fish","player_choice":"Donut","floor":2.0,"gold_loss":0.0,"damage_taken":0.0},{"damage_healed":0.0,"max_hp_gain":0.0,"max_hp_loss":0.0,"gold_gain":75.0,"event_name":"World of Goop","player_choice":"Gather Gold","floor":3.0,"gold_loss":0.0,"damage_taken":11.0},{"damage_healed":0.0,"max_hp_gain":0.0,"max_hp_loss":0.0,"gold_gain":0.0,"event_name":"Scrap Ooze","player_choice":"Success","floor":4.0,"gold_loss":0.0,"damage_taken":12.0,"relics_obtained":["Centennial Puzzle"]},{"cards_removed":["Defend_P"],"damage_healed":0.0,"max_hp_gain":0.0,"max_hp_loss":0.0,"gold_gain":0.0,"event_name":"The Cleric","player_choice":"Card Removal","floor":8.0,"gold_loss":50.0,"damage_taken":0.0},{"damage_healed":0.0,"max_hp_gain":0.0,"max_hp_loss":0.0,"gold_gain":0.0,"event_name":"Ghosts","player_choice":"Ignored","floor":22.0,"gold_loss":0.0,"damage_taken":0.0},{"damage_healed":0.0,"max_hp_gain":0.0,"max_hp_loss":0.0,"gold_gain":0.0,"event_name":"The Library","player_choice":"Read","floor":25.0,"gold_loss":0.0,"damage_taken":0.0,"cards_obtained":["SandsOfTime"]}],"is_beta":false,"boss_relics":[{"not_picked":["Coffee Dripper","Cursed Key"],"picked":"Tiny House"}],"items_purged_floors":[5,20],"is_endless":false,"potions_floor_spawned":[1,7,16,18,21,27],"killed_by":"Slavers","ascension_level":1}}