{"host":"6r341r9cz00j2qc1","time":1609368549,"event":{"mods":["BaseMod","Better Third Choice","Downfall","GungeonMod","Hermit","Lobotomy","LobotomyExtend","Minty Spire (QoL Compilation)","Shop Mod","StSLib"],"gold_per_floor":[114,130,130,15,29,55,132,108,133,133,145,145,164,164,164,261,261,275,305,305,230,230],"floor_reached":21,"playtime":1546,"items_purged":[],"score":202,"play_id":"2050c9a8-8d89-47ff-8151-fb3516bf17a2","local_time":"20201230234909","is_ascension_mode":false,"campfire_choices":[{"floor":10,"key":"REST"},{"data":"hermit:TakeAim","floor":12,"key":"SMITH"},{"floor":15,"key":"REST"}],"circlet_count":0,"master_deck":["hermit:Strike_Hermit","hermit:Strike_Hermit","hermit:Strike_Hermit","hermit:Defend_Hermit","hermit:Defend_Hermit","hermit:Defend_Hermit","hermit:Snapshot","hermit:Covet","BigBird","hermit:CursedWeapon","OSAHOGD","hermit:TakeAim+1","Bloodbath","hermit:Combo","Wellcheers","hermit:Glare","hermit:TrackingShot","Rudolta","hermit:Glare","PunishingBird","hermit:BodyArmor","Burn","Mercenary","hermit:Roughhouse","DespairKnight","hermit:Ricochet+1","CherryBlossoms","hermit:Brawl"],"relics":["hermit:ClaspedLocket","CogitoBucket","LetterFromLob","Regal Pillow","DemoMod:GnawedKey","Bottled Tornado","Strawberry","LuminousBracelet","Red Mask"],"acts_visited":["Exordium","TheCity"],"potions_floor_usage":[6,13,16,19],"damage_taken":[{"damage":5,"enemies":"2 Louse","floor":1,"turns":3},{"damage":2,"enemies":"Cultist","floor":2,"turns":3},{"damage":4,"enemies":"Jaw Worm","floor":5,"turns":4},{"damage":40,"enemies":"Lagavulin","floor":6,"turns":10},{"damage":25,"enemies":"Blue Slaver","floor":11,"turns":6},{"damage":33,"enemies":"Gremlin Gang","floor":13,"turns":4},{"damage":78,"enemies":"Hexaghost","floor":16,"turns":11},{"damage":28,"enemies":"Spheric Guardian","floor":18,"turns":5},{"damage":73,"enemies":"Masked Bandits","floor":19,"turns":6},{"damage":39,"enemies":"2 Thieves","floor":21,"turns":3}],"seed_played":"3903897144004692886","potions_obtained":[{"floor":1,"key":"hermit:Tonic"},{"floor":5,"key":"LiquidBronze"},{"floor":6,"key":"Energy Potion"},{"floor":13,"key":"DuplicationPotion"},{"floor":18,"key":"ColorlessPotion"}],"is_trial":false,"path_per_floor":["M","M","?","$","M","E","?","$","T","R","M","R","M","?","R","B",null,"M","?","?","M"],"character_chosen":"HERMIT","items_purchased":["DemoMod:GnawedKey","hermit:TrackingShot"],"campfire_rested":2,"item_purchase_floors":[4,8],"current_hp_per_floor":[70,68,68,68,64,27,27,27,34,73,55,55,38,38,82,76,97,76,27,27,0,0],"gold":230,"neow_bonus":"","is_daily":false,"chose_seed":false,"campfire_upgraded":1,"win_rate":0.0,"timestamp":1609368549,"path_taken":["M","M","?","?","M","E","?","?","T","R","?","R","M","?","R","BOSS","M","?","?","M"],"items_purchased_type":["Relic","Card"],"build_version":"2020-12-22","purchased_purges":0,"victory":false,"max_hp_per_floor":[75,75,75,75,75,75,75,75,82,82,82,82,97,97,97,97,97,97,97,97,97,97],"card_choices":[{"not_picked":["SpiderBud","Wellcheers"],"picked":"BigBird","floor":1},{"not_picked":["hermit:ItchyTrigger","hermit:Vantage"],"picked":"hermit:CursedWeapon","floor":1},{"not_picked":["Murderer","SpiderBud"],"picked":"OSAHOGD","floor":2},{"not_picked":["hermit:NoHoldsBarred","hermit:Spite"],"picked":"hermit:TakeAim","floor":2},{"not_picked":["WallGazer","Laetitia"],"picked":"Bloodbath","floor":5},{"not_picked":["hermit:LowProfile","hermit:Coalescence"],"picked":"hermit:Combo","floor":5},{"not_picked":["WallGazer","VoidDream"],"picked":"Wellcheers","floor":6},{"not_picked":["hermit:Spite","hermit:Gambit"],"picked":"hermit:Glare","floor":6},{"not_picked":["Murderer","SpiderBud"],"picked":"Rudolta","floor":11},{"not_picked":["hermit:Shortfuse","hermit:Spite"],"picked":"hermit:Glare","floor":11},{"not_picked":["Scorched","WhitesApple"],"picked":"PunishingBird","floor":13},{"not_picked":["hermit:PistolWhip","hermit:NoHoldsBarred"],"picked":"hermit:BodyArmor","floor":13},{"not_picked":["MHz","SingingMachine"],"picked":"Mercenary","floor":16},{"not_picked":["hermit:EternalForm","hermit:HighNoon"],"picked":"hermit:Roughhouse","floor":16},{"not_picked":["CrumblingArmor","DreamingCurrent"],"picked":"DespairKnight","floor":18},{"not_picked":["hermit:Manifest","hermit:Cheat"],"picked":"hermit:Ricochet+1","floor":18},{"not_picked":["Scorched","LittleHelper"],"picked":"CherryBlossoms","floor":19}],"player_experience":441102,"relics_obtained":[{"floor":1,"key":"LetterFromLob"},{"floor":6,"key":"Bottled Tornado"},{"floor":9,"key":"Strawberry"},{"floor":19,"key":"Red Mask"}],"event_choices":[{"damage_healed":0,"gold_gain":0,"player_choice":"Gave Potion","damage_taken":0,"relics_obtained":["Regal Pillow"],"max_hp_gain":0,"max_hp_loss":0,"event_name":"WeMeetAgain","floor":3,"gold_loss":0},{"damage_healed":0,"gold_gain":77,"player_choice":"Gained Gold","damage_taken":0,"max_hp_gain":0,"max_hp_loss":0,"event_name":"Golden Wing","floor":7,"gold_loss":0},{"damage_healed":38,"gold_gain":0,"player_choice":"Embrace Burn","damage_taken":0,"max_hp_gain":0,"max_hp_loss":97,"event_name":"betterThird:BetterShining","floor":14,"gold_loss":0},{"damage_healed":0,"gold_gain":0,"player_choice":"Fought Bandits","damage_taken":0,"max_hp_gain":0,"max_hp_loss":0,"event_name":"Masked Bandits","floor":19,"gold_loss":0},{"damage_healed":0,"gold_gain":0,"player_choice":"1 cards matched","damage_taken":0,"max_hp_gain":0,"max_hp_loss":0,"event_name":"Match and Keep!","floor":20,"gold_loss":0,"cards_obtained":["hermit:Brawl"]}],"is_beta":false,"boss_relics":[{"not_picked":["SlaversCollar","Coffee Dripper"],"picked":"hermit:ClaspedLocket"}],"items_purged_floors":[],"is_endless":false,"potions_floor_spawned":[1,5,6,13,18],"killed_by":"2 Thieves","ascension_level":0}}