{"host":"zm2copjc1o2b6hjv","time":1609292740,"event":{"mods":["AchievementEnabler","BaseMod","BetterRewards","Conspire","Downfall","Friendly Minions","Infinite Spire","Minty Spire (QoL Compilation)","Replay The Spire","StSLib"],"gold_per_floor":[119,119,140,140,140,140,183,183,255,361,45,45,73,163,163,276,276,296,296,348,348,388,388,442,156,156,156,181,190,211,211,211,315,315,342,370,370,390,91,100,100,100],"floor_reached":41,"playtime":1927,"items_purged":[],"score":530,"play_id":"b72fe496-580e-4fc0-8802-4883dd458c23","local_time":"20201229204540","is_ascension_mode":true,"campfire_choices":[{"floor":6,"key":"REST"},{"data":"Infernal Blade","floor":8,"key":"SMITH"},{"floor":12,"key":"DIG"},{"data":"Demonic Infusion","floor":15,"key":"SMITH"},{"floor":23,"key":"REST"},{"floor":29,"key":"REST"},{"floor":32,"key":"DIG"},{"floor":40,"key":"REST"}],"circlet_count":0,"master_deck":["Strike_R","Strike_R","Strike_R","Strike_R","Defend_R","Defend_R","Defend_R","Defend_R","Bash","Demonic Infusion+1","ReplayTheSpireMod:LeadingStrike+1","Power Through","Battle Trance","Infernal Blade+1","Flame Barrier","Spot Weakness","HandOfGreed+1","Double Tap+1","Inflame","Barricade+1","Second Wind","Fire Breathing+1","Dark Embrace","Feel No Pain","Whirlwind+1","Abandon","Demon Form+1","Fire Breathing+1","Seeing Red+1","Whirlwind+1","Sentinel"],"relics":["Burning Blood","CeramicFish","ClockworkSouvenir","Happy Flower","PreservedInsect","Replay:Bottled Snecko","Shovel","Golden Egg","Lee\u0027s Waffle","Ancient Tea Set","Eternal Feather","SlaversCollar","Ice Cream","MutagenicStrength","Oddly Smooth Stone","Dream Catcher","Strawberry","Bag of Preparation","Painkiller Herb","Juzu Bracelet","infinitespire:Cupcake","infinitespire:Lucky Rock","Incense Burner"],"acts_visited":["Exordium","TheCity","TheBeyond"],"potions_floor_usage":[3,3,22,24,36],"damage_taken":[{"damage":0,"enemies":"Small Slimes","floor":1,"turns":3},{"damage":0,"enemies":"Cultist","floor":3,"turns":4},{"damage":15,"enemies":"Lagavulin","floor":7,"turns":4},{"damage":7,"enemies":"Jaw Worm","floor":13,"turns":2},{"damage":4,"enemies":"3 Sentries","floor":14,"turns":4},{"damage":48,"enemies":"The Guardian","floor":16,"turns":7},{"damage":14,"enemies":"Chosen","floor":18,"turns":7},{"damage":20,"enemies":"3 Byrds","floor":20,"turns":7},{"damage":18,"enemies":"3 Cultists","floor":22,"turns":5},{"damage":35,"enemies":"Centurion and Healer","floor":24,"turns":7},{"damage":12,"enemies":"Snake Plant","floor":28,"turns":4},{"damage":0,"enemies":"conspire:HollyBat","floor":30,"turns":5},{"damage":70,"enemies":"conspire:MysteriousRune","floor":33,"turns":10},{"damage":20,"enemies":"3 Shapes","floor":35,"turns":2},{"damage":0,"enemies":"3 Darklings","floor":36,"turns":1},{"damage":50,"enemies":"Sphere and 2 Shapes","floor":38,"turns":5},{"damage":29,"enemies":"Maw","floor":41,"turns":5}],"seed_played":"3833277505869761544","potions_obtained":[{"floor":1,"key":"SkillPotion"},{"floor":20,"key":"PowerPotion"},{"floor":22,"key":"Explosive Potion"},{"floor":30,"key":"Regen Potion"}],"is_trial":false,"path_per_floor":["M","?","M","T","$","R","E","R","T","?","$","R","M","E","R","B",null,"M","?","M","?","M","R","M","$","T","AVR","?","T","?","?","T","B",null,"?","?","AVR","?","T","T","?"],"character_chosen":"IRONCLAD","items_purchased":["CeramicFish","ClockworkSouvenir","Demonic Infusion","ReplayTheSpireMod:LeadingStrike+1","Happy Flower","PreservedInsect","ColorlessPotion","HandOfGreed","Lee\u0027s Waffle","Oddly Smooth Stone","Dream Catcher","Incense Burner"],"campfire_rested":4,"item_purchase_floors":[0,0,0,0,0,0,0,11,11,25,25,39],"current_hp_per_floor":[50,50,56,56,56,80,71,71,71,51,87,87,86,87,87,45,77,69,69,55,55,43,81,52,52,59,59,53,93,94,94,94,30,78,64,70,70,26,26,72,43,43],"gold":100,"neow_bonus":"","is_daily":false,"chose_seed":false,"campfire_upgraded":2,"win_rate":0.0,"timestamp":1609292740,"path_taken":["M","?","?","?","?","R","E","R","T","?","$","R","?","E","R","BOSS","M","?","M","?","M","R","M","$","T","AVR","?","T","?","?","T","BOSS","?","?","AVR","?","T","T","?"],"items_purchased_type":["Relic","Relic","Card","Card","Relic","Relic","Potion","Card","Relic","Relic","Relic","Relic"],"build_version":"2020-12-22","purchased_purges":0,"victory":false,"max_hp_per_floor":[80,80,80,80,80,80,80,80,80,80,87,87,87,87,87,87,87,87,87,87,87,87,87,87,87,94,94,94,94,94,94,94,94,94,94,94,94,94,94,94,94,94],"card_choices":[{"not_picked":["Clash","Infernal Blade"],"picked":"Power Through","floor":1},{"not_picked":["Seeing Red","conspire:ExplosiveBarrier"],"picked":"Battle Trance","floor":3},{"not_picked":["conspire:HitWhereItHurts","ReplayReversal"],"picked":"Infernal Blade","floor":7},{"not_picked":["Clothesline","ReplayTheSpireMod:Corrosion Curse"],"picked":"Flame Barrier","floor":10},{"not_picked":["Wild Strike","Power Through"],"picked":"Spot Weakness","floor":10},{"not_picked":["ReplayTheSpireMod:Strike From Hell","Anger"],"picked":"Double Tap","floor":13},{"not_picked":["Run Through","Thunderclap"],"picked":"Inflame","floor":14},{"not_picked":["Bludgeon","Reaper"],"picked":"Barricade","floor":16},{"not_picked":["Clothesline","Hemokinesis"],"picked":"Second Wind","floor":18},{"not_picked":["Spot Weakness","Wild Strike"],"picked":"Fire Breathing+1","floor":20},{"not_picked":["Clash","Combust","Sword Boomerang+1"],"picked":"SKIP","floor":22},{"not_picked":["Armaments","Offering"],"picked":"Dark Embrace","floor":24},{"not_picked":["ReplayTheSpireMod:Strike From Hell","ReplayTheSpireMod:Limb From Limb"],"picked":"Feel No Pain","floor":28},{"not_picked":["Warcry","Wild Strike"],"picked":"Whirlwind+1","floor":29},{"not_picked":["Shrug It Off","True Grit"],"picked":"Abandon","floor":30},{"not_picked":["conspire:Purge","Berserk"],"picked":"Demon Form","floor":33},{"not_picked":["Havoc+1","Shrug It Off"],"picked":"Fire Breathing+1","floor":35},{"not_picked":["Cleave","ReplayTheSpireMod:Strike From Hell"],"picked":"Seeing Red+1","floor":36},{"not_picked":["Clothesline","Shockwave+1"],"picked":"Whirlwind+1","floor":38},{"not_picked":["ReplayTheSpireMod:Strike From Hell+1","Wild Strike+1"],"picked":"Sentinel","floor":40}],"player_experience":227678,"relics_obtained":[{"floor":4,"key":"Replay:Bottled Snecko"},{"floor":7,"key":"Shovel"},{"floor":9,"key":"Golden Egg"},{"floor":12,"key":"Ancient Tea Set"},{"floor":14,"key":"Eternal Feather"},{"floor":26,"key":"Strawberry"},{"floor":32,"key":"Juzu Bracelet"}],"event_choices":[{"cards_removed":["Strike_R"],"damage_healed":0,"gold_gain":0,"player_choice":"Offered Basic","damage_taken":0,"max_hp_gain":0,"max_hp_loss":0,"event_name":"Bonfire Elementals","floor":2,"gold_loss":0},{"damage_healed":0,"gold_gain":0,"player_choice":"Opened","damage_taken":0,"relics_obtained":["Ice Cream"],"max_hp_gain":0,"max_hp_loss":0,"event_name":"The Mausoleum","floor":19,"gold_loss":0},{"damage_healed":0,"gold_gain":0,"player_choice":"Inject Mutagens","damage_taken":0,"relics_obtained":["MutagenicStrength"],"max_hp_gain":0,"max_hp_loss":0,"event_name":"Drug Dealer","floor":21,"gold_loss":0}],"is_beta":false,"boss_relics":[{"not_picked":["Velvet Choker","Coffee Dripper"],"picked":"SlaversCollar"},{"not_picked":["conspire:RunicOctahedron","Runic Dome"],"picked":"infinitespire:Cupcake"}],"items_purged_floors":[],"is_endless":false,"potions_floor_spawned":[1,20,22,30],"killed_by":"Maw","ascension_level":5}}