{"host":"hwrdjx5eod2cxh09","time":1609340561,"event":{"mods":["AchievementEnabler","BaseMod","Bestiary","Minty Spire (QoL Compilation)","Relic Stats"],"gold_per_floor":[213,213,231,249,266,296,315,315,315,334,359,375,387,339,339,434,434,454,96,115,214,45,73,73,73,73,88,103,103,115,115,115],"floor_reached":31,"playtime":1736,"items_purged":["Strike_B","Strike_B"],"score":271,"play_id":"0c0abef9-fb02-4659-a659-5f2d983696de","local_time":"20201231000241","is_ascension_mode":false,"campfire_choices":[{"data":"White Noise","floor":8,"key":"SMITH"},{"floor":15,"key":"REST"},{"data":"Loop","floor":24,"key":"SMITH"},{"data":"Capacitor","floor":29,"key":"SMITH"}],"circlet_count":0,"master_deck":["Strike_B","Defend_B","Defend_B","Defend_B","Defend_B","Zap","Dualcast","Beam Cell","Cold Snap","Leap","White Noise+1","Static Discharge","Loop+1","Coolheaded","Undo","Electrodynamics","Lockon","Turbo","Capacitor+1","Coolheaded+1","Tempest+1","Hello World+1"],"relics":["FrozenCore","CaptainsWheel","White Beast Statue","HornCleat","Toxic Egg 2","Pantograph"],"acts_visited":["Exordium","TheCity"],"potions_floor_usage":[6,6,10,16,16,23,30,31],"damage_taken":[{"damage":2,"enemies":"2 Louse","floor":1,"turns":3},{"damage":0,"enemies":"Cultist","floor":3,"turns":3},{"damage":0,"enemies":"Small Slimes","floor":4,"turns":2},{"damage":7,"enemies":"Exordium Wildlife","floor":5,"turns":5},{"damage":15,"enemies":"3 Sentries","floor":6,"turns":7},{"damage":8,"enemies":"Looter","floor":7,"turns":4},{"damage":6,"enemies":"3 Louse","floor":10,"turns":4},{"damage":13,"enemies":"Lagavulin","floor":11,"turns":5},{"damage":2,"enemies":"Blue Slaver","floor":12,"turns":4},{"damage":12,"enemies":"Exordium Thugs","floor":13,"turns":4},{"damage":20,"enemies":"Slime Boss","floor":16,"turns":14},{"damage":13,"enemies":"Shell Parasite","floor":18,"turns":13},{"damage":2,"enemies":"3 Byrds","floor":20,"turns":3},{"damage":12,"enemies":"Book of Stabbing","floor":23,"turns":8},{"damage":8,"enemies":"Cultist and Chosen","floor":27,"turns":6},{"damage":11,"enemies":"Snake Plant","floor":28,"turns":6},{"damage":8,"enemies":"Snecko","floor":30,"turns":6},{"damage":24,"enemies":"Gremlin Leader","floor":31,"turns":5}],"seed_played":"2024624752050875887","potions_obtained":[{"floor":1,"key":"BlessingOfTheForge"},{"floor":2,"key":"Energy Potion"},{"floor":2,"key":"Block Potion"},{"floor":6,"key":"Ancient Potion"},{"floor":7,"key":"LiquidBronze"},{"floor":10,"key":"SkillPotion"},{"floor":11,"key":"PowerPotion"},{"floor":12,"key":"PowerPotion"},{"floor":16,"key":"EssenceOfDarkness"},{"floor":18,"key":"Fire Potion"},{"floor":23,"key":"FearPotion"},{"floor":30,"key":"PotionOfCapacity"}],"is_trial":false,"path_per_floor":["M","?","M","M","M","E","M","R","T","M","E","M","M","?","R","B",null,"M","$","M","?","$","E","R","?","T","M","M","R","M","E"],"character_chosen":"DEFECT","items_purchased":["Lockon","HornCleat","Capacitor"],"campfire_rested":1,"item_purchase_floors":[19,19,22],"current_hp_per_floor":[73,73,73,73,66,51,43,43,43,37,24,22,10,10,32,12,75,62,62,60,60,60,48,48,48,48,40,29,29,21,0,0],"gold":115,"neow_bonus":"HUNDRED_GOLD","is_daily":false,"chose_seed":false,"campfire_upgraded":3,"win_rate":0.0,"timestamp":1609340561,"path_taken":["M","?","?","M","M","E","M","R","T","M","E","M","M","?","R","BOSS","M","$","M","?","$","E","R","?","T","M","M","R","M","E"],"items_purchased_type":["Card","Relic","Card"],"build_version":"2020-12-22","purchased_purges":2,"victory":false,"max_hp_per_floor":[75,75,75,75,75,75,75,75,75,75,75,75,75,75,75,75,75,75,75,75,75,75,75,75,75,75,75,75,75,75,75,75],"relic_stats":{"counters":[18,100],"Pantograph":0,"obtain_stats":[{"CaptainsWheel":6,"HornCleat":19,"Pantograph":26,"Toxic Egg 2":23,"Cracked Core":0,"White Beast Statue":9,"FrozenCore":17},{"CaptainsWheel":5,"HornCleat":12,"Pantograph":14,"Toxic Egg 2":14,"Cracked Core":0,"White Beast Statue":6,"FrozenCore":11},{"CaptainsWheel":20,"HornCleat":67,"Pantograph":78,"Toxic Egg 2":78,"Cracked Core":0,"White Beast Statue":23,"FrozenCore":54}],"FrozenCore":[16]},"card_choices":[{"not_picked":["Skim","Conserve Battery"],"picked":"Beam Cell","floor":1},{"not_picked":["Sunder","Heatsinks"],"picked":"Cold Snap","floor":3},{"not_picked":["Rebound","Rip and Tear"],"picked":"Leap","floor":4},{"not_picked":["Go for the Eyes","Redo"],"picked":"White Noise","floor":5},{"not_picked":["Turbo","Meteor Strike"],"picked":"Static Discharge","floor":6},{"not_picked":["Leap","Steam"],"picked":"Loop","floor":7},{"not_picked":["Self Repair","Leap","Consume"],"picked":"SKIP","floor":10},{"not_picked":["Compile Driver","Loop","Conserve Battery"],"picked":"SKIP","floor":11},{"not_picked":["Stack","White Noise"],"picked":"Coolheaded","floor":12},{"not_picked":["Compile Driver","Cold Snap"],"picked":"Undo","floor":13},{"not_picked":["Multi-Cast","Rainbow"],"picked":"Electrodynamics","floor":16},{"not_picked":["Gash","Skim","Reprogram"],"picked":"SKIP","floor":18},{"not_picked":["Gash","Rebound+1"],"picked":"Turbo","floor":20},{"not_picked":["Sweeping Beam","Auto Shields+1"],"picked":"Coolheaded+1","floor":23},{"not_picked":["Streamline+1","Go for the Eyes+1"],"picked":"Tempest+1","floor":27},{"not_picked":["Turbo+1","Sunder+1","Coolheaded+1"],"picked":"SKIP","floor":28},{"not_picked":["Beam Cell+1","Auto Shields+1"],"picked":"Hello World+1","floor":30}],"player_experience":109425,"relics_obtained":[{"floor":6,"key":"CaptainsWheel"},{"floor":9,"key":"White Beast Statue"},{"floor":23,"key":"Toxic Egg 2"},{"floor":26,"key":"Pantograph"}],"event_choices":[{"damage_healed":0,"gold_gain":0,"player_choice":"Got Potions","damage_taken":0,"max_hp_gain":0,"max_hp_loss":0,"event_name":"Lab","floor":2,"gold_loss":0},{"damage_healed":0,"gold_gain":0,"player_choice":"Left Gold","damage_taken":0,"max_hp_gain":0,"max_hp_loss":0,"event_name":"World of Goop","floor":14,"gold_loss":48},{"damage_healed":0,"gold_gain":99,"player_choice":"Stole From Cult","damage_taken":0,"max_hp_gain":0,"max_hp_loss":0,"event_name":"Nest","floor":21,"gold_loss":0},{"cards_removed":["Strike_B"],"damage_healed":0,"gold_gain":0,"player_choice":"Elegance","damage_taken":0,"max_hp_gain":0,"max_hp_loss":0,"event_name":"Back to Basics","floor":25,"gold_loss":0}],"is_beta":false,"boss_relics":[{"not_picked":["Philosopher\u0027s Stone","Snecko Eye"],"picked":"FrozenCore"}],"items_purged_floors":[19,22],"is_endless":false,"potions_floor_spawned":[1,5,6,7,10,11,12,13,16,18,20,23,27,28,30],"killed_by":"Gremlin Leader","ascension_level":0}}