{"host":"r53pw7z744tg3fxg","time":1609370332,"event":{"mods":["AchievementEnabler","BaseMod","Colored Map","Colored Powertips","Highlight Path","Minty Spire (QoL Compilation)","Quick Restart","Transform Curses"],"gold_per_floor":[119,130,144,156,121,148,148,181,181,181,181,181,181,191,191,288,288,301,301,314,314,314],"floor_reached":21,"playtime":695,"items_purged":[],"score":318,"play_id":"a596b0e0-2924-4c2a-bd33-867ca3372a02","local_time":"20201230161852","is_ascension_mode":true,"campfire_choices":[{"floor":7,"key":"REST"},{"floor":10,"key":"REST"},{"floor":13,"key":"REST"},{"data":"Eruption","floor":15,"key":"SMITH"}],"circlet_count":0,"master_deck":["AscendersBane","Strike_P","Strike_P","Strike_P","Strike_P","Defend_P","Defend_P","Defend_P","Defend_P","Eruption+1","Vigilance","Halt","Conclude","Perseverance","FearNoEvil","BattleHymn","PathToVictory","Establishment","Prostrate+1","RitualDagger","FollowUp+1"],"relics":["PureWater","Mango","Ginger","CloakClasp","Turnip","VioletLotus"],"acts_visited":["Exordium","TheCity"],"potions_floor_usage":[4,4,16,18,20,21],"damage_taken":[{"damage":8,"enemies":"Jaw Worm","floor":1,"turns":4},{"damage":0,"enemies":"2 Louse","floor":2,"turns":2},{"damage":0,"enemies":"Small Slimes","floor":3,"turns":2},{"damage":0,"enemies":"Exordium Thugs","floor":4,"turns":1},{"damage":38,"enemies":"Lagavulin","floor":6,"turns":10},{"damage":44,"enemies":"Gremlin Nob","floor":8,"turns":5},{"damage":0,"enemies":"Large Slime","floor":14,"turns":4},{"damage":46,"enemies":"Hexaghost","floor":16,"turns":7},{"damage":20,"enemies":"2 Thieves","floor":18,"turns":3},{"damage":42,"enemies":"Shell Parasite","floor":20,"turns":6},{"damage":15,"enemies":"Snecko","floor":21,"turns":5}],"seed_played":"-6621501213021073639","potions_obtained":[{"floor":2,"key":"DistilledChaos"},{"floor":3,"key":"Explosive Potion"},{"floor":8,"key":"AttackPotion"},{"floor":16,"key":"Ambrosia"},{"floor":18,"key":"PowerPotion"},{"floor":20,"key":"Weak Potion"}],"is_trial":false,"path_per_floor":["M","M","M","M","?","E","R","E","T","R","?","?","R","M","R","B",null,"M","?","M","M"],"character_chosen":"WATCHER","items_purchased":[],"campfire_rested":3,"item_purchase_floors":[],"current_hp_per_floor":[64,64,64,64,79,55,82,38,38,65,53,58,85,85,85,39,80,60,54,12,0,0],"gold":314,"neow_bonus":"TEN_PERCENT_HP_BONUS","is_daily":false,"chose_seed":false,"campfire_upgraded":1,"win_rate":0.0,"timestamp":1609370332,"path_taken":["M","M","M","M","?","E","R","E","T","R","?","?","R","?","R","BOSS","M","?","M","M"],"items_purchased_type":[],"build_version":"2020-12-22","purchased_purges":0,"victory":false,"max_hp_per_floor":[79,79,79,79,79,93,93,93,93,93,93,93,93,93,93,93,93,93,93,93,93,93],"card_choices":[{"not_picked":["Protect","SignatureMove"],"picked":"Halt","floor":1},{"not_picked":["WindmillStrike","SashWhip"],"picked":"Conclude","floor":2},{"not_picked":["FlyingSleeves","EmptyMind"],"picked":"Prostrate","floor":3},{"not_picked":["ThirdEye","Protect"],"picked":"Perseverance","floor":4},{"not_picked":["Crescendo","WreathOfFlame"],"picked":"FearNoEvil","floor":6},{"not_picked":["FlurryOfBlows","JustLucky"],"picked":"BattleHymn","floor":8},{"not_picked":["BowlingBash","Conclude"],"picked":"PathToVictory","floor":14},{"not_picked":["DeusExMachina","ConjureBlade"],"picked":"Establishment","floor":16},{"not_picked":["InnerPeace","WreathOfFlame"],"picked":"Prostrate+1","floor":18},{"not_picked":["EmptyFist","Pray"],"picked":"FollowUp+1","floor":20}],"player_experience":1171951,"relics_obtained":[{"floor":6,"key":"Mango"},{"floor":8,"key":"Ginger"},{"floor":9,"key":"CloakClasp"}],"event_choices":[{"damage_healed":19,"gold_gain":0,"player_choice":"Healed","damage_taken":0,"max_hp_gain":0,"max_hp_loss":0,"event_name":"The Cleric","floor":5,"gold_loss":35},{"damage_healed":0,"gold_gain":0,"player_choice":"Success","damage_taken":12,"relics_obtained":["Turnip"],"max_hp_gain":0,"max_hp_loss":0,"event_name":"Scrap Ooze","floor":11,"gold_loss":0},{"cards_removed":["Prostrate"],"damage_healed":5,"gold_gain":0,"player_choice":"Offered Common","damage_taken":0,"max_hp_gain":0,"max_hp_loss":0,"event_name":"Bonfire Elementals","floor":12,"gold_loss":0},{"cards_removed":["Prostrate"],"damage_healed":5,"gold_gain":0,"player_choice":"Offered Special","damage_taken":0,"max_hp_gain":0,"max_hp_loss":0,"event_name":"Bonfire Elementals","floor":12,"gold_loss":0},{"damage_healed":0,"gold_gain":0,"player_choice":"Joined the Cult","damage_taken":6,"max_hp_gain":0,"max_hp_loss":0,"event_name":"Nest","floor":19,"gold_loss":0,"cards_obtained":["RitualDagger"]}],"is_beta":false,"boss_relics":[{"not_picked":["Snecko Eye","Pandora\u0027s Box"],"picked":"VioletLotus"}],"items_purged_floors":[],"is_endless":false,"potions_floor_spawned":[2,3,8,16,18,20],"killed_by":"Snecko","ascension_level":11}}