{"host":"hg4d4z00zcdsq8kr","time":1609326337,"event":{"mods":["BaseMod","Downfall","Hubris","Infinite Spire","Minty Spire (QoL Compilation)","Replay The Spire","StSLib","The Bug Knight","The Cursed"],"gold_per_floor":[115,133,151,2,13,45,45,45,93,70,100,100,275,285,285,384,384,395,409,409,409,428,428,428,428,428,438,457,457,476,503,503,600,600,718,718,737,737,749,749,766,782,782,782,782,782,782,796,807,3,3,3,3],"floor_reached":52,"playtime":1992,"items_purged":["Strike_R","Defend_R"],"score":488,"play_id":"3c557b1e-de2b-40c2-9aff-5604d89886b4","local_time":"20201230140537","is_ascension_mode":false,"campfire_choices":[{"data":"Seeing Red","floor":7,"key":"SMITH"},{"floor":12,"key":"REST"},{"data":"Heavy Blade","floor":15,"key":"SMITH"},{"data":"Spot Weakness","floor":23,"key":"SMITH"},{"floor":32,"key":"REST"},{"floor":40,"key":"REST"},{"floor":51,"key":"REST"}],"circlet_count":0,"master_deck":["Strike_R","Strike_R","Strike_R","Strike_R","Defend_R","Defend_R","Defend_R","Bash","Dark Shackles","Thunderclap","Spot Weakness+1","Combust","Iron Wave","Seeing Red+1","Heavy Blade+1","Combust","Doubt","Offering","Feed","Heavy Blade+1","Feed","infinitespire:SevenWalls","infinitespire:Oblivion","Battle Trance","CurseOfTheBell","Infernal Blade","Combust+1","Hallucinations","hubris:NaturalOne","Shrug It Off+1","Metallicize+1","Reaper","Flame Barrier"],"relics":["Burning Blood","hubris:IronBody","Toy Ornithopter","PreservedInsect","hubris:BundleOfHerbs","hubris:ScarierMask","hubris:Icosahedron","HollowMod:PaleOreRelic","Frozen Egg 2","Meat on the Bone","hubris:Reverence","Calling Bell","infinitespire:Lucky Rock","Mummified Hand","hubris:GlazedTorus","hubris:CrystalStatue","Ring of Hypnosis","ReplayTheSpireMod:Ring of Addiction","Chameleon Ring","SacredBark","hubris:Towel","Ginger","Membership Card","hubris:SlimyHat"],"acts_visited":["Exordium","TheCity","TheBeyond"],"potions_floor_usage":[5,6,11,20,22,31,33,33,35,39,48,48,48,52],"damage_taken":[{"damage":7,"enemies":"2 Louse","floor":1,"turns":3},{"damage":4,"enemies":"Small Slimes","floor":2,"turns":3},{"damage":14,"enemies":"Jaw Worm","floor":3,"turns":4},{"damage":10,"enemies":"Lots of Slimes","floor":5,"turns":2},{"damage":16,"enemies":"Lagavulin","floor":6,"turns":5},{"damage":17,"enemies":"3 Sentries","floor":11,"turns":4},{"damage":16,"enemies":"Blue Slaver","floor":14,"turns":4},{"damage":50,"enemies":"The Guardian","floor":16,"turns":12},{"damage":27,"enemies":"Shell Parasite","floor":18,"turns":6},{"damage":13,"enemies":"2 Thieves","floor":19,"turns":3},{"damage":0,"enemies":"Shelled Parasite and Fungi","floor":20,"turns":1},{"damage":10,"enemies":"Snecko","floor":22,"turns":4},{"damage":17,"enemies":"3 Cultists","floor":27,"turns":4},{"damage":7,"enemies":"Chosen and Byrds","floor":28,"turns":2},{"damage":22,"enemies":"Centurion and Healer","floor":30,"turns":4},{"damage":30,"enemies":"Nightmare","floor":31,"turns":7},{"damage":79,"enemies":"Automaton","floor":33,"turns":10},{"damage":8,"enemies":"3 Darklings","floor":35,"turns":3},{"damage":13,"enemies":"3 Shapes","floor":37,"turns":3},{"damage":62,"enemies":"Maw","floor":39,"turns":8},{"damage":32,"enemies":"Transient","floor":41,"turns":5},{"damage":15,"enemies":"Sphere and 2 Shapes","floor":42,"turns":4},{"damage":19,"enemies":"Maw","floor":48,"turns":5},{"damage":19,"enemies":"Writhing Mass","floor":49,"turns":5},{"damage":96,"enemies":"Awakened One","floor":52,"turns":7}],"seed_played":"-5049696688676436688","potions_obtained":[{"floor":2,"key":"AttackPotion"},{"floor":3,"key":"Fire Potion"},{"floor":6,"key":"Regen Potion"},{"floor":14,"key":"Reflective Coating"},{"floor":18,"key":"ElixirPotion"},{"floor":19,"key":"SmokeBomb"},{"floor":30,"key":"BlessingOfTheForge"},{"floor":33,"key":"Adrenaline Potion"},{"floor":36,"key":"Reflective Coating"},{"floor":36,"key":"Cursed Concoction"},{"floor":36,"key":"Energy Potion"},{"floor":41,"key":"Weak Potion"},{"floor":46,"key":"EssenceOfSteel"},{"floor":48,"key":"LiquidMemories"},{"floor":49,"key":"sneckomod:MuddlingPotion"}],"is_trial":false,"path_per_floor":["M","M","M","$","M","E","R","?","T","$","E","R","?","M","R","B",null,"M","M","M","?","M","R","AVR","?","T","M","M","?","M","NM","R","B",null,"M","?","M","?","M","R","M","M","T","PTL","PTL","?","?","M","M","$","R","B"],"character_chosen":"IRONCLAD","items_purchased":["Spot Weakness","Combust","Heavy Blade","Metallicize+1","Reaper","Ginger","Membership Card","hubris:SlimyHat","Flame Barrier"],"campfire_rested":4,"item_purchase_floors":[4,4,10,50,50,50,50,50,50],"current_hp_per_floor":[79,80,72,72,68,58,58,51,51,51,59,80,80,75,75,31,80,65,61,72,72,73,73,73,73,73,62,64,86,70,51,76,25,86,84,84,80,80,59,85,59,53,53,53,53,53,53,55,54,54,81,0,0],"gold":3,"neow_bonus":"RANDOM_COLORLESS","is_daily":false,"chose_seed":false,"campfire_upgraded":3,"win_rate":0.0,"timestamp":1609326337,"path_taken":["M","M","M","$","M","E","R","?","T","$","E","R","?","M","R","BOSS","M","M","M","?","M","R","AVR","?","T","M","M","?","M","NM","R","BOSS","M","?","?","?","M","R","M","M","T","PTL","PTL","?","?","M","?","$","R","BOSS"],"items_purchased_type":["Card","Card","Card","Card","Card","Relic","Relic","Relic","Card"],"build_version":"2020-12-22","purchased_purges":2,"victory":false,"max_hp_per_floor":[80,80,80,80,80,80,80,80,80,80,80,80,80,80,80,80,80,80,83,83,83,83,83,83,83,83,83,86,86,86,86,86,86,86,86,86,89,89,89,89,89,92,92,92,92,92,92,92,92,92,92,90,90],"card_choices":[{"not_picked":["Trip","Forethought"],"picked":"Dark Shackles","floor":0},{"not_picked":["Whirlwind","Havoc","Headbutt"],"picked":"SKIP","floor":1},{"not_picked":["Iron Wave","Body Slam"],"picked":"Thunderclap","floor":2},{"not_picked":["ReplayTheSpireMod:Strike From Hell","ReplayReversal","hubris:ReadiedAction"],"picked":"SKIP","floor":3},{"not_picked":["ReplayTheSpireMod:LeadingStrike","ReplayTheSpireMod:Corrosion Curse"],"picked":"Iron Wave","floor":5},{"not_picked":["Warcry","Run Through"],"picked":"Seeing Red","floor":6},{"not_picked":["Body Slam","ReplayReversal"],"picked":"Combust","floor":11},{"not_picked":["Body Slam","ReplayTheSpireMod:Strike From Hell"],"picked":"Offering","floor":14},{"not_picked":["Bludgeon","Impervious"],"picked":"Feed","floor":16},{"not_picked":["Body Slam","Wild Strike"],"picked":"Heavy Blade+1","floor":18},{"not_picked":["Sever Soul+1","Twin Strike","Havoc"],"picked":"SKIP","floor":19},{"not_picked":["Armaments+1","Flex"],"picked":"Feed","floor":22},{"not_picked":["Pummel","Armaments","Reckless Charge"],"picked":"SKIP","floor":27},{"not_picked":["Body Slam","Heavy Blade+1","Havoc"],"picked":"SKIP","floor":28},{"not_picked":["Dark Embrace+1","Dual Wield"],"picked":"Battle Trance","floor":30},{"not_picked":["Clash","Power Through","Replay:Undeath\u0027s Touch"],"picked":"SKIP","floor":31},{"not_picked":["Eclipse","Immolate"],"picked":"Brutality+1","floor":33},{"not_picked":["Perfected Strike","Replay:Undeath\u0027s Touch+1","hubris:CleavingFinish+1"],"picked":"SKIP","floor":35},{"not_picked":["True Grit","Heavy Blade","Replay:Undeath\u0027s Touch+1"],"picked":"SKIP","floor":37},{"not_picked":["hubris:ReadiedAction","Dual Wield+1","Bloodletting"],"picked":"SKIP","floor":39},{"not_picked":["Searing Blow+1","Anger+1"],"picked":"Infernal Blade","floor":41},{"not_picked":["Sword Boomerang+1","Replay:Undeath\u0027s Touch+1"],"picked":"Combust+1","floor":42},{"not_picked":["Dark Embrace+1","Thunderclap+1","Replay:Undeath\u0027s Touch+1"],"picked":"SKIP","floor":48},{"not_picked":["Thunderclap","Warcry"],"picked":"Shrug It Off+1","floor":49}],"player_experience":668991,"relics_obtained":[{"floor":6,"key":"hubris:IronBody"},{"floor":9,"key":"PreservedInsect"},{"floor":11,"key":"hubris:BundleOfHerbs"},{"floor":26,"key":"Meat on the Bone"},{"floor":31,"key":"hubris:Reverence"},{"floor":34,"key":"infinitespire:Lucky Rock"},{"floor":34,"key":"Mummified Hand"},{"floor":34,"key":"hubris:GlazedTorus"},{"floor":43,"key":"hubris:CrystalStatue"},{"floor":46,"key":"Ring of Hypnosis"},{"floor":46,"key":"ReplayTheSpireMod:Ring of Addiction"},{"floor":46,"key":"Chameleon Ring"},{"floor":46,"key":"SacredBark"}],"event_choices":[{"damage_healed":0,"gold_gain":0,"player_choice":"Success","damage_taken":7,"relics_obtained":["Toy Ornithopter"],"max_hp_gain":0,"max_hp_loss":0,"event_name":"Scrap Ooze","floor":8,"gold_loss":0},{"damage_healed":0,"gold_gain":175,"player_choice":"AGREE","damage_taken":0,"max_hp_gain":0,"max_hp_loss":0,"event_name":"Liars Game","floor":13,"gold_loss":0,"cards_obtained":["Doubt"]},{"damage_healed":0,"gold_gain":0,"player_choice":"Opened","damage_taken":0,"relics_obtained":["Frozen Egg 2"],"max_hp_gain":0,"max_hp_loss":0,"event_name":"The Mausoleum","floor":25,"gold_loss":0},{"damage_healed":28,"gold_gain":0,"player_choice":"Heal","damage_taken":0,"max_hp_gain":0,"max_hp_loss":0,"event_name":"The Library","floor":29,"gold_loss":0},{"damage_healed":0,"gold_gain":0,"player_choice":"Got Potions","damage_taken":0,"max_hp_gain":0,"max_hp_loss":0,"event_name":"Lab","floor":36,"gold_loss":0},{"cards_removed":["Brutality"],"damage_healed":0,"gold_gain":0,"player_choice":"Removed Power","damage_taken":0,"max_hp_gain":0,"max_hp_loss":0,"event_name":"Falling","floor":38,"gold_loss":0}],"is_beta":false,"boss_relics":[{"not_picked":["infinitespire:Burning Sword","Pandora\u0027s Box"],"picked":"hubris:ScarierMask"},{"not_picked":["Replay:Drink Me","hubris:RunicObelisk"],"picked":"Calling Bell"}],"items_purged_floors":[24,50],"is_endless":true,"potions_floor_spawned":[2,3,6,14,18,19,30,33,41,48,49],"killed_by":"Awakened One","ascension_level":0}}