{"host":"3jpwrwmmgyabjceh","time":1609356744,"event":{"mods":["AchievementEnabler","BaseMod","Colored Map","Colored Powertips","Highlight Path","Minty Spire (QoL Compilation)","Quick Restart","Relic Stats","StSLib","SuperFastMode"],"gold_per_floor":[116,129,129,129,129,129,161,177,202,202,212,212,237,251,251,352,352,369,29,42,60,73,73,406,406,406,406,406,426,225,257,257,361,361,379,379,395,414,430,462,270,298,324,324,374,374,422,453,453,453,453,453,14,39,39,39],"floor_reached":55,"playtime":2295,"items_purged":["Strike_R","Defend_R","Bite","Defend_R"],"score":966,"play_id":"de419b37-4ef7-4cd5-9441-fd9122659ce3","local_time":"20201230223224","is_ascension_mode":true,"campfire_choices":[{"data":"Cleave","floor":6,"key":"SMITH"},{"floor":10,"key":"REST"},{"data":"Armaments","floor":12,"key":"SMITH"},{"floor":15,"key":"REST"},{"floor":23,"key":"REST"},{"floor":25,"key":"REST"},{"floor":32,"key":"REST"},{"data":"Limit Break","floor":46,"key":"SMITH"},{"floor":49,"key":"RECALL"},{"data":"Brutality","floor":52,"key":"SMITH"}],"circlet_count":0,"master_deck":["Defend_R","Defend_R","Bash+1","Cleave+1","Rampage","Cleave","Armaments+1","Rage","Bloodletting","Ghostly Armor","Impervious","Spot Weakness+1","Shrug It Off","Battle Trance+1","Shockwave+1","Burning Pact+1","Bite","Bite","Bite","Shrug It Off+1","Brutality+1","True Grit+1","Ghostly Armor+1","Limit Break+1","Entrench+1","Shrug It Off+1","Shrug It Off+1"],"relics":["Runic Cube","Dream Catcher","Toy Ornithopter","Sozu","Membership Card","Bag of Preparation","PreservedInsect","Old Coin","Sundial","InkBottle","Eternal Feather","Busted Crown","Boot","Gremlin Horn","The Courier","CaptainsWheel","Incense Burner","Akabeko","War Paint","ClockworkSouvenir","Bag of Marbles","Nunchaku","Strawberry","Oddly Smooth Stone","Champion Belt"],"acts_visited":["Exordium","TheCity","TheBeyond","TheEnding"],"potions_floor_usage":[13,16,21],"damage_taken":[{"damage":10,"enemies":"Small Slimes","floor":1,"turns":3},{"damage":1,"enemies":"Cultist","floor":2,"turns":3},{"damage":24,"enemies":"Gremlin Nob","floor":7,"turns":4},{"damage":7,"enemies":"Jaw Worm","floor":8,"turns":2},{"damage":0,"enemies":"2 Fungi Beasts","floor":11,"turns":2},{"damage":32,"enemies":"Lagavulin","floor":13,"turns":6},{"damage":11,"enemies":"Exordium Thugs","floor":14,"turns":5},{"damage":28,"enemies":"Slime Boss","floor":16,"turns":9},{"damage":25,"enemies":"Shell Parasite","floor":18,"turns":6},{"damage":0,"enemies":"Chosen","floor":20,"turns":3},{"damage":2,"enemies":"Snecko","floor":21,"turns":5},{"damage":29,"enemies":"Snake Plant","floor":22,"turns":5},{"damage":45,"enemies":"Book of Stabbing","floor":24,"turns":5},{"damage":8,"enemies":"3 Cultists","floor":29,"turns":5},{"damage":22,"enemies":"Gremlin Leader","floor":31,"turns":6},{"damage":64,"enemies":"Collector","floor":33,"turns":10},{"damage":8,"enemies":"3 Darklings","floor":35,"turns":3},{"damage":3,"enemies":"3 Shapes","floor":37,"turns":4},{"damage":14,"enemies":"Maw","floor":38,"turns":7},{"damage":12,"enemies":"Spire Growth","floor":39,"turns":5},{"damage":46,"enemies":"Giant Head","floor":40,"turns":7},{"damage":26,"enemies":"Nemesis","floor":42,"turns":7},{"damage":10,"enemies":"Mind Bloom Boss Battle","floor":45,"turns":8},{"damage":27,"enemies":"2 Orb Walkers","floor":47,"turns":3},{"damage":18,"enemies":"Giant Head","floor":48,"turns":6},{"damage":27,"enemies":"Donu and Deca","floor":50,"turns":7},{"damage":9,"enemies":"Shield and Spear","floor":54,"turns":5},{"damage":98,"enemies":"The Heart","floor":55,"turns":11}],"seed_played":"4833060853141071528","potions_obtained":[{"floor":7,"key":"Strength Potion"},{"floor":13,"key":"Weak Potion"},{"floor":14,"key":"GamblersBrew"}],"is_trial":false,"path_per_floor":["M","M","?","$","?","R","E","M","T","R","M","R","E","M","R","B",null,"M","$","M","M","M","R","E","R","T","?","?","M","$","E","R","B",null,"M","?","M","M","M","E","$","E","T","?","?","R","?","E","R","B",null,"R","$","E","B"],"character_chosen":"IRONCLAD","items_purchased":["Membership Card","Bag of Preparation","PreservedInsect","InkBottle","Shrug It Off","Gremlin Horn","War Paint","ClockworkSouvenir","Bag of Marbles","Nunchaku","Strawberry","Oddly Smooth Stone"],"campfire_rested":5,"item_purchase_floors":[19,19,19,30,30,41,53,53,53,53,53,53],"current_hp_per_floor":[70,69,53,53,53,53,29,22,22,46,46,46,19,10,34,13,80,55,55,57,62,35,59,16,40,40,40,40,42,42,39,75,39,80,79,79,78,73,72,47,47,37,37,70,70,70,48,40,55,50,70,70,77,77,0,0],"gold":39,"neow_bonus":"BOSS_RELIC","is_daily":false,"chose_seed":false,"campfire_upgraded":4,"win_rate":0.0,"timestamp":1609356744,"path_taken":["M","M","?","$","?","R","E","?","T","R","M","R","E","M","R","BOSS","M","$","M","M","M","R","E","R","T","?","?","?","$","E","R","BOSS","M","?","?","M","M","E","$","E","T","?","?","R","?","E","R","BOSS","R","$","E","BOSS"],"items_purchased_type":["Relic","Relic","Relic","Relic","Card","Relic","Relic","Relic","Relic","Relic","Relic","Relic"],"build_version":"2020-12-22","purchased_purges":4,"victory":false,"max_hp_per_floor":[80,80,80,80,80,80,80,80,80,80,80,80,80,80,80,80,80,80,80,80,80,80,80,80,80,80,80,80,80,80,80,80,80,80,80,80,80,80,80,80,80,80,80,70,70,70,70,70,70,70,70,70,77,77,77,77],"relic_stats":{"Gremlin Horn":[3,6],"counters":[28,152],"Eternal Feather":27,"PreservedInsect":452,"Bag of Preparation":[38],"War Paint":["Shrug It Off","Battle Trance"],"Boot":[4],"Sozu":8,"Dream Catcher":5,"Nunchaku":[3],"Busted Crown":20,"Sundial":[22],"Champion Belt":[4],"obtain_stats":[{"Gremlin Horn":41,"Bag of Preparation":19,"Incense Burner":47,"Boot":40,"Burning Blood":0,"Old Coin":24,"ClockworkSouvenir":53,"Blood Vial":13,"Sozu":17,"Dream Catcher":7,"Nunchaku":53,"Sundial":26,"Strawberry":53,"InkBottle":30,"Runic Cube":0,"Oddly Smooth Stone":53,"Eternal Feather":31,"PreservedInsect":19,"The Courier":42,"War Paint":53,"Akabeko":48,"CaptainsWheel":45,"Busted Crown":34,"Bag of Marbles":53,"Membership Card":19,"Champion Belt":54,"Toy Ornithopter":9},{"Gremlin Horn":21,"Bag of Preparation":9,"Incense Burner":24,"Boot":21,"Burning Blood":0,"Old Coin":13,"ClockworkSouvenir":26,"Blood Vial":6,"Sozu":8,"Dream Catcher":3,"Nunchaku":26,"Sundial":13,"Strawberry":26,"InkBottle":14,"Runic Cube":0,"Oddly Smooth Stone":26,"Eternal Feather":15,"PreservedInsect":9,"The Courier":22,"War Paint":26,"Akabeko":25,"CaptainsWheel":23,"Busted Crown":16,"Bag of Marbles":26,"Membership Card":9,"Champion Belt":27,"Toy Ornithopter":4},{"Gremlin Horn":105,"Bag of Preparation":40,"Incense Burner":123,"Boot":105,"Burning Blood":0,"Old Coin":58,"ClockworkSouvenir":136,"Blood Vial":20,"Sozu":34,"Dream Catcher":10,"Nunchaku":136,"Sundial":58,"Strawberry":136,"InkBottle":63,"Runic Cube":0,"Oddly Smooth Stone":136,"Eternal Feather":69,"PreservedInsect":40,"The Courier":112,"War Paint":136,"Akabeko":129,"CaptainsWheel":120,"Busted Crown":79,"Bag of Marbles":136,"Membership Card":40,"Champion Belt":141,"Toy Ornithopter":12}],"Toy Ornithopter":15,"InkBottle":[30],"Runic Cube":[130]},"card_choices":[{"not_picked":["Headbutt","Rupture"],"picked":"Cleave","floor":1},{"not_picked":["Headbutt","Warcry"],"picked":"Rampage","floor":2},{"not_picked":["Battle Trance","Iron Wave"],"picked":"Cleave","floor":7},{"not_picked":["Havoc","Twin Strike"],"picked":"Armaments","floor":8},{"not_picked":["Anger","Sword Boomerang"],"picked":"Rage","floor":10},{"not_picked":["Warcry","Body Slam"],"picked":"Bloodletting","floor":11},{"not_picked":["Armaments","Second Wind"],"picked":"Ghostly Armor","floor":13},{"not_picked":["Flex","Intimidate","Offering"],"picked":"SKIP","floor":14},{"not_picked":["Feed","Immolate"],"picked":"Impervious","floor":16},{"not_picked":["Heavy Blade","Metallicize"],"picked":"Spot Weakness+1","floor":18},{"not_picked":["Cleave","Dark Embrace","Clash"],"picked":"SKIP","floor":20},{"not_picked":["Wild Strike","Fire Breathing"],"picked":"Shrug It Off","floor":21},{"not_picked":["Sword Boomerang","Headbutt","Anger+1"],"picked":"SKIP","floor":22},{"not_picked":["Anger+1","Evolve+1"],"picked":"Battle Trance","floor":23},{"not_picked":["Sentinel","Thunderclap+1"],"picked":"Shockwave+1","floor":24},{"not_picked":["Intimidate","Twin Strike"],"picked":"Burning Pact+1","floor":25},{"not_picked":["Uppercut","Iron Wave","Wild Strike"],"picked":"SKIP","floor":29},{"not_picked":["Fiend Fire","Combust+1","Infernal Blade+1"],"picked":"SKIP","floor":31},{"not_picked":["Feed","Corruption"],"picked":"Brutality","floor":33},{"not_picked":["Feel No Pain"],"picked":"SKIP","floor":35},{"not_picked":[],"picked":"True Grit+1","floor":37},{"not_picked":["Reckless Charge"],"picked":"SKIP","floor":38},{"not_picked":[],"picked":"Ghostly Armor+1","floor":39},{"not_picked":[],"picked":"Limit Break","floor":40},{"not_picked":[],"picked":"Entrench+1","floor":42},{"not_picked":[],"picked":"Shrug It Off+1","floor":45},{"not_picked":["Shockwave"],"picked":"SKIP","floor":48},{"not_picked":[],"picked":"Shrug It Off+1","floor":54}],"player_experience":228707,"relics_obtained":[{"floor":7,"key":"Dream Catcher"},{"floor":9,"key":"Toy Ornithopter"},{"floor":13,"key":"Blood Vial"},{"floor":24,"key":"Old Coin"},{"floor":26,"key":"Sundial"},{"floor":31,"key":"Eternal Feather"},{"floor":40,"key":"Boot"},{"floor":42,"key":"The Courier"},{"floor":45,"key":"CaptainsWheel"},{"floor":47,"key":"Incense Burner"},{"floor":48,"key":"Akabeko"},{"floor":54,"key":"Champion Belt"}],"event_choices":[{"damage_healed":0,"gold_gain":0,"player_choice":"Entered Light","damage_taken":16,"max_hp_gain":0,"max_hp_loss":0,"event_name":"Shining Light","floor":3,"gold_loss":0,"cards_upgraded":["Strike_R","Strike_R"]},{"damage_healed":0,"gold_gain":0,"player_choice":"Upgraded","damage_taken":0,"max_hp_gain":0,"max_hp_loss":0,"event_name":"Upgrade Shrine","floor":5,"gold_loss":0,"cards_upgraded":["Bash"]},{"damage_healed":0,"gold_gain":0,"player_choice":"Ignored","damage_taken":0,"max_hp_gain":0,"max_hp_loss":0,"event_name":"Ghosts","floor":27,"gold_loss":0},{"damage_healed":0,"gold_gain":0,"player_choice":"Became a vampire (Vial)","damage_taken":0,"max_hp_gain":0,"max_hp_loss":0,"event_name":"Vampires","floor":28,"relics_lost":["Blood Vial"],"gold_loss":0,"cards_obtained":["Bite","Bite","Bite","Bite","Bite"]},{"cards_removed":["Bite"],"damage_healed":0,"gold_gain":0,"player_choice":"Card Removal","damage_taken":0,"max_hp_gain":0,"max_hp_loss":0,"event_name":"Wheel of Change","floor":36,"gold_loss":0},{"damage_healed":70,"gold_gain":0,"player_choice":"Heal","damage_taken":0,"max_hp_gain":0,"max_hp_loss":10,"event_name":"The Moai Head","floor":44,"gold_loss":0},{"damage_healed":0,"gold_gain":0,"player_choice":"Fight","damage_taken":0,"max_hp_gain":0,"max_hp_loss":0,"event_name":"MindBloom","floor":45,"gold_loss":0},{"damage_healed":0,"gold_gain":0,"player_choice":"Fight","damage_taken":0,"max_hp_gain":0,"max_hp_loss":0,"event_name":"Mysterious Sphere","floor":47,"gold_loss":0}],"is_beta":false,"boss_relics":[{"not_picked":["Ectoplasm","Pandora\u0027s Box"],"picked":"Sozu"},{"not_picked":["Black Star","Runic Pyramid"],"picked":"Busted Crown"}],"items_purged_floors":[19,30,41,53],"is_endless":false,"potions_floor_spawned":[7,13,14,21,24,31,33,35,47,48,54],"killed_by":"The Heart","ascension_level":3}}