{"host":"j3h0p3l2xgzxhnx7","time":1609341180,"event":{"mods":["BaseMod","Luminous","Marisa????????","Minty Spire (QoL Compilation)","Remilia??????","StSLib","The Bug Knight","The Cursed","The Servant 0.9.4"],"gold_per_floor":[116,116,116,131,131,131,164,176,176,176,192,192,206,224,224,328,328,343,343,96,96,60,60,60,74,74,103,103,119,119,44,44,146,146,158,158,83,97,117,117,117,131,131,150,150,168,168,180,180,180,180],"floor_reached":50,"playtime":2150,"items_purged":["Writhe"],"score":462,"play_id":"9eb8b083-8a2a-41d2-a746-8e24339814af","local_time":"20201230231300","is_ascension_mode":false,"campfire_choices":[{"floor":10,"key":"REST"},{"floor":12,"key":"REST"},{"data":"Ball Lightning","floor":15,"key":"SMITH"},{"data":"Sweeping Beam","floor":23,"key":"SMITH"},{"floor":28,"key":"REST"},{"data":"Streamline","floor":30,"key":"SMITH"},{"data":"Fission","floor":32,"key":"SMITH"},{"floor":40,"key":"REST"},{"floor":45,"key":"REST"},{"floor":47,"key":"REST"},{"floor":49,"key":"REST"}],"circlet_count":0,"master_deck":["Strike_B","Strike_B","Strike_B","Strike_B","Defend_B","Defend_B","Zap","Dualcast","Sweeping Beam+1","FTL","Chill","Ball Lightning+1","Cold Snap","Ball Lightning","Ball Lightning","Machine Learning+1","Coolheaded+1","Hello World+1","Streamline+1","Fission+1","Hologram+1","Amplify","Gash+1","Gash","Loop+1","Master of Strategy","Gash","Cold Snap+1","Stack+1","Static Discharge+1"],"relics":["Cracked Core","Frozen Egg 2","Question Card","Darkstone Periapt","Kunai","Runic Dome","Shuriken","Centennial Puzzle","HollowMod:StagPassRelic","InkBottle","Black Star","Ginger"],"acts_visited":["Exordium","TheCity","TheBeyond"],"potions_floor_usage":[7,16,16,27,42,50,50],"damage_taken":[{"damage":1,"enemies":"Jaw Worm","floor":1,"turns":3},{"damage":5,"enemies":"Small Slimes","floor":4,"turns":4},{"damage":32,"enemies":"Lagavulin","floor":7,"turns":7},{"damage":0,"enemies":"Cultist","floor":8,"turns":3},{"damage":5,"enemies":"Blue Slaver","floor":11,"turns":3},{"damage":9,"enemies":"Exordium Wildlife","floor":13,"turns":4},{"damage":1,"enemies":"3 Louse","floor":14,"turns":2},{"damage":3,"enemies":"Slime Boss","floor":16,"turns":6},{"damage":0,"enemies":"Chosen","floor":18,"turns":4},{"damage":15,"enemies":"3 Byrds","floor":25,"turns":4},{"damage":13,"enemies":"Book of Stabbing","floor":27,"turns":5},{"damage":0,"enemies":"Snecko","floor":29,"turns":4},{"damage":45,"enemies":"Automaton","floor":33,"turns":7},{"damage":8,"enemies":"Orb Walker","floor":35,"turns":3},{"damage":38,"enemies":"3 Darklings","floor":38,"turns":5},{"damage":2,"enemies":"Transient","floor":39,"turns":5},{"damage":31,"enemies":"4 Shapes","floor":42,"turns":4},{"damage":16,"enemies":"Spire Growth","floor":44,"turns":4},{"damage":23,"enemies":"3 Darklings","floor":46,"turns":3},{"damage":52,"enemies":"HollowMod:SlobberingHusk","floor":48,"turns":5},{"damage":91,"enemies":"Awakened One","floor":50,"turns":7}],"seed_played":"3771847321949687196","potions_obtained":[{"floor":4,"key":"DuplicationPotion"},{"floor":8,"key":"SmokeBomb"},{"floor":13,"key":"BlessingOfTheForge"},{"floor":14,"key":"SteroidPotion"},{"floor":16,"key":"PowerPotion"},{"floor":25,"key":"FairyPotion"},{"floor":33,"key":"Regen Potion"},{"floor":35,"key":"AttackPotion"},{"floor":46,"key":"AttackPotion"}],"is_trial":false,"path_per_floor":["M","?","?","M","T","$","E","M","T","R","M","R","M","M","R","B",null,"M","?","$","T","$","R","$","M","T","E","R","M","R","?","R","B",null,"M","?","$","M","M","R","?","M","T","M","R","M","R","M","R","B"],"character_chosen":"DEFECT","items_purchased":["Shuriken","Hello World+1"],"campfire_rested":7,"item_purchase_floors":[20,22],"current_hp_per_floor":[81,74,74,69,69,69,37,37,37,61,56,80,71,70,70,67,82,82,82,82,82,82,82,82,67,67,54,78,78,78,78,78,33,82,74,88,88,50,48,74,74,55,55,39,65,42,68,16,42,0,0],"gold":180,"neow_bonus":"TEN_PERCENT_HP_BONUS","is_daily":false,"chose_seed":false,"campfire_upgraded":4,"win_rate":0.0,"timestamp":1609341180,"path_taken":["M","?","?","M","?","$","E","M","T","R","?","R","M","M","R","BOSS","M","?","$","?","?","R","$","M","T","E","R","?","R","?","R","BOSS","M","?","$","M","M","R","?","M","T","M","R","M","R","M","R","BOSS"],"items_purchased_type":["Relic","Card"],"build_version":"2020-12-22","purchased_purges":1,"victory":false,"max_hp_per_floor":[82,82,82,82,82,82,82,82,82,82,82,82,82,82,82,82,82,82,82,82,82,82,82,82,82,82,82,82,82,82,82,82,82,82,82,88,88,88,88,88,88,88,88,88,88,88,88,88,88,88,88],"card_choices":[{"not_picked":["Go for the Eyes","Fusion"],"picked":"Sweeping Beam","floor":1},{"not_picked":["Genetic Algorithm","Leap"],"picked":"FTL","floor":4},{"not_picked":["Rip and Tear","Doom and Gloom","Reinforced Body"],"picked":"Chill","floor":7},{"not_picked":["Leap","Cold Snap","Go for the Eyes"],"picked":"Ball Lightning","floor":8},{"not_picked":["Beam Cell","Gash","Chaos"],"picked":"Cold Snap","floor":11},{"not_picked":["Leap","Thunder Strike","Consume"],"picked":"Ball Lightning","floor":13},{"not_picked":["Rip and Tear","Beam Cell","Capacitor+1"],"picked":"Ball Lightning","floor":14},{"not_picked":["Reboot","Electrodynamics+1","Multi-Cast"],"picked":"Machine Learning+1","floor":16},{"not_picked":["Chill","Rip and Tear","Stack"],"picked":"Coolheaded+1","floor":18},{"not_picked":["Redo","Conserve Battery","Blizzard"],"picked":"Streamline","floor":25},{"not_picked":["Compile Driver","Scrape","Sweeping Beam"],"picked":"Fission","floor":27},{"not_picked":["Ball Lightning+1","Tempest","BootSequence"],"picked":"Hologram+1","floor":29},{"not_picked":["Reboot","Rainbow","Thunder Strike"],"picked":"Amplify","floor":33},{"not_picked":["Sweeping Beam","Streamline+1","Steam"],"picked":"Gash+1","floor":35},{"not_picked":["Capacitor+1","Static Discharge+1","Scrape+1"],"picked":"Gash","floor":38},{"not_picked":["Chaos+1","Barrage+1","Hello World+1"],"picked":"Loop+1","floor":39},{"not_picked":["Deep Breath","Jack Of All Trades","Panacea"],"picked":"Master of Strategy","floor":41},{"not_picked":["Fusion","Stack","Sweeping Beam"],"picked":"Gash","floor":42},{"not_picked":["Leap+1","Sweeping Beam","Streamline"],"picked":"Cold Snap+1","floor":44},{"not_picked":["Cold Snap+1","Glacier+1","Steam+1"],"picked":"Stack+1","floor":46},{"not_picked":["FTL","Cold Snap+1","Force Field"],"picked":"Static Discharge+1","floor":48}],"player_experience":73917,"relics_obtained":[{"floor":5,"key":"Question Card"},{"floor":7,"key":"Darkstone Periapt"},{"floor":9,"key":"Kunai"},{"floor":21,"key":"Centennial Puzzle"},{"floor":26,"key":"HollowMod:StagPassRelic"},{"floor":27,"key":"InkBottle"},{"floor":43,"key":"Ginger"}],"event_choices":[{"damage_healed":0,"gold_gain":0,"player_choice":"Success","damage_taken":7,"relics_obtained":["Frozen Egg 2"],"max_hp_gain":0,"max_hp_loss":0,"event_name":"Scrap Ooze","floor":2,"gold_loss":0},{"damage_healed":0,"gold_gain":0,"player_choice":"Leave","damage_taken":0,"max_hp_gain":0,"max_hp_loss":0,"event_name":"The Cleric","floor":3,"gold_loss":0},{"cards_removed":["Defend_B"],"damage_healed":0,"gold_gain":0,"player_choice":"Purged","damage_taken":0,"max_hp_gain":0,"max_hp_loss":0,"event_name":"Purifier","floor":19,"gold_loss":0},{"cards_removed":["Defend_B"],"damage_healed":0,"gold_gain":0,"player_choice":"Gave Gold","damage_taken":0,"max_hp_gain":0,"max_hp_loss":0,"event_name":"Beggar","floor":31,"gold_loss":75},{"damage_healed":21,"gold_gain":0,"player_choice":"Writhe","damage_taken":0,"max_hp_gain":0,"max_hp_loss":0,"event_name":"Winding Halls","floor":36,"gold_loss":0,"cards_obtained":["Writhe"]},{"damage_healed":0,"gold_gain":0,"player_choice":"Memory 1","damage_taken":0,"max_hp_gain":0,"max_hp_loss":0,"event_name":"SensoryStone","floor":41,"gold_loss":0}],"is_beta":false,"boss_relics":[{"not_picked":["Empty Cage","Busted Crown"],"picked":"Runic Dome"},{"not_picked":["FrozenCore","Philosopher\u0027s Stone"],"picked":"Black Star"}],"items_purged_floors":[37],"is_endless":false,"potions_floor_spawned":[4,8,13,14,16,25,33,35,39,46],"killed_by":"Awakened One","ascension_level":0}}