{"host":"cz3p2o9n3b1gdmkz","time":1609309754,"event":{"mods":["AchievementEnabler","BaseMod","CapriCore","GungeonMod","Hermit","Lobotomy","Minty Spire (QoL Compilation)","Replay The Spire","Shop Mod","StSLib","SuperFastMode","The Cursed","The Dragon Tamer","The Gatherer","The Jungle","The Poker Player","The Runesmith"],"gold_per_floor":[116,41,56,56,73,105,30,30,30,46,46,46,73,73,89,89,89,165,165,180,95,172,192,212,212,226,226,226,244,279,279,298,312,312,385,385,400,290,306,319,335,335,352,381,381,381,381,416,441,46,46,46,46],"floor_reached":54,"playtime":2812,"items_purged":["Gatherer:Strike_Gatherer"],"score":1413,"play_id":"3fc56f38-a7c5-4ffb-9aee-02ed40a2734a","local_time":"20201230152914","is_ascension_mode":true,"metric_token":1117,"campfire_choices":[{"data":"Gatherer:FlowerWhip+1","floor":14.0,"key":"SMITH"},{"data":"Gatherer:Centralize","floor":17.0,"key":"SMITH"},{"floor":25,"key":"REST"},{"floor":27,"key":"REST"},{"data":"Gatherer:FlowerPower+2","floor":31,"key":"SMITH"},{"floor":34,"key":"REST"},{"floor":42,"key":"REST"},{"floor":46,"key":"REST"},{"floor":51,"key":"REST"}],"circlet_count":0,"master_deck":["AscendersBane","Gatherer:Strike_Gatherer","Gatherer:Strike_Gatherer","Gatherer:Defend_Gatherer","Gatherer:Defend_Gatherer","Gatherer:Defend_Gatherer","Gatherer:Centralize+1","Gatherer:FlowerWhip+3","Gatherer:MindSearch","Gatherer:QuickSynthesis","Gatherer:HeartToFruit+1","Gatherer:QuickSynthesis","Gatherer:WitheringStrike","Gatherer:Pollute","Gatherer:HeartToFruit","Gatherer:FinishingStrike","Gatherer:FlowerPower+3","Gatherer:EnergyBasket+1","Gatherer:QuickSynthesis","Gatherer:Nutrients+1","Gatherer:FlamingBottle","Gatherer:WitheringStrike","Gatherer:FruitForce","Gatherer:WitheringStrike+1"],"relics":["Gatherer:AlchemyBag","Replay:Towering Pillar of Hats","Replay:WaspNest","DemoMod:PoisonVial","Eternal Feather","Meat on the Bone","Strawberry","Replay:Bronze Core","Bag of Preparation","Thread and Needle","DemoMod:GundromedaStrain","Bottled Lightning","Ginger","DemoMod:Antibody"],"acts_visited":["Exordium","TheCity","TheBeyond"],"potions_floor_usage":[24,37,44,44,52,52],"damage_taken":[{"damage":0.0,"enemies":"2 Louse","floor":1.0,"turns":1.0},{"damage":2.0,"enemies":"Jaw Worm","floor":3.0,"turns":3.0},{"damage":0.0,"enemies":"Cultist","floor":5.0,"turns":3.0},{"damage":28.0,"enemies":"Lagavulin","floor":6.0,"turns":7.0},{"damage":4.0,"enemies":"3 Louse","floor":10.0,"turns":2.0},{"damage":7.0,"enemies":"3 Sentries","floor":13.0,"turns":7.0},{"damage":0.0,"enemies":"2 Fungi Beasts","floor":15.0,"turns":2.0},{"damage":17.0,"enemies":"The Guardian","floor":18.0,"turns":11.0},{"damage":13.0,"enemies":"3 Byrds","floor":20.0,"turns":3.0},{"damage":13,"enemies":"Spheric Guardian","floor":23,"turns":4},{"damage":15,"enemies":"Snecko","floor":24,"turns":5},{"damage":23,"enemies":"Snake Plant","floor":26,"turns":4},{"damage":27,"enemies":"Shelled Parasite and Fungi","floor":29,"turns":5},{"damage":46,"enemies":"Slavers","floor":30,"turns":5},{"damage":12,"enemies":"Centurion and Healer","floor":32,"turns":5},{"damage":1,"enemies":"Cultist and Chosen","floor":33,"turns":4},{"damage":47,"enemies":"Automaton","floor":35,"turns":8},{"damage":20,"enemies":"Orb Walker","floor":37,"turns":4},{"damage":27,"enemies":"3 Shapes","floor":39,"turns":3},{"damage":24,"enemies":"Spire Growth","floor":40,"turns":4},{"damage":67,"enemies":"Jaw Worm Horde","floor":41,"turns":4},{"damage":30,"enemies":"Transient","floor":43,"turns":6},{"damage":42,"enemies":"Giant Head","floor":44,"turns":5},{"damage":14,"enemies":"Nemesis","floor":48,"turns":7},{"damage":0,"enemies":"Mind Bloom Boss Battle","floor":49,"turns":4},{"damage":28,"enemies":"Time Eater","floor":52,"turns":9}],"seed_played":"-994774927203761309","potions_obtained":[{"floor":6.0,"key":"Swift Potion"},{"floor":10.0,"key":"DemoMod:LeadSkinPotion"},{"floor":15.0,"key":"Adrenaline Potion"},{"floor":23,"key":"Poison Potion"},{"floor":32,"key":"DuplicationPotion"},{"floor":33,"key":"LiquidMemories"},{"floor":37,"key":"Fruit Juice"},{"floor":41,"key":"SpeedPotion"},{"floor":43,"key":"Fire Potion"},{"floor":48,"key":"Adrenaline Potion"}],"is_trial":false,"path_per_floor":["M","?","M","?","M","E","$","PTL","PTL","M","T","?","E","R","M","?","R","B",null,"M","?","?","M","M","R","M","R","T","M","E","R","M","M","R","B",null,"M","?","M","M","M","R","M","E","T","R","T","E","?","$","R","B",null,null],"character_chosen":"THE_GATHERER","items_purchased":["DemoMod:Antibody","Venom Potion"],"campfire_rested":6,"item_purchase_floors":[50,50],"current_hp_per_floor":[60,60,58,58,62,38,38,38,38,38,38,38,35,35,39,32,32,19,73,64,64,33,24,13,52,33,77,77,58,35,47,51,66,118,71,118,107,107,91,83,35,96,78,48,48,109,109,95,102,102,172,144,144],"gold":46,"neow_bonus":"ONE_RANDOM_RARE_CARD","is_daily":false,"chose_seed":false,"campfire_upgraded":3,"win_rate":0.0,"timestamp":1609309754,"path_taken":["M","?","M","?","M","E","$","PTL","PTL","M","T","?","E","R","?","?","R","BOSS","M","?","?","M","M","R","M","R","T","M","E","R","?","M","R","BOSS","M","?","?","?","M","R","M","E","T","R","?","E","?","$","R","BOSS"],"items_purchased_type":["Relic","Potion"],"build_version":"2020-12-22","purchased_purges":1,"victory":true,"max_hp_per_floor":[67,67,67,67,71,75,75,75,75,79,79,79,83,83,87,87,87,91,91,95,95,95,99,103,103,107,107,107,115,126,126,130,134,134,134,134,143,143,154,158,165,165,165,165,165,165,165,165,172,172,172,172,172],"card_choices":[{"not_picked":["Gatherer:FragileHammer","Gatherer:TacticalStrike","Gatherer:EnergyBasket"],"picked":"SKIP","floor":1.0},{"not_picked":["Gatherer:ScherryThrow","Gatherer:PotentialSlash"],"picked":"Gatherer:QuickSynthesis","floor":3.0},{"not_picked":["Gatherer:RecoveryHerb","Gatherer:EnergyBasket"],"picked":"Gatherer:QuickSynthesis","floor":5.0},{"not_picked":["Gatherer:GatherMaterial","Gatherer:FlowerBeam"],"picked":"Gatherer:WitheringStrike","floor":6.0},{"not_picked":["Gatherer:Duplicator","Gatherer:FlowerShield","Gatherer:CarefulStrike"],"picked":"SKIP","floor":10.0},{"not_picked":["Gatherer:AromaProtection","Gatherer:CursedBlade"],"picked":"Gatherer:Pollute","floor":13.0},{"not_picked":["Gatherer:CollectorsShot","Gatherer:BalancedGrowth","Gatherer:ScrollOfWall"],"picked":"SKIP","floor":15.0},{"not_picked":["Gatherer:Examine","Gatherer:CursedBlade"],"picked":"Gatherer:HeartToFruit","floor":18.0},{"not_picked":["Gatherer:CollectorsShot","Gatherer:FragileHammer","Gatherer:BambuSword"],"picked":"SKIP","floor":20.0},{"not_picked":["Gatherer:ScherryThrow","Gatherer:EnergyBasket"],"picked":"Gatherer:FinishingStrike","floor":22},{"not_picked":["Gatherer:TacticalStrike","Gatherer:Frenzy"],"picked":"Gatherer:FlowerPower+1","floor":22},{"not_picked":["Gatherer:TacticalStrike+1","Gatherer:Snatch","Gatherer:Frenzy"],"picked":"SKIP","floor":23},{"not_picked":["Gatherer:SaveValuables","Gatherer:TreeGrowth+1"],"picked":"Gatherer:EnergyBasket+1","floor":24},{"not_picked":["Gatherer:FlamingBottle","Gatherer:RecoveryHerb"],"picked":"Gatherer:QuickSynthesis","floor":26},{"not_picked":["Gatherer:DrugPower+1","Gatherer:RecoveryHerb+1"],"picked":"Gatherer:Nutrients","floor":29},{"not_picked":["Gatherer:Uplift","Gatherer:FlowerFalling","Gatherer:RecipeChange"],"picked":"SKIP","floor":30},{"not_picked":["Gatherer:SaveValuables","Gatherer:WoolGloves","Gatherer:FragileHammer"],"picked":"SKIP","floor":32},{"not_picked":["Gatherer:SaveValuables","Gatherer:WoolGloves","Gatherer:FragileHammer"],"picked":"SKIP","floor":32},{"not_picked":["Gatherer:FlowerPower","Gatherer:AcidicSpray+1"],"picked":"Gatherer:FlamingBottle","floor":33},{"not_picked":["Gatherer:Nutrients","Gatherer:DrugPower"],"picked":"Gatherer:WitheringStrike","floor":37},{"not_picked":["Gatherer:FlowerShield","Gatherer:Snatch"],"picked":"Gatherer:FruitForce","floor":39},{"not_picked":["Gatherer:FragileHammer","Gatherer:Convert"],"picked":"Gatherer:WitheringStrike+1","floor":40},{"not_picked":["Gatherer:FlowerShield","Gatherer:Pollute","Gatherer:Convert"],"picked":"SKIP","floor":41},{"not_picked":["Gatherer:CollectorsShot","Gatherer:Snatch","Gatherer:Nutrients+1"],"picked":"SKIP","floor":43},{"not_picked":["Gatherer:FlowerFalling","Gatherer:Duality+1","Gatherer:FlowerPower"],"picked":"SKIP","floor":44},{"not_picked":["Gatherer:StoneFence","Gatherer:WoolGloves","Gatherer:FragileHammer+1"],"picked":"SKIP","floor":48}],"player_experience":1057371,"relics_obtained":[{"floor":6.0,"key":"Replay:Towering Pillar of Hats"},{"floor":11.0,"key":"Replay:WaspNest"},{"floor":13.0,"key":"DemoMod:PoisonVial"},{"floor":28,"key":"Meat on the Bone"},{"floor":30,"key":"Strawberry"},{"floor":44,"key":"Bag of Preparation"},{"floor":45,"key":"Thread and Needle"},{"floor":47,"key":"DemoMod:GundromedaStrain"},{"floor":48,"key":"Bottled Lightning"},{"floor":49,"key":"Ginger"}],"event_choices":[{"cards_removed":["Gatherer:Defend_Gatherer"],"damage_healed":0.0,"max_hp_gain":0.0,"max_hp_loss":0.0,"gold_gain":0.0,"event_name":"The Cleric","player_choice":"Card Removal","floor":2.0,"gold_loss":75.0,"damage_taken":0.0},{"damage_healed":0.0,"max_hp_gain":0.0,"max_hp_loss":0.0,"gold_gain":0.0,"event_name":"Accursed Blacksmith","player_choice":"Forge","floor":12.0,"gold_loss":0.0,"damage_taken":0.0,"cards_upgraded":["Gatherer:FlowerWhip"]},{"cards_removed":["Gatherer:Strike_Gatherer"],"damage_healed":0.0,"max_hp_gain":0.0,"max_hp_loss":0.0,"gold_gain":0.0,"event_name":"Golden Wing","player_choice":"Card Removal","floor":16.0,"gold_loss":0.0,"damage_taken":7.0},{"damage_healed":0.0,"max_hp_gain":0.0,"max_hp_loss":0.0,"gold_gain":0.0,"event_name":"Addict","player_choice":"Obtained Relic","floor":21.0,"gold_loss":85.0,"damage_taken":0.0,"relics_obtained":["Eternal Feather"]},{"cards_removed":["Gatherer:Strike_Gatherer"],"damage_healed":0,"gold_gain":0,"player_choice":"Upgrade and Remove","damage_taken":0,"max_hp_gain":0,"max_hp_loss":0,"event_name":"Designer","floor":38,"gold_loss":110,"cards_upgraded":["Gatherer:Nutrients"]},{"damage_healed":0,"gold_gain":0,"player_choice":"Fight","damage_taken":0,"max_hp_gain":0,"max_hp_loss":0,"event_name":"MindBloom","floor":49,"gold_loss":0}],"is_beta":false,"boss_relics":[{"not_picked":["ChewingGum","Snecko Eye","ReplayTheSpireMod:DimensionalGlitch"]},{"not_picked":["Sozu","Replay:Drink Me"],"picked":"Replay:Bronze Core"}],"items_purged_floors":[7],"is_endless":false,"potions_floor_spawned":[6,10,15,23,32,33,37,41,43,48],"ascension_level":18}}