{"host":"ypphcgdomtfqpc2w","time":1609334631,"event":{"mods":["BaseMod","Minty Spire (QoL Compilation)","StSLib"],"gold_per_floor":[109,121,121,121,46,46,87,87,87,32,57,57,95,116,116,212,212,237,287,272,272,295,295,95,95,95,95,95,95],"floor_reached":28,"playtime":1053,"items_purged":["Pain","Strike_R"],"score":473,"play_id":"c38ec896-54f3-400a-b7ff-a963406eb444","local_time":"20201230222351","is_ascension_mode":true,"campfire_choices":[{"data":"Carnage","floor":6.0,"key":"SMITH"},{"data":"Iron Wave","floor":8.0,"key":"SMITH"},{"data":"Bash","floor":12.0,"key":"SMITH"},{"floor":15.0,"key":"REST"},{"floor":23.0,"key":"REST"},{"data":"True Grit","floor":27.0,"key":"SMITH"}],"circlet_count":0,"master_deck":["AscendersBane","Defend_R","Defend_R","Defend_R","Defend_R","Bash+1","Carnage+1","Iron Wave+1","Headbutt","True Grit+1","Anger","Uppercut","Demon Form","Evolve+1","True Grit","Second Wind","Bite","Bite","Bite","Bite","Bite"],"relics":["Runic Cube","Golden Idol","WarpedTongs","Centennial Puzzle","Letter Opener","Pear","Runic Pyramid","Frozen Egg 2"],"acts_visited":["Exordium","TheCity"],"potions_floor_usage":[28],"damage_taken":[{"damage":1.0,"enemies":"2 Louse","floor":1.0,"turns":4.0},{"damage":1.0,"enemies":"Cultist","floor":2.0,"turns":3.0},{"damage":27.0,"enemies":"Gremlin Nob","floor":7.0,"turns":4.0},{"damage":3.0,"enemies":"Small Slimes","floor":11.0,"turns":4.0},{"damage":10.0,"enemies":"Lagavulin","floor":13.0,"turns":5.0},{"damage":9.0,"enemies":"Red Slaver","floor":14.0,"turns":2.0},{"damage":47.0,"enemies":"Hexaghost","floor":16.0,"turns":9.0},{"damage":16.0,"enemies":"3 Byrds","floor":18.0,"turns":7.0},{"damage":24.0,"enemies":"2 Thieves","floor":20.0,"turns":4.0},{"damage":5.0,"enemies":"Centurion and Healer","floor":22.0,"turns":6.0},{"damage":51,"enemies":"Chosen and Byrds","floor":28,"turns":5}],"seed_played":"6329378170514294414","potions_obtained":[{"floor":1.0,"key":"Strength Potion"},{"floor":7.0,"key":"Dexterity Potion"},{"floor":14.0,"key":"ColorlessPotion"},{"floor":16.0,"key":"HeartOfIron"},{"floor":20.0,"key":"AttackPotion"}],"is_trial":false,"path_per_floor":["M","M","?","?","$","R","E","R","T","$","M","R","E","M","R","B",null,"M","?","M","?","M","R","$","?","T","R","M"],"character_chosen":"IRONCLAD","items_purchased":["Block Potion","Second Wind","BloodPotion"],"campfire_rested":2,"item_purchase_floors":[10,24,24],"current_hp_per_floor":[67,66,66,66,66,66,39,39,39,39,36,36,36,27,50,3,59,43,36,12,12,7,30,30,30,30,30,0,0],"gold":95,"neow_bonus":"BOSS_RELIC","is_daily":false,"chose_seed":false,"campfire_upgraded":4,"win_rate":0.0,"timestamp":1609334631,"path_taken":["M","M","?","?","$","R","E","R","T","$","?","R","E","M","R","BOSS","M","?","?","?","M","R","$","?","T","R","M"],"items_purchased_type":["Potion","Card","Potion"],"build_version":"2020-12-22","purchased_purges":2,"victory":false,"max_hp_per_floor":[75,75,68,68,68,68,68,68,68,68,68,68,78,78,78,78,78,78,78,78,78,78,78,78,54,54,54,54,54],"card_choices":[{"not_picked":["Pummel","Cleave"],"picked":"Carnage","floor":1.0},{"not_picked":["Warcry","Bloodletting"],"picked":"Iron Wave","floor":2.0},{"not_picked":["Dropkick","Reckless Charge"],"picked":"Headbutt","floor":7.0},{"not_picked":["Entrench","Twin Strike"],"picked":"True Grit","floor":11.0},{"not_picked":["Bludgeon","Body Slam"],"picked":"Anger","floor":13.0},{"not_picked":["Armaments","Iron Wave"],"picked":"Uppercut","floor":14.0},{"not_picked":["Double Tap","Limit Break"],"picked":"Demon Form","floor":16.0},{"not_picked":["Headbutt","Fire Breathing"],"picked":"Evolve+1","floor":18.0},{"not_picked":["Clash","Dark Embrace","Headbutt"],"picked":"SKIP","floor":20.0},{"not_picked":["Rupture","Reckless Charge"],"picked":"True Grit","floor":22.0}],"player_experience":1968379,"relics_obtained":[{"floor":7.0,"key":"Centennial Puzzle"},{"floor":9.0,"key":"Letter Opener"},{"floor":13.0,"key":"Pear"},{"floor":26.0,"key":"Frozen Egg 2"}],"event_choices":[{"damage_healed":0.0,"max_hp_gain":0.0,"max_hp_loss":7.0,"gold_gain":0.0,"event_name":"Golden Idol","player_choice":"Lose Max HP","floor":3.0,"gold_loss":0.0,"damage_taken":0.0,"relics_obtained":["Golden Idol"]},{"damage_healed":0.0,"max_hp_gain":0.0,"max_hp_loss":0.0,"gold_gain":0.0,"event_name":"Accursed Blacksmith","player_choice":"Rummage","floor":4.0,"gold_loss":0.0,"damage_taken":0.0,"relics_obtained":["WarpedTongs"],"cards_obtained":["Pain"]},{"damage_healed":0.0,"max_hp_gain":0.0,"max_hp_loss":0.0,"gold_gain":50.0,"event_name":"FaceTrader","player_choice":"Touch","floor":19.0,"gold_loss":0.0,"damage_taken":7.0},{"damage_healed":0.0,"max_hp_gain":0.0,"max_hp_loss":0.0,"gold_gain":0.0,"event_name":"Cursed Tome","player_choice":"Ignored","floor":21.0,"gold_loss":0.0,"damage_taken":0.0},{"damage_healed":0.0,"max_hp_gain":0.0,"max_hp_loss":24.0,"gold_gain":0.0,"event_name":"Vampires","player_choice":"Became a vampire","floor":25.0,"gold_loss":0.0,"damage_taken":0.0,"cards_obtained":["Bite","Bite","Bite","Bite","Bite"]}],"is_beta":false,"boss_relics":[{"not_picked":["Runic Dome","Calling Bell"],"picked":"Runic Pyramid"}],"items_purged_floors":[5,24],"is_endless":false,"potions_floor_spawned":[1,7,14,16,20],"killed_by":"Chosen and Byrds","ascension_level":20}}