{"host":"94aus4jnk6thj94q","time":1609337623,"event":{"mods":["BaseMod","Minty Spire (QoL Compilation)","Quick Restart","StSLib"],"gold_per_floor":[116,135,135,135,135,175,147,147,225,241,282,50,50,68,68,187,187,200,189,189,207,207,207],"floor_reached":22,"playtime":816,"items_purged":[],"score":219,"play_id":"b39998b2-9184-4d77-b793-261ac5533029","local_time":"20201230161343","is_ascension_mode":false,"campfire_choices":[{"floor":8,"key":"REST"},{"floor":13,"key":"RECALL"},{"data":"Consume","floor":15,"key":"SMITH"}],"circlet_count":0,"master_deck":["Strike_B","Strike_B","Strike_B","Strike_B","Defend_B","Defend_B","Defend_B","Defend_B","Zap","Dualcast","Cold Snap","Darkness","Darkness","Conserve Battery","Ball Lightning","Consume+1","Blizzard","Ball Lightning","Redo+1","Glacier+1"],"relics":["Cracked Core","NeowsBlessing","Golden Idol","Pen Nib","Torii","Lee\u0027s Waffle","Sozu"],"acts_visited":["Exordium","TheCity"],"potions_floor_usage":[11,11],"damage_taken":[{"damage":0,"enemies":"Small Slimes","floor":1,"turns":1},{"damage":0,"enemies":"2 Louse","floor":2,"turns":1},{"damage":0,"enemies":"Gremlin Nob","floor":6,"turns":1},{"damage":1,"enemies":"Jaw Worm","floor":10,"turns":4},{"damage":1,"enemies":"3 Sentries","floor":11,"turns":5},{"damage":1,"enemies":"Exordium Wildlife","floor":14,"turns":4},{"damage":33,"enemies":"The Guardian","floor":16,"turns":10},{"damage":10,"enemies":"Spheric Guardian","floor":18,"turns":4},{"damage":31,"enemies":"2 Thieves","floor":19,"turns":4},{"damage":26,"enemies":"Centurion and Healer","floor":21,"turns":6},{"damage":8,"enemies":"Snake Plant","floor":22,"turns":2}],"seed_played":"-6268070277414031070","potions_obtained":[{"floor":1,"key":"BlessingOfTheForge"},{"floor":6,"key":"PowerPotion"},{"floor":16,"key":"Strength Potion"}],"is_trial":false,"path_per_floor":["M","M","?","?","?","E","?","R","T","M","E","$","R","M","R","B",null,"M","M","$","M","M"],"character_chosen":"DEFECT","items_purchased":["Lee\u0027s Waffle","Consume"],"campfire_rested":1,"item_purchase_floors":[12,12],"current_hp_per_floor":[75,75,75,75,57,57,57,75,75,74,73,82,82,81,81,48,82,72,41,41,15,7,7],"gold":207,"neow_bonus":"THREE_ENEMY_KILL","is_daily":false,"chose_seed":false,"campfire_upgraded":1,"win_rate":0.0,"timestamp":1609337623,"path_taken":["M","M","?","?","?","E","?","R","T","M","E","$","R","M","R","BOSS","M","M","$","M","M"],"items_purchased_type":["Relic","Card"],"build_version":"2020-12-22","purchased_purges":0,"victory":false,"max_hp_per_floor":[75,75,75,75,75,75,75,75,75,75,75,82,82,82,82,82,82,82,82,82,82,82,82],"card_choices":[{"not_picked":["Steam Power","Sweeping Beam"],"picked":"Cold Snap","floor":1},{"not_picked":["Skim","Hologram"],"picked":"Darkness","floor":2},{"not_picked":["FTL","Meteor Strike"],"picked":"Darkness","floor":6},{"not_picked":["Storm","Barrage"],"picked":"Conserve Battery","floor":10},{"not_picked":["Coolheaded","Sweeping Beam"],"picked":"Ball Lightning","floor":11},{"not_picked":["Compile Driver","Beam Cell"],"picked":"Blizzard","floor":14},{"not_picked":["Cold Snap","Coolheaded"],"picked":"Ball Lightning","floor":18},{"not_picked":["Beam Cell","Storm"],"picked":"Redo+1","floor":19},{"not_picked":["Redo+1","Steam"],"picked":"Glacier+1","floor":21}],"player_experience":5653443,"relics_obtained":[{"floor":6,"key":"Pen Nib"},{"floor":11,"key":"Torii"}],"event_choices":[{"damage_healed":0,"gold_gain":0,"player_choice":"Ignored","damage_taken":0,"max_hp_gain":0,"max_hp_loss":0,"event_name":"Golden Wing","floor":3,"gold_loss":0},{"damage_healed":0,"gold_gain":0,"player_choice":"Leave","damage_taken":0,"max_hp_gain":0,"max_hp_loss":0,"event_name":"The Cleric","floor":4,"gold_loss":0},{"damage_healed":0,"gold_gain":0,"player_choice":"Take Damage","damage_taken":18,"relics_obtained":["Golden Idol"],"max_hp_gain":0,"max_hp_loss":0,"event_name":"Golden Idol","floor":5,"gold_loss":0},{"damage_healed":0,"gold_gain":0,"player_choice":"Left Gold","damage_taken":0,"max_hp_gain":0,"max_hp_loss":0,"event_name":"World of Goop","floor":7,"gold_loss":28}],"is_beta":false,"boss_relics":[{"not_picked":["Pandora\u0027s Box","Fusion Hammer"],"picked":"Sozu"}],"items_purged_floors":[],"is_endless":false,"potions_floor_spawned":[1,6,16,21],"killed_by":"Snake Plant","ascension_level":0}}