{"host":"51fyd6gkml7xavq8","time":1609356865,"event":{"mods":["BaseMod","BetterRewards","Colored Map","Energized Spire","Infinite Spire","Minty Spire (QoL Compilation)","Replay The Spire","Shop Mod","Spicy Shops","StSLib","The Blue Laboratory","[IsaacMod]????"],"gold_per_floor":[110,120,120,120,130,130,130,130,130,130,155,86,102,129,129,234,234,252,252,252],"floor_reached":19,"playtime":1141,"items_purged":["Dualcast"],"score":385,"play_id":"8193c81e-d0d0-4673-b987-6a279783350c","local_time":"20201230163425","is_ascension_mode":true,"campfire_choices":[{"data":"Streamline","floor":6.0,"key":"SMITH"},{"data":"Zap","floor":8.0,"key":"SMITH"},{"data":"Self Repair","floor":15.0,"key":"SMITH"}],"circlet_count":0,"master_deck":["Strike_B","Strike_B","Strike_B","Defend_B","Defend_B","Defend_B","Defend_B","Zap+1","Streamline+1","Static Discharge","Ball Lightning","Self Repair+1","Streamline","BasicCrystalCard"],"relics":["Cracked Core","HushsDoor","PokeGo","MerchantsRug","infinitespire:Joker Card","Strange Spoon","BookofShadows","StoneCalendar","Strawberry","BloodDonationMachine","Replay:Ancient Bell","Prayer Wheel"],"acts_visited":["Exordium","TheCity"],"potions_floor_usage":[19],"damage_taken":[{"damage":0.0,"enemies":"Cultist","floor":1.0,"turns":2.0},{"damage":0.0,"enemies":"Small Slimes","floor":2.0,"turns":4.0},{"damage":0.0,"enemies":"Jaw Worm","floor":5.0,"turns":3.0},{"damage":0.0,"enemies":"Gremlin Nob","floor":11.0,"turns":2.0},{"damage":0.0,"enemies":"Exordium Thugs","floor":13.0,"turns":4.0},{"damage":9.0,"enemies":"3 Sentries","floor":14.0,"turns":6.0},{"damage":0.0,"enemies":"Fading Forest","floor":16.0,"turns":11.0},{"damage":12.0,"enemies":"Spheric Guardian","floor":18.0,"turns":3.0},{"damage":73,"enemies":"Masked Bandits","floor":19,"turns":3}],"seed_played":"1518923441416008830","potions_obtained":[{"floor":5.0,"key":"SmokeBomb"},{"floor":11.0,"key":"blueLaboratory:SystemWipe"},{"floor":16.0,"key":"Dexterity Potion"}],"is_trial":false,"path_per_floor":["M","M","?","$","M","R","?","R","T","?","E","$","M","E","R","B",null,"M","?"],"character_chosen":"DEFECT","items_purchased":["MerchantsRug","infinitespire:Joker Card","Streamline","Static Discharge","Strange Spoon","Self Repair"],"campfire_rested":0,"item_purchase_floors":[0,0,0,0,0,12],"current_hp_per_floor":[45,45,45,45,45,45,45,45,45,45,52,52,59,57,57,67,82,70,0,0],"gold":252,"neow_bonus":"","is_daily":false,"chose_seed":false,"campfire_upgraded":3,"win_rate":0.0,"timestamp":1609356865,"path_taken":["M","?","?","$","M","R","?","R","T","?","E","$","?","E","R","BOSS","M","?"],"items_purchased_type":["Relic","Relic","Card","Card","Relic","Card"],"build_version":"2020-12-22","purchased_purges":1,"victory":false,"max_hp_per_floor":[75,75,75,75,75,75,75,75,75,75,82,82,82,82,82,82,82,82,82,82],"card_choices":[{"not_picked":[],"picked":"Bomb","floor":0.0},{"not_picked":["Barrage","Tempest","Distribution"],"picked":"SKIP","floor":1.0},{"not_picked":["Steam","ReplayTheSpireMod:Omega Cannon","Rebound"],"picked":"SKIP","floor":2.0},{"not_picked":["BasicCrystalCard","Genetic Algorithm"],"picked":"Ball Lightning","floor":5.0},{"not_picked":["Skim","Thunder Strike","Crystallizer"],"picked":"SKIP","floor":11.0},{"not_picked":["Turbo","Rebound","Barrage"],"picked":"SKIP","floor":13.0},{"not_picked":["Thunder Strike","All For One","Darkness"],"picked":"SKIP","floor":14.0},{"not_picked":["All For One","Amplify"],"picked":"ReplayTheSpireMod:Fabricate Wheel","floor":16.0},{"not_picked":["Cancel","Barrage"],"picked":"Streamline","floor":18.0},{"not_picked":["Hologram+1","Sweeping Beam"],"picked":"BasicCrystalCard","floor":18.0}],"player_experience":423334,"relics_obtained":[{"floor":9.0,"key":"StoneCalendar"},{"floor":11.0,"key":"Strawberry"},{"floor":14.0,"key":"BloodDonationMachine"}],"event_choices":[{"damage_healed":0.0,"max_hp_gain":0.0,"max_hp_loss":0.0,"gold_gain":0.0,"event_name":"WeMeetAgain","player_choice":"Gave Potion","floor":7.0,"gold_loss":0.0,"damage_taken":0.0,"relics_obtained":["BookofShadows"]},{"damage_healed":0,"gold_gain":0,"player_choice":"Fought Bandits","damage_taken":0,"max_hp_gain":0,"max_hp_loss":0,"event_name":"Masked Bandits","floor":19,"gold_loss":0}],"is_beta":false,"boss_relics":[{"not_picked":["energizedSpire:EnergizedDie","Honey Jar"],"picked":"Replay:Ancient Bell"},{"not_picked":[]}],"items_purged_floors":[0],"is_endless":false,"potions_floor_spawned":[5,11,16],"killed_by":"Masked Bandits","ascension_level":2}}