{"host":"gkh5j5k5w4qf7k7n","time":1609337217,"event":{"mods":["2.2 Compatiblity","AchievementEnabler","BaseMod","Colored Map","Colored Powertips","GifTheSpireLib","Keyboard Shortcuts","Minty Spire (QoL Compilation)","Quick Restart","StSLib","SuperFastMode","The Construct","The Problem Sleuth","¡¼?Úª?ø«¡½REMEMod"],"gold_per_floor":[134,194,226,226,49,96,96,96,96,46,76,116,116,206,206,326,326,360,360,275,105,150,150,150,210,210,244,300,89,89,149,149,278,278,314,40,75,75,75,75],"floor_reached":38,"playtime":2643,"items_purged":["theSleuth:Strike","theSleuth:Strike","Writhe","theSleuth:KeyringTommygun"],"score":815,"play_id":"6511eac5-5ff1-48e3-af5f-61d6e36175a3","local_time":"20201230230657","is_ascension_mode":true,"campfire_choices":[{"data":"theSleuth:TakeInventory","floor":7.0,"key":"SMITH"},{"data":"theSleuth:ThinkAhead","floor":15.0,"key":"SMITH"},{"data":"theSleuth:Fortune","floor":23.0,"key":"SMITH"},{"data":"theSleuth:Fortify","floor":30.0,"key":"SMITH"},{"floor":32,"key":"RECALL"}],"circlet_count":0,"master_deck":["AscendersBane","theSleuth:Defend","theSleuth:Defend","theSleuth:Defend","theSleuth:KeyHandgun","theSleuth:TakeInventory+1","theSleuth:Diplomacy","Purity","HandOfGreed","theSleuth:Fortune+1","theSleuth:Fortify+1","theSleuth:Joust+1","theSleuth:FlaskOfWhiskey","theSleuth:ThinkAhead+1","theSleuth:HeroBust","theSleuth:Fortune+1","Ghostly","Ghostly","Ghostly","Ghostly","Ghostly","theSleuth:FudgeDeck","theSleuth:CandyCornVampire","theSleuth:CandyCane+1","Deep Breath"],"relics":["Pantograph","Golden Idol","Odd Mushroom","theSleuth:SaltedMelon","theSleuth:SaltedMelon","theSleuth:MegatonKey","Dream Catcher","Question Card","Ancient Tea Set","Molten Egg 2","Membership Card","SlaversCollar","Sundial"],"acts_visited":["Exordium","TheCity","TheBeyond"],"potions_floor_usage":[33],"damage_taken":[{"damage":0.0,"enemies":"Jaw Worm","floor":1.0,"turns":5.0},{"damage":2.0,"enemies":"2 Louse","floor":2.0,"turns":5.0},{"damage":5.0,"enemies":"Cultist","floor":3.0,"turns":4.0},{"damage":16.0,"enemies":"Lagavulin","floor":6.0,"turns":7.0},{"damage":0.0,"enemies":"Blue Slaver","floor":11.0,"turns":5.0},{"damage":4.0,"enemies":"Red Slaver","floor":12.0,"turns":5.0},{"damage":7.0,"enemies":"The Mushroom Lair","floor":14.0,"turns":6.0},{"damage":18.0,"enemies":"Hexaghost","floor":16.0,"turns":12.0},{"damage":6.0,"enemies":"Chosen","floor":18.0,"turns":6.0},{"damage":2.0,"enemies":"Shell Parasite","floor":22.0,"turns":8.0},{"damage":0.0,"enemies":"Book of Stabbing","floor":25.0,"turns":8.0},{"damage":0.0,"enemies":"Snake Plant","floor":27.0,"turns":7.0},{"damage":0.0,"enemies":"Centurion and Healer","floor":28.0,"turns":7.0},{"damage":2,"enemies":"Chosen and Byrds","floor":31,"turns":9},{"damage":0,"enemies":"Collector","floor":33,"turns":8},{"damage":24,"enemies":"Orb Walker","floor":35,"turns":11},{"damage":2,"enemies":"3 Darklings","floor":37,"turns":5},{"damage":29,"enemies":"2 Orb Walkers","floor":38,"turns":7}],"seed_played":"-6677689738554669956","potions_obtained":[{"floor":2.0,"key":"LiquidBronze"},{"floor":3.0,"key":"EssenceOfSteel"},{"floor":14.0,"key":"Fruit Juice"},{"floor":18.0,"key":"Fruit Juice"},{"floor":22.0,"key":"Weak Potion"},{"floor":31,"key":"ColorlessPotion"},{"floor":35,"key":"Regen Potion"}],"is_trial":false,"path_per_floor":["M","M","M","?","$","E","R","?","T","?","M","M","?","?","R","B",null,"M","?","?","$","M","R","?","E","T","M","M","$","R","M","R","B",null,"M","$","M","?"],"character_chosen":"THE_sleuth","items_purchased":["theSleuth:Fortify","theSleuth:Joust","theSleuth:FudgeDeck","Membership Card","theSleuth:CandyCane+1","Sundial","Deep Breath"],"campfire_rested":0,"item_purchase_floors":[5,5,21,29,36,36,36],"current_hp_per_floor":[66,64,59,59,59,43,43,43,43,43,43,39,39,32,32,39,61,60,36,36,36,39,41,41,41,41,41,41,41,43,41,43,47,47,23,23,21,0,0,0],"gold":75,"neow_bonus":"RANDOM_COLORLESS","is_daily":false,"chose_seed":false,"campfire_upgraded":4,"win_rate":0.0,"timestamp":1609337217,"path_taken":["M","M","M","?","$","E","R","?","T","?","M","M","?","?","R","BOSS","M","?","?","?","M","R","?","E","T","M","?","?","R","M","R","BOSS","M","$","M","?"],"items_purchased_type":["Card","Card","Card","Relic","Card","Relic","Card"],"build_version":"2020-12-22","purchased_purges":4,"victory":false,"max_hp_per_floor":[73,73,73,73,73,73,73,73,73,73,73,73,68,68,68,68,68,73,36,36,36,41,43,43,43,43,43,43,43,45,45,47,47,47,47,47,47,47,47,47],"card_choices":[{"not_picked":["Blind","Enlightenment"],"picked":"Purity","floor":0.0},{"not_picked":["theSleuth:CharismaBlast","theSleuth:PezUzi"],"picked":"theSleuth:Fortune","floor":1.0},{"not_picked":["theSleuth:Pepperminthryl","theSleuth:WizardSudoku","theSleuth:ThrowHat"],"picked":"SKIP","floor":2.0},{"not_picked":["theSleuth:CandyCorn","theSleuth:Pepperminthryl","theSleuth:Tootshotgun"],"picked":"SKIP","floor":3.0},{"not_picked":["theSleuth:RetainReturn","theSleuth:Tootshotgun","theSleuth:CandyCorn"],"picked":"SKIP","floor":6.0},{"not_picked":["theSleuth:CandyCorn","theSleuth:Ogle"],"picked":"theSleuth:FlaskOfWhiskey","floor":11.0},{"not_picked":["theSleuth:ThrowHat","theSleuth:FlaskOfWhiskey"],"picked":"theSleuth:OpportunityCost","floor":12.0},{"not_picked":["theSleuth:Ogle","theSleuth:CandidBullets"],"picked":"theSleuth:ThinkAhead","floor":14.0},{"not_picked":["theSleuth:GummyWormZombie","theSleuth:Conjure"],"picked":"theSleuth:HeroBust","floor":16.0},{"not_picked":["theSleuth:BenStillerBust","theSleuth:Unscale"],"picked":"theSleuth:Fortune+1","floor":18.0},{"not_picked":["theSleuth:FlaskOfWhiskey","theSleuth:CandyLeather","theSleuth:BellyOTheWhale"],"picked":"SKIP","floor":22.0},{"not_picked":["theSleuth:WilsonBust","theSleuth:TruffleTrouble","theSleuth:KeyringTommygun","theSleuth:TruffleShuffle"],"picked":"SKIP","floor":25.0},{"not_picked":["theSleuth:CharismaBlast+1","theSleuth:PezUzi+1","theSleuth:Unscale","theSleuth:BenStillerBust+1"],"picked":"SKIP","floor":27.0},{"not_picked":["theSleuth:FairShake+1","theSleuth:FlaskOfWhiskey","theSleuth:Pepperminthryl","theSleuth:RollBoxcars"],"picked":"SKIP","floor":28.0},{"not_picked":["theSleuth:VictoryPose","theSleuth:FoolPlate","theSleuth:Tootshotgun+1","theSleuth:Unscale"],"picked":"SKIP","floor":31},{"not_picked":["theSleuth:TheZillyhammer+1","theSleuth:HitTheMattresses+1","theSleuth:MobRule"],"picked":"theSleuth:CandyCornVampire","floor":33},{"not_picked":["theSleuth:CandyCorn+1","theSleuth:WeighIn","theSleuth:Pepperminthryl","theSleuth:BellyOTheWhale+1"],"picked":"SKIP","floor":35},{"not_picked":["theSleuth:VictoryPose","theSleuth:TruffleShuffle+1","theSleuth:HeartStab+1","theSleuth:Ignore"],"picked":"SKIP","floor":37}],"player_experience":942746,"relics_obtained":[{"floor":6.0,"key":"Pantograph"},{"floor":14.0,"key":"Odd Mushroom"},{"floor":25.0,"key":"Ancient Tea Set"},{"floor":26.0,"key":"Molten Egg 2"}],"event_choices":[{"damage_healed":0.0,"max_hp_gain":0.0,"max_hp_loss":0.0,"gold_gain":0.0,"cards_transformed":["theSleuth:Strike"],"event_name":"Living Wall","player_choice":"Change","floor":4.0,"gold_loss":0.0,"damage_taken":0.0,"cards_obtained":["theSleuth:KeyringTommygun"]},{"cards_removed":["theSleuth:Strike"],"damage_healed":0.0,"max_hp_gain":0.0,"max_hp_loss":0.0,"gold_gain":0.0,"event_name":"The Cleric","player_choice":"Card Removal","floor":10.0,"gold_loss":50.0,"damage_taken":0.0},{"damage_healed":0.0,"max_hp_gain":0.0,"max_hp_loss":5.0,"gold_gain":0.0,"event_name":"Golden Idol","player_choice":"Lose Max HP","floor":13.0,"gold_loss":0.0,"damage_taken":0.0,"relics_obtained":["Golden Idol"]},{"damage_healed":0.0,"max_hp_gain":0.0,"max_hp_loss":0.0,"gold_gain":0.0,"event_name":"Mushrooms","player_choice":"Fought Mushrooms","floor":14.0,"gold_loss":0.0,"damage_taken":0.0},{"damage_healed":0.0,"max_hp_gain":0.0,"max_hp_loss":37.0,"gold_gain":0.0,"event_name":"Ghosts","player_choice":"Became a Ghost","floor":19.0,"gold_loss":0.0,"damage_taken":0.0,"cards_obtained":["Ghostly","Ghostly","Ghostly","Ghostly","Ghostly"]},{"damage_healed":0.0,"max_hp_gain":0.0,"max_hp_loss":0.0,"gold_gain":0.0,"event_name":"Addict","player_choice":"Obtained Relic","floor":20.0,"gold_loss":85.0,"damage_taken":0.0,"relics_obtained":["Dream Catcher"]},{"damage_healed":0.0,"max_hp_gain":0.0,"max_hp_loss":0.0,"gold_gain":0.0,"event_name":"The Mausoleum","player_choice":"Opened","floor":24.0,"gold_loss":0.0,"damage_taken":0.0,"relics_obtained":["Question Card"],"cards_obtained":["Writhe"]},{"damage_healed":0,"gold_gain":0,"player_choice":"Fight","damage_taken":0,"max_hp_gain":0,"max_hp_loss":0,"event_name":"Mysterious Sphere","floor":38,"gold_loss":0}],"is_beta":false,"boss_relics":[{"not_picked":["Black Star","SacredBark"],"picked":"theSleuth:MegatonKey"},{"not_picked":["Calling Bell","REME_DemonsWealth"],"picked":"SlaversCollar"}],"items_purged_floors":[5,21,29,36],"is_endless":false,"potions_floor_spawned":[2,3,11,14,18,22,31,35,37],"killed_by":"2 Orb Walkers","ascension_level":12}}