{"host":"2no1vwhhkhf0ohz3","time":1609343896,"event":{"mods":["AchievementEnabler","BaseMod","Colored Map","DeckTracker","Keyboard Shortcuts","Minty Spire (QoL Compilation)","Relic Stats","SuperFastMode"],"gold_per_floor":[110,122,122,136,154,154,154,154,236,249,259,274,274,288,288,288,288],"floor_reached":16,"playtime":375,"items_purged":[],"score":101,"play_id":"e5cf6c0b-5658-46f3-918f-9cb0843e685f","local_time":"20201231005816","is_ascension_mode":true,"campfire_choices":[{"data":"Eruption","floor":6,"key":"SMITH"},{"floor":8,"key":"REST"},{"floor":13,"key":"REST"},{"data":"MentalFortress","floor":15,"key":"SMITH"}],"circlet_count":0,"master_deck":["Strike_P","Strike_P","Strike_P","Defend_P","Defend_P","Defend_P","Defend_P","Eruption+1","Vigilance","MentalFortress+1","Tantrum"],"relics":["PureWater","NeowsBlessing","Mummified Hand"],"acts_visited":["Exordium"],"potions_floor_usage":[5,16,16],"damage_taken":[{"damage":0,"enemies":"Small Slimes","floor":1,"turns":1},{"damage":0,"enemies":"Cultist","floor":2,"turns":1},{"damage":0,"enemies":"Jaw Worm","floor":4,"turns":1},{"damage":60,"enemies":"Gremlin Gang","floor":5,"turns":4},{"damage":0,"enemies":"Blue Slaver","floor":10,"turns":4},{"damage":7,"enemies":"3 Louse","floor":11,"turns":4},{"damage":0,"enemies":"2 Fungi Beasts","floor":12,"turns":3},{"damage":5,"enemies":"Lots of Slimes","floor":14,"turns":4},{"damage":35,"enemies":"The Guardian","floor":16,"turns":5}],"seed_played":"4679811742447869921","potions_obtained":[{"floor":1,"key":"ColorlessPotion"},{"floor":5,"key":"PowerPotion"},{"floor":10,"key":"ColorlessPotion"},{"floor":12,"key":"SteroidPotion"}],"is_trial":false,"path_per_floor":["M","M","?","M","M","R","?","R","T","M","M","M","R","M","R","B"],"character_chosen":"WATCHER","items_purchased":[],"campfire_rested":2,"item_purchase_floors":[],"current_hp_per_floor":[72,72,72,72,12,12,5,26,26,26,19,19,40,35,35,0,0],"gold":288,"neow_bonus":"THREE_ENEMY_KILL","is_daily":false,"chose_seed":false,"campfire_upgraded":2,"win_rate":0.0,"timestamp":1609343896,"path_taken":["M","M","?","?","M","R","?","R","T","M","?","M","R","M","R","BOSS"],"items_purchased_type":[],"build_version":"2020-12-22","purchased_purges":0,"victory":false,"max_hp_per_floor":[72,72,72,72,72,72,72,72,72,72,72,72,72,72,72,72,72],"relic_stats":{"counters":[9,27],"Mummified Hand":[7],"obtain_stats":[{"NeowsBlessing":0,"Mummified Hand":9,"PureWater":0},{"NeowsBlessing":0,"Mummified Hand":4,"PureWater":0},{"NeowsBlessing":0,"Mummified Hand":7,"PureWater":0}]},"card_choices":[{"not_picked":["Collect","WindmillStrike","EmptyFist"],"picked":"SKIP","floor":1},{"not_picked":["Perseverance","Crescendo"],"picked":"MentalFortress","floor":2},{"not_picked":["ForeignInfluence","FollowUp","DeceiveReality"],"picked":"SKIP","floor":4},{"not_picked":["Prostrate","LikeWater","WindmillStrike"],"picked":"SKIP","floor":5},{"not_picked":["Evaluate","PathToVictory","Prostrate"],"picked":"SKIP","floor":10},{"not_picked":["Wallop","Halt","BattleHymn"],"picked":"SKIP","floor":11},{"not_picked":["Sanctity","SashWhip","Pray"],"picked":"SKIP","floor":12},{"not_picked":["CarveReality","PathToVictory"],"picked":"Tantrum","floor":14}],"player_experience":274477,"relics_obtained":[{"floor":9,"key":"Mummified Hand"}],"event_choices":[{"cards_removed":["Strike_P"],"damage_healed":0,"gold_gain":0,"player_choice":"Purged","damage_taken":0,"max_hp_gain":0,"max_hp_loss":0,"event_name":"Purifier","floor":3,"gold_loss":0},{"damage_healed":0,"gold_gain":0,"player_choice":"Damaged","damage_taken":7,"max_hp_gain":0,"max_hp_loss":0,"event_name":"Wheel of Change","floor":7,"gold_loss":0}],"is_beta":false,"boss_relics":[],"items_purged_floors":[],"is_endless":false,"potions_floor_spawned":[1,5,10,12],"killed_by":"The Guardian","ascension_level":1}}