{"host":"Sumable","time":1609357690,"event":{"mods":["AchievementEnabler","BaseMod","Better Note","BetterRewards","Googly Eyes","Hermit","Minty Spire (QoL Compilation)","Quick Restart","Shop Mod","StSLib","The Cursed","everything is the same but u backflip on backflip","slay the spire mod where everything is the same but ironclad has a cowboy hat"],"gold_per_floor":[119,132,152,168,187,213,213,238,238,238,238,257,286,300,300,403,403,422,183,195,195,215,215,240,240,240,17,17,46,46,77,77,182,182,201,53,72,72,92,92,106,134,157,190,210,230,255,215,215,215,215,215,20,54,54,54],"floor_reached":55,"playtime":2151,"items_purged":["Writhe"],"score":1693,"play_id":"06f69846-f27b-4821-9cbd-f99c95339ac6","local_time":"20201230124810","is_ascension_mode":true,"campfire_choices":[{"floor":10,"key":"REST"},{"floor":15,"key":"REST"},{"floor":23,"key":"REST"},{"floor":25,"key":"REST"},{"data":"Sword Boomerang","floor":28,"key":"SMITH"},{"data":"Double Tap","floor":30,"key":"SMITH"},{"data":"Wild Strike","floor":32,"key":"SMITH"},{"floor":40,"key":"REST"},{"floor":49,"key":"RECALL"},{"data":"Offering","floor":52,"key":"SMITH"}],"circlet_count":0,"master_deck":["AscendersBane","Bash","Wild Strike+1","Intimidate","Sword Boomerang+1","Pommel Strike+1","Bludgeon","Pommel Strike+1","Sword Boomerang+1","Double Tap+1","Thunderclap+1","Sword Boomerang+1","Panacea+1","Wild Strike+1","Feed+1","Anger+1","Decay","Whirlwind+1","Uppercut+1","Body Slam+1","Infernal Blade","Offering+1","Wild Strike+1","Feel No Pain","Intimidate","Fiend Fire+1","Feel No Pain","Whirlwind+1","Pummel+1","Whirlwind+1","Thunderclap+1","Heavy Blade+1","Pummel+1","Clumsy","Parasite"],"relics":["Burning Blood","Incense Burner","Brimstone","Bird Faced Urn","Molten Egg 2","Centennial Puzzle","Eternal Feather","Anchor","Odd Mushroom","Cursed Key","Unceasing Top","Dream Catcher","Shuriken","PreservedInsect","MerchantsRug","HornCleat","Gremlin Horn","Membership Card","InkBottle","Letter Opener","Boot"],"acts_visited":["Exordium","TheCity","TheBeyond","TheEnding"],"potions_floor_usage":[3,5,6,18,20,24,33,42,50,54,54],"damage_taken":[{"damage":13,"enemies":"Jaw Worm","floor":1,"turns":2},{"damage":0,"enemies":"2 Louse","floor":2,"turns":2},{"damage":0,"enemies":"Small Slimes","floor":3,"turns":1},{"damage":1,"enemies":"Exordium Wildlife","floor":4,"turns":2},{"damage":0,"enemies":"Exordium Thugs","floor":5,"turns":2},{"damage":15,"enemies":"Gremlin Nob","floor":6,"turns":3},{"damage":31,"enemies":"3 Sentries","floor":8,"turns":5},{"damage":0,"enemies":"Looter","floor":12,"turns":2},{"damage":24,"enemies":"The Mushroom Lair","floor":13,"turns":4},{"damage":0,"enemies":"Blue Slaver","floor":14,"turns":2},{"damage":75,"enemies":"Hexaghost","floor":16,"turns":5},{"damage":12,"enemies":"3 Byrds","floor":18,"turns":4},{"damage":14,"enemies":"2 Thieves","floor":20,"turns":2},{"damage":30,"enemies":"Snake Plant","floor":22,"turns":3},{"damage":24,"enemies":"Book of Stabbing","floor":24,"turns":3},{"damage":9,"enemies":"Slavers","floor":29,"turns":2},{"damage":0,"enemies":"Gremlin Leader","floor":31,"turns":5},{"damage":54,"enemies":"Automaton","floor":33,"turns":6},{"damage":0,"enemies":"Orb Walker","floor":35,"turns":2},{"damage":43,"enemies":"3 Shapes","floor":37,"turns":3},{"damage":20,"enemies":"Jaw Worm Horde","floor":39,"turns":2},{"damage":0,"enemies":"4 Shapes","floor":41,"turns":3},{"damage":6,"enemies":"Giant Head","floor":42,"turns":4},{"damage":18,"enemies":"Nemesis","floor":44,"turns":3},{"damage":6,"enemies":"3 Darklings","floor":45,"turns":1},{"damage":20,"enemies":"Writhing Mass","floor":46,"turns":4},{"damage":6,"enemies":"Giant Head","floor":47,"turns":5},{"damage":55,"enemies":"Donu and Deca","floor":50,"turns":5},{"damage":19,"enemies":"Shield and Spear","floor":54,"turns":3},{"damage":79,"enemies":"The Heart","floor":55,"turns":3}],"seed_played":"-3008441105858799738","potions_obtained":[{"floor":1,"key":"Explosive Potion"},{"floor":3,"key":"FearPotion"},{"floor":4,"key":"Regen Potion"},{"floor":8,"key":"ElixirPotion"},{"floor":16,"key":"Block Potion"},{"floor":18,"key":"Fire Potion"},{"floor":22,"key":"FearPotion"},{"floor":24,"key":"SkillPotion"},{"floor":37,"key":"ElixirPotion"},{"floor":47,"key":"Energy Potion"}],"is_trial":false,"path_per_floor":["M","M","M","M","M","E","?","E","T","R","?","M","?","M","R","B",null,"M","$","M","?","M","R","E","R","T","$","R","E","R","E","R","B",null,"M","$","M","?","M","R","M","E","T","E","M","M","E","?","R","B",null,"R","$","E","B"],"character_chosen":"IRONCLAD","items_purchased":["Incense Burner","Brimstone","DollysMirror","Panacea","PreservedInsect","MerchantsRug","Membership Card","InkBottle","Letter Opener","Weak Potion","Fire Potion"],"campfire_rested":5,"item_purchase_floors":[0,0,19,19,27,36,53,53,53,53,53],"current_hp_per_floor":[37,43,49,54,60,60,60,35,35,68,65,71,53,59,80,11,63,57,57,49,49,25,64,50,84,84,84,84,81,84,88,88,40,76,82,82,47,47,35,79,91,92,92,80,80,66,68,68,89,40,79,92,92,79,0,0],"gold":54,"neow_bonus":"","is_daily":false,"chose_seed":false,"campfire_upgraded":4,"win_rate":0.0,"timestamp":1609357690,"path_taken":["M","M","M","M","M","E","?","E","T","R","?","?","?","M","R","BOSS","M","$","M","?","M","R","E","R","T","$","R","E","R","E","R","BOSS","M","$","M","?","M","R","?","E","T","E","M","M","E","?","R","BOSS","R","$","E","BOSS"],"items_purchased_type":["Relic","Relic","Relic","Card","Relic","Relic","Relic","Relic","Relic","Potion","Potion"],"build_version":"2020-12-18","purchased_purges":1,"victory":false,"max_hp_per_floor":[80,80,80,80,80,80,80,80,80,80,80,80,80,80,80,80,80,80,80,80,80,80,80,84,84,84,84,84,84,84,88,88,88,88,88,88,88,88,88,88,92,92,92,92,92,92,92,92,92,92,92,92,92,92,92,92],"card_choices":[{"not_picked":["Pommel Strike","Second Wind"],"picked":"Wild Strike","floor":1},{"not_picked":["Perfected Strike","Searing Blow"],"picked":"Intimidate","floor":2},{"not_picked":["Flame Barrier","Iron Wave"],"picked":"Sword Boomerang","floor":3},{"not_picked":["Flex","Clash"],"picked":"Pommel Strike","floor":4},{"not_picked":["Disarm","Fire Breathing"],"picked":"Bludgeon","floor":5},{"not_picked":["Berserk","Perfected Strike+1","Feel No Pain"],"picked":"SKIP","floor":6},{"not_picked":["Berserk","Perfected Strike+1","Feel No Pain"],"picked":"SKIP","floor":6},{"not_picked":["Searing Blow+1","Disarm"],"picked":"Pommel Strike+1","floor":8},{"not_picked":["Burning Pact","Carnage+1","Blood for Blood+1"],"picked":"SKIP","floor":12},{"not_picked":["Headbutt+1","Armaments"],"picked":"Sword Boomerang+1","floor":13},{"not_picked":["Carnage+1","Body Slam+1","Clash+1"],"picked":"SKIP","floor":14},{"not_picked":["Juggernaut","Offering"],"picked":"Double Tap","floor":16},{"not_picked":["Perfected Strike+1","True Grit"],"picked":"Thunderclap+1","floor":18},{"not_picked":["Iron Wave+1","Intimidate"],"picked":"Wild Strike+1","floor":20},{"not_picked":["Body Slam+1","Cleave+1"],"picked":"Feed+1","floor":22},{"not_picked":["Iron Wave+1","Wild Strike+1"],"picked":"Anger+1","floor":24},{"not_picked":["Perfected Strike+1","True Grit","Seeing Red"],"picked":"SKIP","floor":29},{"not_picked":["Metallicize","Disarm+1"],"picked":"Whirlwind+1","floor":31},{"not_picked":["Havoc","Searing Blow+1"],"picked":"Whirlwind+1","floor":35},{"not_picked":["Body Slam+1","Twin Strike+1"],"picked":"Pummel+1","floor":37},{"not_picked":["Anger+1","Pommel Strike+1"],"picked":"Thunderclap+1","floor":39},{"not_picked":["Armaments","Disarm"],"picked":"Heavy Blade+1","floor":40},{"not_picked":["Spot Weakness","Perfected Strike+1"],"picked":"Pummel+1","floor":41},{"not_picked":["Impervious","Dark Embrace+1","Metallicize+1"],"picked":"SKIP","floor":42},{"not_picked":["Entrench+1","Dark Embrace","Second Wind+1"],"picked":"SKIP","floor":44},{"not_picked":["Flex+1","Iron Wave+1","Anger+1"],"picked":"SKIP","floor":45},{"not_picked":["Power Through","Flex","Iron Wave+1"],"picked":"SKIP","floor":46},{"not_picked":["Infernal Blade","Metallicize","Warcry"],"picked":"SKIP","floor":47},{"not_picked":["Cleave+1","Perfected Strike+1","Clothesline+1"],"picked":"SKIP","floor":54}],"player_experience":1009370,"relics_obtained":[{"floor":6,"key":"Molten Egg 2"},{"floor":8,"key":"Centennial Puzzle"},{"floor":9,"key":"Eternal Feather"},{"floor":13,"key":"Odd Mushroom"},{"floor":24,"key":"Dream Catcher"},{"floor":26,"key":"Shuriken"},{"floor":29,"key":"Art of War"},{"floor":31,"key":"War Paint"},{"floor":42,"key":"HornCleat"},{"floor":44,"key":"Gremlin Horn"},{"floor":47,"key":"MealTicket"},{"floor":54,"key":"Boot"}],"event_choices":[{"damage_healed":0,"gold_gain":0,"player_choice":"Ignored","damage_taken":0,"max_hp_gain":0,"max_hp_loss":0,"event_name":"Shining Light","floor":7,"gold_loss":0},{"damage_healed":0,"gold_gain":0,"player_choice":"Success","damage_taken":3,"relics_obtained":["Anchor"],"max_hp_gain":0,"max_hp_loss":0,"event_name":"Scrap Ooze","floor":11,"gold_loss":0},{"damage_healed":0,"gold_gain":0,"player_choice":"Fought Mushrooms","damage_taken":0,"max_hp_gain":0,"max_hp_loss":0,"event_name":"Mushrooms","floor":13,"gold_loss":0},{"damage_healed":0,"gold_gain":0,"player_choice":"Opened","damage_taken":0,"relics_obtained":["Unceasing Top"],"max_hp_gain":0,"max_hp_loss":0,"event_name":"The Mausoleum","floor":21,"gold_loss":0,"cards_obtained":["Writhe"]},{"damage_healed":0,"gold_gain":0,"player_choice":"Copied","damage_taken":0,"max_hp_gain":0,"max_hp_loss":0,"event_name":"Duplicator","floor":38,"gold_loss":0,"cards_obtained":["Whirlwind"]},{"damage_healed":0,"gold_gain":0,"player_choice":"Upgrade","damage_taken":0,"max_hp_gain":0,"max_hp_loss":0,"event_name":"Designer","floor":48,"gold_loss":40,"cards_upgraded":["Pommel Strike"]}],"is_beta":true,"boss_relics":[{"not_picked":["Empty Cage","SacredBark"],"picked":"Cursed Key"},{"not_picked":["Runic Cube","Snecko Eye"],"picked":"Pandora\u0027s Box"}],"items_purged_floors":[27],"is_endless":false,"potions_floor_spawned":[1,3,4,8,16,18,22,24,37,39,41,47],"killed_by":"The Heart","ascension_level":12}}