{"host":"2461dio7vetlq1z3","time":1609330065,"event":{"mods":["2.2 Compatiblity","AchievementEnabler","Aspiration","BaseMod","Better Third Choice","Friendly Minions","Hermit","Minty Spire (QoL Compilation)","Relic Stats","Spicy Shops","StSLib","The Hierophant","Waifu the Spire"],"gold_per_floor":[111,111,121,121,121,161,161,175,230,230,42,42,82,25,25,115,115,131,144,167,91,114,114,147,165,165,165,165,165,191,191],"floor_reached":30,"playtime":1626,"items_purged":["Pain"],"score":636,"play_id":"1008ab57-2a32-45d5-833b-265b6c25b34e","local_time":"20201230130745","is_ascension_mode":true,"campfire_choices":[{"floor":7,"key":"REST"},{"floor":10,"key":"REST"},{"data":"Establishment","floor":12,"key":"SMITH"},{"floor":15,"key":"REST"},{"floor":23,"key":"REST"},{"floor":28,"key":"REST"}],"circlet_count":0,"master_deck":["AscendersBane","Strike_P","Strike_P","Defend_P","Defend_P","Defend_P","Defend_P","Eruption","Vigilance","Prostrate","WreathOfFlame","Establishment+1","Pray","MentalFortress","Prostrate","FlyingSleeves","Devotion","Wireheading","Collect","BattleHymn","Protect","Protect","FlurryOfBlows","Weave"],"relics":["aspiration:RunicSpoon","White Beast Statue","Bloody Idol","WarpedTongs","Anchor","Regal Pillow","aspiration:HiddenCompartment","Black Star","Lantern","Yang","TeardropLocket","Gremlin Horn"],"acts_visited":["Exordium","TheCity"],"potions_floor_usage":[13,16,22,30],"damage_taken":[{"damage":7.0,"enemies":"Jaw Worm","floor":1.0,"turns":4.0},{"damage":0.0,"enemies":"2 Louse","floor":3.0,"turns":2.0},{"damage":15,"enemies":"Lagavulin","floor":6,"turns":6},{"damage":6,"enemies":"Small Slimes","floor":8,"turns":3},{"damage":48,"enemies":"Gremlin Nob","floor":13,"turns":4},{"damage":0,"enemies":"Slime Boss","floor":16,"turns":4},{"damage":8,"enemies":"Shell Parasite","floor":18,"turns":3},{"damage":0,"enemies":"Chosen","floor":19,"turns":3},{"damage":0,"enemies":"Centurion and Healer","floor":20,"turns":6},{"damage":42,"enemies":"Snake Plant","floor":22,"turns":4},{"damage":15,"enemies":"Book of Stabbing","floor":24,"turns":4},{"damage":15,"enemies":"3 Cultists","floor":25,"turns":6},{"damage":35,"enemies":"Gremlin Leader","floor":30,"turns":5}],"seed_played":"-6225239139124054663","potions_obtained":[{"floor":3.0,"key":"EssenceOfSteel"},{"floor":6,"key":"Fire Potion"},{"floor":13,"key":"DuplicationPotion"},{"floor":16,"key":"AttackPotion"},{"floor":19,"key":"Fruit Juice"},{"floor":22,"key":"SteroidPotion"}],"is_trial":false,"path_per_floor":["M","?","M","?","?","E","R","M","T","R","$","R","E","$","R","B",null,"M","M","M","$","M","R","E","M","T","?","R","?","E"],"character_chosen":"WATCHER","items_purchased":["MentalFortress","FlyingSleeves","BattleHymn"],"campfire_rested":5,"item_purchase_floors":[11,14,21],"current_hp_per_floor":[54,28,28,28,28,13,31,25,25,58,58,58,10,10,43,43,57,49,49,49,49,12,47,32,17,17,17,52,52,22,22],"gold":191,"neow_bonus":"BOSS_RELIC","is_daily":false,"chose_seed":false,"campfire_upgraded":1,"win_rate":0.0,"timestamp":1609330065,"path_taken":["M","?","M","?","?","E","R","?","T","R","$","R","E","?","R","BOSS","M","M","?","$","M","R","E","M","T","?","R","?","E"],"items_purchased_type":["Card","Card","Card"],"build_version":"2020-12-22","purchased_purges":1,"victory":false,"max_hp_per_floor":[68,68,68,62,62,62,62,62,62,62,62,62,62,62,62,62,62,62,62,62,62,67,67,67,67,67,67,67,67,67,67],"relic_stats":{"Regal Pillow":60,"Gremlin Horn":[0,0],"counters":[13,54],"aspiration:RunicSpoon":[70],"Bloody Idol":5,"Yang":[25],"Black Star":2,"obtain_stats":[{"Regal Pillow":9,"Lantern":24,"Gremlin Horn":30,"Golden Idol":4,"aspiration:RunicSpoon":0,"Yang":24,"TeardropLocket":30,"aspiration:HiddenCompartment":13,"White Beast Statue":2,"WarpedTongs":5,"Anchor":6,"Bloody Idol":29,"Black Star":17,"PureWater":0},{"Regal Pillow":4,"Lantern":11,"Gremlin Horn":13,"Golden Idol":2,"aspiration:RunicSpoon":0,"Yang":11,"TeardropLocket":13,"aspiration:HiddenCompartment":5,"White Beast Statue":1,"WarpedTongs":2,"Anchor":3,"Bloody Idol":12,"Black Star":6,"PureWater":0},{"Regal Pillow":15,"Lantern":43,"Gremlin Horn":54,"Golden Idol":6,"aspiration:RunicSpoon":0,"Yang":43,"TeardropLocket":54,"aspiration:HiddenCompartment":19,"White Beast Statue":4,"WarpedTongs":6,"Anchor":12,"Bloody Idol":49,"Black Star":23,"PureWater":0}],"WarpedTongs":[48]},"card_choices":[{"not_picked":["Crescendo","ThirdEye"],"picked":"Prostrate","floor":1.0},{"not_picked":["Evaluate","ThirdEye"],"picked":"WreathOfFlame","floor":3.0},{"not_picked":["BowlingBash","LessonLearned"],"picked":"Establishment","floor":6},{"not_picked":["Halt","Evaluate"],"picked":"Pray","floor":8},{"not_picked":["Study","Consecrate"],"picked":"Prostrate","floor":13},{"not_picked":["Establishment","Blasphemy"],"picked":"Devotion","floor":16},{"not_picked":["EmptyBody+1","LikeWater","EmptyFist"],"picked":"SKIP","floor":18},{"not_picked":["EmptyBody","Swivel"],"picked":"Wireheading","floor":19},{"not_picked":["EmptyMind","FollowUp+1"],"picked":"Collect","floor":20},{"not_picked":["Consecrate","Swivel","Conclude"],"picked":"SKIP","floor":22},{"not_picked":["EmptyBody","CarveReality"],"picked":"Protect","floor":24},{"not_picked":["Fasting2","FollowUp"],"picked":"Protect","floor":25}],"player_experience":994692,"relics_obtained":[{"floor":6,"key":"Anchor"},{"floor":9,"key":"Regal Pillow"},{"floor":13,"key":"aspiration:HiddenCompartment"},{"floor":24,"key":"Lantern"},{"floor":24,"key":"Yang"},{"floor":30,"key":"TeardropLocket"},{"floor":30,"key":"Gremlin Horn"}],"event_choices":[{"damage_healed":0.0,"max_hp_gain":0.0,"max_hp_loss":0.0,"gold_gain":0.0,"event_name":"betterThird:BetterScrap","player_choice":"Relic ","floor":2.0,"gold_loss":0.0,"damage_taken":26.0,"cards_obtained":["Dropkick"]},{"damage_healed":0.0,"max_hp_gain":0.0,"max_hp_loss":6.0,"gold_gain":0.0,"event_name":"Golden Idol","player_choice":"Lose Max HP","floor":4.0,"gold_loss":0.0,"damage_taken":0.0,"relics_obtained":["Golden Idol"]},{"damage_healed":0.0,"max_hp_gain":0.0,"max_hp_loss":0.0,"gold_gain":0.0,"event_name":"Accursed Blacksmith","player_choice":"Rummage","floor":5.0,"gold_loss":0.0,"damage_taken":0.0,"relics_obtained":["WarpedTongs"],"cards_obtained":["Pain"]},{"damage_healed":0,"gold_gain":0,"cards_transformed":["Strike_P","Strike_P"],"player_choice":"Became Test Subject","damage_taken":0,"max_hp_gain":0,"max_hp_loss":0,"event_name":"Drug Dealer","floor":27,"gold_loss":0,"cards_obtained":["FlurryOfBlows","Weave"]},{"damage_healed":0,"gold_gain":0,"player_choice":"Gave Idol","damage_taken":0,"relics_obtained":["Bloody Idol"],"max_hp_gain":0,"max_hp_loss":0,"event_name":"Forgotten Altar","floor":29,"relics_lost":["Golden Idol"],"gold_loss":0}],"is_beta":false,"boss_relics":[{"not_picked":["VioletLotus","aspiration:PoetsPen_weak"],"picked":"Black Star"}],"items_purged_floors":[11],"is_endless":false,"potions_floor_spawned":[3,6,8,13,16,18,19,20,22,24,25],"killed_by":"Gremlin Leader","ascension_level":19}}