{"host":"w2kjv12xyhtt0cv2","time":1609341399,"event":{"mods":["Act Like it!","BaseMod","Colored Map","Friendly Minions","Gensokyo","Highlight Path","Hubris","Kiyohime（清姬）","Marisa（F雨　魔理沙）","Minty Spire (QoL Compilation)","Quick Restart","Reimu（博丽灵梦）","Relic Stats","Replay The Spire","RumiaBox-露米娅的神秘盒子","Shop Mod","Spicy Shops","StSLib","The Cursed","The Servant 0.9.4","UnlockEverythingMod","Waifu the Spire","[功能]功能增强和修复MOD","vexMod","【功能Mod】Neow奖励","【遗物卡牌】REMEMod","没有小屋子和绿帽子啦"],"gold_per_floor":[115,190,190,203,203,203,203],"floor_reached":6,"playtime":182,"items_purged":[],"score":44,"play_id":"ba2cd3e0-d475-4ea5-8feb-ca297423c694","local_time":"20201230231639","is_ascension_mode":true,"campfire_choices":[],"circlet_count":0,"master_deck":["Strike_S","Strike_S","Strike_S","Strike_S","Defend_S","Defend_S","Defend_S","Defend_S","KidneyShot","Exchange","Limit Break","Spin+1"],"relics":["Uniform","REME_ComplimentaryCards","hubris:MysteriousPyramids"],"acts_visited":["Exordium"],"potions_floor_usage":[],"damage_taken":[{"damage":12,"enemies":"Small Slimes","floor":1,"turns":5},{"damage":0,"enemies":"2 Louse","floor":4,"turns":2},{"damage":37,"enemies":"Lagavulin","floor":6,"turns":3}],"seed_played":"3610321427884574389","potions_obtained":[],"is_trial":false,"path_per_floor":["M","?","?","M","T","E"],"character_chosen":"THE_SERVANT","items_purchased":[],"campfire_rested":0,"item_purchase_floors":[],"current_hp_per_floor":[47,36,36,36,36,0,0],"gold":203,"neow_bonus":"RANDOM_EVENT","is_daily":false,"chose_seed":false,"campfire_upgraded":0,"win_rate":0.0,"timestamp":1609341399,"path_taken":["M","?","?","?","?","E"],"items_purchased_type":[],"build_version":"2020-12-22","purchased_purges":0,"victory":false,"max_hp_per_floor":[65,65,65,65,65,65,65],"relic_stats":{"counters":[3,10],"obtain_stats":[{"Uniform":0,"hubris:MysteriousPyramids":5,"REME_ComplimentaryCards":0},{"Uniform":0,"hubris:MysteriousPyramids":2,"REME_ComplimentaryCards":0},{"Uniform":0,"hubris:MysteriousPyramids":7,"REME_ComplimentaryCards":0}]},"card_choices":[{"not_picked":["TimeWarp","Barrier"],"picked":"Spin","floor":1},{"not_picked":["Rewind","Revamp","Starlight"],"picked":"SKIP","floor":4}],"player_experience":71652,"relics_obtained":[{"floor":5,"key":"hubris:MysteriousPyramids"}],"event_choices":[{"damage_healed":0,"gold_gain":75,"player_choice":"Gather Gold","damage_taken":11,"max_hp_gain":0,"max_hp_loss":0,"event_name":"World of Goop","floor":2,"gold_loss":0},{"damage_healed":0,"gold_gain":0,"player_choice":"Upgraded","damage_taken":0,"max_hp_gain":0,"max_hp_loss":0,"event_name":"Upgrade Shrine","floor":3,"gold_loss":0,"cards_upgraded":["Spin"]}],"is_beta":false,"boss_relics":[],"items_purged_floors":[],"is_endless":false,"potions_floor_spawned":[],"killed_by":"Lagavulin","ascension_level":6}}