{"host":"2qv44oxt58ptq59r","time":1609360765,"event":{"mods":["AchievementEnabler","BaseMod","Colored Powertips","Highlight Path","Minty Spire (QoL Compilation)","Permanent Neow","StSLib"],"gold_per_floor":[118,136,136,136,16,16,0,0,0,0,10,45,61,71,71,71,71],"floor_reached":16,"playtime":1553,"items_purged":[],"score":100,"play_id":"fc43d3a6-4dee-4d4d-ae5e-ed8e187daf04","local_time":"20201230203925","is_ascension_mode":false,"campfire_choices":[{"data":"Bash","floor":6.0,"key":"SMITH"},{"data":"Heavy Blade","floor":8.0,"key":"SMITH"},{"data":"Metallicize","floor":10.0,"key":"SMITH"},{"data":"Disarm","floor":15.0,"key":"SMITH"}],"circlet_count":0,"master_deck":["Strike_R","Strike_R","Strike_R","Strike_R","Defend_R","Defend_R","Defend_R","Defend_R","Bash+1","Heavy Blade+1","Metallicize+1","Disarm+1"],"relics":["Burning Blood","Ancient Tea Set","Omamori","Singing Bowl"],"acts_visited":["Exordium"],"potions_floor_usage":[16],"damage_taken":[{"damage":6.0,"enemies":"Cultist","floor":1.0,"turns":3.0},{"damage":3.0,"enemies":"Jaw Worm","floor":2.0,"turns":4.0},{"damage":0.0,"enemies":"2 Louse","floor":11.0,"turns":3.0},{"damage":16.0,"enemies":"Gremlin Nob","floor":12.0,"turns":4.0},{"damage":5.0,"enemies":"Exordium Wildlife","floor":13.0,"turns":3.0},{"damage":7.0,"enemies":"Looter","floor":14.0,"turns":3.0},{"damage":78,"enemies":"Slime Boss","floor":16,"turns":14}],"seed_played":"-5767227983577729669","potions_obtained":[{"floor":2.0,"key":"DuplicationPotion"},{"floor":14.0,"key":"DistilledChaos"}],"is_trial":false,"path_per_floor":["M","M","?","T","$","R","?","R","T","R","M","E","M","M","R","B"],"character_chosen":"IRONCLAD","items_purchased":["Metallicize","Dexterity Potion"],"campfire_rested":0,"item_purchase_floors":[5,5],"current_hp_per_floor":[80,80,73,73,73,73,73,73,73,73,79,69,72,73,73,0,0],"gold":71,"neow_bonus":"RANDOM_COMMON_RELIC","is_daily":false,"chose_seed":false,"campfire_upgraded":4,"win_rate":0.0,"timestamp":1609360765,"path_taken":["M","M","?","?","?","R","?","R","T","R","M","E","M","M","R","BOSS"],"items_purchased_type":["Card","Potion"],"build_version":"2020-12-22","purchased_purges":0,"victory":false,"max_hp_per_floor":[80,80,80,80,80,80,80,80,80,80,80,80,82,84,84,84,84],"card_choices":[{"not_picked":["Cleave","Dual Wield"],"picked":"Heavy Blade","floor":1.0},{"not_picked":["Iron Wave","Shrug It Off","Pommel Strike"],"picked":"SKIP","floor":2.0},{"not_picked":["Havoc","Armaments","Thunderclap"],"picked":"SKIP","floor":11.0},{"not_picked":["Combust","Offering"],"picked":"Disarm","floor":12.0},{"not_picked":["Flex","Headbutt","Clash"],"picked":"Singing Bowl","floor":13.0},{"not_picked":["Cleave","Wild Strike","Warcry"],"picked":"Singing Bowl","floor":14.0}],"player_experience":5104658,"relics_obtained":[{"floor":9.0,"key":"Omamori"},{"floor":12.0,"key":"Singing Bowl"}],"event_choices":[{"cards_removed":["Strike_R"],"damage_healed":0.0,"max_hp_gain":0.0,"max_hp_loss":0.0,"gold_gain":0.0,"event_name":"Golden Wing","player_choice":"Card Removal","floor":3.0,"gold_loss":0.0,"damage_taken":7.0},{"damage_healed":0.0,"max_hp_gain":0.0,"max_hp_loss":0.0,"gold_gain":0.0,"event_name":"World of Goop","player_choice":"Left Gold","floor":7.0,"gold_loss":16.0,"damage_taken":0.0}],"is_beta":false,"boss_relics":[],"items_purged_floors":[],"is_endless":false,"potions_floor_spawned":[2,14],"killed_by":"Slime Boss","ascension_level":0}}