{"host":"gk9qdtkqd8dwfeg2","time":1609325134,"event":{"mods":["Aspiration","BaseMod","Colored Powertips","KomeijiMod","Minty Spire (QoL Compilation)","Quick Restart","Replay The Spire","Shop Mod","StSLib","TestMod","The Gatherer","The Servant 0.9.4","Waifu the Spire","WarShipGirlsR/战舰少女R mod","Yuri Mod","【功能Mod】聪明的最终Boss"],"gold_per_floor":[114,130,55,55,69,69,99,99,99,99,99,133,58,88,88,173,173,193,193,211,45,45,45,53,53],"floor_reached":24,"playtime":645,"items_purged":[],"score":420,"play_id":"0e953eec-5f96-464d-8a85-9ac9a9966763","local_time":"20201230184534","is_ascension_mode":true,"campfire_choices":[{"data":"Mirror Shield","floor":6.0,"key":"SMITH"},{"data":"Eruption","floor":10.0,"key":"SMITH"},{"data":"ReplayTheSpireMod:Reroute Power","floor":15.0,"key":"SMITH"},{"floor":23.0,"key":"REST"}],"circlet_count":0,"master_deck":["AscendersBane","Strike_B","Strike_B","Strike_B","Defend_B","Defend_B","Defend_B","Defend_B","Panic Button","FTL","Mirror Shield+1","Darkness","Vigilance","Eruption+1","FIFO Queue","ReplayTheSpireMod:Reroute Power+1","aspiration:Polymerization","Multi-Cast","Coolheaded","Exhaustion"],"relics":["Cracked Core","testmod-TestBox","testmod-Fortitude","NeowsBlessing","Ancient Tea Set","White Beast Statue","Shuriken","Replay:Bandana","Inserter","MerchantsRug","Vajra"],"acts_visited":["Exordium","TheCity"],"potions_floor_usage":[24],"damage_taken":[{"damage":0.0,"enemies":"Cultist","floor":1.0,"turns":1.0},{"damage":6.0,"enemies":"2 Louse","floor":2.0,"turns":2.0},{"damage":0.0,"enemies":"Jaw Worm","floor":5.0,"turns":1.0},{"damage":6.0,"enemies":"Replay:BlueRogue","floor":7.0,"turns":7.0},{"damage":8.0,"enemies":"Lagavulin","floor":12.0,"turns":6.0},{"damage":8.0,"enemies":"Gremlin Nob","floor":14.0,"turns":3.0},{"damage":20.0,"enemies":"Slime Boss","floor":16.0,"turns":7.0},{"damage":12.0,"enemies":"Spheric Guardian","floor":18.0,"turns":2.0},{"damage":35.0,"enemies":"3 Byrds","floor":20.0,"turns":3.0},{"damage":29,"enemies":"Shelled Parasite and Fungi","floor":24,"turns":4}],"seed_played":"-5292542001148175769","potions_obtained":[{"floor":7.0,"key":"PotionOfCapacity"},{"floor":12.0,"key":"Death Potion"},{"floor":18.0,"key":"PowerPotion"},{"floor":20.0,"key":"SkillPotion"}],"is_trial":false,"path_per_floor":["M","M","?","$","M","R","E","?","T","R","?","E","$","E","R","B",null,"M","?","M","$","?","R","M"],"character_chosen":"DEFECT","items_purchased":["ReplayTheSpireMod:Reroute Power","MerchantsRug"],"campfire_rested":1,"item_purchase_floors":[13,21],"current_hp_per_floor":[64,58,58,58,58,58,52,52,52,52,52,44,44,36,36,16,57,45,45,10,10,10,31,2,2],"gold":53,"neow_bonus":"THREE_ENEMY_KILL","is_daily":false,"chose_seed":false,"campfire_upgraded":3,"win_rate":0.0,"timestamp":1609325134,"path_taken":["M","?","?","$","M","R","E","?","T","R","?","E","?","E","R","BOSS","M","?","M","$","?","R","?"],"items_purchased_type":["Card","Relic"],"build_version":"2020-12-22","purchased_purges":0,"victory":false,"max_hp_per_floor":[71,71,71,71,71,71,71,71,71,71,71,71,71,71,71,71,71,71,71,71,71,71,71,71,71],"card_choices":[{"not_picked":["Redo","Steam"],"picked":"Panic Button","floor":1.0},{"not_picked":["Leap","Loop"],"picked":"FTL","floor":2.0},{"not_picked":["Streamline","Coolheaded"],"picked":"Mirror Shield","floor":5.0},{"not_picked":["Conserve Battery","Ball Lightning"],"picked":"Darkness","floor":7.0},{"not_picked":["Time Bomb","Streamline"],"picked":"FIFO Queue","floor":12.0},{"not_picked":["Streamline","Genetic Algorithm"],"picked":"aspiration:Polymerization","floor":14.0},{"not_picked":["Hyperbeam","Thunder Strike"],"picked":"Multi-Cast","floor":16.0},{"not_picked":["Ball Lightning","Hologram"],"picked":"Coolheaded","floor":18.0},{"not_picked":["Hologram","Conserve Battery","Cold Snap+1"],"picked":"SKIP","floor":20.0}],"player_experience":582828,"relics_obtained":[{"floor":7.0,"key":"Ancient Tea Set"},{"floor":9.0,"key":"White Beast Statue"},{"floor":12.0,"key":"Shuriken"},{"floor":14.0,"key":"Replay:Bandana"}],"event_choices":[{"cards_removed":["Strike_B"],"damage_healed":0.0,"max_hp_gain":0.0,"max_hp_loss":0.0,"gold_gain":0.0,"event_name":"The Cleric","player_choice":"Card Removal","floor":3.0,"gold_loss":75.0,"damage_taken":0.0},{"damage_healed":0.0,"max_hp_gain":0.0,"max_hp_loss":0.0,"gold_gain":0.0,"event_name":"Shining Light","player_choice":"Ignored","floor":11.0,"gold_loss":0.0,"damage_taken":0.0},{"damage_healed":0.0,"max_hp_gain":0.0,"max_hp_loss":0.0,"gold_gain":0.0,"event_name":"WeMeetAgain","player_choice":"Gave Potion","floor":22.0,"gold_loss":0.0,"damage_taken":0.0,"relics_obtained":["Vajra"]}],"is_beta":false,"boss_relics":[{"not_picked":["aspiration:RandomNobGenerator","testmod-DreamHouse"],"picked":"Inserter"}],"items_purged_floors":[],"is_endless":false,"potions_floor_spawned":[7,12,14,16,18,20],"killed_by":"Shelled Parasite and Fungi","ascension_level":20}}