{"host":"68ryiucqar8jyfi2","time":1609348192,"event":{"mods":["2.2 Compatiblity","Act Like it!","Aspiration","BaseMod","Better Match","Better Note","Better Skull","Better Third Choice","CCEM","CapriCore","Curses Come First","Defuse TimeMaze Blight","Displayed Cursed Tome","Emptier Cage","Energized Spire","Friendly Minions","GifTheSpireLib","HexUI Lib","Hubris","Hyrulean Relics","Minty Spire (QoL Compilation)","Permanent Neow","RNG Fix","Replay The Spire","Robot Space Explorer","StSLib","Stuff the Spire","The Blue Laboratory","Trackpad","Transform Curses","Uncapped","Wandering Minibosses"],"gold_per_floor":[117,132,132,132,132,132,197,197,197,222,222,219,210,11,11,107,107,139,339,299,345,345,348,348,202,202,202,218,218,218,246,246,329,329,345,391,391,418,445,457,469,481,493,505,517,529,541,553,565,665,677,701,745,832,864,826,838,850,870,882,909,921,933,945,961,973,1088,1100,1126,1145,1966,2004,2040,2052,2064,2103,2138,2150,2190,2218,2254,2266,2392,2404,2442,2474,2486,2486],"floor_reached":88,"playtime":2639,"items_purged":["Strike_B"],"score":1900,"play_id":"1fb65f93-9b4e-4bd3-b910-63406b3a8ab8","local_time":"20201230170952","daily_mods":["Vintage","Heirloom","Flight"],"is_ascension_mode":false,"campfire_choices":[{"data":"Zap","floor":6.0,"key":"SMITH"},{"data":"Dualcast","floor":11.0,"key":"SMITH"},{"data":"Conserve Battery","floor":15.0,"key":"SMITH"},{"data":"ReplayTheSpireMod:Calculation Training","floor":24.0,"key":"SMITH"},{"floor":32.0,"key":"REST"},{"data":"Madness","floor":40.0,"key":"SMITH"},{"data":"Madness","floor":41.0,"key":"SMITH"},{"floor":42.0,"key":"DIG"},{"floor":44.0,"key":"DIG"},{"floor":45.0,"key":"DIG"},{"floor":46.0,"key":"DIG"},{"floor":49.0,"key":"DIG"},{"floor":57.0,"key":"DIG"},{"floor":58.0,"key":"DIG"},{"floor":62.0,"key":"DIG"},{"floor":63.0,"key":"DIG"},{"floor":64.0,"key":"DIG"},{"floor":66.0,"key":"DIG"},{"floor":74.0,"key":"DIG"},{"floor":75.0,"key":"DIG"},{"floor":79.0,"key":"DIG"}],"circlet_count":1,"master_deck":["Strike_B","Strike_B+1","Defend_B+1","Defend_B","Defend_B+1","Zap+1","Dualcast+1","ReplayTheSpireMod:Calculation Training+1","StuffTheSpire:Synthwave+1","Madness+1","Conserve Battery+1"],"relics":["Cracked Core","aspiration:AnachronicSnailShell","Shuriken","StuffTheSpire:CocoNut","hubris:SlimyHat","zeldaRelics:CourageTriforce","Counterbalance","Replay:Bandana","Bag of Marbles","Tiny Chest","zeldaRelics:WisdomTriforce","zeldaRelics:PowerTriforce","ReplayFunnel","StuffTheSpire:GrapeVine","zeldaRelics:HylianShield","InkBottle","Shovel","MawBank","Meat on the Bone","CCEMRelics:PorcelainBowl","trackpad:SappingStone","Vajra","Circlet","Potion Belt","Gremlin Horn","CCEMRelics:TechnogenicHelmet","CCEMRelics:DerglesHeadphones","Juzu Bracelet","StuffTheSpire:HeavyRock","Ancient Tea Set","Eternal Feather","Durian","hubris:Teleporter","hubris:TenFootPole","StuffTheSpire:Mouthbags","Carrot","hubris:VirtuousBlindfold","CCEMRelics:D6","Strawberry","wanderingMiniBosses:MasterThiefsPresence","hubris:SoftwareUpdate","Replay:Wax Seal","Pocketwatch","Simple Rune","trackpad:ZombieHeart","aspiration:SeaSaltIceCream","trackpad:ZombieHeart","Pen Nib","CCEMRelics:WhiteRose","Mummified Hand","trackpad:CultistFigurine","Nuclear Battery","hubris:Potato","Ornamental Fan"],"acts_visited":["Exordium","TheCity","TheBeyond","Exordium","TheCity","TheBeyond"],"potions_floor_usage":[],"damage_taken":[{"damage":1.0,"enemies":"Cultist","floor":1.0,"turns":3.0},{"damage":4.0,"enemies":"Small Slimes","floor":2.0,"turns":2.0},{"damage":27.0,"enemies":"Gremlin Nob","floor":7.0,"turns":4.0},{"damage":25.0,"enemies":"3 Sentries","floor":10.0,"turns":7.0},{"damage":0.0,"enemies":"2 Louse","floor":12.0,"turns":5.0},{"damage":1.0,"enemies":"2 Fungi Beasts","floor":13.0,"turns":6.0},{"damage":19.0,"enemies":"Hexaghost","floor":16.0,"turns":10.0},{"damage":6.0,"enemies":"Chosen","floor":18.0,"turns":4.0},{"damage":54.0,"enemies":"Gremlin Leader","floor":23.0,"turns":14.0},{"damage":0.0,"enemies":"Shell Parasite","floor":28.0,"turns":4.0},{"damage":13.0,"enemies":"Slavers","floor":31.0,"turns":4.0},{"damage":12.0,"enemies":"Automaton","floor":33.0,"turns":10.0},{"damage":0.0,"enemies":"Orb Walker","floor":35.0,"turns":3.0},{"damage":0.0,"enemies":"Mind Bloom Boss Battle","floor":36.0,"turns":6.0},{"damage":2.0,"enemies":"3 Shapes","floor":39.0,"turns":4.0},{"damage":12.0,"enemies":"Donu and Deca","floor":50.0,"turns":10.0},{"damage":0.0,"enemies":"Small Slimes","floor":52.0,"turns":2.0},{"damage":9.0,"enemies":"Lagavulin","floor":53.0,"turns":4.0},{"damage":0.0,"enemies":"Jaw Worm","floor":55.0,"turns":2.0},{"damage":0.0,"enemies":"2 Louse","floor":59.0,"turns":1.0},{"damage":6.0,"enemies":"Exordium Thugs","floor":61.0,"turns":3.0},{"damage":0.0,"enemies":"Looter","floor":65.0,"turns":2.0},{"damage":0.0,"enemies":"Slime Boss","floor":67.0,"turns":7.0},{"damage":0.0,"enemies":"Chosen","floor":69.0,"turns":3.0},{"damage":0.0,"enemies":"Shell Parasite","floor":70.0,"turns":3.0},{"damage":0.0,"enemies":"3 Cultists","floor":71.0,"turns":5.0},{"damage":0.0,"enemies":"Centurion and Healer","floor":72.0,"turns":4.0},{"damage":0.0,"enemies":"Cultist and Chosen","floor":73.0,"turns":4.0},{"damage":0.0,"enemies":"3 Cultists","floor":76.0,"turns":4.0},{"damage":0.0,"enemies":"Chosen and Byrds","floor":78.0,"turns":4.0},{"damage":0.0,"enemies":"Cultist and Chosen","floor":80.0,"turns":4.0},{"damage":0.0,"enemies":"Snake Plant","floor":81.0,"turns":2.0},{"damage":0.0,"enemies":"3 Cultists","floor":82.0,"turns":4.0},{"damage":0.0,"enemies":"Champ","floor":84.0,"turns":9.0},{"damage":0.0,"enemies":"3 Shapes","floor":86.0,"turns":4.0},{"damage":0.0,"enemies":"3 Darklings","floor":87.0,"turns":6.0},{"damage":0,"enemies":"4 Shapes","floor":88,"turns":1}],"seed_played":"-9172206458445391553","potions_obtained":[{"floor":13.0,"key":"blueLaboratory:RememoryPotion"},{"floor":16.0,"key":"Weak Potion"},{"floor":18.0,"key":"blueLaboratory:BottledHope"},{"floor":31.0,"key":"EssenceOfSteel"},{"floor":53.0,"key":"blueLaboratory:CoolantVial"},{"floor":59.0,"key":"Fire Potion"},{"floor":61.0,"key":"ColorlessPotion"},{"floor":70.0,"key":"Block Potion"}],"is_trial":true,"path_per_floor":["M","M","?","?","?","R","?","T","T","E","R","M","M","$","R","B",null,"M","?","?","T","T","E","R","$","T","?","M","T","?","E","R","B",null,"M","?","?","T","M","R","R","R","T","R","R","R","?","?","R","B",null,"M","E","?","M","?","R","R","M","T","M","R","R","R","M","R","B",null,"M","M","M","M","M","R","R","M","M","R","M","M","M","R","B",null,"M","M","M"],"character_chosen":"DEFECT","items_purchased":["Conserve Battery","Bag of Marbles","StuffTheSpire:Synthwave"],"campfire_rested":1,"item_purchase_floors":[14,14,25],"current_hp_per_floor":[74,70,70,77,82,82,55,55,55,30,30,30,29,29,29,10,82,76,76,76,76,76,22,22,22,22,22,22,22,22,9,33,21,82,82,82,72,72,70,70,70,70,70,70,70,70,82,82,82,70,82,82,73,62,62,62,62,62,62,62,56,67,73,79,84,87,87,87,87,94,94,94,94,94,94,94,96,96,100,102,108,108,110,110,116,130,130,130],"gold":2486,"neow_bonus":"","is_daily":false,"chose_seed":false,"campfire_upgraded":6,"win_rate":0.0,"timestamp":1609348192,"path_taken":["M","M","?","?","?","R","?","?","T","E","R","M","M","?","R","BOSS","M","?","?","?","?","E","R","?","T","?","?","?","?","E","R","BOSS","M","?","?","?","?","R","R","R","T","R","R","R","?","?","R","BOSS","M","?","?","?","?","R","R","M","T","M","R","R","R","M","R","BOSS","M","M","M","M","M","R","R","M","M","R","M","M","M","R","BOSS","M","M","M"],"items_purchased_type":["Card","Relic","Card"],"build_version":"2020-12-22","purchased_purges":1,"victory":false,"max_hp_per_floor":[75,75,75,82,82,82,82,82,82,82,82,82,82,82,82,82,82,82,82,82,82,82,82,82,82,82,82,82,82,82,82,82,82,82,82,82,82,82,82,82,82,82,82,82,82,82,82,82,82,82,82,82,82,82,82,82,82,82,82,82,82,87,87,87,87,87,87,87,87,94,94,94,94,94,94,94,96,96,100,102,108,108,110,110,116,130,130,130],"card_choices":[{"not_picked":["StuffTheSpire:ShieldGenerator","ReplaySolidLightProjector","ReplayTheSpireMod:Repulse"],"picked":"SKIP","floor":10.0},{"not_picked":["Electrodynamics","BasicCrystalCard"],"picked":"ReplayTheSpireMod:Calculation Training","floor":23.0},{"not_picked":["Force Field+1","Chaos","Streamline"],"picked":"SKIP","floor":31.0},{"not_picked":["Stack","Hologram","Sunder"],"picked":"SKIP","floor":53.0}],"player_experience":183325,"relics_obtained":[{"floor":1.0,"key":"Shuriken"},{"floor":7.0,"key":"hubris:SlimyHat"},{"floor":8.0,"key":"zeldaRelics:CouragePiece"},{"floor":9.0,"key":"zeldaRelics:CouragePiece"},{"floor":10.0,"key":"zeldaRelics:CouragePiece"},{"floor":12.0,"key":"Counterbalance"},{"floor":13.0,"key":"Replay:Bandana"},{"floor":18.0,"key":"Tiny Chest"},{"floor":21.0,"key":"zeldaRelics:WisdomPiece"},{"floor":22.0,"key":"zeldaRelics:WisdomPiece"},{"floor":23.0,"key":"zeldaRelics:WisdomPiece"},{"floor":26.0,"key":"zeldaRelics:PowerPiece"},{"floor":28.0,"key":"ReplayFunnel"},{"floor":29.0,"key":"zeldaRelics:PowerPiece"},{"floor":31.0,"key":"zeldaRelics:PowerPiece"},{"floor":35.0,"key":"InkBottle"},{"floor":36.0,"key":"Shovel"},{"floor":38.0,"key":"MawBank"},{"floor":39.0,"key":"Meat on the Bone"},{"floor":42.0,"key":"CCEMRelics:PorcelainBowl"},{"floor":43.0,"key":"trackpad:SappingStone"},{"floor":44.0,"key":"Vajra"},{"floor":45.0,"key":"Dead Branch"},{"floor":46.0,"key":"Potion Belt"},{"floor":49.0,"key":"Gremlin Horn"},{"floor":52.0,"key":"CCEMRelics:TechnogenicHelmet"},{"floor":55.0,"key":"CCEMRelics:DerglesHeadphones"},{"floor":57.0,"key":"Juzu Bracelet"},{"floor":58.0,"key":"StuffTheSpire:HeavyRock"},{"floor":59.0,"key":"Ancient Tea Set"},{"floor":60.0,"key":"Eternal Feather"},{"floor":62.0,"key":"Durian"},{"floor":63.0,"key":"hubris:Teleporter"},{"floor":64.0,"key":"hubris:TenFootPole"},{"floor":65.0,"key":"StuffTheSpire:Mouthbags"},{"floor":66.0,"key":"Carrot"},{"floor":69.0,"key":"CCEMRelics:D6"},{"floor":70.0,"key":"Strawberry"},{"floor":71.0,"key":"wanderingMiniBosses:MasterThiefsPresence"},{"floor":72.0,"key":"hubris:SoftwareUpdate"},{"floor":73.0,"key":"Replay:Wax Seal"},{"floor":74.0,"key":"Pocketwatch"},{"floor":75.0,"key":"Simple Rune"},{"floor":76.0,"key":"trackpad:ZombieHeart"},{"floor":78.0,"key":"aspiration:SeaSaltIceCream"},{"floor":79.0,"key":"Pen Nib"},{"floor":80.0,"key":"CCEMRelics:WhiteRose"},{"floor":81.0,"key":"Mummified Hand"},{"floor":82.0,"key":"trackpad:CultistFigurine"},{"floor":86.0,"key":"hubris:Potato"},{"floor":87.0,"key":"Ornamental Fan"}],"event_choices":[{"cards_removed":["StuffTheSpire:CleanHardDrive"],"damage_healed":0.0,"max_hp_gain":0.0,"max_hp_loss":0.0,"gold_gain":0.0,"event_name":"WeMeetAgain","player_choice":"Gave Card","floor":4.0,"gold_loss":0.0,"damage_taken":0.0,"relics_obtained":["StuffTheSpire:CocoNut"]},{"damage_healed":0.0,"max_hp_gain":0.0,"max_hp_loss":0.0,"gold_gain":30.0,"event_name":"Dead Adventurer","player_choice":"Searched \u00272\u0027 times","floor":7.0,"gold_loss":0.0,"damage_taken":0.0},{"damage_healed":0.0,"max_hp_gain":0.0,"max_hp_loss":0.0,"gold_gain":200.0,"event_name":"Wheel of Change","player_choice":"Gold","floor":19.0,"gold_loss":0.0,"damage_taken":0.0},{"damage_healed":0.0,"max_hp_gain":0.0,"max_hp_loss":0.0,"gold_gain":0.0,"event_name":"Designer","player_choice":"Upgraded Two","floor":20.0,"gold_loss":40.0,"damage_taken":0.0,"cards_upgraded":["Defend_B","Strike_B"]},{"damage_healed":0.0,"max_hp_gain":0.0,"max_hp_loss":0.0,"gold_gain":0.0,"event_name":"Accursed Blacksmith","player_choice":"Forge","floor":27.0,"gold_loss":0.0,"damage_taken":0.0,"cards_upgraded":["StuffTheSpire:Synthwave"]},{"damage_healed":0.0,"max_hp_gain":0.0,"max_hp_loss":0.0,"gold_gain":0.0,"event_name":"MindBloom","player_choice":"Fight","floor":36.0,"gold_loss":0.0,"damage_taken":0.0},{"damage_healed":0.0,"max_hp_gain":0.0,"max_hp_loss":0.0,"gold_gain":0.0,"event_name":"Winding Halls","player_choice":"Embrace Madness","floor":37.0,"gold_loss":0.0,"damage_taken":10.0,"cards_obtained":["Madness","Madness"]},{"cards_removed":["Madness"],"damage_healed":12.0,"max_hp_gain":0.0,"max_hp_loss":0.0,"gold_gain":0.0,"event_name":"Bonfire Elementals","player_choice":"Offered Uncommon","floor":47.0,"gold_loss":0.0,"damage_taken":0.0},{"damage_healed":0.0,"max_hp_gain":0.0,"max_hp_loss":0.0,"gold_gain":75.0,"event_name":"betterThird:BetterGoop","player_choice":"Gold","floor":54.0,"gold_loss":0.0,"damage_taken":11.0},{"cards_removed":["Strike_B"],"damage_healed":0.0,"max_hp_gain":0.0,"max_hp_loss":0.0,"gold_gain":0.0,"event_name":"The Cleric","player_choice":"Card Removal","floor":56.0,"gold_loss":50.0,"damage_taken":0.0}],"is_beta":false,"boss_relics":[{"not_picked":["ChewingGum","Calling Bell","aspiration:PoetsPen_weak"]},{"not_picked":["Ring of Chaos","energizedSpire:HugeHouse"],"picked":"zeldaRelics:HylianShield"},{"not_picked":["Kintsugi","aspiration:RunicSpoon","ReplayTheSpireMod:DimensionalGlitch"]},{"not_picked":["Replay:Drink Me","energizedSpire:HugeHouse"],"picked":"hubris:VirtuousBlindfold"},{"not_picked":["energizedSpire:RedRose","Snecko Eye"],"picked":"Nuclear Battery"}],"items_purged_floors":[25],"is_endless":true,"potions_floor_spawned":[13,16,18,31,39,53,59,61,70,72,73,81],"killed_by":"4 Shapes","ascension_level":0}}