{"host":"d5olfqytz4hp22h4","time":1609366819,"event":{"mods":["BaseMod","Downfall","Minty Spire (QoL Compilation)","StSLib"],"gold_per_floor":[99,110,128,128,148,148,171,184,202,236,236],"floor_reached":10,"playtime":464,"items_purged":[],"score":70,"play_id":"ed7b5f78-5b29-425d-a796-cbb98743c299","local_time":"20201230162019","is_ascension_mode":false,"campfire_choices":[{"data":"sneckomod:SnekBite","floor":1,"key":"SMITH"},{"data":"sneckomod:SerpentIdol","floor":6,"key":"SMITH"}],"circlet_count":0,"master_deck":["sneckomod:Strike","sneckomod:Strike","sneckomod:Strike","sneckomod:Defend","sneckomod:Defend","sneckomod:Defend","sneckomod:TailWhip","sneckomod:SnekBite+1","sneckomod:Unknown","sneckomod:Unknown","sneckomod:UnknownCommonSkill","sneckomod:SerpentIdol+1","sneckomod:MorePower","sneckomod:UnknownUncommonAttack+1","sneckomod:QuickBite"],"relics":["sneckomod:SneckoSoul","Juzu Bracelet"],"acts_visited":["Exordium"],"potions_floor_usage":[],"damage_taken":[{"damage":5,"enemies":"Small Slimes","floor":2,"turns":3},{"damage":0,"enemies":"Cultist","floor":3,"turns":2},{"damage":12,"enemies":"Jaw Worm","floor":5,"turns":3},{"damage":0,"enemies":"Gremlin Gang","floor":8,"turns":2},{"damage":2,"enemies":"Exordium Wildlife","floor":9,"turns":4},{"damage":32,"enemies":"Gremlin Nob","floor":10,"turns":4}],"seed_played":"3951852796462680758","potions_obtained":[{"floor":5,"key":"Dexterity Potion"}],"is_trial":false,"path_per_floor":["R","M","M","?","M","R","T","M","M","E"],"character_chosen":"THE_SNECKO","items_purchased":[],"campfire_rested":0,"item_purchase_floors":[],"current_hp_per_floor":[99,95,95,95,92,92,92,92,91,59,59],"gold":236,"neow_bonus":"TEN_PERCENT_HP_BONUS","is_daily":false,"chose_seed":false,"campfire_upgraded":2,"win_rate":0.0,"timestamp":1609366819,"path_taken":["R","M","M","?","M","R","T","M","M","E"],"items_purchased_type":[],"build_version":"2020-12-22","purchased_purges":0,"victory":false,"max_hp_per_floor":[99,100,100,100,100,100,100,100,101,101,101],"card_choices":[{"not_picked":["sneckomod:ImprovisedGuard","sneckomod:DiceBlock"],"picked":"sneckomod:UnknownCommonSkill","floor":2},{"not_picked":["sneckomod:UnknownX","sneckomod:SoulDraw"],"picked":"sneckomod:SerpentIdol","floor":3},{"not_picked":["sneckomod:UnknownCommonAttack","sneckomod:DiceCrush","sneckomod:SoulRoll"],"picked":"SKIP","floor":5},{"not_picked":["sneckomod:WideSting","sneckomod:UnknownVulnerable"],"picked":"sneckomod:MorePower","floor":8},{"not_picked":["sneckomod:UnknownX+1","sneckomod:UnknownClassTHE_CHAMP_GRAY+1"],"picked":"sneckomod:UnknownUncommonAttack+1","floor":9},{"not_picked":["sneckomod:UnknownClassBLUE","sneckomod:CheapStock"],"picked":"sneckomod:QuickBite","floor":9}],"player_experience":248754,"relics_obtained":[{"floor":7,"key":"Juzu Bracelet"}],"event_choices":[{"damage_healed":0,"gold_gain":0,"player_choice":"Ignored","damage_taken":0,"max_hp_gain":0,"max_hp_loss":0,"event_name":"NoteForYourself","floor":4,"gold_loss":0}],"is_beta":false,"boss_relics":[],"items_purged_floors":[],"is_endless":false,"potions_floor_spawned":[5],"killed_by":"Gremlin Nob","ascension_level":0}}