{"host":"r5cycnjhcbwgkpkf","time":1609357879,"event":{"mods":["2.2 Compatiblity","AchievementEnabler","BaseMod","Bestiary","Better Match","Better Note","Better Skull","Better Third Choice","BetterRewards","Colored Map","Colored Powertips","Downfall","Infinite Spire","Minty Spire (QoL Compilation)","Replay The Spire","Spicy Shops","StSLib"],"gold_per_floor":[115,115,126,146,146,175,175,209,236,236,246,246,280,309,309,388,388,398,417,417,417,417,417,337,337,337,357,373,398,398,426,426,530,530,579,634,691,691,763,763,763,845,845,845,914,914,121,121,121,121],"floor_reached":51,"playtime":2221,"items_purged":[],"score":2185,"play_id":"6747dc1e-f5d5-444d-be75-0745dce1e373","local_time":"20201230115119","is_ascension_mode":true,"campfire_choices":[{"floor":7,"key":"REST"},{"floor":10,"key":"REST"},{"data":"ReplayTheSpireMod:Muscle Training","floor":12,"key":"SMITH"},{"floor":15,"key":"DIG"},{"floor":23,"key":"REST"},{"data":"Berserk","floor":30,"key":"SMITH"},{"floor":32,"key":"REST"},{"floor":40,"key":"REST"},{"floor":46,"key":"REST"},{"data":"Rage","floor":49,"key":"SMITH"}],"circlet_count":0,"master_deck":["AscendersBane","Strike_R","Strike_R+1","Strike_R","Defend_R+1","Defend_R","Defend_R","Bash","Reaper","Evolve","Rampage","Headbutt","Rage+1","ReplayTheSpireMod:Muscle Training+1","Heavy Blade","Berserk+1","ReplayTheSpireMod:Muscle Training","Cleave","Immolate","AbeCurse","Flex+1","Parasite","Doubt"],"relics":["Burning Blood","Replay:WaspNest","PreservedInsect","hexamod:BolsterEngine","Toolbox","Bag of Marbles","Orichalcum","Akabeko","Charon\u0027s Ashes","Odd Mushroom","Red Skull","SlaversCollar","CaptainsWheel","Busted Crown","Bottled Lightning","Simple Rune","Durian","infinitespire:EvilPickle","Abe\u0027s Treasure","infinitespire:Joker Card","infinitespire:BottledMercury","Empty Cage","ReplayTheSpireMod:Ninjato","Replay:Ringing Soul","infinitespire:Broken Mirror","ClockworkSouvenir","Gremlin Horn","Letter Opener"],"acts_visited":["Exordium","TheCity","TheBeyond"],"potions_floor_usage":[27,36,50],"damage_taken":[{"damage":13,"enemies":"Jaw Worm","floor":1,"turns":4},{"damage":6,"enemies":"Cultist","floor":3,"turns":4},{"damage":7,"enemies":"Small Slimes","floor":4,"turns":3},{"damage":36,"enemies":"3 Sentries","floor":6,"turns":8},{"damage":29,"enemies":"Gremlin Nob","floor":8,"turns":4},{"damage":0,"enemies":"3 Louse","floor":11,"turns":1},{"damage":4,"enemies":"Lagavulin","floor":13,"turns":5},{"damage":0,"enemies":"The Mushroom Lair","floor":14,"turns":1},{"damage":44,"enemies":"Hexaghost","floor":16,"turns":5},{"damage":53,"enemies":"Shell Parasite","floor":18,"turns":5},{"damage":17,"enemies":"Chosen","floor":19,"turns":4},{"damage":1,"enemies":"3 Cultists","floor":27,"turns":3},{"damage":13,"enemies":"Snake Plant","floor":28,"turns":4},{"damage":16,"enemies":"Book of Stabbing","floor":29,"turns":4},{"damage":28,"enemies":"Slavers","floor":31,"turns":3},{"damage":27,"enemies":"Pondfish","floor":33,"turns":7},{"damage":6,"enemies":"3 Shapes","floor":35,"turns":2},{"damage":26,"enemies":"2 Orb Walkers","floor":36,"turns":4},{"damage":20,"enemies":"3 Darklings","floor":37,"turns":3},{"damage":24,"enemies":"Nemesis","floor":42,"turns":5},{"damage":43,"enemies":"Writhing Mass","floor":45,"turns":4},{"damage":90,"enemies":"Donu and Deca","floor":50,"turns":8}],"seed_played":"4771233864862791104","potions_obtained":[{"floor":3,"key":"Explosive Potion"},{"floor":4,"key":"SkillPotion"},{"floor":27,"key":"Dexterity Potion"},{"floor":28,"key":"SmokeBomb"},{"floor":37,"key":"Reflective Coating"}],"is_trial":false,"path_per_floor":["M","?","M","M","?","E","R","E","T","R","M","R","E","?","R_BF","B",null,"M","M","AVR","?","?","R","?","?","T","M","M","E","R","E","R","B",null,"M","?","M","AVR","T","R","?","E","T","?","M","R","$","?","R","B",null],"character_chosen":"IRONCLAD","items_purchased":["Replay:WaspNest","PreservedInsect","Reaper","hexamod:BolsterEngine","Evolve","Toolbox","ClockworkSouvenir","Gremlin Horn","Letter Opener","LifebloodPotion"],"campfire_rested":6,"item_purchase_floors":[0,0,0,0,0,0,47,47,47,47],"current_hp_per_floor":[43,43,49,48,53,35,59,43,43,67,73,73,75,80,80,42,71,33,31,31,31,47,71,71,71,71,80,79,77,77,60,85,84,85,85,65,57,57,57,82,82,64,64,64,46,72,72,91,91,20],"gold":121,"neow_bonus":"","is_daily":false,"chose_seed":false,"campfire_upgraded":3,"win_rate":0.0,"timestamp":1609357879,"path_taken":["M","?","M","?","?","E","R","E","T","R","M","R","E","?","R_BF","BOSS","M","M","AVR","?","?","R","?","?","T","M","M","E","R","E","R","BOSS","M","?","M","AVR","?","R","?","E","T","?","M","R","$","?","R","BOSS"],"items_purchased_type":["Relic","Relic","Card","Relic","Card","Relic","Relic","Relic","Relic","Potion"],"build_version":"2020-12-22","purchased_purges":0,"victory":true,"max_hp_per_floor":[75,75,75,75,80,80,80,80,80,80,80,80,80,80,80,80,80,80,80,80,80,80,80,80,80,80,80,80,80,80,85,85,85,85,85,85,85,85,85,85,85,85,85,85,88,88,88,91,91,91],"card_choices":[{"not_picked":["Sever Soul","ReplayTheSpireMod:Strike From Hell"],"picked":"Rampage","floor":1},{"not_picked":["Defy Death","Metallicize"],"picked":"Headbutt","floor":3},{"not_picked":["Pummel","Clash"],"picked":"Rage","floor":4},{"not_picked":["Headbutt","Thunderclap"],"picked":"ReplayTheSpireMod:Muscle Training","floor":6},{"not_picked":["Thunderclap","Replay:Undeath\u0027s Touch","Massacre"],"picked":"SKIP","floor":8},{"not_picked":["Run Through","Flex","Shrug It Off"],"picked":"SKIP","floor":11},{"not_picked":["Reckless Charge","ReplayTheSpireMod:Strike From Hell"],"picked":"Heavy Blade","floor":13},{"not_picked":["Brutality","Eclipse"],"picked":"Berserk","floor":16},{"not_picked":["Clash","Flex"],"picked":"ReplayTheSpireMod:Muscle Training","floor":18},{"not_picked":["Armaments","Clash","Clothesline"],"picked":"SKIP","floor":19},{"not_picked":[],"picked":"Cleave","floor":27},{"not_picked":["Entrench"],"picked":"SKIP","floor":28},{"not_picked":["Shrug It Off"],"picked":"SKIP","floor":29},{"not_picked":["Iron Wave"],"picked":"SKIP","floor":31},{"not_picked":[],"picked":"Immolate","floor":33},{"not_picked":["Flex"],"picked":"SKIP","floor":35},{"not_picked":[],"picked":"Flex+1","floor":36},{"not_picked":["Clothesline"],"picked":"SKIP","floor":37},{"not_picked":["Thunderclap"],"picked":"SKIP","floor":42},{"not_picked":["Warcry"],"picked":"SKIP","floor":45}],"player_experience":396293,"relics_obtained":[{"floor":6,"key":"Bag of Marbles"},{"floor":8,"key":"Orichalcum"},{"floor":9,"key":"Akabeko"},{"floor":13,"key":"Charon\u0027s Ashes"},{"floor":14,"key":"Odd Mushroom"},{"floor":15,"key":"Red Skull"},{"floor":26,"key":"Bottled Lightning"},{"floor":29,"key":"Simple Rune"},{"floor":31,"key":"Durian"},{"floor":36,"key":"infinitespire:Joker Card"},{"floor":39,"key":"ReplayTheSpireMod:Ninjato"},{"floor":42,"key":"Replay:Ringing Soul"},{"floor":43,"key":"infinitespire:Broken Mirror"}],"event_choices":[{"cards_removed":["Strike_R"],"damage_healed":0,"gold_gain":0,"player_choice":"Purged","damage_taken":0,"max_hp_gain":0,"max_hp_loss":0,"event_name":"Purifier","floor":2,"gold_loss":0},{"damage_healed":0,"gold_gain":0,"player_choice":"Donut","damage_taken":0,"max_hp_gain":5,"max_hp_loss":0,"event_name":"Big Fish","floor":5,"gold_loss":0},{"damage_healed":0,"gold_gain":0,"player_choice":"Fought Mushrooms","damage_taken":0,"max_hp_gain":0,"max_hp_loss":0,"event_name":"Mushrooms","floor":14,"gold_loss":0},{"damage_healed":16,"gold_gain":0,"player_choice":"Heal","damage_taken":0,"max_hp_gain":0,"max_hp_loss":0,"event_name":"The Library","floor":22,"gold_loss":0},{"damage_healed":0,"gold_gain":0,"player_choice":"Ignored","damage_taken":0,"max_hp_gain":0,"max_hp_loss":0,"event_name":"Ghosts","floor":25,"gold_loss":0},{"damage_healed":0,"gold_gain":0,"player_choice":"Fight","damage_taken":0,"max_hp_gain":0,"max_hp_loss":0,"event_name":"Mysterious Sphere","floor":36,"gold_loss":0},{"damage_healed":0,"gold_gain":0,"player_choice":"Ignored","damage_taken":0,"max_hp_gain":0,"max_hp_loss":0,"event_name":"Tomb of Lord Red Mask","floor":41,"gold_loss":0},{"damage_healed":16,"gold_gain":0,"player_choice":"Heal","damage_taken":0,"max_hp_gain":0,"max_hp_loss":0,"event_name":"MindBloom","floor":48,"gold_loss":0,"cards_obtained":["Doubt"]}],"is_beta":false,"boss_relics":[{"not_picked":["Replay:Ancient Bell","Runic Dome"],"picked":"SlaversCollar"},{"not_picked":["Cursed Key","Tiny House"],"picked":"Abe\u0027s Treasure"}],"items_purged_floors":[],"is_endless":false,"potions_floor_spawned":[3,4,8,13,19,27,28,31,37,42],"ascension_level":17}}