{"host":"uonldg9uriwfhjjx","time":1609309690,"event":{"mods":["AchievementEnabler","BaseMod","Minty Spire (QoL Compilation)","Relic Stats"],"gold_per_floor":[114,130,130,55,4,4,79,79,79,102,27,177,201,225,225,321,321,345,345,41,44,44,44,69,69,69],"floor_reached":25,"playtime":8460,"items_purged":["Doubt"],"score":334,"play_id":"fb04e2f3-92c1-4b1d-9dd3-e9ac931784ab","local_time":"20201230012810","is_ascension_mode":true,"campfire_choices":[{"data":"Backstab","floor":6,"key":"SMITH"},{"data":"Neutralize","floor":8,"key":"SMITH"},{"data":"Blade Dance","floor":15,"key":"SMITH"},{"floor":23,"key":"REST"}],"circlet_count":0,"master_deck":["AscendersBane","Strike_G","Strike_G","Strike_G","Strike_G","Defend_G","Defend_G","Defend_G","Defend_G","Defend_G","Survivor","Neutralize+1","Backstab+1","Cloak And Dagger","Footwork","Blade Dance+1","Cloak And Dagger","Infinite Blades","Escape Plan","Blade Dance"],"relics":["Ring of the Snake","Golden Idol","White Beast Statue","SlaversCollar","ClockworkSouvenir","Tough Bandages"],"acts_visited":["Exordium","TheCity"],"potions_floor_usage":[16,16,21,24],"damage_taken":[{"damage":0,"enemies":"Cultist","floor":1,"turns":4},{"damage":0,"enemies":"Small Slimes","floor":2,"turns":4},{"damage":0,"enemies":"2 Louse","floor":10,"turns":2},{"damage":3,"enemies":"Looter","floor":13,"turns":3},{"damage":0,"enemies":"3 Louse","floor":14,"turns":4},{"damage":34,"enemies":"Slime Boss","floor":16,"turns":14},{"damage":52,"enemies":"Spheric Guardian","floor":18,"turns":14},{"damage":5,"enemies":"2 Thieves","floor":21,"turns":4},{"damage":25,"enemies":"Sentry and Sphere","floor":24,"turns":9},{"damage":13,"enemies":"Slavers","floor":25,"turns":1}],"seed_played":"-8095806638312088575","potions_obtained":[{"floor":1,"key":"LiquidMemories"},{"floor":10,"key":"AttackPotion"},{"floor":16,"key":"Weak Potion"},{"floor":18,"key":"Explosive Potion"},{"floor":21,"key":"AttackPotion"},{"floor":24,"key":"Fire Potion"}],"is_trial":false,"path_per_floor":["M","M","?","?","$","R","?","R","T","M","$","?","M","M","R","B",null,"M","?","$","M","T","R","M","E"],"character_chosen":"THE_SILENT","items_purchased":["Cloak And Dagger","Footwork","Infinite Blades","ClockworkSouvenir"],"campfire_rested":1,"item_purchase_floors":[5,11,20,20],"current_hp_per_floor":[65,65,65,65,65,65,65,65,65,65,65,65,62,62,62,28,56,4,17,17,12,12,31,6,0,0],"gold":69,"neow_bonus":"TEN_PERCENT_HP_BONUS","is_daily":false,"chose_seed":false,"campfire_upgraded":3,"win_rate":0.0,"timestamp":1609309690,"path_taken":["M","?","?","?","$","R","?","R","T","M","?","?","?","M","R","BOSS","M","?","$","M","?","R","M","E"],"items_purchased_type":["Card","Card","Card","Relic"],"build_version":"2020-12-22","purchased_purges":1,"victory":false,"max_hp_per_floor":[72,72,65,65,65,65,65,65,65,65,65,65,65,65,65,65,65,65,65,65,65,65,65,65,65,65],"relic_stats":{"Tough Bandages":[3],"counters":[10,59],"Golden Idol":48,"obtain_stats":[{"SlaversCollar":17,"Tough Bandages":22,"Golden Idol":3,"White Beast Statue":9,"Ring of the Snake":0,"ClockworkSouvenir":20},{"SlaversCollar":6,"Tough Bandages":8,"Golden Idol":2,"White Beast Statue":2,"Ring of the Snake":0,"ClockworkSouvenir":7},{"SlaversCollar":31,"Tough Bandages":49,"Golden Idol":8,"White Beast Statue":8,"Ring of the Snake":0,"ClockworkSouvenir":45}],"Ring of the Snake":[20]},"card_choices":[{"not_picked":["Caltrops","PiercingWail"],"picked":"Backstab","floor":1},{"not_picked":["Deflect","Underhanded Strike","Dagger Spray"],"picked":"SKIP","floor":2},{"not_picked":["Dodge and Roll","Deflect","Underhanded Strike"],"picked":"SKIP","floor":10},{"not_picked":["Expertise","Deflect"],"picked":"Blade Dance","floor":13},{"not_picked":["Prepared","Quick Slash","Choke"],"picked":"SKIP","floor":14},{"not_picked":["Dodge and Roll","Poisoned Stab"],"picked":"Cloak And Dagger","floor":18},{"not_picked":["Sucker Punch","Acrobatics"],"picked":"Escape Plan","floor":21},{"not_picked":["Dodge and Roll","Deadly Poison"],"picked":"Blade Dance","floor":24}],"player_experience":674905,"relics_obtained":[{"floor":9,"key":"White Beast Statue"},{"floor":22,"key":"Tough Bandages"}],"event_choices":[{"damage_healed":0,"gold_gain":0,"player_choice":"Lose Max HP","damage_taken":0,"relics_obtained":["Golden Idol"],"max_hp_gain":0,"max_hp_loss":7,"event_name":"Golden Idol","floor":3,"gold_loss":0},{"cards_removed":["Strike_G"],"damage_healed":0,"gold_gain":0,"player_choice":"Card Removal","damage_taken":0,"max_hp_gain":0,"max_hp_loss":0,"event_name":"The Cleric","floor":4,"gold_loss":75},{"damage_healed":0,"gold_gain":75,"player_choice":"Gained Gold","damage_taken":0,"max_hp_gain":0,"max_hp_loss":0,"event_name":"Golden Wing","floor":7,"gold_loss":0},{"damage_healed":0,"gold_gain":150,"player_choice":"AGREE","damage_taken":0,"max_hp_gain":0,"max_hp_loss":0,"event_name":"Liars Game","floor":12,"gold_loss":0,"cards_obtained":["Doubt"]},{"damage_healed":13,"gold_gain":0,"player_choice":"Heal","damage_taken":0,"max_hp_gain":0,"max_hp_loss":0,"event_name":"The Library","floor":19,"gold_loss":0}],"is_beta":false,"boss_relics":[{"not_picked":["Snecko Eye","Sozu"],"picked":"SlaversCollar"}],"items_purged_floors":[20],"is_endless":false,"potions_floor_spawned":[1,10,13,14,16,18,21,24],"killed_by":"Slavers","ascension_level":15}}