{"host":"oigynbtg272c19pw","time":1609371530,"event":{"mods":["BaseMod","Colored Map","Minty Spire (QoL Compilation)","Relic Stats","StSLib"],"gold_per_floor":[419,434,434,24,24,58,58,93,93,93,93,93,93,103,103,179,179,191,202,213,229,247,247,274,274,274,284,284,209,235,235,235,235,235],"floor_reached":33,"playtime":1592,"items_purged":["Strike_G"],"score":636,"play_id":"55a4e09f-29f7-43f4-84ce-46615394f65f","local_time":"20201231003850","is_ascension_mode":true,"campfire_choices":[{"data":"Predator","floor":7.0,"key":"SMITH"},{"floor":12.0,"key":"REST"},{"data":"Malaise","floor":15.0,"key":"SMITH"},{"floor":23.0,"key":"REST"},{"floor":25.0,"key":"RECALL"},{"floor":28.0,"key":"REST"},{"floor":32,"key":"REST"}],"circlet_count":0,"master_deck":["AscendersBane","Strike_G+1","Defend_G","Defend_G","Defend_G","Defend_G","Defend_G","Survivor+1","Neutralize","Predator+1","PiercingWail","Glass Knife","Well Laid Plans","Endless Agony","Outmaneuver","Malaise+1","Reflex","Corpse Explosion","Calculated Gamble","Crippling Poison","Dash","Prepared","Deadly Poison","Unload"],"relics":["Ring of the Snake","Old Coin","Lee\u0027s Waffle","Lantern","Ornamental Fan","Fusion Hammer","Juzu Bracelet","Eternal Feather","Potion Belt"],"acts_visited":["Exordium","TheCity"],"potions_floor_usage":[30,30,33],"damage_taken":[{"damage":6.0,"enemies":"Cultist","floor":1.0,"turns":5.0},{"damage":1.0,"enemies":"Jaw Worm","floor":2.0,"turns":3.0},{"damage":42.0,"enemies":"Gremlin Nob","floor":6.0,"turns":5.0},{"damage":14.0,"enemies":"Lagavulin","floor":8.0,"turns":8.0},{"damage":0.0,"enemies":"2 Louse","floor":14.0,"turns":1.0},{"damage":19.0,"enemies":"The Guardian","floor":16.0,"turns":18.0},{"damage":7.0,"enemies":"Spheric Guardian","floor":18.0,"turns":6.0},{"damage":1.0,"enemies":"2 Thieves","floor":19.0,"turns":3.0},{"damage":3.0,"enemies":"Centurion and Healer","floor":20.0,"turns":8.0},{"damage":15.0,"enemies":"Shelled Parasite and Fungi","floor":21.0,"turns":8.0},{"damage":0.0,"enemies":"3 Cultists","floor":22.0,"turns":2.0},{"damage":16.0,"enemies":"Book of Stabbing","floor":24.0,"turns":8.0},{"damage":23.0,"enemies":"Cultist and Chosen","floor":27.0,"turns":5.0},{"damage":18,"enemies":"Slavers","floor":30,"turns":4},{"damage":127,"enemies":"Automaton","floor":33,"turns":12}],"seed_played":"5347897242542233482","potions_obtained":[{"floor":2.0,"key":"Dexterity Potion"},{"floor":14.0,"key":"Explosive Potion"},{"floor":18.0,"key":"FearPotion"},{"floor":24.0,"key":"Fire Potion"},{"floor":27.0,"key":"BlessingOfTheForge"},{"floor":30,"key":"Regen Potion"}],"is_trial":false,"path_per_floor":["M","M","?","$","?","E","R","E","T","?","$","R","?","M","R","B",null,"M","M","M","M","M","R","E","R","T","M","R","?","E","?","R","B"],"character_chosen":"THE_SILENT","items_purchased":["Glass Knife","Well Laid Plans","Lee\u0027s Waffle"],"campfire_rested":4,"item_purchase_floors":[4,4,4],"current_hp_per_floor":[53,52,34,67,72,30,30,16,16,16,16,37,37,37,37,18,59,52,51,48,33,33,54,38,38,38,15,51,51,33,33,66,0,0],"gold":235,"neow_bonus":"ONE_RARE_RELIC","is_daily":false,"chose_seed":false,"campfire_upgraded":2,"win_rate":0.0,"timestamp":1609371530,"path_taken":["M","?","?","$","?","E","R","E","T","?","$","R","?","M","R","BOSS","M","M","M","M","M","R","E","R","T","M","R","?","E","?","R","BOSS"],"items_purchased_type":["Card","Card","Relic"],"build_version":"2020-12-13","purchased_purges":1,"victory":false,"max_hp_per_floor":[60,60,60,67,72,72,72,72,72,72,72,72,72,72,72,72,72,72,72,72,72,72,72,72,72,72,72,72,72,72,72,72,72,72],"relic_stats":{"Lee\u0027s Waffle":33,"counters":[15,96],"Ornamental Fan":[56],"Eternal Feather":27,"Juzu Bracelet":0,"obtain_stats":[{"Potion Belt":30,"Lee\u0027s Waffle":4,"Lantern":6,"Ornamental Fan":8,"Eternal Feather":26,"Fusion Hammer":17,"Juzu Bracelet":24,"Ring of the Snake":0,"Old Coin":0},{"Potion Belt":14,"Lee\u0027s Waffle":2,"Lantern":3,"Ornamental Fan":4,"Eternal Feather":12,"Fusion Hammer":6,"Juzu Bracelet":12,"Ring of the Snake":0,"Old Coin":0},{"Potion Belt":84,"Lee\u0027s Waffle":8,"Lantern":13,"Ornamental Fan":21,"Eternal Feather":75,"Fusion Hammer":40,"Juzu Bracelet":75,"Ring of the Snake":0,"Old Coin":0}],"Ring of the Snake":[31]},"card_choices":[{"not_picked":["Acrobatics","PiercingWail"],"picked":"Predator","floor":1.0},{"not_picked":["Accuracy","Slice"],"picked":"PiercingWail","floor":2.0},{"not_picked":["Dodge and Roll","Slice"],"picked":"Endless Agony","floor":6.0},{"not_picked":["Skewer","Slice"],"picked":"Outmaneuver","floor":8.0},{"not_picked":["Dodge and Roll","Deflect"],"picked":"Reflex","floor":14.0},{"not_picked":["Unload","Tools of the Trade"],"picked":"Corpse Explosion","floor":16.0},{"not_picked":["Distraction+1","Skewer"],"picked":"Calculated Gamble","floor":18.0},{"not_picked":["Flying Knee","Underhanded Strike"],"picked":"Crippling Poison","floor":19.0},{"not_picked":["Blade Dance","Outmaneuver"],"picked":"Dash","floor":20.0},{"not_picked":["Blade Dance+1","Sucker Punch"],"picked":"Prepared","floor":21.0},{"not_picked":["Choke","Caltrops"],"picked":"Deadly Poison","floor":22.0},{"not_picked":["Crippling Poison","Backflip"],"picked":"Unload","floor":24.0},{"not_picked":["Bouncing Flask","Predator","Outmaneuver"],"picked":"SKIP","floor":27.0},{"not_picked":["Dagger Throw","Deflect","Sucker Punch"],"picked":"SKIP","floor":30}],"player_experience":1305893,"relics_obtained":[{"floor":6.0,"key":"Lantern"},{"floor":8.0,"key":"Ornamental Fan"},{"floor":24.0,"key":"Juzu Bracelet"},{"floor":26.0,"key":"Eternal Feather"},{"floor":30,"key":"Potion Belt"}],"event_choices":[{"damage_healed":0.0,"max_hp_gain":0.0,"max_hp_loss":0.0,"gold_gain":0.0,"event_name":"Shining Light","player_choice":"Entered Light","floor":3.0,"gold_loss":0.0,"damage_taken":18.0,"cards_upgraded":["Strike_G","Survivor"]},{"damage_healed":0.0,"max_hp_gain":5.0,"max_hp_loss":0.0,"gold_gain":0.0,"event_name":"Big Fish","player_choice":"Donut","floor":5.0,"gold_loss":0.0,"damage_taken":0.0},{"cards_removed":["Strike_G"],"damage_healed":0.0,"max_hp_gain":0.0,"max_hp_loss":0.0,"gold_gain":0.0,"event_name":"Living Wall","player_choice":"Forget","floor":10.0,"gold_loss":0.0,"damage_taken":0.0},{"damage_healed":0.0,"max_hp_gain":0.0,"max_hp_loss":0.0,"gold_gain":0.0,"cards_transformed":["Strike_G"],"event_name":"Transmorgrifier","player_choice":"Transformed","floor":13.0,"gold_loss":0.0,"damage_taken":0.0,"cards_obtained":["Malaise"]},{"cards_removed":["Strike_G"],"damage_healed":0.0,"max_hp_gain":0.0,"max_hp_loss":0.0,"gold_gain":0.0,"event_name":"Beggar","player_choice":"Gave Gold","floor":29.0,"gold_loss":75.0,"damage_taken":0.0},{"damage_healed":0,"gold_gain":0,"player_choice":"Ignored","damage_taken":0,"max_hp_gain":0,"max_hp_loss":0,"event_name":"Ghosts","floor":31,"gold_loss":0}],"is_beta":false,"boss_relics":[{"not_picked":["Coffee Dripper","SlaversCollar"],"picked":"Fusion Hammer"}],"items_purged_floors":[4],"is_endless":false,"potions_floor_spawned":[2,14,18,24,27,30],"killed_by":"Automaton","ascension_level":20}}