{"host":"7uuqqk35leady37t","time":1609316443,"event":{"mods":["BaseMod","Colored Map","Colored Powertips","Downfall","Marisa£®ÏF”Í°°ƒß¿Ì…≥£©","Minty Spire (QoL Compilation)","Robot Space Explorer","StSLib","The Bug Knight","The Servant 0.9.4","Waifu the Spire","Yuri Mod","[IsaacMod]“‘»ˆº‚À˛"],"gold_per_floor":[118,134,144,158,173,173,199,47,47,47,222,222,222,255,255,359,359,376,301,314,413,433,465,482,482,482,482,512,524,524,574,574,674,674,687,687,697,713,728,728,761,761,813,813,844,854,869,901,901,901],"floor_reached":51,"playtime":2474,"items_purged":[],"score":1062,"play_id":"48bf47ae-d69a-4383-af93-0873cc7e9d60","local_time":"20201230162043","is_ascension_mode":false,"campfire_choices":[{"data":"RobotSpaceExplorer:MiniLasers","floor":6.0,"key":"SMITH"},{"data":"BloodyBrimstone","floor":13.0,"key":"SMITH"},{"data":"RobotSpaceExplorer:PowerGlove","floor":15.0,"key":"SMITH"},{"data":"RobotSpaceExplorer:Autoloader","floor":25,"key":"SMITH"},{"data":"RobotSpaceExplorer:Scanner","floor":27,"key":"SMITH"},{"floor":32,"key":"REST"},{"data":"RobotSpaceExplorer:PowerCollector","floor":40,"key":"SMITH"},{"data":"RobotSpaceExplorer:Multitool","floor":42,"key":"SMITH"},{"floor":44,"key":"REST"},{"data":"RobotSpaceExplorer:ShovelStrike","floor":49,"key":"SMITH"}],"circlet_count":0,"master_deck":["RobotSpaceExplorer:Strike+1","RobotSpaceExplorer:Strike+1","RobotSpaceExplorer:Strike+1","RobotSpaceExplorer:Strike+1","RobotSpaceExplorer:Defend+1","RobotSpaceExplorer:Defend+1","RobotSpaceExplorer:Defend+1","RobotSpaceExplorer:Defend+1","RobotSpaceExplorer:Scan+1","RobotSpaceExplorer:MiniLasers+1","BloodyBrimstone+1","RobotSpaceExplorer:SurgingShield","RobotSpaceExplorer:ShovelStrike+1","RobotSpaceExplorer:Electropulse","RobotSpaceExplorer:ToxicBomb+1","RobotSpaceExplorer:MetalStrike","RobotSpaceExplorer:SurgingShield","RobotSpaceExplorer:PowerGlove+1","RobotSpaceExplorer:Scanner+1","RobotSpaceExplorer:Autoloader+1","expansioncontent:StudyTheSpire","RobotSpaceExplorer:SwiftStep","RobotSpaceExplorer:ScrapMissile+1","RobotSpaceExplorer:Pulsar+1","RobotSpaceExplorer:ImprovisedAttack+1","RobotSpaceExplorer:MiniDrones","RobotSpaceExplorer:PowerCollector+1","RobotSpaceExplorer:Multitool+1","RobotSpaceExplorer:SurgingStrike","CurseOfTheBell","RobotSpaceExplorer:ChargingLaser","RobotSpaceExplorer:FranticSearch","RobotSpaceExplorer:HighVoltage","Parasite","RobotSpaceExplorer:PowerGlove+1","RobotSpaceExplorer:Discharger+1","RobotSpaceExplorer:DualCore+1","RobotSpaceExplorer:StarLightning+1","RobotSpaceExplorer:SwiftStep+1","RobotSpaceExplorer:StarLightning+1","RobotSpaceExplorer:Reload+1"],"relics":["RobotSpaceExplorer:RoboCore","HushsDoor","SatanicBible","GuppysPaw","Juzu Bracelet","Mummified Hand","Mercury Hourglass","Nunchaku","Philosopher\u0027s Stone","RobotSpaceExplorer:FoglandsKnife","Mango","TheBible","BookOfRevelations","GnawedLeaf","Bronze Scales","Calling Bell","Toy Ornithopter","DoctorsRemote","Mummified Hand","White Beast Statue","War Paint","Molten Egg 2","RobotSpaceExplorer:PlasmaHourglass","Boot"],"acts_visited":["Exordium","TheCity","TheBeyond"],"potions_floor_usage":[24,45,50,50],"damage_taken":[{"damage":2.0,"enemies":"Jaw Worm","floor":1.0,"turns":6.0},{"damage":0.0,"enemies":"2 Louse","floor":2.0,"turns":3.0},{"damage":3.0,"enemies":"Small Slimes","floor":3.0,"turns":3.0},{"damage":0.0,"enemies":"Exordium Thugs","floor":4.0,"turns":1.0},{"damage":13.0,"enemies":"Large Slime","floor":5.0,"turns":6.0},{"damage":17.0,"enemies":"HollowMod:MossKnight","floor":7.0,"turns":9.0},{"damage":0.0,"enemies":"Lagavulin","floor":14.0,"turns":4.0},{"damage":0.0,"enemies":"Slime Boss","floor":16.0,"turns":5.0},{"damage":0.0,"enemies":"2 Thieves","floor":18.0,"turns":1.0},{"damage":0.0,"enemies":"Spheric Guardian","floor":20.0,"turns":4.0},{"damage":2.0,"enemies":"Cultist and Chosen","floor":22.0,"turns":4.0},{"damage":5.0,"enemies":"Book of Stabbing","floor":23.0,"turns":3.0},{"damage":0,"enemies":"Centurion and Healer","floor":24,"turns":5},{"damage":0,"enemies":"HollowMod:Nosk","floor":28,"turns":5},{"damage":0,"enemies":"3 Cultists","floor":29,"turns":1},{"damage":0,"enemies":"Hiden Room Battle","floor":31,"turns":3},{"damage":0,"enemies":"Collector","floor":33,"turns":4},{"damage":16,"enemies":"Orb Walker","floor":35,"turns":3},{"damage":0,"enemies":"3 Shapes","floor":37,"turns":1},{"damage":0,"enemies":"Writhing Mass","floor":38,"turns":3},{"damage":0,"enemies":"Transient","floor":39,"turns":5},{"damage":0,"enemies":"Reptomancer","floor":41,"turns":2},{"damage":0,"enemies":"Giant Head","floor":45,"turns":5},{"damage":0,"enemies":"Spire Growth","floor":46,"turns":2},{"damage":10,"enemies":"3 Darklings","floor":47,"turns":2},{"damage":0,"enemies":"Nemesis","floor":48,"turns":3},{"damage":13,"enemies":"Donu and Deca","floor":50,"turns":3}],"seed_played":"-2776229988781815368","potions_obtained":[{"floor":1.0,"key":"GamblersBrew"},{"floor":5.0,"key":"EssenceOfSteel"},{"floor":16.0,"key":"Fire Potion"},{"floor":18.0,"key":"RobotSpaceExplorer:RecyclePotion"},{"floor":20.0,"key":"Block Potion"},{"floor":39,"key":"Dexterity Potion"},{"floor":41,"key":"AttackPotion"},{"floor":45,"key":"SneckoOil"},{"floor":46,"key":"Guardian:BlockOnCardUsePotion"},{"floor":48,"key":"Swift Potion"}],"is_trial":false,"path_per_floor":["M","M","M","M","M","R","E","$","T","?","?","?","R","E","R","B",null,"M","?","M","?","M","E","M","R","T","R","E","M","?","?","R","B",null,"M","?","M","M","M","R","E","R","T","R","E","M","M","E","R","B",null],"character_chosen":"RobotSpaceExplorer","items_purchased":["Juzu Bracelet","RobotSpaceExplorer:Exploration","RobotSpaceExplorer:Autoloader","expansioncontent:StudyTheSpire","RobotSpaceExplorer:ChargingLaser"],"campfire_rested":2,"item_purchase_floors":[8,17,17,17,34],"current_hp_per_floor":[80,80,77,77,64,64,47,47,47,47,47,40,40,40,40,40,54,51,51,51,51,49,58,58,58,58,58,58,58,58,43,59,59,55,39,39,39,39,39,39,39,39,39,55,55,55,42,42,42,39],"gold":901,"neow_bonus":"TEN_PERCENT_HP_BONUS","is_daily":false,"chose_seed":false,"campfire_upgraded":8,"win_rate":0.0,"timestamp":1609316443,"path_taken":["M","M","M","M","M","R","E","$","T","?","?","?","R","E","R","BOSS","M","?","M","?","M","E","M","R","T","R","E","M","?","?","R","BOSS","M","?","M","M","M","R","E","R","T","R","E","M","M","E","R","BOSS"],"items_purchased_type":["Relic","Card","Card","Card","Card"],"build_version":"2020-12-22","purchased_purges":0,"victory":true,"max_hp_per_floor":[82,82,82,82,82,82,79,79,79,79,79,79,79,76,76,67,54,51,51,51,51,51,62,62,62,62,62,62,59,59,59,59,59,55,55,55,55,55,55,55,55,55,55,55,55,55,52,46,46,43],"card_choices":[{"not_picked":[],"picked":"BloodyBrimstone","floor":0.0},{"not_picked":["RobotSpaceExplorer:Probe","RobotSpaceExplorer:StunGrenade"],"picked":"RobotSpaceExplorer:SurgingShield","floor":1.0},{"not_picked":["RobotSpaceExplorer:StunGrenade","RobotSpaceExplorer:Calculate"],"picked":"RobotSpaceExplorer:ShovelStrike","floor":2.0},{"not_picked":["RobotSpaceExplorer:ScrapToss","RobotSpaceExplorer:Probe"],"picked":"RobotSpaceExplorer:Electropulse","floor":3.0},{"not_picked":["RobotSpaceExplorer:Autoloader","RobotSpaceExplorer:StunGrenade"],"picked":"RobotSpaceExplorer:ToxicBomb","floor":4.0},{"not_picked":["RobotSpaceExplorer:GlueShot","Bomb"],"picked":"RobotSpaceExplorer:MetalStrike","floor":5.0},{"not_picked":["RobotSpaceExplorer:StunGrenade","RobotSpaceExplorer:MetalStrike"],"picked":"RobotSpaceExplorer:SurgingShield","floor":7.0},{"not_picked":["RobotSpaceExplorer:SwiftStep","RobotSpaceExplorer:PlasmaMissile"],"picked":"RobotSpaceExplorer:PowerGlove","floor":14.0},{"not_picked":["RobotSpaceExplorer:Arsenal","RobotSpaceExplorer:Wormhole"],"picked":"RobotSpaceExplorer:Scanner","floor":16.0},{"not_picked":["RobotSpaceExplorer:ShockKick+1","RobotSpaceExplorer:StunGrenade"],"picked":"RobotSpaceExplorer:SwiftStep","floor":18.0},{"not_picked":["RobotSpaceExplorer:Discharger","RobotSpaceExplorer:PlasmaMissile"],"picked":"RobotSpaceExplorer:ScrapMissile+1","floor":20.0},{"not_picked":["RobotSpaceExplorer:FranticSearch","RobotSpaceExplorer:SwiftStep"],"picked":"RobotSpaceExplorer:Pulsar+1","floor":22.0},{"not_picked":["RobotSpaceExplorer:GlueShot","RobotSpaceExplorer:Blitz"],"picked":"RobotSpaceExplorer:ImprovisedAttack+1","floor":23.0},{"not_picked":["RobotSpaceExplorer:SurgingStrike","RobotSpaceExplorer:FrostMissile"],"picked":"RobotSpaceExplorer:MiniDrones","floor":24},{"not_picked":["RobotSpaceExplorer:MetalStrike+1","RobotSpaceExplorer:GlueSpray+1"],"picked":"RobotSpaceExplorer:PowerCollector","floor":28},{"not_picked":["RobotSpaceExplorer:ShovelStrike","RobotSpaceExplorer:ToxicBomb+1"],"picked":"RobotSpaceExplorer:Multitool","floor":29},{"not_picked":["RobotSpaceExplorer:ShovelStrike","RobotSpaceExplorer:GlueShot"],"picked":"RobotSpaceExplorer:SurgingStrike","floor":31},{"not_picked":["RobotSpaceExplorer:Blaster","RobotSpaceExplorer:Wormhole"],"picked":"RobotSpaceExplorer:Exploration","floor":33},{"not_picked":["RobotSpaceExplorer:Ammunition+1","RobotSpaceExplorer:Smokescreen+1"],"picked":"RobotSpaceExplorer:FranticSearch","floor":35},{"not_picked":["RobotSpaceExplorer:Calculate","RobotSpaceExplorer:Electroshield+1"],"picked":"RobotSpaceExplorer:HighVoltage","floor":37},{"not_picked":["RobotSpaceExplorer:Calculate+1","RobotSpaceExplorer:MiniDrones+1"],"picked":"RobotSpaceExplorer:PowerGlove+1","floor":38},{"not_picked":["RobotSpaceExplorer:JunkDive","RobotSpaceExplorer:Smokescreen"],"picked":"RobotSpaceExplorer:Discharger+1","floor":39},{"not_picked":["RobotSpaceExplorer:FrostMissile+1","RobotSpaceExplorer:Blaster"],"picked":"RobotSpaceExplorer:DualCore+1","floor":41},{"not_picked":["RobotSpaceExplorer:ShovelStrike+1","RobotSpaceExplorer:SelfCleaning+1"],"picked":"RobotSpaceExplorer:StarLightning+1","floor":45},{"not_picked":["RobotSpaceExplorer:GlueShot","RobotSpaceExplorer:FreezingShield"],"picked":"RobotSpaceExplorer:SwiftStep+1","floor":46},{"not_picked":["RobotSpaceExplorer:ScrapToss+1","RobotSpaceExplorer:MetalStrike+1"],"picked":"RobotSpaceExplorer:StarLightning+1","floor":47},{"not_picked":["RobotSpaceExplorer:SurgingStrike+1","RobotSpaceExplorer:Fix"],"picked":"RobotSpaceExplorer:Reload+1","floor":48}],"player_experience":19495,"relics_obtained":[{"floor":7.0,"key":"GuppysPaw"},{"floor":9.0,"key":"Mummified Hand"},{"floor":14.0,"key":"Nunchaku"},{"floor":20.0,"key":"RobotSpaceExplorer:FoglandsKnife"},{"floor":23.0,"key":"Mango"},{"floor":26,"key":"TheBible"},{"floor":28,"key":"BookOfRevelations"},{"floor":31,"key":"GnawedLeaf"},{"floor":31,"key":"Bronze Scales"},{"floor":34,"key":"Toy Ornithopter"},{"floor":34,"key":"DoctorsRemote"},{"floor":34,"key":"Diplopia"},{"floor":41,"key":"White Beast Statue"},{"floor":43,"key":"War Paint"},{"floor":45,"key":"Molten Egg 2"},{"floor":47,"key":"RobotSpaceExplorer:PlasmaHourglass"},{"floor":48,"key":"Boot"}],"event_choices":[{"damage_healed":0.0,"max_hp_gain":0.0,"max_hp_loss":0.0,"gold_gain":0.0,"event_name":"Big Fish","player_choice":"Box","floor":10.0,"gold_loss":0.0,"damage_taken":0.0,"relics_obtained":["Mercury Hourglass"],"cards_obtained":["Regret"]},{"damage_healed":0.0,"max_hp_gain":0.0,"max_hp_loss":0.0,"gold_gain":175.0,"event_name":"Liars Game","player_choice":"AGREE","floor":11.0,"gold_loss":0.0,"damage_taken":0.0,"cards_obtained":["Doubt"]},{"cards_removed":["Regret"],"damage_healed":0.0,"max_hp_gain":0.0,"max_hp_loss":0.0,"gold_gain":0.0,"event_name":"Golden Wing","player_choice":"Card Removal","floor":12.0,"gold_loss":0.0,"damage_taken":7.0},{"cards_removed":["Doubt"],"damage_healed":0.0,"max_hp_gain":0.0,"max_hp_loss":0.0,"gold_gain":0.0,"event_name":"Beggar","player_choice":"Gave Gold","floor":19.0,"gold_loss":75.0,"damage_taken":0.0},{"damage_healed":0.0,"max_hp_gain":0.0,"max_hp_loss":0.0,"gold_gain":99.0,"event_name":"Nest","player_choice":"Stole From Cult","floor":21.0,"gold_loss":0.0,"damage_taken":0.0},{"damage_healed":0,"gold_gain":0,"player_choice":"Simplicity","damage_taken":0,"max_hp_gain":0,"max_hp_loss":0,"event_name":"Back to Basics","floor":30,"gold_loss":0,"cards_upgraded":["RobotSpaceExplorer:Strike","RobotSpaceExplorer:Strike","RobotSpaceExplorer:Strike","RobotSpaceExplorer:Strike","RobotSpaceExplorer:Defend","RobotSpaceExplorer:Defend","RobotSpaceExplorer:Defend","RobotSpaceExplorer:Defend"]},{"damage_healed":0,"gold_gain":0,"player_choice":"Fight","damage_taken":0,"max_hp_gain":0,"max_hp_loss":0,"event_name":"HidenRoomEvent","floor":31,"gold_loss":0},{"damage_healed":0,"gold_gain":0,"player_choice":"Ignored","damage_taken":0,"max_hp_gain":0,"max_hp_loss":0,"event_name":"Tomb of Lord Red Mask","floor":36,"gold_loss":0}],"is_beta":false,"boss_relics":[{"not_picked":["Coffee Dripper","Snecko Eye"],"picked":"Philosopher\u0027s Stone"},{"not_picked":[]},{"not_picked":["RobotSpaceExplorer:SearchSpecs","SacredBark"],"picked":"Calling Bell"},{"not_picked":[]}],"items_purged_floors":[],"is_endless":false,"potions_floor_spawned":[1,5,16,18,20,22,39,41,45,46,47,48],"ascension_level":0}}