{"host":"ktoxvvst1mwxww91","time":1609324445,"event":{"mods":["BaseMod","Hermit","Minty Spire (QoL Compilation)","StSLib","The Hierophant","The Mystic","The Necromancer"],"gold_per_floor":[118,43,193,193,207,238,238,250,250,279,279,295,313,313,313,387,387,407,420,232,147,164,164,183,183,183,183,183,183,213,26,26,97,97,111,111,128,128,128],"floor_reached":38,"playtime":1143,"items_purged":["Strike_B","Strike_B","Parasite"],"score":790,"play_id":"88de9f2e-1368-4125-b9e9-db2e4499c8c5","local_time":"20201230113405","is_ascension_mode":true,"campfire_choices":[{"data":"Dualcast","floor":7.0,"key":"SMITH"},{"data":"Zap","floor":11.0,"key":"SMITH"},{"floor":15.0,"key":"REST"},{"data":"Fission","floor":23.0,"key":"SMITH"},{"floor":25.0,"key":"REST"},{"floor":27.0,"key":"REST"},{"data":"Static Discharge","floor":32.0,"key":"SMITH"}],"circlet_count":0,"master_deck":["AscendersBane","Defend_B","Defend_B","Defend_B","Defend_B","Zap+1","Dualcast+1","Consume","Ball Lightning","Buffer","Echo Form","Machine Learning","Electrodynamics","Leap","Fission+1","Go for the Eyes+1","Recycle","Storm","Conserve Battery","Loop","Storm","Static Discharge+1","Self Repair","Fission","CurseOfTheBell","Ball Lightning","Redo","Capacitor"],"relics":["Cracked Core","NeowsBlessing","Bottled Lightning","The Courier","Symbiotic Virus","Velvet Choker","Membership Card","Matryoshka","Bag of Preparation","Gremlin Horn","MealTicket","Calling Bell","Orichalcum","Meat on the Bone","TungstenRod"],"acts_visited":["Exordium","TheCity","TheBeyond"],"potions_floor_usage":[38],"damage_taken":[{"damage":0.0,"enemies":"Small Slimes","floor":1.0,"turns":1.0},{"damage":0.0,"enemies":"2 Louse","floor":5.0,"turns":1.0},{"damage":0.0,"enemies":"Gremlin Nob","floor":6.0,"turns":1.0},{"damage":0.0,"enemies":"Cultist","floor":8.0,"turns":3.0},{"damage":35.0,"enemies":"3 Sentries","floor":10.0,"turns":6.0},{"damage":7.0,"enemies":"Looter","floor":12.0,"turns":3.0},{"damage":4.0,"enemies":"Blue Slaver","floor":13.0,"turns":3.0},{"damage":25.0,"enemies":"The Guardian","floor":16.0,"turns":9.0},{"damage":10.0,"enemies":"Spheric Guardian","floor":18.0,"turns":4.0},{"damage":21.0,"enemies":"Shell Parasite","floor":19.0,"turns":8.0},{"damage":6.0,"enemies":"Shelled Parasite and Fungi","floor":22.0,"turns":5.0},{"damage":20.0,"enemies":"Sentry and Sphere","floor":24.0,"turns":6.0},{"damage":25.0,"enemies":"Book of Stabbing","floor":30.0,"turns":5.0},{"damage":25.0,"enemies":"Champ","floor":33.0,"turns":11.0},{"damage":1.0,"enemies":"3 Darklings","floor":35.0,"turns":2.0},{"damage":9.0,"enemies":"Orb Walker","floor":37.0,"turns":4.0},{"damage":66,"enemies":"Spire Growth","floor":38,"turns":4}],"seed_played":"1301802919446314575","potions_obtained":[{"floor":5.0,"key":"SneckoOil"},{"floor":12.0,"key":"SpeedPotion"},{"floor":13.0,"key":"Dexterity Potion"},{"floor":16.0,"key":"Dexterity Potion"},{"floor":18.0,"key":"Fire Potion"},{"floor":19.0,"key":"DuplicationPotion"},{"floor":22.0,"key":"SteroidPotion"},{"floor":35.0,"key":"FocusPotion"}],"is_trial":false,"path_per_floor":["M","$","?","?","M","E","R","M","T","E","R","M","M","?","R","B",null,"M","M","$","?","M","R","M","R","T","R","?","?","E","$","R","B",null,"M","?","M","M"],"character_chosen":"DEFECT","items_purchased":["Membership Card","Loop","Storm","Static Discharge","Self Repair"],"campfire_rested":3,"item_purchase_floors":[20,31,31,31,31],"current_hp_per_floor":[64,64,64,64,64,64,64,64,64,29,29,22,18,35,56,31,61,51,30,30,30,24,24,4,25,25,46,46,60,35,50,50,32,59,65,65,63,0,0],"gold":128,"neow_bonus":"THREE_ENEMY_KILL","is_daily":false,"chose_seed":false,"campfire_upgraded":4,"win_rate":0.0,"timestamp":1609324445,"path_taken":["M","$","?","?","?","E","R","M","T","E","R","M","M","?","R","BOSS","M","M","$","?","M","R","M","R","T","R","?","?","E","$","R","BOSS","M","?","M","M"],"items_purchased_type":["Relic","Card","Card","Card","Card"],"build_version":"2020-12-22","purchased_purges":3,"victory":false,"max_hp_per_floor":[71,71,71,71,71,71,71,71,71,71,71,71,71,71,71,71,71,71,71,71,71,71,71,71,71,71,71,71,71,71,68,68,68,68,68,68,68,68,68],"card_choices":[{"not_picked":["Barrage","Steam"],"picked":"Consume","floor":1.0},{"not_picked":["Stack","Leap"],"picked":"Ball Lightning","floor":5.0},{"not_picked":["Steam","Turbo"],"picked":"Buffer","floor":6.0},{"not_picked":["Barrage","Fusion","Rip and Tear"],"picked":"SKIP","floor":8.0},{"not_picked":["Scrape","Compile Driver"],"picked":"Echo Form","floor":10.0},{"not_picked":["Sweeping Beam","Rip and Tear"],"picked":"Chill","floor":12.0},{"not_picked":["Hologram","Stack"],"picked":"Machine Learning","floor":13.0},{"not_picked":["Machine Learning","All For One"],"picked":"Electrodynamics","floor":16.0},{"not_picked":["Auto Shields","Compile Driver"],"picked":"Leap","floor":18.0},{"not_picked":["Blizzard","Beam Cell+1","Consume"],"picked":"SKIP","floor":19.0},{"not_picked":["Scrape","Compile Driver"],"picked":"Fission","floor":22.0},{"not_picked":["Force Field","Streamline"],"picked":"Go for the Eyes+1","floor":24.0},{"not_picked":["Multi-Cast","Gash"],"picked":"Conserve Battery","floor":30.0},{"not_picked":["All For One","Multi-Cast"],"picked":"Fission","floor":33.0},{"not_picked":["Melter","Rebound+1"],"picked":"Ball Lightning","floor":35.0},{"not_picked":["Reprogram","Gash"],"picked":"Capacitor","floor":37.0}],"player_experience":945000,"relics_obtained":[{"floor":6.0,"key":"Bottled Lightning"},{"floor":9.0,"key":"The Courier"},{"floor":10.0,"key":"Symbiotic Virus"},{"floor":26.0,"key":"Bag of Preparation"},{"floor":26.0,"key":"Gremlin Horn"},{"floor":30.0,"key":"MealTicket"},{"floor":34.0,"key":"Orichalcum"},{"floor":34.0,"key":"Meat on the Bone"},{"floor":34.0,"key":"TungstenRod"}],"event_choices":[{"damage_healed":0.0,"max_hp_gain":0.0,"max_hp_loss":0.0,"gold_gain":150.0,"event_name":"Liars Game","player_choice":"AGREE","floor":3.0,"gold_loss":0.0,"damage_taken":0.0,"cards_obtained":["Doubt"]},{"cards_removed":["Doubt"],"damage_healed":0.0,"max_hp_gain":0.0,"max_hp_loss":0.0,"gold_gain":0.0,"event_name":"Fountain of Cleansing","player_choice":"Removed Curses","floor":4.0,"gold_loss":0.0,"damage_taken":0.0},{"damage_healed":17.0,"max_hp_gain":0.0,"max_hp_loss":0.0,"gold_gain":0.0,"event_name":"Mushrooms","player_choice":"Healed and dodged fight","floor":14.0,"gold_loss":0.0,"damage_taken":0.0,"cards_obtained":["Parasite"]},{"damage_healed":0.0,"max_hp_gain":0.0,"max_hp_loss":0.0,"gold_gain":0.0,"event_name":"Addict","player_choice":"Obtained Relic","floor":21.0,"gold_loss":85.0,"damage_taken":0.0,"relics_obtained":["Matryoshka"]},{"damage_healed":0.0,"max_hp_gain":0.0,"max_hp_loss":0.0,"gold_gain":0.0,"cards_transformed":["Strike_B","Strike_B"],"event_name":"Drug Dealer","player_choice":"Became Test Subject","floor":28.0,"gold_loss":0.0,"damage_taken":0.0,"cards_obtained":["Recycle","Storm"]},{"damage_healed":14.0,"max_hp_gain":0.0,"max_hp_loss":0.0,"gold_gain":0.0,"event_name":"The Library","player_choice":"Heal","floor":29.0,"gold_loss":0.0,"damage_taken":0.0},{"damage_healed":0.0,"max_hp_gain":0.0,"max_hp_loss":0.0,"gold_gain":0.0,"cards_transformed":["Chill"],"event_name":"Transmorgrifier","player_choice":"Transformed","floor":36.0,"gold_loss":0.0,"damage_taken":0.0,"cards_obtained":["Redo"]}],"is_beta":false,"boss_relics":[{"not_picked":["SlaversCollar","FrozenCore"],"picked":"Velvet Choker"},{"not_picked":["Cursed Key","Nuclear Battery"],"picked":"Calling Bell"}],"items_purged_floors":[2,20,31],"is_endless":false,"potions_floor_spawned":[5,12,13,16,18,19,22,35],"killed_by":"Spire Growth","ascension_level":17}}