{"host":"j29osl8nelwi4hyu","time":1609368182,"event":{"mods":["BaseMod","Colored Powertips","Hubris","Infinite Spire","Minty Spire (QoL Compilation)","Replay The Spire","StSLib"],"gold_per_floor":[115,115,127,127,21,46,46,79,103,113,130,130,156,168,168,265,265,255,366,281,281,281],"floor_reached":21,"playtime":744,"items_purged":[],"score":302,"play_id":"aee82fb4-2e70-4652-bd31-11e83ecaf4ab","local_time":"20201230144302","is_ascension_mode":true,"campfire_choices":[{"data":"Rainbow","floor":7,"key":"SMITH"},{"floor":12,"key":"RECALL"},{"floor":15,"key":"REST"}],"circlet_count":0,"master_deck":["Strike_B","Strike_B","Strike_B","Strike_B","Defend_B+1","Defend_B","Defend_B","Defend_B","Zap","Dualcast","Ball Lightning","Sweeping Beam","Rainbow+1","Compile Driver","Darkness","Echo Form","Buffer","Panic Button","hubris:SpecializedCircuitry","Cold Snap","Static Discharge"],"relics":["Cracked Core","NeowsBlessing","hubris:Icosahedron","PreservedInsect","hubris:Spice","InkBottle","Bag of Marbles","SlaversCollar","infinitespire:ShieldingShard"],"acts_visited":["Exordium","TheCity"],"potions_floor_usage":[14,16,19],"damage_taken":[{"damage":0,"enemies":"Jaw Worm","floor":1,"turns":1},{"damage":0,"enemies":"2 Louse","floor":3,"turns":1},{"damage":0,"enemies":"Gremlin Nob","floor":6,"turns":1},{"damage":26,"enemies":"3 Sentries","floor":8,"turns":6},{"damage":0,"enemies":"Cultist","floor":10,"turns":3},{"damage":4,"enemies":"Looter","floor":11,"turns":3},{"damage":33,"enemies":"Gremlin Nob","floor":13,"turns":4},{"damage":11,"enemies":"Exordium Wildlife","floor":14,"turns":5},{"damage":27,"enemies":"Hexaghost","floor":16,"turns":8},{"damage":22,"enemies":"2 Thieves","floor":18,"turns":4},{"damage":22,"enemies":"Spheric Guardian","floor":19,"turns":4},{"damage":30,"enemies":"3 Cultists","floor":21,"turns":3}],"seed_played":"8084855197941903549","potions_obtained":[{"floor":10,"key":"Dexterity Potion"},{"floor":11,"key":"FairyPotion"},{"floor":13,"key":"FocusPotion"},{"floor":16,"key":"FocusPotion"},{"floor":18,"key":"SpeedPotion"}],"is_trial":false,"path_per_floor":["M","?","M","?","?","E","R","E","T","M","M","R","E","M","R","B",null,"M","M","?","M"],"character_chosen":"DEFECT","items_purchased":[],"campfire_rested":1,"item_purchase_floors":[],"current_hp_per_floor":[68,68,68,68,68,76,76,50,50,50,46,46,13,2,26,24,68,46,24,24,0,0],"gold":281,"neow_bonus":"THREE_ENEMY_KILL","is_daily":false,"chose_seed":false,"campfire_upgraded":1,"win_rate":0.0,"timestamp":1609368182,"path_taken":["M","?","M","?","?","E","R","E","T","M","?","R","E","M","R","BOSS","M","M","?","M"],"items_purchased_type":[],"build_version":"2020-12-22","purchased_purges":0,"victory":false,"max_hp_per_floor":[75,75,75,75,75,83,83,83,83,83,83,83,83,83,83,83,83,83,83,83,83,83],"card_choices":[{"not_picked":["Coolheaded","Streamline"],"picked":"Ball Lightning","floor":1},{"not_picked":["Rebound","Barrage"],"picked":"Sweeping Beam","floor":3},{"not_picked":["Sweeping Beam","Rebound"],"picked":"Rainbow","floor":6},{"not_picked":["Storm","ReplaySort"],"picked":"Compile Driver","floor":8},{"not_picked":["Turbo","Ball Lightning"],"picked":"Darkness","floor":10},{"not_picked":["Chaos","Barrage"],"picked":"Echo Form","floor":11},{"not_picked":["FTL","Recycle"],"picked":"Buffer","floor":13},{"not_picked":["Darkness","Reinforced Body"],"picked":"Panic Button","floor":14},{"not_picked":["Meteor Strike","All For One"],"picked":"hubris:SpecializedCircuitry","floor":16},{"not_picked":["Streamline","Stack"],"picked":"Cold Snap","floor":18},{"not_picked":["Lockon+1","ReplayTheSpireMod:Reroute Power"],"picked":"Static Discharge","floor":19}],"player_experience":300156,"relics_obtained":[{"floor":6,"key":"hubris:Spice"},{"floor":8,"key":"InkBottle"},{"floor":13,"key":"Bag of Marbles"}],"event_choices":[{"damage_healed":0,"gold_gain":0,"player_choice":"Paid Gold","damage_taken":0,"relics_obtained":["PreservedInsect"],"max_hp_gain":0,"max_hp_loss":0,"event_name":"WeMeetAgain","floor":5,"gold_loss":106},{"damage_healed":0,"gold_gain":0,"player_choice":"Obtained Relic","damage_taken":0,"relics_obtained":["infinitespire:ShieldingShard"],"max_hp_gain":0,"max_hp_loss":0,"event_name":"Addict","floor":20,"gold_loss":85}],"is_beta":false,"boss_relics":[{"not_picked":["hubris:Spice","Ectoplasm"],"picked":"SlaversCollar"}],"items_purged_floors":[],"is_endless":false,"potions_floor_spawned":[10,11,13,16,18],"killed_by":"3 Cultists","ascension_level":7}}