{"host":"ab3ipg3fqe03b2ex","time":1609346642,"event":{"mods":["AchievementEnabler","BaseMod","Colored Powertips","Minty Spire (QoL Compilation)","MostiFishMod","Quick Restart","Shop Mod","StSLib","Uncapped","【功能Mod】Neow奖励","【功能Mod】精心准备"],"gold_per_floor":[114,126,139,155,169,169,203,203,203,213,223,70,70,81,81,184,184,199,215,229,249,262,294,294,306,331,373,405,417,441,378,390,500,512,542,554,491,502,514,514,549,601,601,613,633,651,680,698,698,698],"floor_reached":51,"playtime":1189,"items_purged":["Defend_P"],"score":1264,"play_id":"31ecc08d-443e-41bf-9608-316f449d9f0c","local_time":"20201231004402","is_ascension_mode":true,"campfire_choices":[{"data":"Tantrum","floor":6,"key":"SMITH"},{"data":"Eruption","floor":8,"key":"SMITH"},{"data":"FlyingSleeves","floor":15,"key":"SMITH"},{"data":"1","floor":24,"key":"LIFT"},{"data":"2","floor":32,"key":"LIFT"},{"data":"3","floor":40,"key":"LIFT"},{"data":"BowlingBash","floor":49,"key":"SMITH"}],"circlet_count":0,"master_deck":["Strike_P","Strike_P","Strike_P","Strike_P","Defend_P","Defend_P","Eruption+1","Vigilance","Tantrum+1","BowlingBash+1","FlyingSleeves+1","MostiFishMod:StarLaLaLa+1","Crescendo+1","BattleHymn+1"],"relics":["OneHitWonderSystem","Civilization","HaiYi:Twilight","SynthV:TestCard","DaCapo","Pantograph","ClockworkSouvenir","HereWithMe","Girya","MawBank","Darkstone Periapt","SlaversCollar","Juzu Bracelet","DianDianMeat","Frozen Egg 2"],"acts_visited":["Exordium","TheCity","TheBeyond"],"potions_floor_usage":[50,50,50,50,50,50],"damage_taken":[{"damage":0,"enemies":"Cultist","floor":1,"turns":3},{"damage":0,"enemies":"Small Slimes","floor":2,"turns":3},{"damage":0,"enemies":"Jaw Worm","floor":3,"turns":2},{"damage":0,"enemies":"Looter","floor":4,"turns":1},{"damage":0,"enemies":"Red Slaver","floor":5,"turns":2},{"damage":0,"enemies":"Gremlin Nob","floor":7,"turns":3},{"damage":0,"enemies":"Large Slime","floor":10,"turns":2},{"damage":0,"enemies":"3 Louse","floor":11,"turns":1},{"damage":0,"enemies":"2 Fungi Beasts","floor":14,"turns":2},{"damage":0,"enemies":"The Guardian","floor":16,"turns":3},{"damage":0,"enemies":"2 Thieves","floor":18,"turns":1},{"damage":0,"enemies":"Spheric Guardian","floor":19,"turns":1},{"damage":0,"enemies":"Shelled Parasite and Fungi","floor":20,"turns":3},{"damage":0,"enemies":"3 Cultists","floor":21,"turns":2},{"damage":0,"enemies":"Centurion and Healer","floor":22,"turns":2},{"damage":0,"enemies":"Slavers","floor":23,"turns":2},{"damage":0,"enemies":"Cultist and Chosen","floor":25,"turns":3},{"damage":0,"enemies":"Gremlin Leader","floor":27,"turns":1},{"damage":0,"enemies":"Shelled Parasite and Fungi","floor":28,"turns":1},{"damage":0,"enemies":"3 Cultists","floor":30,"turns":3},{"damage":0,"enemies":"Collector","floor":33,"turns":2},{"damage":0,"enemies":"3 Shapes","floor":35,"turns":2},{"damage":0,"enemies":"3 Darklings","floor":38,"turns":2},{"damage":0,"enemies":"Jaw Worm Horde","floor":39,"turns":2},{"damage":0,"enemies":"Giant Head","floor":41,"turns":2},{"damage":0,"enemies":"2 Orb Walkers","floor":42,"turns":1},{"damage":0,"enemies":"Spire Growth","floor":44,"turns":2},{"damage":0,"enemies":"Transient","floor":45,"turns":2},{"damage":0,"enemies":"Sphere and 2 Shapes","floor":46,"turns":2},{"damage":0,"enemies":"Nemesis","floor":47,"turns":1},{"damage":0,"enemies":"4 Shapes","floor":48,"turns":1},{"damage":0,"enemies":"Donu and Deca","floor":50,"turns":1}],"seed_played":"5555124209271878114","potions_obtained":[{"floor":1,"key":"PowerPotion"},{"floor":3,"key":"EntropicBrew"},{"floor":10,"key":"Fire Potion"},{"floor":14,"key":"LiquidMemories"}],"is_trial":false,"path_per_floor":["M","M","M","M","M","R","E","R","T","M","M","$","?","M","R","B",null,"M","M","M","M","M","E","R","M","T","E","M","?","M","?","R","B",null,"M","?","$","M","M","R","E","?","T","M","M","M","E","M","R","B",null],"character_chosen":"WATCHER","items_purchased":["ClockworkSouvenir"],"campfire_rested":0,"item_purchase_floors":[12],"current_hp_per_floor":[2,4,5,6,7,1,8,1,1,9,12,1,1,14,1,15,1,17,18,20,23,25,28,1,30,1,31,33,6,36,1,1,39,1,42,1,1,48,51,1,52,54,1,55,56,59,60,64,1,66],"gold":698,"neow_bonus":"BOSS_RELIC","is_daily":false,"chose_seed":false,"campfire_upgraded":4,"win_rate":0.0,"timestamp":1609346642,"path_taken":["M","M","M","M","M","R","E","R","T","M","M","$","?","M","R","BOSS","M","M","M","M","M","E","R","M","T","E","M","?","M","?","R","BOSS","M","?","$","M","?","R","E","?","T","M","M","M","E","M","R","BOSS"],"items_purchased_type":["Relic"],"build_version":"2020-12-22","purchased_purges":1,"victory":true,"max_hp_per_floor":[2,4,5,6,7,1,8,1,1,9,12,1,1,14,1,15,1,17,18,20,23,25,28,1,30,1,31,33,6,36,1,1,39,1,42,1,1,48,51,1,52,54,1,55,56,59,60,64,1,66],"card_choices":[{"not_picked":["WheelKick","Halt","Conclude"],"picked":"SKIP","floor":1},{"not_picked":["EmptyBody","Halt","Fasting2","Evaluate","SashWhip"],"picked":"SKIP","floor":2},{"not_picked":["FollowUp","Adaptation","Prostrate","Protect","JustLucky"],"picked":"SKIP","floor":3},{"not_picked":["MostiFishMod:Clarity","EmptyFist","Weave","MostiFishMod:StarWish"],"picked":"Tantrum","floor":4},{"not_picked":["WindmillStrike","Conclude","Halt","PathToVictory","Nirvana"],"picked":"SKIP","floor":5},{"not_picked":["EmptyFist","BattleHymn","Halt","MostiFishMod:Speedup"],"picked":"BowlingBash","floor":7},{"not_picked":["ClearTheMind","CrushJoints","InnerPeace","MostiFishMod:LegendTransform","MostiFishMod:Clarity"],"picked":"SKIP","floor":10},{"not_picked":["Pray","WaveOfTheHand","Protect","EmptyBody","ThirdEye"],"picked":"SKIP","floor":11},{"not_picked":["Worship","BowlingBash","ClearTheMind","Evaluate"],"picked":"FlyingSleeves","floor":14},{"not_picked":["MostiFishMod:Moonprays","DeusExMachina","MostiFishMod:DisColor","Omniscience"],"picked":"MostiFishMod:StarLaLaLa","floor":16},{"not_picked":["JustLucky","ReachHeaven","EmptyBody+1","BowlingBash+1","Worship"],"picked":"SKIP","floor":18},{"not_picked":["Consecrate+1","CutThroughFate","ConjureBlade","EmptyBody","ClearTheMind"],"picked":"SKIP","floor":19},{"not_picked":["Crescendo","BowlingBash","Evaluate","SignatureMove","TalkToTheHand"],"picked":"SKIP","floor":20},{"not_picked":["Halt","JustLucky","CarveReality","Swivel"],"picked":"Crescendo+1","floor":21},{"not_picked":["Protect","Halt","PathToVictory","CrushJoints+1","Consecrate"],"picked":"SKIP","floor":22},{"not_picked":["Weave+1","CrushJoints","MostiFishMod:CyberBuddha","Worship"],"picked":"BattleHymn+1","floor":23},{"not_picked":["Swivel+1","Meditate","ThirdEye","MostiFishMod:Clarity+1","Protect+1"],"picked":"SKIP","floor":25},{"not_picked":["Weave","Crescendo","ClearTheMind","Collect","Consecrate+1"],"picked":"SKIP","floor":27},{"not_picked":["EmptyBody","Prostrate","Crescendo","FlyingSleeves+1","Protect"],"picked":"SKIP","floor":28},{"not_picked":["BowlingBash","JustLucky+1","Consecrate","FearNoEvil+1","Swivel"],"picked":"SKIP","floor":30},{"not_picked":["FollowUp+1","Adaptation+1","Prostrate+1","EmptyFist+1","CrushJoints+1"],"picked":"SKIP","floor":35},{"not_picked":["Wallop+1","MostiFishMod:FlowState","JustLucky+1","FlyingSleeves","Protect+1"],"picked":"SKIP","floor":38},{"not_picked":["Protect+1","DeceiveReality","Consecrate+1","Crescendo","CutThroughFate+1"],"picked":"SKIP","floor":39},{"not_picked":["EmptyBody+1","JustLucky+1","ThirdEye","MostiFishMod:LegendTransform","Halt+1"],"picked":"SKIP","floor":41},{"not_picked":["EmptyFist+1","ThirdEye+1","Worship","SashWhip+1","Halt+1"],"picked":"SKIP","floor":44},{"not_picked":["Indignation+1","ClearTheMind","CrushJoints","SandsOfTime","CutThroughFate+1"],"picked":"SKIP","floor":45},{"not_picked":["BowlingBash","MostiFishMod:FlowState+1","Evaluate+1","MostiFishMod:Pointsdynamics","DeceiveReality+1"],"picked":"SKIP","floor":46},{"not_picked":["CutThroughFate+1","FollowUp+1","EmptyFist","Crescendo","Adaptation+1"],"picked":"SKIP","floor":47},{"not_picked":["EmptyBody+1","SignatureMove+1","CutThroughFate+1","TalkToTheHand","Weave+1"],"picked":"SKIP","floor":48}],"player_experience":27983,"relics_obtained":[{"floor":1,"key":"SynthV:TestCard"},{"floor":7,"key":"DaCapo"},{"floor":9,"key":"Pantograph"},{"floor":23,"key":"Girya"},{"floor":26,"key":"MawBank"},{"floor":27,"key":"Darkstone Periapt"},{"floor":41,"key":"Juzu Bracelet"},{"floor":42,"key":"DianDianMeat"},{"floor":47,"key":"Frozen Egg 2"}],"event_choices":[{"damage_healed":0,"gold_gain":0,"player_choice":"Ignored","damage_taken":0,"max_hp_gain":0,"max_hp_loss":0,"event_name":"Golden Idol","floor":13,"gold_loss":0},{"damage_healed":0,"gold_gain":0,"player_choice":"Shed Blood","damage_taken":0,"max_hp_gain":5,"max_hp_loss":0,"event_name":"Forgotten Altar","floor":29,"gold_loss":0},{"cards_removed":["Defend_P"],"damage_healed":0,"gold_gain":0,"player_choice":"Gave Gold","damage_taken":0,"max_hp_gain":0,"max_hp_loss":0,"event_name":"Beggar","floor":31,"gold_loss":75},{"damage_healed":0,"gold_gain":0,"player_choice":"Upgraded","damage_taken":0,"max_hp_gain":0,"max_hp_loss":0,"event_name":"Upgrade Shrine","floor":36,"gold_loss":0,"cards_upgraded":["MostiFishMod:StarLaLaLa"]},{"damage_healed":0,"gold_gain":0,"player_choice":"Fight","damage_taken":0,"max_hp_gain":0,"max_hp_loss":0,"event_name":"Mysterious Sphere","floor":42,"gold_loss":0}],"is_beta":false,"boss_relics":[{"not_picked":["DiscerningMonocle","Busted Crown"],"picked":"HereWithMe"},{"not_picked":["JellyFishMachine","EE1DDrone"],"picked":"SlaversCollar"}],"items_purged_floors":[37],"is_endless":false,"potions_floor_spawned":[1,3,10,14,19,21,22,23,25,33,35,39,45,46,48],"ascension_level":1}}