{"host":"dhyczjm99amxd3qx","time":1609353984,"event":{"mods":["BaseMod","Colored Map","Googly Eyes","Highlight Path","Minty Spire (QoL Compilation)","Quick Restart","StSLib"],"gold_per_floor":[109,109,127,141,154,183,200,200,200],"floor_reached":8,"playtime":491,"items_purged":[],"score":75,"play_id":"9a408c32-8c3e-44aa-9965-d13cfdac726c","local_time":"20201230134624","is_ascension_mode":true,"campfire_choices":[],"circlet_count":0,"master_deck":["Strike_R","Strike_R","Strike_R","Strike_R","Strike_R","Defend_R","Defend_R","Defend_R","Defend_R","Bash","Offering","Disarm","Impervious","Blood for Blood"],"relics":["Burning Blood","Thread and Needle"],"acts_visited":["Exordium"],"potions_floor_usage":[6,6],"damage_taken":[{"damage":6,"enemies":"2 Louse","floor":1,"turns":2},{"damage":6,"enemies":"Cultist","floor":3,"turns":2},{"damage":6,"enemies":"Small Slimes","floor":4,"turns":3},{"damage":14,"enemies":"3 Louse","floor":5,"turns":7},{"damage":51,"enemies":"Lagavulin","floor":6,"turns":11},{"damage":17,"enemies":"Large Slime","floor":7,"turns":9},{"damage":32,"enemies":"Gremlin Nob","floor":8,"turns":3}],"seed_played":"7043778916239049044","potions_obtained":[{"floor":4,"key":"SneckoOil"},{"floor":6,"key":"BloodPotion"}],"is_trial":false,"path_per_floor":["M","?","M","M","M","E","M","E"],"character_chosen":"IRONCLAD","items_purchased":[],"campfire_rested":0,"item_purchase_floors":[],"current_hp_per_floor":[80,80,80,80,72,43,32,0,0],"gold":200,"neow_bonus":"THREE_RARE_CARDS","is_daily":false,"chose_seed":false,"campfire_upgraded":0,"win_rate":0.0,"timestamp":1609353984,"path_taken":["M","?","?","M","M","E","M","E"],"items_purchased_type":[],"build_version":"2020-12-22","purchased_purges":0,"victory":false,"max_hp_per_floor":[80,80,80,80,80,80,80,80,80],"card_choices":[{"not_picked":["Impervious","Brutality"],"picked":"Offering","floor":0},{"not_picked":["Pommel Strike","Armaments","Heavy Blade"],"picked":"SKIP","floor":1},{"not_picked":["Pommel Strike","Infernal Blade","Reckless Charge"],"picked":"SKIP","floor":3},{"not_picked":["Twin Strike","Hemokinesis"],"picked":"Disarm","floor":4},{"not_picked":["Spot Weakness","Thunderclap"],"picked":"Impervious","floor":5},{"not_picked":["Hemokinesis","Shockwave"],"picked":"Blood for Blood","floor":6},{"not_picked":["Pommel Strike","True Grit","Anger"],"picked":"SKIP","floor":7}],"player_experience":221411,"relics_obtained":[{"floor":6,"key":"Thread and Needle"}],"event_choices":[{"cards_removed":["Writhe"],"damage_healed":0,"gold_gain":0,"player_choice":"Purged","damage_taken":0,"max_hp_gain":0,"max_hp_loss":0,"event_name":"Purifier","floor":2,"gold_loss":0}],"is_beta":false,"boss_relics":[],"items_purged_floors":[],"is_endless":false,"potions_floor_spawned":[4,6],"killed_by":"Gremlin Nob","ascension_level":5}}