{"host":"o5or1zybx7au40zl","time":1609359919,"event":{"mods":["Act Like it!","BaseMod","Better Third Choice","Conspire","Dota2Spire","Hubris","Minty Spire (QoL Compilation)","Replay The Spire","StSLib"],"gold_per_floor":[111,68,68,83,99,116,116,39,39,54,67,93,93,111,111,209,209,222,232,232,246,345,372,372,576,626,658,673,686,699,699,699,804,804,823,837,449,459,478,511,522,29,29,29,29],"floor_reached":44,"playtime":1263,"items_purged":["ReplayTheSpireMod:Splinters"],"score":511,"play_id":"cd4ef232-cf5b-41b8-9eca-fbbc6ac27217","local_time":"20201230212519","is_ascension_mode":false,"campfire_choices":[{"floor":7,"key":"RECALL"},{"data":"hubris:StunningStrike","floor":13,"key":"SMITH"},{"floor":15,"key":"REST"},{"floor":24,"key":"REST"},{"floor":32,"key":"REST"}],"circlet_count":0,"master_deck":["Strike_R","Strike_R","Strike_R","Strike_R","Strike_R","Defend_R","Defend_R","Defend_R","Defend_R","Bash","Cleave","hubris:StunningStrike+1","Intimidate","Blood for Blood","Bludgeon","ReplayTheSpireMod:Limb From Limb","Demon Form","Life Link","Combust+1","hubris:DuctTapeCard","Spot Weakness+1","Sword Boomerang+1","Spot Weakness+1","Sword Boomerang","Burning Pact+1","Cleave+1","ReplayTheSpireMod:IOU"],"relics":["Burning Blood","Replay:Wax Seal","betterThird:SlimedRelic","hubris:Towel","Incense Burner","hubris:Metronome","Sozu","Dota2Spire:OctarineCore","hubris:DuctTape","hubris:ScarierMask","Membership Card","Ancient Tea Set","Letter Opener","The Courier","Lee\u0027s Waffle","hubris:DeckOfHolding","Girya","Dota2Spire:Desolator","Dream Catcher","Dota2Spire:ArmletOfMordiggian","Iron Hammer","Replay:Bottled Eggs"],"acts_visited":["Exordium","TheCity","TheBeyond"],"potions_floor_usage":[16,23,40],"damage_taken":[{"damage":6,"enemies":"Jaw Worm","floor":1,"turns":3},{"damage":0,"enemies":"Small Slimes","floor":4,"turns":3},{"damage":6,"enemies":"Cultist","floor":5,"turns":3},{"damage":16,"enemies":"2 Fungi Beasts","floor":6,"turns":3},{"damage":12,"enemies":"Large Slime","floor":10,"turns":5},{"damage":1,"enemies":"3 Louse","floor":11,"turns":4},{"damage":14,"enemies":"Gremlin Nob","floor":12,"turns":5},{"damage":12,"enemies":"2 Fungi Beasts","floor":14,"turns":3},{"damage":20,"enemies":"Fading Forest","floor":16,"turns":11},{"damage":11,"enemies":"Shell Parasite","floor":18,"turns":3},{"damage":3,"enemies":"3 Byrds","floor":19,"turns":5},{"damage":34,"enemies":"Centurion and Healer","floor":21,"turns":4},{"damage":15,"enemies":"Slavers","floor":23,"turns":5},{"damage":23,"enemies":"conspire:SneckoGhost","floor":27,"turns":6},{"damage":29,"enemies":"conspire:HollyBat","floor":28,"turns":6},{"damage":0,"enemies":"Snecko","floor":29,"turns":3},{"damage":12,"enemies":"Centurion and Healer","floor":30,"turns":4},{"damage":72,"enemies":"Automaton","floor":33,"turns":7},{"damage":14,"enemies":"3 Darklings","floor":35,"turns":5},{"damage":16,"enemies":"Orb Walker","floor":36,"turns":4},{"damage":9,"enemies":"3 Darklings","floor":38,"turns":3},{"damage":1,"enemies":"Jaw Worm Horde","floor":39,"turns":2},{"damage":64,"enemies":"R_Hoarder","floor":40,"turns":9},{"damage":0,"enemies":"Transient","floor":41,"turns":5},{"damage":87,"enemies":"Giant Head","floor":44,"turns":7}],"seed_played":"-577746864379479998","potions_obtained":[{"floor":4,"key":"ElixirPotion"},{"floor":10,"key":"Block Potion"},{"floor":12,"key":"Flashbang"}],"is_trial":false,"path_per_floor":["M","?","?","M","M","M","R","$","T","M","M","E","R","M","R","B",null,"M","M","$","M","?","E","R","?","T","E","M","M","M","?","R","B",null,"M","M","$","M","M","E","M","$","T","E"],"character_chosen":"IRONCLAD","items_purchased":["Blood for Blood","Membership Card","Ancient Tea Set","Letter Opener","Lee\u0027s Waffle","hubris:DeckOfHolding","Girya","Dota2Spire:Desolator","Dream Catcher","Dota2Spire:ArmletOfMordiggian","Iron Hammer"],"campfire_rested":3,"item_purchase_floors":[8,37,37,37,42,42,42,42,42,42,42],"current_hp_per_floor":[80,69,69,75,75,65,65,65,65,59,64,56,56,50,74,60,80,75,78,78,50,50,41,65,65,65,48,25,31,25,51,75,9,80,72,62,62,59,64,18,24,87,87,0,0],"gold":29,"neow_bonus":"RANDOM_COMMON_RELIC","is_daily":false,"chose_seed":false,"campfire_upgraded":1,"win_rate":0.0,"timestamp":1609359919,"path_taken":["M","?","?","M","M","M","R","$","T","M","M","E","R","M","R","BOSS","M","M","$","M","?","E","R","?","T","E","M","?","M","?","R","BOSS","M","M","$","M","M","E","M","$","T","E"],"items_purchased_type":["Card","Relic","Relic","Relic","Relic","Relic","Relic","Relic","Relic","Relic","Relic"],"build_version":"2020-12-22","purchased_purges":1,"victory":false,"max_hp_per_floor":[80,80,80,80,80,80,80,80,80,80,80,80,80,80,80,80,80,80,80,80,80,80,80,80,80,80,80,80,80,80,80,80,80,80,80,80,80,80,80,80,80,87,87,87,87],"card_choices":[{"not_picked":["ReplayTheSpireMod:Strike From Hell","Body Slam"],"picked":"Cleave","floor":1},{"not_picked":["Flex","True Grit"],"picked":"hubris:StunningStrike","floor":4},{"not_picked":["Armaments","Flex"],"picked":"Wild Strike","floor":5},{"not_picked":["Headbutt","Warcry"],"picked":"Intimidate","floor":6},{"not_picked":["Intimidate","Sentinel"],"picked":"Bludgeon","floor":10},{"not_picked":["True Grit","Heavy Blade","Flex"],"picked":"SKIP","floor":11},{"not_picked":["Sword Boomerang","Barricade"],"picked":"Wild Strike","floor":12},{"not_picked":["Clothesline","Searing Blow"],"picked":"ReplayTheSpireMod:Limb From Limb","floor":14},{"not_picked":["Eclipse","Exhume"],"picked":"Demon Form","floor":16},{"not_picked":["Evolve","Replay:Undeath\u0027s Touch","Shrug It Off+1"],"picked":"SKIP","floor":18},{"not_picked":["ReplayTheSpireMod:Strike From Hell","Defy Death"],"picked":"Life Link","floor":19},{"not_picked":["Anger","Hemokinesis","Body Slam+1"],"picked":"SKIP","floor":21},{"not_picked":["Demon Form","Searing Blow","Flame Barrier"],"picked":"SKIP","floor":23},{"not_picked":["ReplayTheSpireMod:Strike From Hell","Warcry"],"picked":"Combust+1","floor":25},{"not_picked":["Shrug It Off","Fiend Fire"],"picked":"Spot Weakness","floor":27},{"not_picked":["Searing Blow","Iron Wave","ReplayTheSpireMod:Strike From Hell+1"],"picked":"SKIP","floor":28},{"not_picked":["Demon Form","ReplayReversal","Pommel Strike"],"picked":"SKIP","floor":29},{"not_picked":["Second Wind","Clash"],"picked":"Sword Boomerang+1","floor":30},{"not_picked":["hubris:ReadiedAction+1","Power Through+1","hubris:CleavingFinish"],"picked":"SKIP","floor":35},{"not_picked":["Feed","Headbutt+1"],"picked":"Spot Weakness","floor":36},{"not_picked":["True Grit+1","Anger+1","Pommel Strike"],"picked":"SKIP","floor":38},{"not_picked":["Warcry+1","Armaments"],"picked":"Sword Boomerang","floor":39},{"not_picked":["Clothesline+1","Carnage"],"picked":"Burning Pact+1","floor":40},{"not_picked":["True Grit","conspire:Purge"],"picked":"Cleave+1","floor":41}],"player_experience":911711,"relics_obtained":[{"floor":9,"key":"Incense Burner"},{"floor":12,"key":"hubris:Metronome"},{"floor":23,"key":"Dota2Spire:OctarineCore"},{"floor":27,"key":"hubris:DuctTape"},{"floor":40,"key":"The Courier"},{"floor":43,"key":"Replay:Bottled Eggs"}],"event_choices":[{"damage_healed":0,"gold_gain":0,"player_choice":"Slimed","damage_taken":11,"max_hp_gain":0,"max_hp_loss":0,"event_name":"betterThird:BetterGoop","floor":2,"gold_loss":43},{"damage_healed":0,"gold_gain":99,"player_choice":"Steal","damage_taken":0,"max_hp_gain":0,"max_hp_loss":0,"event_name":"betterThird:BetterNest","floor":22,"gold_loss":0},{"damage_healed":26,"gold_gain":0,"player_choice":"Heal","damage_taken":0,"max_hp_gain":0,"max_hp_loss":0,"event_name":"The Library","floor":31,"gold_loss":0}],"is_beta":false,"boss_relics":[{"not_picked":["Ooze Armor","Ring of Chaos"],"picked":"Sozu"},{"not_picked":["hubris:Stopwatch","hubris:RunicObelisk"],"picked":"hubris:ScarierMask"}],"items_purged_floors":[37],"is_endless":false,"potions_floor_spawned":[4,10,12,19,21,23,29,38,40,41],"killed_by":"Giant Head","ascension_level":0}}