{"host":"er8s5flrc5z1a07t","time":1609325771,"event":{"mods":["2.2 Compatiblity","Act Like it!","Bard","BaseMod","Better Note","Better Third Choice","Downfall","Duelist Mod","Elementarium","Energized Spire","GifTheSpireLib","Hermit","Hubris","Infinite Spire","Minty Spire (QoL Compilation)","Relic Stats","Replay The Spire","Shop Mod","StSLib","Stuff the Spire","Synergy Search","The Cursed","The Disciple","The Mystic"],"gold_per_floor":[117,117,131,149,149,149,176,176,176,176,29,29,29,29,29,103,103,114,164,164,164,179,179,193,193,193,193,193,212,212,238,238,313,313,325,325,325,341,360,688,688,723,750,764,764,780,797,530,530,530,530],"floor_reached":50,"playtime":1999,"items_purged":["hubris:Sloth","Strike_G","Writhe"],"score":1232,"play_id":"e2c63a9b-339a-4097-9dbf-3f806a299263","local_time":"20201230055611","is_ascension_mode":true,"campfire_choices":[{"data":"Calculated Gamble","floor":6,"key":"SMITH"},{"floor":8,"key":"REST"},{"floor":12,"key":"REST"},{"floor":15,"key":"REST"},{"floor":23,"key":"REST"},{"data":"Cloak And Dagger","floor":25,"key":"SMITH"},{"data":"infinitespire:Collect","floor":27,"key":"SMITH"},{"floor":32,"key":"REST"},{"data":"Neutralize","floor":41,"key":"SMITH"},{"floor":45,"key":"RECALL"},{"floor":49,"key":"REST"}],"circlet_count":0,"master_deck":["AscendersBane","Strike_G+1","Strike_G","Defend_G","Defend_G","Defend_G","Defend_G","Defend_G","Survivor","Neutralize+1","Calculated Gamble+1","Distraction","Backstab+1","ReplayTheSpireMod:Scrap Shanks","hubris:SlightOfHand","Noxious Fumes","Cloak And Dagger+1","Storm of Steel","Prepared+1","infinitespire:Collect+1","Terror","Acrobatics+1","Blur+1","CurseOfTheBell","Finisher+1","Adrenaline","Backflip+1","hubris:NaturalOne","Parasite"],"relics":["Ring of the Snake","Blue Candle","Bag of Preparation","Orichalcum","ReplayTheSpireMod:CursedCoin","Vajra","Sozu","Ring of Fury","OrangePellets","HoveringKite","hubris:Icosahedron","Enchiridion","hubris:PeanutButter","Calling Bell","Regal Pillow","infinitespire:Golems Mask","hubris:Metronome","Old Coin","hubris:Potato","Pen Nib","Whetstone"],"acts_visited":["Exordium","TheCity","TheBeyond"],"potions_floor_usage":[39,50],"damage_taken":[{"damage":2,"enemies":"Small Slimes","floor":1,"turns":5},{"damage":11,"enemies":"Jaw Worm","floor":3,"turns":8},{"damage":7,"enemies":"Cultist","floor":4,"turns":5},{"damage":37,"enemies":"3 Sentries","floor":7,"turns":14},{"damage":21,"enemies":"The Guardian","floor":16,"turns":12},{"damage":23,"enemies":"Chosen","floor":18,"turns":5},{"damage":10,"enemies":"3 Byrds","floor":22,"turns":4},{"damage":7,"enemies":"Centurion and Healer","floor":24,"turns":4},{"damage":0,"enemies":"3 Cultists","floor":29,"turns":3},{"damage":0,"enemies":"theDuelist:KaibaA2","floor":31,"turns":1},{"damage":8,"enemies":"hubris:MusketHawk","floor":33,"turns":4},{"damage":0,"enemies":"3 Darklings","floor":35,"turns":2},{"damage":0,"enemies":"3 Shapes","floor":38,"turns":1},{"damage":11,"enemies":"Spire Growth","floor":39,"turns":3},{"damage":0,"enemies":"Reptomancer","floor":40,"turns":3},{"damage":0,"enemies":"Giant Head","floor":42,"turns":3},{"damage":0,"enemies":"Sphere and 2 Shapes","floor":44,"turns":2},{"damage":0,"enemies":"Writhing Mass","floor":46,"turns":3},{"damage":0,"enemies":"4 Shapes","floor":47,"turns":2},{"damage":64,"enemies":"Time Eater","floor":50,"turns":5}],"seed_played":"-4910331231296277554","potions_obtained":[{"floor":3,"key":"sneckomod:MuddlingPotion"},{"floor":16,"key":"hexamod:EctoCoolerPotion"}],"is_trial":false,"path_per_floor":["M","?","M","M","?","R","E","R","T","$","$","R","$","?","R","B",null,"M","?","?","AVR","M","R","M","R","T","R","?","M","?","E","R","B",null,"M","?","?","M","M","E","R","E","T","M","R","M","M","$","R","B"],"character_chosen":"THE_SILENT","items_purchased":["Orichalcum","ReplayTheSpireMod:CursedCoin","Cloak And Dagger","Vajra","Whetstone"],"campfire_rested":6,"item_purchase_floors":[10,11,11,11,48],"current_hp_per_floor":[57,57,46,39,39,39,2,20,20,10,10,28,28,28,46,25,51,28,28,28,28,18,36,29,29,29,29,29,29,8,8,26,18,50,50,60,60,60,49,49,49,49,49,49,49,49,49,49,60,0,0],"gold":530,"neow_bonus":"TRANSFORM_TWO_CARDS","is_daily":false,"chose_seed":false,"campfire_upgraded":4,"win_rate":0.0,"timestamp":1609325771,"path_taken":["M","?","M","M","?","R","E","R","T","?","$","R","?","?","R","BOSS","M","?","?","AVR","M","R","M","R","T","R","?","M","?","E","R","BOSS","M","?","?","M","?","E","R","E","T","?","R","M","M","$","R","BOSS"],"items_purchased_type":["Relic","Relic","Card","Relic","Relic"],"build_version":"2020-12-22","purchased_purges":3,"victory":false,"max_hp_per_floor":[60,60,60,60,60,60,60,60,60,60,60,60,60,60,60,60,60,60,60,60,60,60,60,60,60,60,60,60,60,60,60,60,60,60,60,60,60,60,60,60,60,60,60,60,60,60,60,60,60,60,60],"relic_stats":{"Sozu":3,"OrangePellets":[19],"Regal Pillow":0,"counters":[20,89],"Blue Candle":[9],"HoveringKite":[36],"Pen Nib":[4],"Bag of Preparation":[32],"Whetstone":["Strike_G","Backstab"],"Orichalcum":[66],"obtain_stats":[{"Regal Pillow":34,"hubris:Metronome":34,"ReplayTheSpireMod:CursedCoin":11,"Blue Candle":7,"Vajra":11,"HoveringKite":21,"Enchiridion":30,"Pen Nib":43,"Bag of Preparation":9,"Whetstone":48,"Orichalcum":10,"Old Coin":40,"Sozu":17,"Calling Bell":34,"OrangePellets":21,"hubris:Icosahedron":28,"Ring of Fury":20,"hubris:PeanutButter":31,"infinitespire:Golems Mask":34,"hubris:Potato":42,"Ring of the Snake":0},{"Regal Pillow":11,"hubris:Metronome":11,"ReplayTheSpireMod:CursedCoin":4,"Blue Candle":4,"Vajra":4,"HoveringKite":6,"Enchiridion":9,"Pen Nib":16,"Bag of Preparation":4,"Whetstone":19,"Orichalcum":4,"Old Coin":15,"Sozu":5,"Calling Bell":11,"OrangePellets":6,"hubris:Icosahedron":8,"Ring of Fury":6,"hubris:PeanutButter":10,"infinitespire:Golems Mask":11,"hubris:Potato":16,"Ring of the Snake":0},{"Regal Pillow":65,"hubris:Metronome":65,"ReplayTheSpireMod:CursedCoin":32,"Blue Candle":32,"Vajra":32,"HoveringKite":49,"Enchiridion":60,"Pen Nib":77,"Bag of Preparation":32,"Whetstone":84,"Orichalcum":32,"Old Coin":74,"Sozu":44,"Calling Bell":65,"OrangePellets":49,"hubris:Icosahedron":57,"Ring of Fury":49,"hubris:PeanutButter":61,"infinitespire:Golems Mask":65,"hubris:Potato":77,"Ring of the Snake":0}],"Ring of the Snake":[40]},"card_choices":[{"not_picked":["hubris:TrickCloak","Eviscerate"],"picked":"Backstab","floor":1},{"not_picked":["Outmaneuver","Catalyst"],"picked":"ReplayTheSpireMod:Scrap Shanks","floor":3},{"not_picked":["Acrobatics","Expertise"],"picked":"hubris:SlightOfHand","floor":4},{"not_picked":["Backstab","Deadly Poison"],"picked":"Noxious Fumes","floor":7},{"not_picked":["ReplayTheSpireMod:Necrosis","Malaise"],"picked":"Storm of Steel","floor":16},{"not_picked":["Blade Dance","Toxin Wave+1"],"picked":"Prepared+1","floor":18},{"not_picked":["Underhanded Strike","Backflip+1"],"picked":"Terror","floor":22},{"not_picked":["StuffTheSpire:Fury","Cloak And Dagger","Outmaneuver"],"picked":"SKIP","floor":24},{"not_picked":["Choke","Sucker Punch"],"picked":"Acrobatics+1","floor":29},{"not_picked":["Acrobatics","Toxin Wave"],"picked":"Blur+1","floor":31},{"not_picked":["Bane","Quick Slash","Deflect"],"picked":"SKIP","floor":35},{"not_picked":["Replay:Poison Smokescreen","Hidden Blade","Bane"],"picked":"SKIP","floor":38},{"not_picked":["Accuracy","Slice"],"picked":"Finisher+1","floor":39},{"not_picked":["Crippling Poison","Cloak And Dagger","Dagger Spray"],"picked":"SKIP","floor":40},{"not_picked":["Prepared+1","Sucker Punch"],"picked":"Adrenaline","floor":42},{"not_picked":["Concentrate","hubris:SlightOfHand+1"],"picked":"Backflip+1","floor":44},{"not_picked":["StuffTheSpire:Python+1","Deflect+1","Concentrate+1"],"picked":"SKIP","floor":46},{"not_picked":["ReplayTheSpireMod:Speed Training","Endless Agony","Backstab"],"picked":"SKIP","floor":47}],"player_experience":1184871,"relics_obtained":[{"floor":7,"key":"Blue Candle"},{"floor":9,"key":"Bag of Preparation"},{"floor":20,"key":"Ring of Fury"},{"floor":30,"key":"Enchiridion"},{"floor":31,"key":"hubris:PeanutButter"},{"floor":34,"key":"Regal Pillow"},{"floor":34,"key":"infinitespire:Golems Mask"},{"floor":34,"key":"hubris:Metronome"},{"floor":40,"key":"Old Coin"},{"floor":42,"key":"hubris:Potato"},{"floor":43,"key":"Pen Nib"}],"event_choices":[{"damage_healed":0,"gold_gain":0,"player_choice":"Leave","damage_taken":0,"max_hp_gain":0,"max_hp_loss":0,"event_name":"The Cleric","floor":2,"gold_loss":0},{"damage_healed":39,"gold_gain":0,"player_choice":"Leave","damage_taken":0,"max_hp_gain":0,"max_hp_loss":60,"event_name":"betterThird:BetterShining","floor":5,"gold_loss":0},{"damage_healed":0,"gold_gain":50,"player_choice":"Steal","damage_taken":0,"max_hp_gain":0,"max_hp_loss":0,"event_name":"betterThird:BetterNest","floor":19,"gold_loss":0},{"damage_healed":0,"gold_gain":0,"player_choice":"Obtained Book","damage_taken":21,"max_hp_gain":0,"max_hp_loss":0,"event_name":"Cursed Tome","floor":30,"gold_loss":0},{"damage_healed":12,"gold_gain":0,"player_choice":"Writhe","damage_taken":0,"max_hp_gain":0,"max_hp_loss":0,"event_name":"Winding Halls","floor":36,"gold_loss":0,"cards_obtained":["Writhe"]},{"damage_healed":0,"gold_gain":0,"player_choice":"Ignored","damage_taken":0,"max_hp_gain":0,"max_hp_loss":0,"event_name":"Mysterious Sphere","floor":37,"gold_loss":0}],"is_beta":false,"boss_relics":[{"not_picked":["Velvet Choker","Snecko Heart"],"picked":"Sozu"},{"not_picked":["Fusion Hammer","ReplayTheSpireMod:DimensionalGlitch"],"picked":"Calling Bell"}],"items_purged_floors":[11,21,48],"is_endless":false,"potions_floor_spawned":[3,16,24,29,33,38,40,44],"killed_by":"Time Eater","ascension_level":17}}