{"host":"sav7uxregyirlf69","time":1609309017,"event":{"mods":["AchievementEnabler","BaseMod","Colored Map","DeckTracker","Keyboard Shortcuts","Minty Spire (QoL Compilation)","READ ME - Guardian Mod","StSLib","SuperFastMode"],"gold_per_floor":[118,18,32,32,32,60,72,72,96,96,108,108,108,55,55,55,55],"floor_reached":16,"playtime":205,"items_purged":["Strike_G"],"score":246,"play_id":"eb8a4c15-661c-4aa6-a5a1-9ebee0a57536","local_time":"20201230151657","is_ascension_mode":true,"campfire_choices":[{"data":"Outmaneuver","floor":8.0,"key":"SMITH"},{"data":"Poisoned Stab","floor":13,"key":"SMITH"},{"data":"Prepared","floor":15,"key":"SMITH"}],"circlet_count":0,"master_deck":["AscendersBane","Strike_G","Strike_G","Strike_G","Defend_G","Defend_G","Defend_G","Defend_G","Defend_G","Survivor","Neutralize","Reflex","Dagger Throw","Poisoned Stab+1","Prepared+1","Acrobatics","Outmaneuver+1"],"relics":["Ring of the Snake","NeowsBlessing","White Beast Statue","Juzu Bracelet","Snake Skull","Bag of Preparation"],"acts_visited":["Exordium"],"potions_floor_usage":[16],"damage_taken":[{"damage":0.0,"enemies":"2 Louse","floor":1.0,"turns":1.0},{"damage":0.0,"enemies":"Jaw Worm","floor":3.0,"turns":1.0},{"damage":0.0,"enemies":"Lagavulin","floor":6.0,"turns":1.0},{"damage":0.0,"enemies":"Cultist","floor":7.0,"turns":3.0},{"damage":7.0,"enemies":"2 Fungi Beasts","floor":11.0,"turns":4.0},{"damage":62,"enemies":"Slime Boss","floor":16,"turns":10}],"seed_played":"9064195469933767917","potions_obtained":[{"floor":3.0,"key":"Ancient Potion"},{"floor":6.0,"key":"SpeedPotion"}],"is_trial":false,"path_per_floor":["M","$","M","?","T","E","M","R","T","?","M","?","R","$","R","B"],"character_chosen":"THE_SILENT","items_purchased":["Dagger Throw","PowerPotion"],"campfire_rested":0,"item_purchase_floors":[2,14],"current_hp_per_floor":[59,59,59,59,59,59,59,59,59,59,52,52,52,52,52,0,0],"gold":55,"neow_bonus":"THREE_ENEMY_KILL","is_daily":false,"chose_seed":false,"campfire_upgraded":3,"win_rate":0.0,"timestamp":1609309017,"path_taken":["M","$","M","?","?","E","M","R","T","?","M","?","R","$","R","BOSS"],"items_purchased_type":["Card","Potion"],"build_version":"2020-12-22","purchased_purges":1,"victory":false,"max_hp_per_floor":[66,66,66,66,66,66,66,66,66,66,66,66,66,66,66,66,66],"card_choices":[{"not_picked":["Acrobatics","Poisoned Stab"],"picked":"Reflex","floor":1.0},{"not_picked":["Deflect","Blade Dance"],"picked":"Poisoned Stab","floor":3.0},{"not_picked":["Outmaneuver","Sucker Punch"],"picked":"Acrobatics","floor":6.0},{"not_picked":["Choke","Heel Hook"],"picked":"Outmaneuver","floor":7.0},{"not_picked":["Deflect","Poisoned Stab","Outmaneuver"],"picked":"SKIP","floor":11.0}],"player_experience":1066762,"relics_obtained":[{"floor":5.0,"key":"White Beast Statue"},{"floor":6.0,"key":"Juzu Bracelet"},{"floor":9.0,"key":"Snake Skull"}],"event_choices":[{"damage_healed":0.0,"max_hp_gain":0.0,"max_hp_loss":0.0,"gold_gain":0.0,"cards_transformed":["Strike_G"],"event_name":"Living Wall","player_choice":"Change","floor":4.0,"gold_loss":0.0,"damage_taken":0.0,"cards_obtained":["Prepared"]},{"damage_healed":0.0,"max_hp_gain":0.0,"max_hp_loss":0.0,"gold_gain":0.0,"event_name":"Liars Game","player_choice":"Ignored","floor":10.0,"gold_loss":0.0,"damage_taken":0.0},{"damage_healed":0,"gold_gain":0,"player_choice":"Searched \u00272\u0027 times","damage_taken":0,"relics_obtained":["Bag of Preparation"],"max_hp_gain":0,"max_hp_loss":0,"event_name":"Dead Adventurer","floor":12,"gold_loss":0}],"is_beta":false,"boss_relics":[],"items_purged_floors":[2],"is_endless":false,"potions_floor_spawned":[3,6,7,11],"killed_by":"Slime Boss","ascension_level":20}}