{"host":"w0w6jcqjdtkzk2bw","time":1609324304,"event":{"mods":["2.2 Compatiblity","AchievementEnabler","Ascension Unlocker","BaseMod","Bestiary","Colored Map","Colored Powertips","DeckTracker","Downfall","Friendly Minions","Highlight Path","Infinite Spire","Minty Spire (QoL Compilation)","Permanent Neow","Quick Restart","Shade Mod","StSLib","Synergy Search","The Runesmith"],"gold_per_floor":[114,132,151,42,42,70,70,88,13,38,38,72,91,104,104,200,200,213,225,235,52,62,79,126,126,146,181,181,208,133,156,81,183,183,197,214,233,233,233,143,219,235,249,266,343,361,361,361,361,361,361,396,76,76,76],"floor_reached":56,"playtime":7016,"items_purged":["Slimebound:SlimeBrawl","Slimebound:CorrosiveSpit","Slimebound:Strike_Slimebound"],"score":1318,"play_id":"47b2fde0-5456-40f9-9ccf-a89816cbd665","local_time":"20201230053144","is_ascension_mode":true,"campfire_choices":[{"data":"Slimebound:RainOfGoop","floor":9,"key":"SMITH"},{"data":"Slimebound:FirmFortitude","floor":15,"key":"SMITH"},{"data":"Slimebound:Recycling","floor":25,"key":"SMITH"},{"floor":28,"key":"RECALL"},{"data":"Slimebound:OozeBath","floor":30,"key":"SMITH"},{"data":"Slimebound:OozeBath","floor":32,"key":"SMITH"},{"data":"Slimebound:Recycling","floor":47,"key":"SMITH"},{"floor":49,"key":"REST"},{"data":"Slimebound:SlimeSlap","floor":54,"key":"SMITH"}],"circlet_count":0,"master_deck":["Slimebound:Strike_Slimebound","Slimebound:Tackle","Slimebound:Defend_Slimebound","Slimebound:Defend_Slimebound","Slimebound:Defend_Slimebound","Slimebound:Defend_Slimebound","Slimebound:Split","Slimebound:Schlurp","Slimebound:SplitLeeching","Slimebound:RainOfGoop+1","Slimebound:PressTheAttack","Slimebound:MegaLick","Slimebound:ViciousTackle","Slimebound:SamplingLick","Slimebound:WasteNot","Slimebound:SplitMire","Slimebound:LeechEnergy","Slimebound:FirmFortitude+1","Slimebound:OozeBath+1","Slimebound:LeechingTouch+1","Slimebound:LeechingTouch","Slimebound:RainOfGoop","Slimebound:TongueLash","Slimebound:Recycling+1","Panacea","Slimebound:Schlurp","Slimebound:OozeBath+1","Slimebound:Repurpose","Slimebound:SplitAcid","Slimebound:OozeBath","Slimebound:RainOfGoop+1","Slimebound:Recollect","Slimebound:SlimeSlap+1","Slimebound:LevelUp+1","Slimebound:Recycling+1","Slimebound:RainOfGoop","Slimebound:ComboTackle+1","Slimebound:Replication+1"],"relics":["Slimebound:AbsorbEndCombatUpgraded","Blood Vial","Runesmith:Nanobots","Pear","downfall:HeartBlessingGreen","Odd Mushroom","Runesmith:AutoHammer","infinitespire:Satchel","infinitespire:Joker Card","Mummified Hand","downfall:HeartBlessingRed","downfall:HeartBlessingBlue","SacredBark","infinitespire:Bottled Soul","Gremlin Horn","Bag of Preparation"],"acts_visited":["Exordium","TheCity","TheBeyond","TheEnding"],"potions_floor_usage":[6,11,12,16,16,27,29,44,45,55,55,55],"damage_taken":[{"damage":12,"enemies":"Small Slimes","floor":1,"turns":4},{"damage":5,"enemies":"Cultist","floor":2,"turns":4},{"damage":8,"enemies":"2 Louse","floor":3,"turns":3},{"damage":12,"enemies":"downfall:FleeingMerchant","floor":4,"turns":4},{"damage":16,"enemies":"Gremlin Nob","floor":6,"turns":4},{"damage":6,"enemies":"Exordium Wildlife","floor":8,"turns":3},{"damage":28,"enemies":"The Mushroom Lair","floor":10,"turns":4},{"damage":14,"enemies":"Lagavulin","floor":12,"turns":3},{"damage":3,"enemies":"Red Slaver","floor":13,"turns":1},{"damage":18,"enemies":"Exordium Thugs","floor":14,"turns":3},{"damage":35,"enemies":"downfall:Ironclad","floor":16,"turns":5},{"damage":8,"enemies":"Chosen","floor":18,"turns":4},{"damage":32,"enemies":"Shelled Parasite and Fungi","floor":19,"turns":5},{"damage":7,"enemies":"Snecko","floor":20,"turns":5},{"damage":14,"enemies":"downfall:FleeingMerchant","floor":21,"turns":4},{"damage":33,"enemies":"Snake Plant","floor":22,"turns":3},{"damage":31,"enemies":"3 Cultists","floor":23,"turns":4},{"damage":23,"enemies":"Centurion and Healer","floor":26,"turns":7},{"damage":12,"enemies":"Book of Stabbing","floor":27,"turns":4},{"damage":44,"enemies":"Slavers","floor":29,"turns":5},{"damage":53,"enemies":"downfall:Silent","floor":33,"turns":6},{"damage":5,"enemies":"3 Shapes","floor":35,"turns":4},{"damage":29,"enemies":"Orb Walker","floor":36,"turns":4},{"damage":71,"enemies":"Transient","floor":37,"turns":5},{"damage":0,"enemies":"downfall:FleeingMerchant","floor":40,"turns":4},{"damage":23,"enemies":"Spire Growth","floor":42,"turns":5},{"damage":31,"enemies":"4 Shapes","floor":43,"turns":5},{"damage":30,"enemies":"Transient","floor":44,"turns":5},{"damage":15,"enemies":"downfall:FleeingMerchant","floor":45,"turns":4},{"damage":39,"enemies":"Sphere and 2 Shapes","floor":46,"turns":5},{"damage":28,"enemies":"downfall:Watcher","floor":50,"turns":7},{"damage":115,"enemies":"downfall:CharBossMerchant","floor":52,"turns":8},{"damage":141,"enemies":"downfall:NeowBoss","floor":55,"turns":29}],"seed_played":"-1985968144876298599","potions_obtained":[{"floor":1,"key":"SpeedPotion"},{"floor":6,"key":"Slimebound:SlimedPotion"},{"floor":8,"key":"Slimebound:SlimedPotion"},{"floor":10,"key":"SpeedPotion"},{"floor":11,"key":"Fruit Juice"},{"floor":11,"key":"FairyPotion"},{"floor":14,"key":"ColorlessPotion"},{"floor":19,"key":"Slimebound:SlimedPotion"},{"floor":23,"key":"Dexterity Potion"},{"floor":27,"key":"Block Potion"},{"floor":36,"key":"DuplicationPotion"},{"floor":43,"key":"SkillPotion"},{"floor":46,"key":"DuplicationPotion"}],"is_trial":false,"path_per_floor":["M","M","M","$","?","E","T","M","R","?","?","E","M","M","R","B",null,"M","M","M","$","M","M","T","R","M","E","R","E","R","T","R","B",null,"M","M","M","?","?","$","T","M","M","M","$","M","R","?","R","B",null,"E","$","R","B",null],"character_chosen":"SLIMEBOUND","items_purchased":["Slimebound:MegaLick","Slimebound:ViciousTackle","Slimebound:Recycling","Panacea","Slimebound:RainOfGoop","AttackPotion","champ:CounterPotion","AttackPotion","Bag of Preparation"],"campfire_rested":1,"item_purchase_floors":[4,4,21,21,45,45,45,53,53],"current_hp_per_floor":[58,60,60,60,60,54,64,70,70,52,57,57,58,50,50,35,75,75,67,75,69,50,49,49,49,60,74,74,63,63,63,73,34,85,84,62,19,74,74,74,74,64,63,58,63,48,48,48,70,60,74,74,74,74,49],"gold":76,"neow_bonus":"RANDOM_COMMON_RELIC","is_daily":false,"chose_seed":false,"campfire_upgraded":7,"win_rate":0.0,"timestamp":1609324304,"path_taken":["M","M","M","$","?","E","T","M","R","?","?","E","?","M","R","BOSS","M","M","M","$","M","M","T","R","M","E","R","E","R","?","R","BOSS","M","M","M","?","?","$","T","M","M","M","?","M","R","?","R","BOSS","E","$","R","BOSS"],"items_purchased_type":["Card","Card","Card","Card","Card","Potion","Potion","Potion","Relic"],"build_version":"2020-12-22","purchased_purges":3,"victory":true,"max_hp_per_floor":[60,60,60,60,60,60,70,70,70,70,75,75,75,75,75,75,75,75,75,75,75,75,75,75,75,75,75,75,75,75,75,85,85,85,85,85,85,74,74,74,74,74,74,74,74,74,74,74,74,74,74,74,74,74,74],"card_choices":[{"not_picked":["Slimebound:GoopSpray","Slimebound:LivingWall"],"picked":"Slimebound:Schlurp","floor":1},{"not_picked":["Slimebound:SlimeSpikes","Slimebound:PressTheAttack"],"picked":"Slimebound:SplitLeeching","floor":2},{"not_picked":["Slimebound:SplitAcid","Slimebound:SpikyOuterGoop"],"picked":"Slimebound:RainOfGoop","floor":3},{"not_picked":["Slimebound:GoopSpray","Slimebound:BestDefense"],"picked":"Slimebound:PressTheAttack","floor":4},{"not_picked":["Slimebound:ViciousTackle","Slimebound:SplitLeeching"],"picked":"Slimebound:SlimeBrawl","floor":6},{"not_picked":["Slimebound:Schlurp","Slimebound:FormOfPuddle"],"picked":"Slimebound:WasteNot","floor":8},{"not_picked":["Slimebound:GoopSpray","Slimebound:GrowthPunch"],"picked":"Slimebound:SplitMire","floor":10},{"not_picked":["Slimebound:SlimeSpikes","Slimebound:ViciousTackle"],"picked":"Slimebound:LeechEnergy","floor":12},{"not_picked":["Slimebound:SplitLeeching","Slimebound:DisruptingSlam"],"picked":"Slimebound:FirmFortitude","floor":13},{"not_picked":["Slimebound:GrowthPunch","Slimebound:FormOfPuddle"],"picked":"Slimebound:SlimeSpikes","floor":14},{"not_picked":["Slimebound:MassRepurpose","Slimebound:SelfFormingGoo"],"picked":"Slimebound:OozeBath","floor":16},{"not_picked":["Slimebound:PressTheAttack","Slimebound:LeechEnergy"],"picked":"Slimebound:LeechingTouch+1","floor":18},{"not_picked":["Slimebound:FirmFortitude","Slimebound:GrowthPunch"],"picked":"Slimebound:LeechingTouch","floor":19},{"not_picked":["Slimebound:PressTheAttack","Slimebound:RollThrough+1"],"picked":"Slimebound:RainOfGoop","floor":20},{"not_picked":["Slimebound:LeechingTouch+1","Slimebound:FinishingTackle"],"picked":"Slimebound:TongueLash","floor":21},{"not_picked":["Slimebound:SplitBruiser","Slimebound:GrowthPunch"],"picked":"Slimebound:Schlurp","floor":22},{"not_picked":["Slimebound:SplitLeeching","Slimebound:Prepare","Slimebound:FormOfPuddle"],"picked":"SKIP","floor":23},{"not_picked":["Slimebound:PressTheAttack","Slimebound:GrowthPunch+1"],"picked":"Slimebound:OozeBath","floor":26},{"not_picked":["Slimebound:GoopSpray","Slimebound:GoopTackle"],"picked":"Slimebound:Repurpose","floor":27},{"not_picked":["Slimebound:GoopTackle+1","Slimebound:Repurpose"],"picked":"Slimebound:SplitAcid","floor":29},{"not_picked":["Slimebound:MinionMaster","Slimebound:WasteNot"],"picked":"Slimebound:OozeBath","floor":33},{"not_picked":["Slimebound:RollThrough+1","Slimebound:SplitBruiser"],"picked":"Slimebound:RainOfGoop+1","floor":35},{"not_picked":["Slimebound:RollThrough","Slimebound:FirmFortitude","Slimebound:GoopTackle"],"picked":"SKIP","floor":36},{"not_picked":["Slimebound:FinishingTackle","Slimebound:ComboTackle","Slimebound:Nibble"],"picked":"SKIP","floor":37},{"not_picked":["Slimebound:GoopSpray","Slimebound:LeechingTouch+1"],"picked":"Slimebound:Recollect","floor":40},{"not_picked":["Slimebound:PressTheAttack","Slimebound:SplitAcid"],"picked":"Slimebound:SlimeSlap","floor":42},{"not_picked":["Slimebound:SplitLeeching+1","Slimebound:ForwardTackle+1","Slimebound:Nibble+1"],"picked":"SKIP","floor":43},{"not_picked":["Slimebound:SlimeBarrage","Slimebound:SlimeSpikes"],"picked":"Slimebound:LevelUp+1","floor":44},{"not_picked":["Slimebound:LeechingTouch","Slimebound:ViciousTackle+1"],"picked":"Slimebound:Recycling","floor":45},{"not_picked":["Slimebound:RejuvenatingLick","Slimebound:ForwardTackle+1"],"picked":"Slimebound:ComboTackle+1","floor":46},{"not_picked":["Slimebound:ProtectTheBoss+1","Slimebound:FinishingTackle"],"picked":"Slimebound:Replication+1","floor":52}],"player_experience":320922,"relics_obtained":[{"floor":6,"key":"Runesmith:Nanobots"},{"floor":7,"key":"Pear"},{"floor":10,"key":"Odd Mushroom"},{"floor":12,"key":"Runesmith:AutoHammer"},{"floor":24,"key":"infinitespire:Satchel"},{"floor":27,"key":"infinitespire:Joker Card"},{"floor":29,"key":"Mummified Hand"},{"floor":41,"key":"infinitespire:Bottled Soul"},{"floor":52,"key":"Gremlin Horn"}],"event_choices":[{"damage_healed":0,"gold_gain":0,"cards_transformed":["Slimebound:Strike_Slimebound"],"player_choice":"Change","damage_taken":0,"max_hp_gain":0,"max_hp_loss":0,"event_name":"Living Wall","floor":5,"gold_loss":0,"cards_obtained":["Slimebound:SamplingLick"]},{"damage_healed":0,"gold_gain":0,"player_choice":"Fought Mushrooms","damage_taken":0,"max_hp_gain":0,"max_hp_loss":0,"event_name":"Mushrooms","floor":10,"gold_loss":0},{"damage_healed":0,"gold_gain":0,"player_choice":"Got Potions","damage_taken":0,"max_hp_gain":0,"max_hp_loss":0,"event_name":"Lab","floor":11,"gold_loss":0},{"cards_removed":["Slimebound:SlimeSpikes"],"damage_healed":0,"gold_gain":0,"player_choice":"Removed Skill","damage_taken":0,"max_hp_gain":0,"max_hp_loss":0,"event_name":"Falling","floor":39,"gold_loss":0}],"is_beta":false,"boss_relics":[{"not_picked":["Black Star","Cursed Key"],"picked":"Slimebound:AbsorbEndCombatUpgraded"},{"not_picked":["Tiny House","Runesmith:UraniumAnvil"],"picked":"SacredBark"}],"items_purged_floors":[40,45,53],"is_endless":false,"potions_floor_spawned":[1,6,8,10,14,19,23,26,27,35,36,43,46],"ascension_level":2}}