{"host":"fbnuysr7liutbh5n","time":1609317547,"event":{"mods":["2.2 Compatiblity","Arknights The Spire","Astrologer","Bard","BaseMod","Beaked The Cultist","Better Match","Block Reminder","Booster Modes","CCEM","CapriCore","ChefMod","Colored Map","Conspire","Custom Start","Dio Mod","Dota2Spire","Downfall","Fireblade Mod","GifTheSpireLib","GungeonMod","Hermit","Hero for Fun","Highlight Path","Hubris","Hyrulean Relics","Infinite Spire","Key Reminder","KomeijiMod","Kratos Character Expansion","Luminous","Magitek Elite","Mathematician","Melee Mod","Mimic Mod","Minty Spire (QoL Compilation)","Potion Indicator Mod","QueenMod","Random Character Button","RatMod","Relic Stats","Replay The Spire","Robot Space Explorer","Small Relic Pack","StSLib","Swap Starting Deck Mod","The Administrix","The Animator","The Blackbeard","The Bladedancer","The Blue Laboratory","The Bug Knight","The Disciple","The Dragon Tamer","The Elementalist","The Exalted","The Florist","The Forsaken","The Hayseed","The Hierophant","The Judge","The Kombatant","The Mystic","The Necromancer","The Poker Player","The Problem Sleuth","The Runesmith","The Saiyan","The Trickster","The Wild Card","TheBandit","TheHero","TheLocksmith","Trackpad","thorton","vexMod","??????REMEMod"],"gold_per_floor":[119,119,132,145,145,145,195,195,195,195,248,230,262,41,41,61,61,160,160,178,192,192,192],"floor_reached":22,"playtime":2882,"items_purged":["Voices"],"score":182,"play_id":"48525653-2a45-46c6-b921-930cf12d157d","local_time":"20201230023907","is_ascension_mode":false,"campfire_choices":[{"floor":6.0,"key":"RECALL"},{"data":"meleeMod_TeamAttackOn","floor":8.0,"key":"SMITH"},{"data":"Spreading Infection","floor":17.0,"key":"PURGE"}],"circlet_count":0,"master_deck":["animator:Strike_Konosuba","animator:Defend_Konosuba","animator:Strike","animator:Strike","animator:Strike","animator:Defend","animator:Defend","animator:Defend","animator:Kazuma","animator:Aqua","meleeMod_TeamAttackOn+1","animator:ElricEdward","animator:Priestess","animator:MetalKnight","animator:Verdia","animator:PandorasActor","dioMod:MudaMudaMuda","animator:Gilgamesh","animator:Mitsurugi+1","animator:Cocytus"],"relics":["animator:LivingPicture","animator:TheMissingPiece","REME_ComplimentaryCards","animator:PurgingStone","hubris:DisguiseKit","ats:Originium","Tintinnabulum","CCEMRelics:SpiritsEdge","ReplayTheSpireMod:Ring of Addiction","SacredBark","White Beast Statue"],"acts_visited":["Exordium","TheCity"],"potions_floor_usage":[22,22],"damage_taken":[{"damage":2.0,"enemies":"Small Slimes","floor":1.0,"turns":7.0},{"damage":5.0,"enemies":"Jaw Worm","floor":3.0,"turns":4.0},{"damage":2.0,"enemies":"2 Louse","floor":4.0,"turns":3.0},{"damage":6.0,"enemies":"Looter","floor":12.0,"turns":4.0},{"damage":31.0,"enemies":"Lagavulin","floor":13.0,"turns":7.0},{"damage":4.0,"enemies":"Blue Slaver","floor":16.0,"turns":6.0},{"damage":18.0,"enemies":"Fading Forest","floor":18.0,"turns":11.0},{"damage":15.0,"enemies":"3 Byrds","floor":20.0,"turns":5.0},{"damage":33.0,"enemies":"3 Cultists","floor":21.0,"turns":6.0},{"damage":43,"enemies":"Centurion and Healer","floor":22,"turns":8}],"seed_played":"2486324860151474086","potions_obtained":[{"floor":3.0,"key":"champ:CounterPotion"},{"floor":4.0,"key":"sneckomod:MuddlingPotion"},{"floor":15.0,"key":"BlessingOfTheForge"},{"floor":15.0,"key":"Adrenaline Potion"},{"floor":15.0,"key":"PowerPotion"},{"floor":18.0,"key":"Explosive Potion"},{"floor":20.0,"key":"blueLaboratory:BottledHope"},{"floor":21.0,"key":"blueLaboratory:FruitPunch"}],"is_trial":false,"path_per_floor":["M","?","M","M","?","R","?","R","PTL","PTL","T","M","E","$","?","M","R_BF","B",null,"M","M","M"],"character_chosen":"THE_ANIMATOR","items_purchased":["CCEMRelics:SpiritsEdge"],"campfire_rested":0,"item_purchase_floors":[14],"current_hp_per_floor":[71,71,68,68,68,68,68,68,68,68,68,64,35,36,37,36,37,32,72,60,31,0,0],"gold":192,"neow_bonus":"TEN_PERCENT_HP_BONUS","is_daily":false,"chose_seed":false,"campfire_upgraded":1,"win_rate":0.0,"timestamp":1609317547,"path_taken":["M","?","M","M","?","R","?","R","PTL","PTL","T","M","E","$","?","M","R_BF","BOSS","M","M","M"],"items_purchased_type":["Relic"],"build_version":"2020-12-22","purchased_purges":1,"victory":false,"max_hp_per_floor":[72,72,72,72,72,72,72,72,72,72,72,72,72,72,72,72,72,72,72,73,73,77,77],"relic_stats":{"counters":[10,61],"obtain_stats":[{"hubris:DisguiseKit":5,"animator:TheMissingPiece":0,"ReplayTheSpireMod:Ring of Addiction":15,"SacredBark":15,"DemoMod:GlassGuonStoneRelic":3,"White Beast Statue":15,"CCEMRelics:SpiritsEdge":14,"keyreminder:keyreminder":6,"animator:PurgingStone":0,"ats:Originium":13,"Tintinnabulum":13,"animator:LivingPicture":0,"REME_ComplimentaryCards":0},{"hubris:DisguiseKit":3,"animator:TheMissingPiece":0,"ReplayTheSpireMod:Ring of Addiction":5,"SacredBark":5,"DemoMod:GlassGuonStoneRelic":2,"White Beast Statue":5,"CCEMRelics:SpiritsEdge":5,"keyreminder:keyreminder":3,"animator:PurgingStone":0,"ats:Originium":5,"Tintinnabulum":5,"animator:LivingPicture":0,"REME_ComplimentaryCards":0},{"hubris:DisguiseKit":14,"animator:TheMissingPiece":0,"ReplayTheSpireMod:Ring of Addiction":25,"SacredBark":25,"DemoMod:GlassGuonStoneRelic":11,"White Beast Statue":25,"CCEMRelics:SpiritsEdge":25,"keyreminder:keyreminder":14,"animator:PurgingStone":0,"ats:Originium":25,"Tintinnabulum":25,"animator:LivingPicture":0,"REME_ComplimentaryCards":0}]},"card_choices":[{"not_picked":["animator:Vanir","animator:Illya"],"picked":"animator:ElricEdward","floor":1.0},{"not_picked":["animator:Kuribayashi","animator:MaesHughes"],"picked":"animator:Priestess","floor":3.0},{"not_picked":["animator:LizardPriest","animator:Aqua"],"picked":"animator:MetalKnight","floor":4.0},{"not_picked":["animator:Aqua","animator:Mitsurugi"],"picked":"animator:Verdia","floor":12.0},{"not_picked":["animator:Sonic","animator:Mitsurugi","dioMod:StreetSign"],"picked":"animator:PandorasActor","floor":13.0},{"not_picked":["animator:ElricAlphonse","animator:Spearman","animator:Demiurge"],"picked":"dioMod:MudaMudaMuda","floor":16.0},{"not_picked":["animator:ItamiYouji","animator:AcuraShin","dioMod:TheWalk"],"picked":"animator:Gilgamesh","floor":18.0},{"not_picked":["animator:Gluttony","animator:LizardPriest","dioMod:DaggerToss"],"picked":"animator:Mitsurugi+1","floor":20.0},{"not_picked":["animator:Demiurge","animator:Shalltear"],"picked":"animator:Cocytus","floor":21.0}],"player_experience":13421,"relics_obtained":[{"floor":13.0,"key":"ats:Originium"},{"floor":13.0,"key":"Tintinnabulum"},{"floor":15.0,"key":"ReplayTheSpireMod:Ring of Addiction"},{"floor":15.0,"key":"SacredBark"},{"floor":15.0,"key":"White Beast Statue"}],"event_choices":[{"damage_healed":0.0,"max_hp_gain":0.0,"max_hp_loss":0.0,"gold_gain":0.0,"event_name":"conspire:LoneGhost","player_choice":"Disagree","floor":2.0,"gold_loss":0.0,"damage_taken":0.0}],"is_beta":false,"boss_relics":[{"not_picked":["relicPack:ShieldShield","CCEMRelics:TransientCore","Replay:Wanted Poster"]}],"items_purged_floors":[14],"is_endless":false,"potions_floor_spawned":[3,4,16,18,20,21],"killed_by":"Centurion and Healer","ascension_level":0}}