{"host":"sav7uxregyirlf69","time":1609310152,"event":{"mods":["AchievementEnabler","BaseMod","Colored Map","DeckTracker","Keyboard Shortcuts","Minty Spire (QoL Compilation)","READ ME - Guardian Mod","StSLib","SuperFastMode"],"gold_per_floor":[114,114,189,114,131,165,165,190,190,202,212,212,212,231,231,306,306,320,338,68,158,174,174,188,188,188],"floor_reached":25,"playtime":327,"items_purged":["Strike_G"],"score":476,"play_id":"97b6abc3-85f5-441e-b5d1-c36850805d88","local_time":"20201230153552","is_ascension_mode":true,"campfire_choices":[{"data":"Catalyst","floor":7,"key":"SMITH"},{"data":"Deadly Poison","floor":15,"key":"SMITH"},{"data":"Catalyst","floor":23,"key":"SMITH"}],"circlet_count":0,"master_deck":["AscendersBane","Strike_G","Strike_G","Strike_G","Defend_G","Defend_G","Defend_G","Defend_G","Defend_G","Survivor","Neutralize","Catalyst+1","Deadly Poison+1","Corpse Explosion","Caltrops","Tactician","Prepared","Catalyst+1","PiercingWail"],"relics":["Ring of the Snake","NeowsBlessing","Eternal Feather","Ornamental Fan","Blood Vial","Sozu","Paper Crane"],"acts_visited":["Exordium","TheCity"],"potions_floor_usage":[8,11,16],"damage_taken":[{"damage":0,"enemies":"Small Slimes","floor":1,"turns":1},{"damage":0,"enemies":"Jaw Worm","floor":5,"turns":1},{"damage":0,"enemies":"3 Sentries","floor":6,"turns":1},{"damage":31,"enemies":"Lagavulin","floor":8,"turns":5},{"damage":0,"enemies":"Cultist","floor":10,"turns":3},{"damage":3,"enemies":"Large Slime","floor":11,"turns":3},{"damage":0,"enemies":"3 Louse","floor":14,"turns":1},{"damage":20,"enemies":"The Guardian","floor":16,"turns":6},{"damage":21,"enemies":"Shell Parasite","floor":18,"turns":5},{"damage":0,"enemies":"3 Byrds","floor":19,"turns":2},{"damage":1,"enemies":"Centurion and Healer","floor":22,"turns":3},{"damage":35,"enemies":"Shelled Parasite and Fungi","floor":24,"turns":4},{"damage":16,"enemies":"Sentry and Sphere","floor":25,"turns":3}],"seed_played":"-6172559479959692428","potions_obtained":[{"floor":1,"key":"Swift Potion"},{"floor":6,"key":"Regen Potion"},{"floor":8,"key":"BlessingOfTheForge"},{"floor":10,"key":"DuplicationPotion"}],"is_trial":false,"path_per_floor":["M","?","?","$","M","E","R","E","T","M","M","?","?","M","R","B",null,"M","M","$","?","M","R","M","M"],"character_chosen":"THE_SILENT","items_purchased":["Paper Crane"],"campfire_rested":0,"item_purchase_floors":[20],"current_hp_per_floor":[59,64,53,53,53,53,62,43,43,43,40,35,35,37,46,28,60,41,43,43,31,32,41,8,0,0],"gold":188,"neow_bonus":"THREE_ENEMY_KILL","is_daily":false,"chose_seed":false,"campfire_upgraded":3,"win_rate":0.0,"timestamp":1609310152,"path_taken":["M","?","?","?","M","E","R","E","T","M","?","?","?","M","R","BOSS","M","M","$","?","?","R","M","?"],"items_purchased_type":["Relic"],"build_version":"2020-12-22","purchased_purges":1,"victory":false,"max_hp_per_floor":[66,71,71,71,71,71,71,71,71,71,71,71,71,71,71,71,71,71,71,71,71,71,71,71,71,71],"card_choices":[{"not_picked":["Blur","Quick Slash"],"picked":"Catalyst","floor":1},{"not_picked":["Underhanded Strike","Dodge and Roll"],"picked":"Deadly Poison","floor":5},{"not_picked":["Bane","Dagger Spray"],"picked":"Corpse Explosion","floor":6},{"not_picked":["Poisoned Stab","Dodge and Roll","Sucker Punch"],"picked":"SKIP","floor":8},{"not_picked":["Prepared","Distraction","Slice"],"picked":"SKIP","floor":10},{"not_picked":["Blade Dance","Dagger Throw","Predator"],"picked":"SKIP","floor":11},{"not_picked":["Dagger Spray","Slice","Quick Slash"],"picked":"SKIP","floor":14},{"not_picked":["Quick Slash","Reflex"],"picked":"Tactician","floor":18},{"not_picked":["Dodge and Roll","Poisoned Stab"],"picked":"Prepared","floor":19},{"not_picked":["Deadly Poison","Backstab"],"picked":"Catalyst","floor":22},{"not_picked":["Blur","Sucker Punch"],"picked":"PiercingWail","floor":24}],"player_experience":1067717,"relics_obtained":[{"floor":6,"key":"Eternal Feather"},{"floor":8,"key":"Ornamental Fan"}],"event_choices":[{"damage_healed":0,"gold_gain":0,"player_choice":"Donut","damage_taken":0,"max_hp_gain":5,"max_hp_loss":0,"event_name":"Big Fish","floor":2,"gold_loss":0},{"damage_healed":0,"gold_gain":75,"player_choice":"Gather Gold","damage_taken":11,"max_hp_gain":0,"max_hp_loss":0,"event_name":"World of Goop","floor":3,"gold_loss":0},{"damage_healed":0,"gold_gain":0,"player_choice":"Success","damage_taken":5,"relics_obtained":["Blood Vial"],"max_hp_gain":0,"max_hp_loss":0,"event_name":"Scrap Ooze","floor":12,"gold_loss":0},{"damage_healed":0,"gold_gain":0,"cards_transformed":["Strike_G"],"player_choice":"Change","damage_taken":0,"max_hp_gain":0,"max_hp_loss":0,"event_name":"Living Wall","floor":13,"gold_loss":0,"cards_obtained":["Caltrops"]},{"damage_healed":0,"gold_gain":90,"player_choice":"GOLD ","damage_taken":12,"max_hp_gain":0,"max_hp_loss":0,"event_name":"Knowing Skull","floor":21,"potions_obtained":[],"gold_loss":0,"cards_obtained":[]}],"is_beta":false,"boss_relics":[{"not_picked":["Snecko Eye","Tiny House"],"picked":"Sozu"}],"items_purged_floors":[4],"is_endless":false,"potions_floor_spawned":[1,6,8,10,18,24],"killed_by":"Sentry and Sphere","ascension_level":20}}