{"host":"m77rrhbqzv44va4v","time":1609341184,"event":{"mods":["AchievementEnabler","BaseMod","Colored Map","DeckTracker","Keyboard Shortcuts","Minty Spire (QoL Compilation)","StSLib","SuperFastMode","everything is the same but u backflip on backflip"],"gold_per_floor":[117,135,147,167,186,186,217,217,242,242,254,269,300,312,312,413,413,429,354,364,47,47,47,47],"floor_reached":23,"playtime":513,"items_purged":[],"score":357,"play_id":"a6b2f70c-6348-4ca0-bac5-5a52f8d0eaf5","local_time":"20201231001304","is_ascension_mode":true,"campfire_choices":[{"floor":6.0,"key":"REST"},{"data":"Electrodynamics","floor":8.0,"key":"SMITH"},{"floor":15.0,"key":"REST"}],"circlet_count":0,"master_deck":["Strike_B","Strike_B","Defend_B","Defend_B","Defend_B","Zap","Dualcast","Lockon","Steam","Go for the Eyes","Beam Cell","Steam Power","Electrodynamics+1","Genetic Algorithm","Compile Driver","Consume","Echo Form","Capacitor","Coolheaded","Core Surge"],"relics":["Cracked Core","Cables","Juzu Bracelet","Akabeko","Runic Pyramid","PreservedInsect","CultistMask"],"acts_visited":["Exordium","TheCity"],"potions_floor_usage":[23,23],"damage_taken":[{"damage":9.0,"enemies":"Jaw Worm","floor":1.0,"turns":3.0},{"damage":6.0,"enemies":"Cultist","floor":2.0,"turns":3.0},{"damage":2.0,"enemies":"2 Louse","floor":3.0,"turns":2.0},{"damage":6.0,"enemies":"Looter","floor":4.0,"turns":2.0},{"damage":15.0,"enemies":"Gremlin Gang","floor":5.0,"turns":4.0},{"damage":28.0,"enemies":"Gremlin Nob","floor":7.0,"turns":4.0},{"damage":0.0,"enemies":"3 Louse","floor":11.0,"turns":1.0},{"damage":0.0,"enemies":"Lots of Slimes","floor":12.0,"turns":1.0},{"damage":3.0,"enemies":"3 Sentries","floor":13.0,"turns":2.0},{"damage":0.0,"enemies":"Large Slime","floor":14.0,"turns":3.0},{"damage":0.0,"enemies":"Slime Boss","floor":16.0,"turns":4.0},{"damage":26.0,"enemies":"Shell Parasite","floor":18.0,"turns":5.0},{"damage":26.0,"enemies":"Spheric Guardian","floor":20.0,"turns":4.0},{"damage":27,"enemies":"Book of Stabbing","floor":23,"turns":3}],"seed_played":"-6233728870649856389","potions_obtained":[{"floor":1.0,"key":"GamblersBrew"},{"floor":2.0,"key":"Energy Potion"},{"floor":3.0,"key":"Regen Potion"},{"floor":11.0,"key":"Explosive Potion"},{"floor":18.0,"key":"SpeedPotion"}],"is_trial":false,"path_per_floor":["M","M","M","M","M","R","E","R","T","?","M","M","E","M","R","B",null,"M","?","M","$","?","E"],"character_chosen":"DEFECT","items_purchased":["Coolheaded","PreservedInsect","Core Surge"],"campfire_rested":2,"item_purchase_floors":[21,21,21],"current_hp_per_floor":[59,53,51,45,30,52,36,36,36,36,36,36,33,33,55,55,70,44,44,18,18,18,0,0],"gold":47,"neow_bonus":"REMOVE_CARD","is_daily":false,"chose_seed":false,"campfire_upgraded":1,"win_rate":0.0,"timestamp":1609341184,"path_taken":["M","M","M","M","M","R","E","R","T","?","M","M","E","M","R","BOSS","M","?","M","$","?","E"],"items_purchased_type":["Card","Relic","Card"],"build_version":"2020-12-22","purchased_purges":0,"victory":false,"max_hp_per_floor":[75,75,75,75,75,75,75,75,75,75,75,75,75,75,75,75,75,75,75,75,75,75,75,75],"card_choices":[{"not_picked":["Steam Power","Steam"],"picked":"Lockon","floor":1.0},{"not_picked":["Reprogram","Recycle"],"picked":"Steam","floor":2.0},{"not_picked":["Chaos","Reprogram"],"picked":"Go for the Eyes","floor":3.0},{"not_picked":["Gash","Rebound"],"picked":"Beam Cell","floor":4.0},{"not_picked":["Storm","Reprogram"],"picked":"Steam Power","floor":5.0},{"not_picked":["Stack","Cold Snap"],"picked":"Electrodynamics","floor":7.0},{"not_picked":["Gash","BootSequence","Sunder"],"picked":"SKIP","floor":11.0},{"not_picked":["Cold Snap","Steam"],"picked":"Compile Driver","floor":12.0},{"not_picked":["Doom and Gloom","Core Surge"],"picked":"Consume","floor":13.0},{"not_picked":["Go for the Eyes","Auto Shields","Steam Power"],"picked":"SKIP","floor":14.0},{"not_picked":["Electrodynamics","Core Surge"],"picked":"Echo Form","floor":16.0},{"not_picked":["Steam","Redo"],"picked":"Capacitor","floor":18.0},{"not_picked":["Rip and Tear","Streamline+1","Stack"],"picked":"SKIP","floor":20.0}],"player_experience":839809,"relics_obtained":[{"floor":7.0,"key":"Cables"},{"floor":9.0,"key":"Juzu Bracelet"},{"floor":13.0,"key":"Akabeko"}],"event_choices":[{"damage_healed":0.0,"max_hp_gain":0.0,"max_hp_loss":0.0,"gold_gain":0.0,"cards_transformed":["Strike_B"],"event_name":"Transmorgrifier","player_choice":"Transformed","floor":10.0,"gold_loss":0.0,"damage_taken":0.0,"cards_obtained":["Genetic Algorithm"]},{"cards_removed":["Strike_B"],"damage_healed":0.0,"max_hp_gain":0.0,"max_hp_loss":0.0,"gold_gain":0.0,"event_name":"Beggar","player_choice":"Gave Gold","floor":19.0,"gold_loss":75.0,"damage_taken":0.0},{"damage_healed":0.0,"max_hp_gain":0.0,"max_hp_loss":0.0,"gold_gain":0.0,"event_name":"FaceTrader","player_choice":"Trade","floor":22.0,"gold_loss":0.0,"damage_taken":0.0,"relics_obtained":["CultistMask"]}],"is_beta":false,"boss_relics":[{"not_picked":["Fusion Hammer","Cursed Key"],"picked":"Runic Pyramid"}],"items_purged_floors":[],"is_endless":false,"potions_floor_spawned":[1,2,3,11,18],"killed_by":"Book of Stabbing","ascension_level":8}}