{"host":"ied4ms9juizrl48v","time":1609315071,"event":{"mods":["Ascension Unlocker","BaseMod","Block Reminder","Colored Map","Colored Powertips","DeckTracker","Highlight Path","Minty Spire (QoL Compilation)","Quick Restart","Random Character Button","StSLib","SuperFastMode","UnlockEverythingMod"],"gold_per_floor":[17,17,42,56,56,89,104,140,140,140,159,175,206,219,219,312,312,335,351,182,201,217,217,255,180,262,262,282,301,301,314,314,409,409,430,410,410,435,14,14,14,14,40,83,0,0,333,343,343,343,343,343,26,52,52,52],"floor_reached":55,"playtime":4907,"items_purged":["Strike_B"],"score":1903,"play_id":"edd60671-e0db-4ad0-8518-71f18c44ce2f","local_time":"20201230165751","is_ascension_mode":true,"campfire_choices":[{"data":"Sunder","floor":10,"key":"SMITH"},{"data":"Beam Cell","floor":15,"key":"SMITH"},{"data":"Dualcast","floor":23,"key":"SMITH"},{"data":"Zap","floor":27,"key":"SMITH"},{"data":"Glacier","floor":30,"key":"SMITH"},{"floor":32,"key":"REST"},{"floor":40,"key":"RECALL"},{"data":"Steam","floor":42,"key":"SMITH"},{"data":"Deep Breath","floor":46,"key":"SMITH"},{"data":"Coolheaded","floor":49,"key":"SMITH"},{"data":"Glacier","floor":52,"key":"SMITH"}],"circlet_count":0,"master_deck":["AscendersBane","Strike_B","Strike_B","Strike_B","Defend_B","Defend_B","Defend_B","Defend_B","Zap+1","Dualcast+1","Glacier+1","FTL","Rebound","Sunder+1","BootSequence","Beam Cell+1","Undo","Core Surge","Coolheaded+1","Glacier+1","Electrodynamics","Steam+1","White Noise","Chill","Fusion+1","Turbo","Cold Snap","Darkness+1","Skim","All For One","Go for the Eyes+1","Deep Breath+1","Ball Lightning+1"],"relics":["FrozenCore","Letter Opener","DataDisk","Sundial","Pocketwatch","Oddly Smooth Stone","Vajra","Cables","Busted Crown","TheAbacus","Bag of Preparation","Bag of Marbles","Red Mask","Gambling Chip","Strawberry"],"acts_visited":["Exordium","TheCity","TheBeyond","TheEnding"],"potions_floor_usage":[6,8,16,18,24,24,33,54,55],"damage_taken":[{"damage":7,"enemies":"Small Slimes","floor":1,"turns":4},{"damage":1,"enemies":"2 Louse","floor":3,"turns":4},{"damage":0,"enemies":"Cultist","floor":4,"turns":3},{"damage":8,"enemies":"Gremlin Nob","floor":6,"turns":3},{"damage":7,"enemies":"Lots of Slimes","floor":7,"turns":4},{"damage":10,"enemies":"Lagavulin","floor":8,"turns":6},{"damage":0,"enemies":"Gremlin Gang","floor":11,"turns":3},{"damage":0,"enemies":"Blue Slaver","floor":12,"turns":3},{"damage":14,"enemies":"Gremlin Nob","floor":13,"turns":3},{"damage":0,"enemies":"Red Slaver","floor":14,"turns":2},{"damage":2,"enemies":"Hexaghost","floor":16,"turns":13},{"damage":8,"enemies":"Shell Parasite","floor":18,"turns":4},{"damage":0,"enemies":"Spheric Guardian","floor":19,"turns":8},{"damage":0,"enemies":"Cultist and Chosen","floor":21,"turns":7},{"damage":2,"enemies":"Centurion and Healer","floor":22,"turns":7},{"damage":21,"enemies":"Slavers","floor":24,"turns":8},{"damage":1,"enemies":"Snecko","floor":28,"turns":5},{"damage":1,"enemies":"Snake Plant","floor":29,"turns":6},{"damage":0,"enemies":"3 Cultists","floor":31,"turns":4},{"damage":20,"enemies":"Champ","floor":33,"turns":18},{"damage":0,"enemies":"Orb Walker","floor":35,"turns":4},{"damage":4,"enemies":"3 Darklings","floor":38,"turns":5},{"damage":0,"enemies":"Nemesis","floor":44,"turns":9},{"damage":0,"enemies":"Jaw Worm Horde","floor":48,"turns":3},{"damage":6,"enemies":"Awakened One","floor":50,"turns":30},{"damage":43,"enemies":"Shield and Spear","floor":54,"turns":12},{"damage":29,"enemies":"The Heart","floor":55,"turns":2}],"seed_played":"-8768082692020388593","potions_obtained":[{"floor":1,"key":"EssenceOfSteel"},{"floor":4,"key":"DistilledChaos"},{"floor":5,"key":"DistilledChaos"},{"floor":7,"key":"Block Potion"},{"floor":11,"key":"Energy Potion"},{"floor":12,"key":"SpeedPotion"},{"floor":18,"key":"SkillPotion"},{"floor":19,"key":"Energy Potion"},{"floor":29,"key":"ColorlessPotion"},{"floor":33,"key":"BlessingOfTheForge"},{"floor":35,"key":"LiquidMemories"},{"floor":54,"key":"SpeedPotion"}],"is_trial":false,"path_per_floor":["M","?","M","M","?","E","M","E","T","R","M","M","E","M","R","B",null,"M","M","$","M","M","R","E","$","T","R","M","M","R","M","R","B",null,"M","?","$","M","$","R","?","R","T","E","?","R","?","M","R","B",null,"R","$","E","B"],"character_chosen":"DEFECT","items_purchased":["Oddly Smooth Stone","TheAbacus","Deep Breath","Bag of Preparation","Gambling Chip"],"campfire_rested":1,"item_purchase_floors":[20,39,39,39,53],"current_hp_per_floor":[57,57,56,56,56,48,41,31,31,31,31,31,17,17,17,15,52,44,44,44,44,42,42,21,21,21,21,20,19,19,19,38,18,53,53,53,53,49,49,49,49,49,49,49,49,49,49,49,49,43,57,57,57,21,0,0],"gold":52,"neow_bonus":"THREE_RARE_CARDS","is_daily":false,"chose_seed":false,"campfire_upgraded":9,"win_rate":0.0,"timestamp":1609315071,"path_taken":["M","?","M","M","?","E","M","E","T","R","M","M","E","?","R","BOSS","M","?","$","M","?","R","E","$","T","R","M","M","R","?","R","BOSS","M","?","$","?","$","R","?","R","T","E","?","R","?","M","R","BOSS","R","$","E","BOSS"],"items_purchased_type":["Relic","Relic","Card","Relic","Relic"],"build_version":"2020-12-22","purchased_purges":1,"victory":false,"max_hp_per_floor":[71,64,64,64,64,64,64,64,64,64,64,64,64,64,64,64,64,64,64,64,64,64,64,64,64,64,64,64,64,64,64,64,64,64,64,64,64,64,64,64,61,61,61,61,61,61,61,61,61,61,61,61,61,68,68,68],"card_choices":[{"not_picked":["Multi-Cast","Electrodynamics"],"picked":"Core Surge","floor":0.0},{"not_picked":["Steam Power","Coolheaded"],"picked":"Glacier","floor":1},{"not_picked":["Sweeping Beam","Aggregate"],"picked":"FTL","floor":3},{"not_picked":["Aggregate","Redo"],"picked":"Rebound","floor":4},{"not_picked":["Ball Lightning","Leap"],"picked":"Sunder","floor":6},{"not_picked":["Redo","Stack"],"picked":"BootSequence","floor":7},{"not_picked":["Static Discharge","Self Repair"],"picked":"Beam Cell","floor":8},{"not_picked":["Force Field","Turbo"],"picked":"Undo","floor":11},{"not_picked":["Conserve Battery","Stack"],"picked":"Core Surge","floor":12},{"not_picked":["Sweeping Beam","Steam Power"],"picked":"Coolheaded","floor":13},{"not_picked":["Compile Driver","Redo"],"picked":"Glacier","floor":14},{"not_picked":["Buffer","All For One"],"picked":"Electrodynamics","floor":16},{"not_picked":["Gash","Streamline"],"picked":"Steam","floor":18},{"not_picked":["Barrage","Turbo"],"picked":"White Noise","floor":19},{"not_picked":["Leap","FTL+1"],"picked":"Chill","floor":21},{"not_picked":["Blizzard","Rebound"],"picked":"Fusion+1","floor":22},{"not_picked":["Darkness","Doom and Gloom"],"picked":"Turbo","floor":24},{"not_picked":["Leap","Coolheaded"],"picked":"Cold Snap","floor":28},{"not_picked":["Steam","Beam Cell"],"picked":"Darkness+1","floor":29},{"not_picked":["Barrage+1","Sweeping Beam"],"picked":"Skim","floor":31},{"not_picked":["Machine Learning","Thunder Strike"],"picked":"All For One","floor":33},{"not_picked":["Leap"],"picked":"SKIP","floor":35},{"not_picked":[],"picked":"Go for the Eyes+1","floor":38},{"not_picked":[],"picked":"Ball Lightning+1","floor":44},{"not_picked":["Hello World+1"],"picked":"SKIP","floor":48},{"not_picked":["Stack"],"picked":"SKIP","floor":54}],"player_experience":425,"relics_obtained":[{"floor":6,"key":"Letter Opener"},{"floor":8,"key":"DataDisk"},{"floor":9,"key":"Sundial"},{"floor":13,"key":"Pocketwatch"},{"floor":24,"key":"Vajra"},{"floor":26,"key":"Cables"},{"floor":44,"key":"Bag of Marbles"},{"floor":54,"key":"Strawberry"}],"event_choices":[{"damage_healed":0,"gold_gain":0,"player_choice":"Lose Max HP","damage_taken":0,"relics_obtained":["Golden Idol"],"max_hp_gain":0,"max_hp_loss":7,"event_name":"Golden Idol","floor":2,"gold_loss":0},{"damage_healed":0,"gold_gain":0,"player_choice":"Got Potions","damage_taken":0,"max_hp_gain":0,"max_hp_loss":0,"event_name":"Lab","floor":5,"gold_loss":0},{"damage_healed":0,"gold_gain":0,"player_choice":"Bought 1 Potion","damage_taken":0,"max_hp_gain":0,"max_hp_loss":0,"event_name":"The Woman in Blue","floor":36,"gold_loss":0},{"damage_healed":0,"gold_gain":0,"player_choice":"Max HP","damage_taken":0,"max_hp_gain":0,"max_hp_loss":3,"event_name":"Winding Halls","floor":41,"gold_loss":0},{"damage_healed":0,"gold_gain":0,"player_choice":"Paid","damage_taken":0,"relics_obtained":["Red Mask"],"max_hp_gain":0,"max_hp_loss":0,"event_name":"Tomb of Lord Red Mask","floor":45,"gold_loss":83},{"damage_healed":0,"gold_gain":333,"player_choice":"Gave Idol","damage_taken":0,"max_hp_gain":0,"max_hp_loss":0,"event_name":"The Moai Head","floor":47,"relics_lost":["Golden Idol"],"gold_loss":0}],"is_beta":false,"boss_relics":[{"not_picked":["Black Star","Empty Cage"],"picked":"FrozenCore"},{"not_picked":["Sozu","Snecko Eye"],"picked":"Busted Crown"}],"items_purged_floors":[25],"is_endless":false,"potions_floor_spawned":[1,4,7,11,12,18,19,29,33,35,54],"killed_by":"The Heart","ascension_level":20}}