{"host":"28bpuzdckreop5i0","time":1609339001,"event":{"mods":["Act Like it!","Aspiration","BaseMod","Beaked The Cultist","Best Route Mod","BetterRewards","Challenge The Spire","Conspire","Defuse TimeMaze Blight","Downfall","Energized Spire","GifTheSpireLib","Googly Eyes","Hubris","Infinite Spire","Lobotomy","Mimic Mod","Minty Spire (QoL Compilation)","Relic Stats","Shop Mod","Spicy Shops","StSLib","Stuff the Spire","The Awakened One except there are too many feathers","The Construct","The Cursed","The Disciple","The Hierophant","The IronCluck","The Jungle","Thieving Mod","Transform Curses","Wandering Minibosses","slay the spire mod where everything is the same but ironclad has a cowboy hat"],"gold_per_floor":[114,114,114,127,127,127,137,137,137,149,84,95,111,128,128,233,233,246,201,201,218,143,143,161,179,205,205,220,220,220,220],"floor_reached":30,"playtime":1643,"items_purged":["construct:ModeShift"],"score":224,"play_id":"de19750e-69b1-4b59-a80f-d00d78602b9c","local_time":"20201230083641","is_ascension_mode":false,"campfire_choices":[{"floor":6,"key":"REST"},{"data":"construct:AttackMode","floor":8,"key":"SMITH"},{"floor":15,"key":"REST"},{"data":"construct:ForceCore","floor":23,"key":"SMITH"},{"floor":29,"key":"REST"}],"circlet_count":0,"master_deck":["construct:Strike_Gold","construct:Strike_Gold","construct:Strike_Gold","construct:Strike_Gold","construct:Strike_Gold","construct:Defend_Gold+1","construct:Defend_Gold","construct:Defend_Gold+1","construct:Defend_Gold","construct:Defend_Gold","construct:AttackMode+1","construct:DefenseMode","construct:BatteryCore+1","construct:ForceCore+1","construct:Autoturret","construct:SyphonStrike","construct:BatteryCore","construct:Autoturret","StuffTheSpire:PestControl"],"relics":["construct:Cogwheel","conspire:GlowingRock","Incense Burner","construct:WeddingRing","Blood Vial"],"acts_visited":["Exordium","TheCity"],"potions_floor_usage":[16,25,25],"damage_taken":[{"damage":5,"enemies":"Jaw Worm","floor":1,"turns":4},{"damage":5,"enemies":"2 Louse","floor":4,"turns":3},{"damage":8,"enemies":"Small Slimes","floor":7,"turns":3},{"damage":16,"enemies":"Exordium Thugs","floor":10,"turns":5},{"damage":7,"enemies":"Exordium Wildlife","floor":12,"turns":5},{"damage":0,"enemies":"2 Fungi Beasts","floor":13,"turns":5},{"damage":0,"enemies":"Blue Slaver","floor":14,"turns":5},{"damage":27,"enemies":"Slime Boss","floor":16,"turns":9},{"damage":10,"enemies":"Shell Parasite","floor":18,"turns":5},{"damage":0,"enemies":"3 Byrds","floor":21,"turns":4},{"damage":13,"enemies":"Centurion and Healer","floor":24,"turns":4},{"damage":12,"enemies":"Snecko","floor":25,"turns":4},{"damage":11,"enemies":"Shelled Parasite and Fungi","floor":28,"turns":4},{"damage":48,"enemies":"Sentry and Sphere","floor":30,"turns":6}],"seed_played":"1648487102925427679","potions_obtained":[{"floor":1,"key":"EssenceOfSteel"},{"floor":12,"key":"Block Potion"},{"floor":16,"key":"Energy Potion"},{"floor":24,"key":"SkillPotion"},{"floor":25,"key":"ThievingMod:ThievingPotion"}],"is_trial":false,"path_per_floor":["M","?","T","M","?","R","M","R","T","M","$","M","M","M","R","B",null,"M","$","?","M","$","R","M","M","T","?","M","R","M"],"character_chosen":"THE_CONSTRUCT_MOD","items_purchased":["construct:ModeShift","construct:Autoturret"],"campfire_rested":3,"item_purchase_floors":[11,19],"current_hp_per_floor":[56,56,56,51,34,59,51,51,51,35,35,28,28,28,53,26,85,75,75,55,55,55,55,42,30,30,30,21,46,0,0],"gold":220,"neow_bonus":"THREE_RARE_CARDS","is_daily":false,"chose_seed":false,"campfire_upgraded":2,"win_rate":0.0,"timestamp":1609339001,"path_taken":["M","?","?","M","?","R","M","R","T","M","$","M","M","M","R","BOSS","M","$","?","M","?","R","M","M","T","?","M","R","?"],"items_purchased_type":["Card","Card"],"build_version":"2020-12-22","purchased_purges":1,"victory":false,"max_hp_per_floor":[85,85,85,85,85,85,85,85,85,85,85,85,85,85,85,85,85,85,85,85,85,85,85,85,85,85,85,85,85,85,85],"relic_stats":{"Blood Vial":4,"counters":[14,66],"obtain_stats":[{"Blood Vial":26,"conspire:GlowingRock":3,"construct:WeddingRing":17,"construct:Cogwheel":0,"Incense Burner":9},{"Blood Vial":12,"conspire:GlowingRock":1,"construct:WeddingRing":8,"construct:Cogwheel":0,"Incense Burner":3},{"Blood Vial":56,"conspire:GlowingRock":4,"construct:WeddingRing":39,"construct:Cogwheel":0,"Incense Burner":10}]},"card_choices":[{"not_picked":["construct:Reserves","construct:GoldenBullet"],"picked":"construct:BatteryCore","floor":0},{"not_picked":["construct:Reinforce","construct:HeavyBolt","construct:SyphonStrike"],"picked":"SKIP","floor":1},{"not_picked":["construct:Boost","construct:Zapper","construct:HeavyBolt"],"picked":"SKIP","floor":4},{"not_picked":["construct:SuppressiveFire","construct:ShiftStrike","construct:FocusedBeam"],"picked":"SKIP","floor":7},{"not_picked":["construct:Isolate","construct:Backfire"],"picked":"construct:ForceCore","floor":10},{"not_picked":["construct:Hazardproof","construct:PointDefense"],"picked":"construct:Autoturret","floor":12},{"not_picked":["construct:Reinforce","construct:ShiftStrike","construct:Backup"],"picked":"SKIP","floor":13},{"not_picked":["construct:FlakBarrage","construct:FierceBash"],"picked":"construct:SyphonStrike","floor":14},{"not_picked":["construct:HammerDown","construct:SiegeForm"],"picked":"construct:BatteryCore","floor":16},{"not_picked":["construct:ShiftStrike","construct:Disrupt","construct:Backfire+1"],"picked":"SKIP","floor":18},{"not_picked":["construct:Accumulate","construct:Boost","construct:ShiftStrike+1"],"picked":"SKIP","floor":21},{"not_picked":["construct:Anticipate","construct:HeavyBolt","construct:SaveState+1"],"picked":"SKIP","floor":24},{"not_picked":["construct:ShiftGuard","construct:SweepLaser+1","construct:Versatility"],"picked":"SKIP","floor":25},{"not_picked":["construct:VentSteam","construct:ScrapCannon","construct:Forcefield"],"picked":"SKIP","floor":28}],"player_experience":915954,"relics_obtained":[{"floor":3,"key":"conspire:GlowingRock"},{"floor":9,"key":"Incense Burner"},{"floor":26,"key":"Blood Vial"}],"event_choices":[{"damage_healed":0,"gold_gain":0,"player_choice":"Grow","damage_taken":0,"max_hp_gain":0,"max_hp_loss":0,"event_name":"Living Wall","floor":2,"gold_loss":0,"cards_upgraded":["construct:BatteryCore"]},{"damage_healed":0,"gold_gain":0,"player_choice":"Entered Light","damage_taken":17,"max_hp_gain":0,"max_hp_loss":0,"event_name":"Shining Light","floor":5,"gold_loss":0,"cards_upgraded":["construct:Defend_Gold","construct:Defend_Gold"]}],"is_beta":false,"boss_relics":[{"not_picked":["SacredBark","energizedSpire:SpiderWeb"],"picked":"construct:WeddingRing"}],"items_purged_floors":[22],"is_endless":false,"potions_floor_spawned":[1,12,16,24,25],"killed_by":"Sentry and Sphere","ascension_level":0}}