{"host":"g1wmg2w41xhsnw8g","time":1609365001,"event":{"mods":["2.2 Compatiblity","Act Like it!","BaseMod","Better Altar","Better Match","Better Note","Better Sensory Stone","Better Skull","Better Third Choice","BetterRewards","Booster Modes","CapriCore","Colored Map","Colored Powertips","Curses Come First","Defuse TimeMaze Blight","Displayed Cursed Tome","Evolution","Friendly Minions","GifTheSpireLib","Googly Eyes","Infinite Spire","Magitek Elite","Minty Spire (QoL Compilation)","Red Circlet Mod","Relic Sorter","Ruin Mod","SCP261 Mod","Shop Mod","Spicy Shops","StSLib","Strawberry Spire","The Sage","Transform Curses","Wandering Minibosses","????"],"gold_per_floor":[119,69,141,156,173,207,207,207,255,275,287,106,116,133,133,237,287,306,317,317,334,334,334,368,48,48,48,48],"floor_reached":27,"playtime":1943,"items_purged":["theRuin:Revival"],"score":298,"play_id":"b2ba2a7e-be29-4eb0-b21d-44c8b98df5d1","local_time":"20201230165000","daily_mods":["SealedDeck","Specialized","Heirloom","Elite Swarm"],"is_ascension_mode":true,"campfire_choices":[{"data":"theRuin:QuestionablePotion","floor":8,"key":"SMITH"},{"floor":15,"key":"REST"},{"floor":23,"key":"REST"}],"circlet_count":0,"master_deck":["theRuin:Revival","theRuin:Revival","theRuin:Revival","theRuin:Patience","theRuin:MeatShield+1","theRuin:GraveLeap","theRuin:BoneToss","theRuin:InfectedDagger","theRuin:QuestionablePotion+1","theRuin:Patience+1","theRuin:BoneFactory","theRuin:SharpenedBones","theRuin:Rebuilding","theRuin:RaiseDead","theRuin:DefensiveDuel","theRuin:BigBones","theRuin:SurpriseAttack+1","theRuin:SkeletonWall","theRuin:NecroticBurn","Necronomicurse","infinitespire:UltimateForm","theRuin:MassiveOrganFailure"],"relics":["theRuin:Coffin","EVO:Axolotl","sagemod:Blowpipe","Oddly Smooth Stone","MerchantsRug","TheAbacus","Necronomicon","Darkstone Periapt","Tiny Chest","Smiling Mask","sagemod:Singing_Vial"],"acts_visited":["Exordium","TheCity"],"potions_floor_usage":[6,16,18,24,27],"damage_taken":[{"damage":10,"enemies":"Small Slimes","floor":1,"turns":3},{"damage":11,"enemies":"Jaw Worm","floor":4,"turns":4},{"damage":5,"enemies":"2 Louse","floor":5,"turns":2},{"damage":45,"enemies":"3 Sentries","floor":6,"turns":7},{"damage":53,"enemies":"Gremlin Gang","floor":10,"turns":5},{"damage":10,"enemies":"Looter","floor":11,"turns":2},{"damage":7,"enemies":"Exordium Wildlife","floor":13,"turns":3},{"damage":24,"enemies":"3 Louse","floor":14,"turns":3},{"damage":39,"enemies":"The Guardian","floor":16,"turns":8},{"damage":31,"enemies":"3 Byrds","floor":18,"turns":7},{"damage":41,"enemies":"Chosen","floor":19,"turns":6},{"damage":16,"enemies":"Snecko","floor":21,"turns":6},{"damage":18,"enemies":"Nightmare","floor":24,"turns":4},{"damage":24,"enemies":"Snake Plant","floor":27,"turns":4}],"seed_played":"-4391284192444149650","potions_obtained":[{"floor":1,"key":"SpeedPotion"},{"floor":4,"key":"BlessingOfTheForge"},{"floor":11,"key":"Energy Potion"},{"floor":13,"key":"DuplicationPotion"},{"floor":16,"key":"SCP261:BarrettColaPotion"},{"floor":17,"key":"Energy Potion"},{"floor":21,"key":"ColorlessPotion"}],"is_trial":true,"path_per_floor":["M","?","?","M","M","E","?","R","T","M","M","R","M","M","R","B",null,"M","M","?","M","?","R","NM","R","T","M"],"character_chosen":"THE_DEFAULT","items_purchased":["MerchantsRug","TheAbacus","Tiny Chest","Smiling Mask"],"campfire_rested":2,"item_purchase_floors":[12,12,25,25],"current_hp_per_floor":[76,76,76,73,68,23,88,88,88,45,35,35,38,34,60,21,93,72,31,31,25,9,36,18,18,18,0,0],"gold":48,"neow_bonus":"","is_daily":false,"chose_seed":false,"campfire_upgraded":1,"win_rate":0.0,"timestamp":1609365000,"path_taken":["M","?","?","?","M","E","?","R","T","M","?","R","M","M","R","BOSS","M","M","?","M","?","R","NM","R","T","M"],"items_purchased_type":["Relic","Relic","Relic","Relic"],"build_version":"2020-12-22","purchased_purges":1,"victory":false,"max_hp_per_floor":[78,78,78,78,78,78,88,88,88,88,88,88,88,88,88,88,93,93,93,93,93,93,93,93,93,93,93,93],"card_choices":[{"not_picked":["theRuin:DropDead","theRuin:NecroticBurn","theRuin:GiftFromBeyond"],"picked":"SKIP","floor":1},{"not_picked":["theRuin:DeadPower","theRuin:BoneToss","theRuin:QuestionablePotion"],"picked":"SKIP","floor":4},{"not_picked":["theRuin:DropDead","theRuin:QuestionablePotion"],"picked":"theRuin:RaiseDead","floor":5},{"not_picked":["theRuin:DescentToDeath","theRuin:ScytheStrike"],"picked":"theRuin:Endure","floor":6},{"not_picked":["theRuin:MeatShield","theRuin:BoneFactory"],"picked":"theRuin:DefensiveDuel","floor":10},{"not_picked":["theRuin:QuestionablePotion","theRuin:InfectedDagger","theRuin:DraggedDown"],"picked":"SKIP","floor":11},{"not_picked":["theRuin:ShallowGraveStrike","theRuin:BlackPlague"],"picked":"theRuin:BigBones","floor":13},{"not_picked":["theRuin:MyOwnBones","theRuin:ShallowGraveStrike","theRuin:Revival"],"picked":"SKIP","floor":14},{"not_picked":["theRuin:Armageddon","theRuin:Endure"],"picked":"theRuin:SurpriseAttack","floor":16},{"not_picked":["theRuin:NecroticBurn","theRuin:BlackPlague"],"picked":"theRuin:SkeletonWall","floor":17},{"not_picked":["theRuin:GraveRobber+1","theRuin:DraggedDown","theRuin:GraveLeap+1"],"picked":"SKIP","floor":18},{"not_picked":["theRuin:Revival","theRuin:QuestionablePotion"],"picked":"theRuin:NecroticBurn","floor":19},{"not_picked":["theRuin:SkeletonParty","theRuin:NecroticBurn","theRuin:BoneFactory"],"picked":"SKIP","floor":21},{"not_picked":["infinitespire:Execution","infinitespire:NeuralNetwork"],"picked":"infinitespire:UltimateForm","floor":24},{"not_picked":["theRuin:ScytheStrike","theRuin:Rebuilding"],"picked":"theRuin:MassiveOrganFailure","floor":24}],"player_experience":1008161,"relics_obtained":[{"floor":6,"key":"Oddly Smooth Stone"},{"floor":9,"key":"War Paint"},{"floor":24,"key":"Darkstone Periapt"},{"floor":26,"key":"sagemod:Singing_Vial"}],"event_choices":[{"cards_removed":["theRuin:Revival"],"damage_healed":0,"gold_gain":0,"player_choice":"Card Removal","damage_taken":0,"max_hp_gain":0,"max_hp_loss":0,"event_name":"The Cleric","floor":2,"gold_loss":50},{"damage_healed":0,"gold_gain":72,"player_choice":"Gained Gold","damage_taken":0,"max_hp_gain":0,"max_hp_loss":0,"event_name":"Golden Wing","floor":3,"gold_loss":0},{"cards_removed":["theRuin:Endure"],"damage_healed":55,"gold_gain":0,"player_choice":"Offered Rare","damage_taken":0,"max_hp_gain":10,"max_hp_loss":0,"event_name":"Bonfire Elementals","floor":7,"gold_loss":0},{"cards_removed":["theRuin:SharpenedBones"],"damage_healed":0,"gold_gain":0,"player_choice":"Give","damage_taken":0,"max_hp_gain":0,"max_hp_loss":0,"event_name":"betterNote:BetterNote","floor":20,"gold_loss":0,"cards_obtained":["None"]},{"damage_healed":0,"gold_gain":0,"player_choice":"Obtained Book","damage_taken":16,"max_hp_gain":0,"max_hp_loss":0,"event_name":"Cursed Tome","floor":22,"gold_loss":0}],"is_beta":false,"boss_relics":[{"not_picked":["Sozu","Calling Bell"],"picked":"Tiny House"}],"items_purged_floors":[25],"is_endless":true,"potions_floor_spawned":[1,4,11,13,16,21],"killed_by":"Snake Plant","ascension_level":1}}