{"host":"bk3gpzeffbx7m7po","time":1609356604,"event":{"mods":["A Magickal Journey","AchievementEnabler","Act Like it!","Aspiration","Astrologer","Bartender","BaseMod","Better Third Choice","Better Vampires","CapriCore","Conspire","Downfall","Duelist Mod","Elementarium","Energized Spire","Friendly Minions","Gensokyo","GungeonMod","Hermit","Hero for Fun","Highlight Path","Hubris","Infinite Spire","Jorbs\u0027s Wanderer Trilogy","Koishi","LagranYue(???·?)","Mad Scientist","Magitek Elite","Marisa????????","Melee Mod","Minty Spire (QoL Compilation)","Potionbrewer","Prisma Mod","Quick Restart","Random Character Button","Remilia??????","Replay The Spire","Shade Mod","Spicy Shops","StSLib","Synergy Search","The Administrix","The Animator","The Clintock","The Construct","The Cursed","The Disciple","The Exalted","The Hierophant","The Immortal","The Judge","The Mystic","The Necromancer","The Poker Player","The Runesmith","The Senshi","The Servant 0.9.4","The Spell Scribe","The Valiant","The Wild Card","TheArtist","TheFirefly"],"gold_per_floor":[109,109,128,128,138,172,172,207,252,265,297,297,297,75,75,175,175,186,186,166,176,186,186,186,197,197,209,127,427,427,441,441,541,591,602,299,299],"floor_reached":36,"playtime":3434,"items_purged":[],"score":432,"play_id":"8486be36-798f-45c5-a1cc-60f03014b6fa","local_time":"20201230193004","is_ascension_mode":false,"campfire_choices":[{"floor":7,"key":"RECALL"},{"data":"Koishi:EmbryosDream","floor":13,"key":"SMITH"},{"floor":24,"key":"REST"},{"floor":32,"key":"REST"}],"circlet_count":0,"master_deck":["Koishi:BasicStrike+1","Koishi:BasicStrike","Koishi:BasicStrike","Koishi:BasicDefend","Koishi:BasicDefend","Koishi:BasicDefend","Koishi:BasicDefend","Koishi:Provoke","Koishi:HauntingSlash+1","Koishi:EmbryosDream+1","Koishi:UnseenTerror","Apotheosis+1","Koishi:SprinkleStarAndHeart","Koishi:HeartAttack","Koishi:SubterraneanRose","Koishi:SubconsciousSweep","Koishi:FidgetySnatcher+1","Koishi:TraumaticStroke","Koishi:RuptureMind","Koishi:DNAsFlaw+1","Koishi:LastRemote","Koishi:FleetingPhantom","Koishi:FreudianInstinct","Greed_TH","Koishi:UnconsciousUprising+1","Koishi:ConfinedInnocent","Koishi:UnconsciousUrges","Koishi:UnconsciousUprising+1","Guardian:Gem_Fragmented","Guardian:Gem_Purple","Guardian:Gem_Cyan","Guardian:Gem_Blue","Guardian:Gem_Red"],"relics":["theDuelist:GraveToken","energizedSpire:EnergizedDie","theDuelist:Spellheart","PrismaMod:AliceRelic","Guardian:SackOfGems","animator:LivingPicture","construct:ClockworkPhoenix","theDuelist:AkhenamkhanenSceptre","infinitespire:EmptyRelic","infinitespire:EmptyRelic","infinitespire:EmptyRelic","infinitespire:EmptyRelic","infinitespire:EmptyRelic","infinitespire:EmptyRelic","infinitespire:EmptyRelic","infinitespire:EmptyRelic","infinitespire:EmptyRelic","infinitespire:EmptyRelic","infinitespire:Chaos"],"acts_visited":["Exordium","TheCity","TheBeyond"],"potions_floor_usage":[11,11,18,21,22,25,25,27,27,27,27,31,31,31,33,33,33,35],"damage_taken":[{"damage":0,"enemies":"Small Slimes","floor":1,"turns":1},{"damage":0,"enemies":"Jaw Worm","floor":3,"turns":1},{"damage":0,"enemies":"2 Louse","floor":5,"turns":1},{"damage":0,"enemies":"Lagavulin","floor":6,"turns":11},{"damage":3,"enemies":"3 Sentries","floor":8,"turns":10},{"damage":1,"enemies":"Lots of Slimes","floor":10,"turns":4},{"damage":0,"enemies":"Gremlin Nob","floor":11,"turns":3},{"damage":34,"enemies":"The Guardian","floor":16,"turns":9},{"damage":4,"enemies":"2 Thieves","floor":18,"turns":3},{"damage":31,"enemies":"3 Byrds","floor":21,"turns":4},{"damage":7,"enemies":"Snake Plant","floor":22,"turns":4},{"damage":2,"enemies":"Centurion and Healer","floor":25,"turns":4},{"damage":4,"enemies":"Shelled Parasite and Fungi","floor":27,"turns":3},{"damage":9,"enemies":"Snecko","floor":31,"turns":4},{"damage":31,"enemies":"Collector","floor":33,"turns":8},{"damage":24,"enemies":"Orb Walker","floor":35,"turns":4}],"seed_played":"-7256311845506614926","potions_obtained":[{"floor":1,"key":"SteroidPotion"},{"floor":16,"key":"ColorlessPotion"},{"floor":20,"key":"potionbrewer:DiscountPotion"},{"floor":22,"key":"EntropicBrew"},{"floor":25,"key":"PowerPotion"},{"floor":31,"key":"SkillPotion"},{"floor":33,"key":"FearPotion"},{"floor":34,"key":"SpeedPotion"}],"is_trial":false,"path_per_floor":["M","?","M","?","M","E","R","E","T","M","E","?","R","$","R","B",null,"M","AVR","?","M","M","?","R","M","T","M","$","?","?","M","R","B",null,"M","$"],"character_chosen":"KOISHI","items_purchased":["Potion Belt","Koishi:FidgetySnatcher+1","Koishi:FreudianInstinct","conspire:InfiniteJournal","infinitespire:Chaos"],"campfire_rested":2,"item_purchase_floors":[14,14,28,36,36],"current_hp_per_floor":[60,60,60,60,60,60,60,60,60,59,60,60,60,60,60,28,60,57,57,57,27,20,20,38,37,37,34,34,34,34,27,45,20,69,46,36,36],"gold":299,"neow_bonus":"THREE_ENEMY_KILL","is_daily":false,"chose_seed":false,"campfire_upgraded":1,"win_rate":0.0,"timestamp":1609356604,"path_taken":["M","?","M","?","M","E","R","E","T","M","E","?","R","$","R","BOSS","M","AVR","?","?","M","?","R","M","T","M","?","?","?","M","R","BOSS","M","$"],"items_purchased_type":["Relic","Card","Card","Relic","Relic"],"build_version":"2020-12-22","purchased_purges":0,"victory":false,"max_hp_per_floor":[60,60,60,60,60,60,60,60,60,60,60,60,60,60,60,60,60,60,60,60,60,60,60,60,61,61,62,62,62,62,63,63,64,69,70,70,70],"card_choices":[{"not_picked":["Koishi:MindNumbingTerror","Koishi:SubterraneanRose"],"picked":"Koishi:EmbryosDream","floor":1},{"not_picked":["Koishi:StingingMind","Koishi:Jaunt"],"picked":"Koishi:UnseenTerror","floor":3},{"not_picked":["Koishi:Catatonia","Koishi:PhantomStrike"],"picked":"Koishi:SprinkleStarAndHeart","floor":5},{"not_picked":["Koishi:PredatoryInstincts","Koishi:Vanish"],"picked":"Koishi:HeartAttack","floor":6},{"not_picked":["Koishi:PhantomBarrier","Koishi:FadingMemory"],"picked":"Koishi:SubterraneanRose","floor":8},{"not_picked":["Koishi:JumpScare","Koishi:ParalyzingFear"],"picked":"Koishi:SubconsciousSweep","floor":10},{"not_picked":["Koishi:PhantomStrike","Koishi:EmbryosDream","Koishi:DanmakuParanoia"],"picked":"SKIP","floor":11},{"not_picked":["Koishi:FormlessExistence","Koishi:ImGoingToCallYouNow"],"picked":"Koishi:RuptureMind","floor":16},{"not_picked":["Koishi:EmbryosDream","Koishi:DreadfulBlow+1","Koishi:PredatoryInstincts"],"picked":"SKIP","floor":18},{"not_picked":["Koishi:Bloodlust+1","Koishi:UnansweredLove"],"picked":"Koishi:DNAsFlaw+1","floor":21},{"not_picked":["Koishi:ParalyzingFear","Koishi:SpiritedAway"],"picked":"Koishi:LastRemote","floor":22},{"not_picked":["Koishi:BloodcurdlingScream+1","Koishi:CatchAndRose+1"],"picked":"Koishi:FleetingPhantom","floor":25},{"not_picked":["Koishi:LastRemote","Koishi:PredatoryInstincts+1","Koishi:MindNumbingTerror"],"picked":"SKIP","floor":27},{"not_picked":["Koishi:LastRemote+1","Koishi:HeartAttack"],"picked":"Koishi:UnconsciousUprising+1","floor":31},{"not_picked":["Koishi:TerrifyingSpectre","Koishi:FormlessExistence"],"picked":"Koishi:ConfinedInnocent","floor":33},{"not_picked":["Koishi:FleetingPhantom","Koishi:ParalyzingFear+1"],"picked":"Koishi:UnconsciousUrges","floor":34},{"not_picked":["Koishi:VengefulSpirit+1","Koishi:YoukaiPolygraph+1"],"picked":"Koishi:UnconsciousUprising+1","floor":35}],"player_experience":311619,"relics_obtained":[{"floor":6,"key":"potionbrewer:DrinkingBird"},{"floor":8,"key":"White_Cape"},{"floor":9,"key":"theSenshi:SailorFukuRelic"},{"floor":11,"key":"infinitespire:Broken Mirror"},{"floor":26,"key":"Bag of Marbles"}],"event_choices":[{"damage_healed":60,"gold_gain":0,"player_choice":"Embrace","damage_taken":0,"max_hp_gain":0,"max_hp_loss":60,"event_name":"betterThird:BetterShining","floor":4,"gold_loss":0},{"damage_healed":0,"gold_gain":0,"player_choice":"Bought 1 Potion","damage_taken":0,"max_hp_gain":0,"max_hp_loss":0,"event_name":"The Woman in Blue","floor":20,"gold_loss":0},{"damage_healed":0,"gold_gain":0,"player_choice":"Trade","damage_taken":0,"relics_obtained":["FaceOfCleric"],"max_hp_gain":0,"max_hp_loss":0,"event_name":"FaceTrader","floor":23,"gold_loss":0},{"damage_healed":0,"gold_gain":0,"player_choice":"Gave Potion","damage_taken":0,"relics_obtained":["Bromod:ArcaneTempo"],"max_hp_gain":0,"max_hp_loss":0,"event_name":"WeMeetAgain","floor":30,"gold_loss":0}],"is_beta":false,"boss_relics":[{"not_picked":["Bromod:ArcaneGrace","ChewingGum"],"picked":"LagranYue:ContractPerformanceRelic"},{"not_picked":["conspire:RoyalGoblet","aspiration:RunesmithSkillbook"],"picked":"Tiny House"}],"items_purged_floors":[],"is_endless":false,"potions_floor_spawned":[1,10,16,22,25,31,33],"ascension_level":0}}