{"host":"ssbj2e5691x5ub3h","time":1609299790,"event":{"mods":["BaseMod","Duelist Mod","Minty Spire (QoL Compilation)","StSLib"],"gold_per_floor":[142,158,175,175,185,185,200,200,225,225,241,274,274,297,297,370,370,383,383,394,394,394,419,429,429,429,458,474,486,518,237,237,237,237],"floor_reached":33,"playtime":1234,"items_purged":["theDuelist:CastleWalls"],"score":650,"play_id":"ceebfb32-fe9c-46e1-94e4-f3272460ffd4","local_time":"20201230014310","is_ascension_mode":true,"campfire_choices":[{"data":"theDuelist:MaskedDragon","floor":6,"key":"SMITH"},{"floor":13,"key":"REST"},{"floor":15,"key":"REST"},{"floor":25,"key":"REST"},{"floor":32,"key":"REST"}],"circlet_count":0,"master_deck":["AscendersBane","theDuelist:BabyDragon","theDuelist:BloodSparks","theDuelist:CastleWalls","theDuelist:CaveDragon","theDuelist:CaveDragon","theDuelist:LesserDragon","theDuelist:LesserDragon","theDuelist:YamataDragon","theDuelist:TotemDragon+1","theDuelist:MaskedDragon+1","theDuelist:ThunderDragon","theDuelist:Mountain","theDuelist:TotemDragon","theDuelist:CoralDragon","theDuelist:Lancephorhynchus","theDuelist:GravityLash","theDuelist:BlackBrutdrago","Decay","theDuelist:DragonZombie","theDuelist:ArmageddonDragonEmp","theDuelist:ChimeratechOverdragon+1","theDuelist:CoralDragon"],"relics":["theDuelist:MillenniumPuzzle","theDuelist:CardPoolRelic","theDuelist:CardPoolBasicRelic","theDuelist:BoosterPackPoolRelic","theDuelist:CardPoolAddRelic","theDuelist:CardPoolMinusRelic","theDuelist:CardPoolSaveRelic","theDuelist:CardPoolOptionsRelic","Strawberry","Ancient Tea Set","Vajra","Odd Mushroom","Busted Crown","theDuelist:GoldenScale","theDuelist:BoosterBetterBoostersRelic","Shuriken","theDuelist:DuelistLetterOpener","Frozen Egg 2","Lantern"],"acts_visited":["Exordium","TheCity"],"potions_floor_usage":[18,23,30,30],"damage_taken":[{"damage":0,"enemies":"Cultist","floor":1,"turns":2},{"damage":0,"enemies":"2 Louse","floor":2,"turns":2},{"damage":2,"enemies":"Small Slimes","floor":3,"turns":3},{"damage":2,"enemies":"Exordium Wildlife","floor":5,"turns":3},{"damage":16,"enemies":"3 Louse","floor":7,"turns":3},{"damage":0,"enemies":"Looter","floor":11,"turns":2},{"damage":43,"enemies":"3 Sentries","floor":12,"turns":8},{"damage":28,"enemies":"The Mushroom Lair","floor":14,"turns":4},{"damage":3,"enemies":"Slime Boss","floor":16,"turns":7},{"damage":18,"enemies":"2 Thieves","floor":18,"turns":4},{"damage":1,"enemies":"Shell Parasite","floor":20,"turns":5},{"damage":27,"enemies":"Slavers","floor":23,"turns":4},{"damage":5,"enemies":"Sentry and Sphere","floor":24,"turns":4},{"damage":38,"enemies":"Gremlin Leader","floor":27,"turns":5},{"damage":0,"enemies":"Snecko","floor":28,"turns":4},{"damage":0,"enemies":"Cultist and Chosen","floor":29,"turns":3},{"damage":4,"enemies":"Book of Stabbing","floor":30,"turns":3},{"damage":58,"enemies":"Collector","floor":33,"turns":5}],"seed_played":"-8576049653628892074","potions_obtained":[{"floor":1,"key":"Ancient Potion"},{"floor":3,"key":"theDuelist:StunPotion"},{"floor":20,"key":"theDuelist:DragonSoulPotion"},{"floor":27,"key":"theDuelist:ReducerPotion"},{"floor":28,"key":"AttackPotion"}],"is_trial":false,"path_per_floor":["M","M","M","?","M","R","M","?","T","?","M","E","R","?","R","B",null,"M","?","M","?","T","E","M","R","T","E","M","M","E","$","R","B"],"character_chosen":"THE_DUELIST","items_purchased":["Lantern","theDuelist:CoralDragon"],"campfire_rested":4,"item_purchase_floors":[31,31],"current_hp_per_floor":[67,71,69,76,78,78,62,62,62,62,62,19,45,17,43,44,81,63,63,62,62,62,39,34,63,63,25,25,29,25,25,55,0,0],"gold":237,"neow_bonus":"REMOVE_CARD","is_daily":false,"chose_seed":false,"campfire_upgraded":1,"win_rate":0.0,"timestamp":1609299790,"path_taken":["M","?","M","?","M","R","M","?","T","?","?","E","R","?","R","BOSS","M","?","M","?","?","E","M","R","T","E","M","M","E","$","R","BOSS"],"items_purchased_type":["Relic","Card"],"build_version":"2020-12-22","purchased_purges":1,"victory":false,"max_hp_per_floor":[74,78,78,85,89,89,89,89,89,89,89,89,89,89,89,93,93,93,93,93,93,93,97,97,97,97,97,97,101,101,101,101,101,101],"card_choices":[{"not_picked":["theDuelist:TailSwipe+1","theDuelist:Sabersaurus+1","theDuelist:BarrelDragon+1"],"picked":"SKIP","floor":1},{"not_picked":["theDuelist:TyrantWing+1","theDuelist:DragonTreasure+1","theDuelist:DragonRavine+1","theDuelist:CyberLaserDragon+1"],"picked":"theDuelist:TotemDragon+1","floor":2},{"not_picked":["theDuelist:BabyDragon","theDuelist:AncientPixieDragon","theDuelist:Earthquake","theDuelist:BlackStego"],"picked":"theDuelist:MaskedDragon","floor":3},{"not_picked":["theDuelist:Sabersaurus","theDuelist:AncientGearGadjiltron"],"picked":"theDuelist:ThunderDragon","floor":5},{"not_picked":["theDuelist:TotemDragon","theDuelist:SilverWing","theDuelist:Berserking"],"picked":"theDuelist:Mountain","floor":7},{"not_picked":[],"picked":"theDuelist:TotemDragon","floor":11},{"not_picked":["Deep Breath","Enlightenment","Forethought","Madness"],"picked":"SKIP","floor":12},{"not_picked":["theDuelist:Pyrorex","theDuelist:MaskedDragon","theDuelist:RedRisingDragon","theDuelist:RedEyes"],"picked":"theDuelist:CoralDragon","floor":14},{"not_picked":["theDuelist:Scapegoat","theDuelist:OceanDragonLord","theDuelist:DragonMastery","theDuelist:BlueDuston"],"picked":"theDuelist:Lancephorhynchus","floor":16},{"not_picked":["theDuelist:WingedDragonRa","theDuelist:DragonMastery+1","theDuelist:BusterBladerDDS"],"picked":"theDuelist:GravityLash","floor":18},{"not_picked":["theDuelist:YamataDragon","theDuelist:DarkHorus","theDuelist:Beatraptor+1"],"picked":"theDuelist:BlackBrutdrago","floor":20},{"not_picked":["theDuelist:Destroyersaurus+1","theDuelist:Vandalgyon","theDuelist:ThreateningRoar"],"picked":"theDuelist:DragonZombie","floor":23},{"not_picked":["theDuelist:VoidOgreDragon","theDuelist:FiveHeaded","theDuelist:GravityLash+1"],"picked":"theDuelist:ArmageddonDragonEmp","floor":24},{"not_picked":["theDuelist:StampingDestruction","theDuelist:SuperStridentBlaze","theDuelist:OneDayPeace","theDuelist:TailSwipe"],"picked":"SKIP","floor":27},{"not_picked":["theDuelist:MadFlameKaiju+1","theDuelist:BeserkDragon+1","theDuelist:ArmageddonDragonEmp+1"],"picked":"SKIP","floor":28},{"not_picked":["theDuelist:OceanDragonLord+1","theDuelist:DefensiveTactics","theDuelist:CyberDragonInfinity","theDuelist:ArmageddonDragonEmp"],"picked":"SKIP","floor":29},{"not_picked":["theDuelist:BurstBreath","theDuelist:OceanDragonLord","theDuelist:LostWorld+1"],"picked":"theDuelist:ChimeratechOverdragon+1","floor":30}],"player_experience":275908,"relics_obtained":[{"floor":9,"key":"Ancient Tea Set"},{"floor":12,"key":"Vajra"},{"floor":14,"key":"Odd Mushroom"},{"floor":22,"key":"theDuelist:GoldenScale"},{"floor":23,"key":"theDuelist:BoosterBetterBoostersRelic"},{"floor":26,"key":"Shuriken"},{"floor":27,"key":"theDuelist:DuelistLetterOpener"},{"floor":30,"key":"Frozen Egg 2"}],"event_choices":[{"damage_healed":0,"gold_gain":0,"player_choice":"Box","damage_taken":0,"relics_obtained":["Strawberry"],"max_hp_gain":0,"max_hp_loss":0,"event_name":"Big Fish","floor":4,"gold_loss":0,"cards_obtained":["Regret"]},{"damage_healed":0,"gold_gain":0,"player_choice":"Leave","duelist":true,"damage_taken":0,"max_hp_gain":0,"max_hp_loss":0,"event_name":"Card Trader","floor":8,"gold_loss":0},{"damage_healed":0,"gold_gain":0,"player_choice":"Ignored","damage_taken":0,"max_hp_gain":0,"max_hp_loss":0,"event_name":"Liars Game","floor":10,"gold_loss":0},{"damage_healed":0,"gold_gain":0,"player_choice":"Fought Mushrooms","damage_taken":0,"max_hp_gain":0,"max_hp_loss":0,"event_name":"Mushrooms","floor":14,"gold_loss":0},{"cards_removed":["Regret"],"damage_healed":0,"gold_gain":0,"player_choice":"Elegance","damage_taken":0,"max_hp_gain":0,"max_hp_loss":0,"event_name":"Back to Basics","floor":19,"gold_loss":0},{"damage_healed":0,"gold_gain":0,"player_choice":"Smashed Altar","damage_taken":0,"max_hp_gain":0,"max_hp_loss":0,"event_name":"Forgotten Altar","floor":21,"gold_loss":0,"cards_obtained":["Decay"]}],"is_beta":false,"boss_relics":[{"not_picked":["Calling Bell","Fusion Hammer"],"picked":"Busted Crown"}],"items_purged_floors":[31],"is_endless":false,"potions_floor_spawned":[1,3,12,16,20,27,28,29],"killed_by":"Collector","ascension_level":15}}