{"host":"6za4ayowsop7ft3x","time":1609302672,"event":{"mods":["AchievementEnabler","BaseMod","Bestiary","Colored Map","Colored Powertips","Curses Come First","Highlight Path","Minty Spire (QoL Compilation)","Quick Restart","StSLib"],"gold_per_floor":[114,125,77,94,60,60,90,90,90,90,90,18,45,62,62,159,159,177,195,206,5,5,37,136,136,187,187,187,187],"floor_reached":28,"playtime":890,"items_purged":[],"score":248,"play_id":"e99b04c2-294f-4c73-aeb1-85def6353f78","local_time":"20201230123112","is_ascension_mode":true,"campfire_choices":[{"data":"Poisoned Stab","floor":6,"key":"SMITH"},{"data":"Catalyst","floor":8,"key":"SMITH"},{"data":"Deadly Poison","floor":15,"key":"SMITH"},{"floor":25,"key":"REST"}],"circlet_count":0,"master_deck":["Strike_G","Strike_G","Strike_G","Strike_G","Defend_G","Defend_G","Defend_G","Defend_G","Survivor","Neutralize","Catalyst+1","Dash","Backflip","Poisoned Stab+1","PiercingWail","Night Terror","Poisoned Stab","Backflip","Deadly Poison+1","Malaise","Poisoned Stab","Deflect","Bane"],"relics":["Ring of the Serpent","NeowsBlessing","Letter Opener","Mercury Hourglass","Boot","Sling","Centennial Puzzle","Toy Ornithopter"],"acts_visited":["Exordium","TheCity"],"potions_floor_usage":[23,23,23],"damage_taken":[{"damage":0,"enemies":"2 Louse","floor":1,"turns":1},{"damage":0,"enemies":"Small Slimes","floor":2,"turns":1},{"damage":0,"enemies":"Jaw Worm","floor":4,"turns":1},{"damage":2,"enemies":"Exordium Thugs","floor":5,"turns":5},{"damage":15,"enemies":"Gremlin Nob","floor":7,"turns":5},{"damage":3,"enemies":"Large Slime","floor":14,"turns":5},{"damage":33,"enemies":"Slime Boss","floor":16,"turns":9},{"damage":0,"enemies":"Chosen","floor":18,"turns":4},{"damage":31,"enemies":"2 Thieves","floor":19,"turns":4},{"damage":8,"enemies":"Chosen and Byrds","floor":20,"turns":4},{"damage":25,"enemies":"Gremlin Leader","floor":23,"turns":3},{"damage":38,"enemies":"Slavers","floor":28,"turns":4}],"seed_played":"-7941975151441047128","potions_obtained":[{"floor":1,"key":"FearPotion"},{"floor":7,"key":"AttackPotion"},{"floor":14,"key":"Energy Potion"},{"floor":16,"key":"ColorlessPotion"}],"is_trial":false,"path_per_floor":["M","M","$","M","M","R","E","R","T","?","?","$","T","M","R","B",null,"M","M","M","$","?","E","?","R","T","?","E"],"character_chosen":"THE_SILENT","items_purchased":["Backflip","Poisoned Stab","Backflip","Deflect","Sling"],"campfire_rested":1,"item_purchase_floors":[3,12,12,21,21],"current_hp_per_floor":[70,70,70,70,68,68,53,53,53,53,58,58,58,55,55,22,75,75,44,36,36,36,11,11,33,33,33,0,0],"gold":187,"neow_bonus":"THREE_ENEMY_KILL","is_daily":false,"chose_seed":false,"campfire_upgraded":3,"win_rate":0.0,"timestamp":1609302672,"path_taken":["M","M","$","M","M","R","E","R","T","?","?","$","?","M","R","BOSS","M","M","M","$","?","E","?","R","T","?","E"],"items_purchased_type":["Card","Card","Card","Card","Relic"],"build_version":"2020-12-22","purchased_purges":0,"victory":false,"max_hp_per_floor":[70,70,70,70,70,70,70,70,70,70,75,75,75,75,75,75,75,75,75,75,75,75,75,75,75,75,75,75,75],"card_choices":[{"not_picked":["Heel Hook","Blade Dance"],"picked":"Catalyst","floor":1},{"not_picked":["Cloak And Dagger","Dagger Spray"],"picked":"Dash","floor":2},{"not_picked":["Skewer","Backflip","Wraith Form v2"],"picked":"SKIP","floor":4},{"not_picked":["Blade Dance","Heel Hook"],"picked":"Poisoned Stab","floor":5},{"not_picked":["Choke","Underhanded Strike"],"picked":"PiercingWail","floor":7},{"not_picked":["Leg Sweep","Catalyst"],"picked":"Deadly Poison","floor":14},{"not_picked":["Phantasmal Killer","A Thousand Cuts"],"picked":"Malaise","floor":16},{"not_picked":["Caltrops","Endless Agony","Backflip"],"picked":"SKIP","floor":18},{"not_picked":["Dodge and Roll","Flying Knee+1","Cloak And Dagger"],"picked":"SKIP","floor":19},{"not_picked":["Caltrops+1","Flechettes"],"picked":"Poisoned Stab","floor":20},{"not_picked":["Envenom","Well Laid Plans"],"picked":"Bane","floor":23}],"player_experience":27939,"relics_obtained":[{"floor":7,"key":"Letter Opener"},{"floor":9,"key":"Mercury Hourglass"},{"floor":13,"key":"Boot"},{"floor":23,"key":"Centennial Puzzle"},{"floor":26,"key":"Toy Ornithopter"}],"event_choices":[{"damage_healed":0,"gold_gain":0,"cards_transformed":["Strike_G"],"player_choice":"Change","damage_taken":0,"max_hp_gain":0,"max_hp_loss":0,"event_name":"Living Wall","floor":10,"gold_loss":0,"cards_obtained":["Night Terror"]},{"damage_healed":0,"gold_gain":0,"player_choice":"Donut","damage_taken":0,"max_hp_gain":5,"max_hp_loss":0,"event_name":"Big Fish","floor":11,"gold_loss":0},{"damage_healed":0,"gold_gain":99,"player_choice":"Stole From Cult","damage_taken":0,"max_hp_gain":0,"max_hp_loss":0,"event_name":"Nest","floor":24,"gold_loss":0},{"cards_removed":["Defend_G"],"damage_healed":0,"gold_gain":0,"player_choice":"Elegance","damage_taken":0,"max_hp_gain":0,"max_hp_loss":0,"event_name":"Back to Basics","floor":27,"gold_loss":0}],"is_beta":false,"boss_relics":[{"not_picked":["Busted Crown","Snecko Eye"],"picked":"Ring of the Serpent"}],"items_purged_floors":[],"is_endless":false,"potions_floor_spawned":[1,7,14,16],"killed_by":"Slavers","ascension_level":1}}