{"host":"dhyczjm99amxd3qx","time":1609289565,"event":{"mods":["BaseMod","Colored Map","Googly Eyes","Highlight Path","Minty Spire (QoL Compilation)","Quick Restart","StSLib"],"gold_per_floor":[111,111,286,136,86,115,115,115,165,198,33,47,60,78,78,198,198,213,231,52,67,85,129,129,129,129],"floor_reached":25,"playtime":1527,"items_purged":["Doubt","Strike_G","Defend_G"],"score":351,"play_id":"d1892b31-ee87-4e71-bf71-74c3d499e0fc","local_time":"20201229195245","is_ascension_mode":true,"campfire_choices":[{"data":"Cloak And Dagger","floor":7.0,"key":"SMITH"},{"data":"Accuracy","floor":15.0,"key":"SMITH"},{"data":"Infinite Blades","floor":24,"key":"SMITH"}],"circlet_count":0,"master_deck":["Strike_G","Strike_G","Strike_G","Defend_G","Defend_G","Defend_G","Survivor","Neutralize","Cloak And Dagger+1","Accuracy+1","Blade Dance","Accuracy","Infinite Blades+1","After Image","Cloak And Dagger","Accuracy"],"relics":["Ring of the Snake","Gremlin Horn","Golden Idol","Toy Ornithopter","MawBank","Coffee Dripper","Happy Flower"],"acts_visited":["Exordium","TheCity"],"potions_floor_usage":[22,22],"damage_taken":[{"damage":0.0,"enemies":"Small Slimes","floor":1.0,"turns":4.0},{"damage":40.0,"enemies":"Lagavulin","floor":6.0,"turns":10.0},{"damage":42.0,"enemies":"3 Sentries","floor":10.0,"turns":11.0},{"damage":3.0,"enemies":"2 Louse","floor":12.0,"turns":2.0},{"damage":0.0,"enemies":"Cultist","floor":13.0,"turns":3.0},{"damage":0.0,"enemies":"2 Fungi Beasts","floor":14.0,"turns":2.0},{"damage":0.0,"enemies":"Hexaghost","floor":16.0,"turns":6.0},{"damage":14.0,"enemies":"2 Thieves","floor":18.0,"turns":3.0},{"damage":0,"enemies":"Chosen","floor":19,"turns":4},{"damage":5,"enemies":"Sentry and Sphere","floor":21,"turns":5},{"damage":7,"enemies":"Shelled Parasite and Fungi","floor":22,"turns":4},{"damage":36,"enemies":"Gremlin Leader","floor":23,"turns":5},{"damage":18,"enemies":"Slavers","floor":25,"turns":2}],"seed_played":"-3929261187765699051","potions_obtained":[{"floor":6.0,"key":"FairyPotion"},{"floor":10.0,"key":"Energy Potion"},{"floor":13.0,"key":"DistilledChaos"},{"floor":16.0,"key":"PowerPotion"},{"floor":21,"key":"Regen Potion"}],"is_trial":false,"path_per_floor":["M","?","?","$","?","E","R","?","T","E","$","M","M","M","R","B",null,"M","M","$","M","M","E","R","E"],"character_chosen":"THE_SILENT","items_purchased":["Accuracy","Accuracy","Cloak And Dagger"],"campfire_rested":0,"item_purchase_floors":[4,11,20],"current_hp_per_floor":[77,77,77,77,77,37,37,37,37,21,21,18,18,18,18,28,60,46,46,46,41,53,17,17,0,0],"gold":129,"neow_bonus":"TEN_PERCENT_HP_BONUS","is_daily":false,"chose_seed":false,"campfire_upgraded":3,"win_rate":0.0,"timestamp":1609289565,"path_taken":["M","?","?","$","?","E","R","?","T","E","?","M","M","M","R","BOSS","M","M","$","M","M","E","R","E"],"items_purchased_type":["Card","Card","Card"],"build_version":"2020-12-22","purchased_purges":3,"victory":false,"max_hp_per_floor":[77,77,77,77,77,77,77,71,71,71,71,71,71,71,71,71,71,71,71,71,71,71,71,71,71,71],"card_choices":[{"not_picked":["Deflect","Backstab"],"picked":"Cloak And Dagger","floor":1.0},{"not_picked":["Concentrate","Dagger Throw","Flying Knee"],"picked":"SKIP","floor":6.0},{"not_picked":["Acrobatics","Finisher"],"picked":"Blade Dance","floor":10.0},{"not_picked":["Blur","Dagger Throw","Quick Slash"],"picked":"SKIP","floor":12.0},{"not_picked":["Bane","Flying Knee","Noxious Fumes"],"picked":"SKIP","floor":13.0},{"not_picked":["All Out Attack","Deflect"],"picked":"Infinite Blades","floor":14.0},{"not_picked":["Venomology","Storm of Steel"],"picked":"After Image","floor":16.0},{"not_picked":["Outmaneuver+1","PiercingWail","Expertise"],"picked":"SKIP","floor":18.0},{"not_picked":["Catalyst","Acrobatics","Sucker Punch"],"picked":"SKIP","floor":19},{"not_picked":["Backflip","Poisoned Stab+1","Escape Plan"],"picked":"SKIP","floor":21},{"not_picked":["PiercingWail","Doppelganger"],"picked":"Accuracy","floor":22},{"not_picked":["Bouncing Flask","Poisoned Stab","All Out Attack"],"picked":"SKIP","floor":23}],"player_experience":193795,"relics_obtained":[{"floor":6.0,"key":"Gremlin Horn"},{"floor":9.0,"key":"Toy Ornithopter"},{"floor":10.0,"key":"MawBank"},{"floor":23,"key":"Happy Flower"}],"event_choices":[{"cards_removed":["Strike_G"],"damage_healed":0.0,"max_hp_gain":0.0,"max_hp_loss":0.0,"gold_gain":0.0,"event_name":"Living Wall","player_choice":"Forget","floor":2.0,"gold_loss":0.0,"damage_taken":0.0},{"damage_healed":0.0,"max_hp_gain":0.0,"max_hp_loss":0.0,"gold_gain":175.0,"event_name":"Liars Game","player_choice":"AGREE","floor":3.0,"gold_loss":0.0,"damage_taken":0.0,"cards_obtained":["Doubt"]},{"cards_removed":["Defend_G"],"damage_healed":0.0,"max_hp_gain":0.0,"max_hp_loss":0.0,"gold_gain":0.0,"event_name":"The Cleric","player_choice":"Card Removal","floor":5.0,"gold_loss":50.0,"damage_taken":0.0},{"damage_healed":0.0,"max_hp_gain":0.0,"max_hp_loss":6.0,"gold_gain":0.0,"event_name":"Golden Idol","player_choice":"Lose Max HP","floor":8.0,"gold_loss":0.0,"damage_taken":0.0,"relics_obtained":["Golden Idol"]}],"is_beta":false,"boss_relics":[{"not_picked":["SacredBark","Pandora\u0027s Box"],"picked":"Coffee Dripper"}],"items_purged_floors":[4,11,20],"is_endless":false,"potions_floor_spawned":[6,10,13,16,21],"killed_by":"Slavers","ascension_level":5}}