{"host":"jkgg7n5hn1slsm35","time":1609318769,"event":{"mods":["Aspiration","BaseMod","BetterRewards","Conspire","Googly Eyes","Gremlin Skip","Halation","Highlight Path","Hubris","Infinite Spire","Minty Spire (QoL Compilation)","Permanent Neow","StSLib","SuperFastMode","vexMod"],"gold_per_floor":[114,129,144,159,0,0,15,15,15,45,60,90,90,45,45,145,145,160,160,160,10,25,25,40,55,55,55,85,100,115,130,130,230,230,245,245,115,130,145,145,195,195,195,195,195,210,225,240,240,240,240],"floor_reached":50,"playtime":1908,"items_purged":["Strike_B"],"score":578,"play_id":"fe987754-a595-4e45-9b45-c29f9a455e6f","local_time":"20201230095929","daily_mods":["Cursed Run","Diverse","DeadlyEvents"],"is_ascension_mode":false,"campfire_choices":[{"data":"Flex","floor":6,"key":"SMITH"},{"data":"Zap","floor":8,"key":"SMITH"},{"floor":15,"key":"REST"},{"data":"Footwork","floor":23,"key":"SMITH"},{"data":"Poisoned Stab","floor":27,"key":"SMITH"},{"floor":32,"key":"REST"},{"data":"Dark Embrace","floor":40,"key":"SMITH"},{"data":"Blade Dance","floor":42,"key":"SMITH"},{"data":"Dualcast","floor":44,"key":"SMITH"},{"floor":49,"key":"REST"}],"circlet_count":0,"master_deck":["Strike_B","Strike_B","Strike_B","Defend_B","Defend_B","Defend_B","Defend_B","Zap+1","Dualcast+1","Deflect","Flex+1","Footwork+1","Swift Strike","Conserve Battery","Cleave","FollowUp","Shrug It Off","Shame","Electrodynamics","Poisoned Stab","Flying Knee","Poisoned Stab+1","Parasite","Blade Dance+1","Rage","Writhe","Dodge and Roll","Swift Strike","Dark Embrace+1","Cloak And Dagger+1","White Noise+1","Pommel Strike+1","hubris:Disease","Gash","Dagger Spray+1"],"relics":["Cursed Key","Darkstone Periapt","Du-Vu Doll","infinitespire:Joker Card","Happy Flower","Shuriken","halation:EternalFortune","Lee\u0027s Waffle","Bottled Tornado","aspiration:TomeofQuesting","conspire:RunicOctahedron","Gambling Chip","infinitespire:Bottled Soul","hubris:Icosahedron"],"acts_visited":["Exordium","TheCity","TheBeyond"],"potions_floor_usage":[10,12,12,33,33,50,50,50],"damage_taken":[{"damage":15,"enemies":"infinitespire:Voidling","floor":1,"turns":4},{"damage":0,"enemies":"Cultist","floor":2,"turns":5},{"damage":3,"enemies":"Small Slimes","floor":3,"turns":3},{"damage":3,"enemies":"Red Slaver","floor":4,"turns":3},{"damage":6,"enemies":"2 Fungi Beasts","floor":7,"turns":3},{"damage":21,"enemies":"Lagavulin","floor":10,"turns":8},{"damage":7,"enemies":"Blue Slaver","floor":11,"turns":3},{"damage":27,"enemies":"Gremlin Nob","floor":12,"turns":4},{"damage":17,"enemies":"Slime Boss","floor":16,"turns":10},{"damage":27,"enemies":"3 Byrds","floor":18,"turns":4},{"damage":0,"enemies":"Chosen","floor":22,"turns":5},{"damage":14,"enemies":"conspire:HollyBat","floor":24,"turns":6},{"damage":14,"enemies":"Snake Plant","floor":25,"turns":4},{"damage":29,"enemies":"conspire:SneckoGhost","floor":28,"turns":6},{"damage":8,"enemies":"Snecko","floor":29,"turns":6},{"damage":10,"enemies":"Sentry and Sphere","floor":30,"turns":4},{"damage":9,"enemies":"conspire:HollyBat","floor":31,"turns":9},{"damage":40,"enemies":"hubris:MusketHawk","floor":33,"turns":9},{"damage":1,"enemies":"3 Shapes","floor":35,"turns":5},{"damage":23,"enemies":"3 Darklings","floor":38,"turns":5},{"damage":29,"enemies":"Jaw Worm Horde","floor":39,"turns":4},{"damage":0,"enemies":"Mind Bloom Boss Battle","floor":41,"turns":4},{"damage":5,"enemies":"Writhing Mass","floor":46,"turns":5},{"damage":17,"enemies":"4 Shapes","floor":47,"turns":3},{"damage":8,"enemies":"Maw","floor":48,"turns":5},{"damage":77,"enemies":"Time Eater","floor":50,"turns":10}],"seed_played":"9091901603564859836","potions_obtained":[{"floor":4,"key":"Regen Potion"},{"floor":7,"key":"GamblersBrew"},{"floor":11,"key":"FearPotion"},{"floor":16,"key":"GamblersBrew"},{"floor":18,"key":"Block Potion"},{"floor":30,"key":"Ancient Potion"},{"floor":31,"key":"PowerPotion"},{"floor":33,"key":"SkillPotion"},{"floor":35,"key":"CultistPotion"},{"floor":41,"key":"Fire Potion"}],"is_trial":false,"path_per_floor":["M","M","M","M","$","R","M","R","T","E","M","E","?","$","R","B",null,"M","?","?","$","M","R","M","M","T","R","E","M","M","M","R","B",null,"M","?","$","M","M","R","?","R","T","R","?","M","M","M","R","B"],"character_chosen":"DEFECT","items_purchased":["Swift Strike","Shrug It Off","Lee\u0027s Waffle","Swift Strike","Dark Embrace"],"campfire_rested":3,"item_purchase_floors":[5,14,21,37,37],"current_hp_per_floor":[67,67,64,61,61,61,55,55,61,55,48,21,21,21,45,34,87,60,60,63,97,97,97,83,72,78,78,49,41,34,25,57,23,115,114,114,114,91,62,62,62,62,68,68,68,63,46,38,74,0,0],"gold":240,"neow_bonus":"","is_daily":true,"chose_seed":false,"campfire_upgraded":7,"win_rate":0.0,"timestamp":1609318769,"path_taken":["M","M","?","?","$","R","M","R","T","?","M","E","?","$","R","BOSS","M","?","?","$","M","R","M","M","T","R","E","?","M","M","R","BOSS","M","?","$","M","M","R","?","R","T","R","?","M","M","?","R","BOSS"],"items_purchased_type":["Card","Card","Relic","Card","Card"],"build_version":"2020-12-22","purchased_purges":1,"victory":false,"max_hp_per_floor":[75,75,75,75,75,75,75,75,81,81,81,81,81,81,81,87,87,87,87,90,97,97,97,97,100,106,106,106,106,109,109,109,115,115,115,115,115,115,115,115,115,115,121,121,121,121,121,121,121,121,121],"card_choices":[{"not_picked":["CutThroughFate","Leg Sweep"],"picked":"Deflect","floor":1},{"not_picked":["Dash","conspire:ExplosiveBarrier"],"picked":"Flex","floor":2},{"not_picked":["EmptyFist","Tactician","Turbo"],"picked":"SKIP","floor":3},{"not_picked":["ConjureBlade","Acrobatics"],"picked":"Footwork","floor":4},{"not_picked":["SashWhip","Protect"],"picked":"Conserve Battery","floor":7},{"not_picked":["Conclude","Redo"],"picked":"Cleave","floor":10},{"not_picked":["Core Surge","Adaptation"],"picked":"FollowUp","floor":11},{"not_picked":["Reflex","Impervious","Adaptation"],"picked":"SKIP","floor":12},{"not_picked":["infinitespire:Neurotoxin","aspiration:Lunge"],"picked":"Electrodynamics","floor":16},{"not_picked":["Bouncing Flask+1","Dodge and Roll"],"picked":"Poisoned Stab","floor":18},{"not_picked":["WaveOfTheHand","SignatureMove"],"picked":"Flying Knee","floor":22},{"not_picked":["JustLucky","Malaise"],"picked":"Poisoned Stab","floor":24},{"not_picked":["hubris:SlightOfHand","Redo","Warcry"],"picked":"SKIP","floor":25},{"not_picked":["Crescendo","Double Tap","Hologram"],"picked":"SKIP","floor":28},{"not_picked":["Finisher","Compile Driver"],"picked":"Blade Dance","floor":29},{"not_picked":["Accuracy+1","Flex"],"picked":"Rage","floor":30},{"not_picked":["Distraction","EmptyFist+1","Compile Driver"],"picked":"SKIP","floor":31},{"not_picked":["Underhanded Strike","Sucker Punch"],"picked":"Dodge and Roll","floor":35},{"not_picked":["Auto Shields+1","Warcry"],"picked":"Cloak And Dagger+1","floor":38},{"not_picked":["Underhanded Strike+1","Reckless Charge+1"],"picked":"White Noise+1","floor":39},{"not_picked":["hubris:PowerSurge","Doom and Gloom"],"picked":"Pommel Strike+1","floor":41},{"not_picked":["FlyingSleeves+1","Vengeance+1"],"picked":"Gash","floor":46},{"not_picked":["conspire:Purge","Armaments"],"picked":"Dagger Spray+1","floor":47},{"not_picked":["FlyingSleeves+1","Dagger Spray","Wild Strike+1"],"picked":"SKIP","floor":48}],"player_experience":1801117,"relics_obtained":[{"floor":9,"key":"infinitespire:Joker Card"},{"floor":10,"key":"Happy Flower"},{"floor":12,"key":"Shuriken"},{"floor":25,"key":"halation:EternalFortune"},{"floor":26,"key":"Bottled Tornado"},{"floor":28,"key":"aspiration:TomeofQuesting"},{"floor":30,"key":"halation:EternalFortune"},{"floor":41,"key":"Gambling Chip"},{"floor":43,"key":"infinitespire:Bottled Soul"}],"event_choices":[{"cards_removed":["vexMod:UltimateCard"],"damage_healed":0,"gold_gain":0,"player_choice":"Card Removal","damage_taken":0,"max_hp_gain":0,"max_hp_loss":0,"event_name":"Wheel of Change","floor":13,"gold_loss":0},{"damage_healed":0,"gold_gain":0,"player_choice":"Ignored","damage_taken":0,"max_hp_gain":0,"max_hp_loss":0,"event_name":"Ghosts","floor":19,"gold_loss":0},{"damage_healed":0,"gold_gain":0,"player_choice":"Fight","damage_taken":0,"max_hp_gain":0,"max_hp_loss":0,"event_name":"MindBloom","floor":41,"gold_loss":0}],"is_beta":false,"boss_relics":[{"not_picked":["Runic Dome","SacredBark","conspire:SeveredTorchhead"]},{"not_picked":["aspiration:IroncladSkillbook","Fusion Hammer"],"picked":"conspire:RunicOctahedron"}],"items_purged_floors":[5],"is_endless":false,"potions_floor_spawned":[4,7,11,16,18,30,31,33,35,38,41,46],"killed_by":"Time Eater","ascension_level":0}}