{"host":"3h5qf14xt40jhha0","time":1609311482,"event":{"mods":["AlwaysNeverKeys","BaseMod","Colored Powertips","Minty Spire (QoL Compilation)","Permanent Neow","Relic Stats","StSLib"],"gold_per_floor":[109,127,137,156,166,166,166,166,166,192,192,192,225,57,57,152,152,173,223,223,247,247,286,286,319,344,344,363,386,422,441,441,535,535,551,59,78,411,459,459,478,511,538,538,538,538,571,100,100,100,100,100],"floor_reached":51,"playtime":3322,"items_purged":["Bane","Die Die Die"],"score":1517,"play_id":"0376d0c5-dc32-4673-9b55-37380e99cc23","local_time":"20201230015802","is_ascension_mode":true,"campfire_choices":[{"data":"Neutralize","floor":6.0,"key":"SMITH"},{"floor":8.0,"key":"REST"},{"data":"Catalyst","floor":15.0,"key":"SMITH"},{"data":"Tools of the Trade","floor":24.0,"key":"SMITH"},{"floor":27.0,"key":"REST"},{"data":"Burst","floor":32.0,"key":"SMITH"},{"floor":40,"key":"REST"},{"floor":44,"key":"RECALL"},{"floor":49,"key":"REST"}],"circlet_count":0,"master_deck":["AscendersBane","Defend_G+1","Defend_G+1","Defend_G+1","Defend_G+1","Defend_G+1","Survivor","Neutralize+1","Envenom+1","Backstab+1","Quick Slash+1","Poisoned Stab","Tools of the Trade+1","Blur","Catalyst+1","Bouncing Flask","Blade Dance","Backflip","Blur+1","After Image","Masterful Stab+1","Setup+1","Deflect","Burst+1","Expertise+1","Tools of the Trade","Blade Dance","Accuracy","Outmaneuver","Escape Plan","Panache","Outmaneuver+1","Cloak And Dagger"],"relics":["Astrolabe","Regal Pillow","Meat on the Bone","Calipers","Bird Faced Urn","Juzu Bracelet","Orrery","Empty Cage","Bottled Tornado","TungstenRod","Strawberry","Bottled Lightning","HoveringKite","Sling","Centennial Puzzle","Pocketwatch","Ninja Scroll","Torii","Happy Flower","HandDrill"],"acts_visited":["Exordium","TheCity","TheBeyond"],"potions_floor_usage":[39,39,47,51],"damage_taken":[{"damage":0.0,"enemies":"Cultist","floor":1.0,"turns":3.0},{"damage":0.0,"enemies":"Small Slimes","floor":2.0,"turns":4.0},{"damage":7.0,"enemies":"Jaw Worm","floor":3.0,"turns":2.0},{"damage":1.0,"enemies":"Blue Slaver","floor":4.0,"turns":2.0},{"damage":0.0,"enemies":"2 Fungi Beasts","floor":5.0,"turns":3.0},{"damage":18.0,"enemies":"Gremlin Nob","floor":10.0,"turns":4.0},{"damage":2.0,"enemies":"Lagavulin","floor":13.0,"turns":7.0},{"damage":12.0,"enemies":"The Guardian","floor":16.0,"turns":10.0},{"damage":20.0,"enemies":"Spheric Guardian","floor":18.0,"turns":4.0},{"damage":2.0,"enemies":"3 Byrds","floor":21.0,"turns":5.0},{"damage":17.0,"enemies":"Gremlin Leader","floor":23.0,"turns":6.0},{"damage":31.0,"enemies":"Book of Stabbing","floor":25.0,"turns":6.0},{"damage":12.0,"enemies":"Cultist and Chosen","floor":28.0,"turns":8.0},{"damage":8.0,"enemies":"Centurion and Healer","floor":29.0,"turns":7.0},{"damage":39.0,"enemies":"Gremlin Leader","floor":30.0,"turns":10.0},{"damage":6.0,"enemies":"Sentry and Sphere","floor":31.0,"turns":11.0},{"damage":18,"enemies":"Champ","floor":33,"turns":12},{"damage":37,"enemies":"3 Darklings","floor":35,"turns":8},{"damage":2,"enemies":"Orb Walker","floor":37,"turns":2},{"damage":57,"enemies":"2 Orb Walkers","floor":39,"turns":5},{"damage":11,"enemies":"Transient","floor":41,"turns":6},{"damage":40,"enemies":"Nemesis","floor":42,"turns":9},{"damage":40,"enemies":"Giant Head","floor":47,"turns":7},{"damage":44,"enemies":"Donu and Deca","floor":50,"turns":12},{"damage":55,"enemies":"Time Eater","floor":51,"turns":6}],"seed_played":"-223320992610113471","potions_obtained":[{"floor":1.0,"key":"Ancient Potion"},{"floor":2.0,"key":"SkillPotion"},{"floor":13.0,"key":"LiquidBronze"},{"floor":16.0,"key":"Strength Potion"},{"floor":18.0,"key":"LiquidBronze"},{"floor":21.0,"key":"GamblersBrew"},{"floor":28.0,"key":"SpeedPotion"},{"floor":31.0,"key":"Block Potion"},{"floor":33,"key":"PowerPotion"},{"floor":39,"key":"DuplicationPotion"},{"floor":42,"key":"Dexterity Potion"},{"floor":47,"key":"PowerPotion"}],"is_trial":false,"path_per_floor":["M","M","M","M","M","R","?","R","T","E","?","T","E","$","R","B",null,"M","?","?","M","?","E","R","E","T","R","M","M","E","M","R","B",null,"M","$","M","?","?","R","M","E","T","R","?","?","E","$","R","B","B"],"character_chosen":"THE_SILENT","items_purchased":["Orrery","Accuracy","Sling","Centennial Puzzle","Happy Flower","Cloak And Dagger","HandDrill"],"campfire_rested":4,"item_purchase_floors":[14,36,36,36,48,48,48],"current_hp_per_floor":[59,59,52,51,51,51,16,50,50,44,21,21,35,35,35,39,59,43,43,43,43,43,42,42,29,36,72,62,60,39,39,39,39,65,48,48,50,50,17,53,52,34,34,34,34,34,18,18,54,34,0,0],"gold":100,"neow_bonus":"BOSS_RELIC","is_daily":false,"chose_seed":false,"campfire_upgraded":4,"win_rate":0.0,"timestamp":1609311482,"path_taken":["M","?","M","M","M","R","?","R","T","E","?","?","E","$","R","BOSS","M","?","?","M","?","E","R","E","T","R","M","M","E","M","R","BOSS","M","$","M","?","?","R","M","E","T","R","?","?","E","$","R","BOSS","BOSS"],"items_purchased_type":["Relic","Card","Relic","Relic","Relic","Card","Relic"],"build_version":"2020-12-22","purchased_purges":2,"victory":false,"max_hp_per_floor":[66,66,66,66,66,66,66,66,66,66,66,66,66,66,66,66,66,66,66,66,66,66,66,66,66,73,73,73,73,73,73,73,73,73,73,73,73,73,73,73,73,73,73,73,73,73,73,73,73,73,73,73],"relic_stats":{"Regal Pillow":60,"Torii":2,"Happy Flower":[6],"counters":[25,159],"Astrolabe":["Envenom","Backstab","Quick Slash"],"HoveringKite":[35],"Juzu Bracelet":0,"Centennial Puzzle":[21],"Bird Faced Urn":[130],"HandDrill":[12],"obtain_stats":[{"Regal Pillow":7,"Calipers":10,"Torii":47,"Happy Flower":48,"Golden Idol":11,"Astrolabe":0,"HoveringKite":34,"Juzu Bracelet":13,"Bottled Tornado":23,"Empty Cage":17,"Sling":36,"Centennial Puzzle":36,"Ninja Scroll":42,"Bird Faced Urn":12,"Strawberry":26,"Orrery":14,"HandDrill":48,"Bottled Lightning":30,"TungstenRod":25,"Ring of the Snake":0,"Meat on the Bone":9,"Pocketwatch":39},{"Regal Pillow":5,"Calipers":6,"Torii":23,"Happy Flower":23,"Golden Idol":6,"Astrolabe":0,"HoveringKite":17,"Juzu Bracelet":7,"Bottled Tornado":11,"Empty Cage":8,"Sling":18,"Centennial Puzzle":18,"Ninja Scroll":22,"Bird Faced Urn":6,"Strawberry":12,"Orrery":7,"HandDrill":23,"Bottled Lightning":15,"TungstenRod":12,"Ring of the Snake":0,"Meat on the Bone":5,"Pocketwatch":20},{"Regal Pillow":14,"Calipers":18,"Torii":141,"Happy Flower":141,"Golden Idol":18,"Astrolabe":0,"HoveringKite":104,"Juzu Bracelet":25,"Bottled Tornado":50,"Empty Cage":35,"Sling":112,"Centennial Puzzle":112,"Ninja Scroll":134,"Bird Faced Urn":18,"Strawberry":56,"Orrery":25,"HandDrill":141,"Bottled Lightning":81,"TungstenRod":56,"Ring of the Snake":0,"Meat on the Bone":14,"Pocketwatch":119}],"TungstenRod":46,"Meat on the Bone":144,"Pocketwatch":[6]},"card_choices":[{"not_picked":["Infinite Blades","Skewer"],"picked":"Poisoned Stab","floor":1.0},{"not_picked":["Prepared","Backstab"],"picked":"Bane","floor":2.0},{"not_picked":["Bane","Masterful Stab","Choke"],"picked":"SKIP","floor":3.0},{"not_picked":["Flechettes","Underhanded Strike"],"picked":"Tools of the Trade","floor":4.0},{"not_picked":["Masterful Stab","Sucker Punch"],"picked":"Blur","floor":5.0},{"not_picked":["Outmaneuver","Underhanded Strike","Heel Hook"],"picked":"SKIP","floor":10.0},{"not_picked":["Accuracy","Dodge and Roll","Bullet Time"],"picked":"SKIP","floor":13.0},{"not_picked":["Flying Knee","Slice"],"picked":"Catalyst","floor":14.0},{"not_picked":["Riddle With Holes","Prepared"],"picked":"Bouncing Flask","floor":14.0},{"not_picked":["Crippling Poison","Backflip"],"picked":"Blade Dance","floor":14.0},{"not_picked":["Grand Finale","Glass Knife"],"picked":"Die Die Die","floor":16.0},{"not_picked":["Acrobatics","Outmaneuver"],"picked":"Backflip","floor":18.0},{"not_picked":["Deadly Poison","Caltrops"],"picked":"Blur+1","floor":21.0},{"not_picked":["Tactician+1","Eviscerate"],"picked":"After Image","floor":23.0},{"not_picked":["Underhanded Strike","Leg Sweep"],"picked":"Masterful Stab+1","floor":25.0},{"not_picked":["Poisoned Stab","Deadly Poison"],"picked":"Setup+1","floor":28.0},{"not_picked":["Dagger Spray","Flying Knee"],"picked":"Deflect","floor":29.0},{"not_picked":["Outmaneuver","Backflip"],"picked":"Burst","floor":30.0},{"not_picked":["Backflip","Poisoned Stab"],"picked":"Expertise+1","floor":31.0},{"not_picked":["A Thousand Cuts","Phantasmal Killer"],"picked":"Tools of the Trade","floor":33},{"not_picked":["Backflip","Finisher"],"picked":"Blade Dance","floor":35},{"not_picked":["Poisoned Stab","Quick Slash+1"],"picked":"Outmaneuver","floor":37},{"not_picked":["Cloak And Dagger","Flying Knee"],"picked":"Escape Plan","floor":39},{"not_picked":["Caltrops","Dagger Spray","Masterful Stab+1"],"picked":"SKIP","floor":41},{"not_picked":["Dagger Spray","Bane","Unload"],"picked":"SKIP","floor":42},{"not_picked":["Enlightenment","Thinking Ahead"],"picked":"Panache","floor":45},{"not_picked":["Blur+1","Prepared+1"],"picked":"Outmaneuver+1","floor":47}],"player_experience":1272592,"relics_obtained":[{"floor":9.0,"key":"Meat on the Bone"},{"floor":10.0,"key":"Calipers"},{"floor":12.0,"key":"Bird Faced Urn"},{"floor":13.0,"key":"Juzu Bracelet"},{"floor":23.0,"key":"Bottled Tornado"},{"floor":25.0,"key":"TungstenRod"},{"floor":26.0,"key":"Strawberry"},{"floor":30.0,"key":"Bottled Lightning"},{"floor":39,"key":"Pocketwatch"},{"floor":42,"key":"Ninja Scroll"},{"floor":47,"key":"Torii"}],"event_choices":[{"damage_healed":0.0,"max_hp_gain":0.0,"max_hp_loss":0.0,"gold_gain":0.0,"event_name":"Scrap Ooze","player_choice":"Success","floor":7.0,"gold_loss":0.0,"damage_taken":35.0,"relics_obtained":["Regal Pillow"]},{"damage_healed":0.0,"max_hp_gain":0.0,"max_hp_loss":0.0,"gold_gain":0.0,"event_name":"Golden Idol","player_choice":"Take Damage","floor":11.0,"gold_loss":0.0,"damage_taken":23.0,"relics_obtained":["Golden Idol"]},{"damage_healed":0.0,"max_hp_gain":0.0,"max_hp_loss":0.0,"gold_gain":50.0,"event_name":"Nest","player_choice":"Stole From Cult","floor":19.0,"gold_loss":0.0,"damage_taken":0.0},{"damage_healed":0.0,"max_hp_gain":0.0,"max_hp_loss":0.0,"gold_gain":0.0,"event_name":"Back to Basics","player_choice":"Simplicity","floor":20.0,"gold_loss":0.0,"damage_taken":0.0,"cards_upgraded":["Defend_G","Defend_G","Defend_G","Defend_G","Defend_G"]},{"damage_healed":0.0,"max_hp_gain":0.0,"max_hp_loss":0.0,"gold_gain":0.0,"event_name":"Ghosts","player_choice":"Ignored","floor":22.0,"gold_loss":0.0,"damage_taken":0.0},{"damage_healed":0,"gold_gain":333,"player_choice":"Gave Idol","damage_taken":0,"max_hp_gain":0,"max_hp_loss":0,"event_name":"The Moai Head","floor":38,"relics_lost":["Golden Idol"],"gold_loss":0},{"damage_healed":0,"gold_gain":0,"player_choice":"Fight","damage_taken":0,"max_hp_gain":0,"max_hp_loss":0,"event_name":"Mysterious Sphere","floor":39,"gold_loss":0},{"damage_healed":0,"gold_gain":0,"player_choice":"Memory 1","damage_taken":0,"max_hp_gain":0,"max_hp_loss":0,"event_name":"SensoryStone","floor":45,"gold_loss":0},{"damage_healed":0,"gold_gain":0,"player_choice":"Ignored","damage_taken":0,"max_hp_gain":0,"max_hp_loss":0,"event_name":"Tomb of Lord Red Mask","floor":46,"gold_loss":0}],"is_beta":false,"boss_relics":[{"not_picked":["SlaversCollar","Ectoplasm"],"picked":"Empty Cage"},{"not_picked":["Cursed Key","Sozu"],"picked":"HoveringKite"}],"items_purged_floors":[36,48],"is_endless":false,"potions_floor_spawned":[1,2,13,16,18,21,28,31,33,39,42,47],"killed_by":"Time Eater","ascension_level":20}}