{"host":"kdt6w7ix8lwe69i9","time":1609353250,"event":{"mods":["Bartender","BaseMod","ChefMod","Downfall","Fiend Mod","Jorbs\u0027s Wanderer Trilogy","Minty Spire (QoL Compilation)","Reimu（博丽灵梦）","Robot Space Explorer","StSLib","The Cursed","The Disciple","The Dragon Tamer","The Druid","The Elementalist","The Forsaken","The Gatherer","The Judge","The Marked","TheBandit"],"gold_per_floor":[116,76,86,102,114,114,130,159,159,174,174,174,174,186,186,282,282,301,301,50,149,149,149,109,137,219,254,254,254,254,250,250,329,329,348,348,362,361,583,598,598,593,593,125,142,173,204,184,184],"floor_reached":48,"playtime":4346,"items_purged":["stsjorbsmod:Amnesia"],"score":558,"play_id":"ec1c05f5-d486-4ba8-b979-1ac09001d421","local_time":"20201230133410","is_ascension_mode":false,"campfire_choices":[{"data":"chefmod:TodaysSpecial","floor":6,"key":"SMITH"},{"floor":11,"key":"REST"},{"data":"chefmod:FullBurn","floor":15,"key":"SMITH"},{"data":"chefmod:FrozenTuna","floor":23,"key":"SMITH"},{"data":"chefmod:TwoForOne","floor":28,"key":"SMITH"},{"data":"chefmod:FarmersMarket","floor":30,"key":"SMITH"},{"floor":32,"key":"RECALL"}],"circlet_count":0,"master_deck":["chefmod:Strike+1","chefmod:Strike+1","chefmod:Strike","chefmod:Defend+1","chefmod:Defend","chefmod:QuickThaw+1","chefmod:TodaysSpecial+1","chefmod:Omelette+1","chefmod:CapreseSalad+1","chefmod:Flambe+1","chefmod:IcePick","chefmod:Granita+1","chefmod:AlooGobi","chefmod:SliceAndDice","chefmod:BleedOut","chefmod:TwoForOne+1","chefmod:MonsterBait","chefmod:FullBurn+1","chefmod:FrozenTuna+1","chefmod:Escargot+1","chefmod:BleedOut","chefmod:NoSoupForYou+1","Poor:ReiMu","chefmod:FarmersMarket+1","chefmod:FiveAlarmChili+1","chefmod:FullCourseMeal","chefmod:Fillet","chefmod:Gelato","chefmod:SaveForLater+1","chefmod:ColdSteel","chefmod:Chop+1","chefmod:FreezeSolid","Panache","chefmod:CandyBowl","chefmod:HotSoup","chefmod:Granita+1"],"relics":["Astrolabe","Protect_Vest","Juzu Bracelet","Turnip","Orichalcum","Cursed Key","White Beast Statue","Eternal Feather","Darkstone Periapt","Red Mask","chefmod:PepperMill","Shuriken","Kunai","War Paint","StoneCalendar","Bottled Lightning"],"acts_visited":["Exordium","TheCity","TheBeyond"],"potions_floor_usage":[8,8,8,14,16,18,25,27,33,33,38,40,40,40,46,47,48],"damage_taken":[{"damage":3,"enemies":"Cultist","floor":1,"turns":4},{"damage":0,"enemies":"2 Louse","floor":3,"turns":2},{"damage":5,"enemies":"Jaw Worm","floor":4,"turns":2},{"damage":9,"enemies":"Red Slaver","floor":5,"turns":5},{"damage":7,"enemies":"Blue Slaver","floor":7,"turns":3},{"damage":17,"enemies":"3 Sentries","floor":8,"turns":7},{"damage":1,"enemies":"Looter","floor":10,"turns":2},{"damage":3,"enemies":"Exordium Thugs","floor":14,"turns":4},{"damage":1,"enemies":"Hexaghost","floor":16,"turns":12},{"damage":0,"enemies":"Shell Parasite","floor":18,"turns":4},{"damage":10,"enemies":"Slavers","floor":25,"turns":5},{"damage":0,"enemies":"Masked Bandits","floor":27,"turns":1},{"damage":1,"enemies":"Chosen","floor":31,"turns":6},{"damage":24,"enemies":"Collector","floor":33,"turns":9},{"damage":0,"enemies":"Orb Walker","floor":35,"turns":3},{"damage":2,"enemies":"3 Darklings","floor":37,"turns":4},{"damage":18,"enemies":"Maw","floor":38,"turns":9},{"damage":6,"enemies":"Reptomancer","floor":40,"turns":8},{"damage":20,"enemies":"Transient","floor":42,"turns":5},{"damage":21,"enemies":"4 Shapes","floor":45,"turns":5},{"damage":2,"enemies":"2 Orb Walkers","floor":46,"turns":2},{"damage":7,"enemies":"Nemesis","floor":47,"turns":4},{"damage":14,"enemies":"Maw","floor":48,"turns":4}],"seed_played":"4400267770556481283","potions_obtained":[{"floor":2,"key":"chefmod:AntifreezePotion"},{"floor":2,"key":"Explosive Potion"},{"floor":2,"key":"SteroidPotion"},{"floor":10,"key":"GrandPatriotsElixir:ReiMu"},{"floor":14,"key":"DuplicationPotion"},{"floor":16,"key":"Block Potion"},{"floor":18,"key":"DuplicationPotion"},{"floor":25,"key":"DistilledChaos"},{"floor":27,"key":"LiquidBronze"},{"floor":31,"key":"Weak Potion"},{"floor":33,"key":"Fire Potion"},{"floor":35,"key":"PowerPotion"},{"floor":37,"key":"Fire Potion"},{"floor":38,"key":"EssenceOfSteel"},{"floor":42,"key":"EssenceOfSteel"},{"floor":45,"key":"Energy Potion"},{"floor":46,"key":"AttackPotion"},{"floor":47,"key":"SpeedPotion"}],"is_trial":false,"path_per_floor":["M","?","M","M","M","R","M","E","T","M","R","T","?","M","R","B",null,"M","?","$","?","?","R","?","E","T","?","R","?","R","M","R","B",null,"M","?","M","M","?","E","?","M","T","$","M","?","E","M"],"character_chosen":"THE_CHEF","items_purchased":["White Beast Statue","chefmod:FreezeSolid","War Paint","Panache"],"campfire_rested":1,"item_purchase_floors":[20,44,44,44],"current_hp_per_floor":[73,73,73,68,59,59,52,35,35,34,56,56,38,35,35,34,76,76,76,76,76,76,76,76,66,66,66,76,76,76,75,76,52,76,76,76,74,56,56,50,50,34,40,40,19,17,10,0,0],"gold":184,"neow_bonus":"BOSS_RELIC","is_daily":false,"chose_seed":false,"campfire_upgraded":5,"win_rate":0.0,"timestamp":1609353250,"path_taken":["M","?","M","M","?","R","M","E","T","M","R","?","?","M","R","BOSS","M","?","$","?","?","R","?","E","T","?","R","?","R","M","R","BOSS","M","?","M","M","?","E","?","M","T","$","M","?","E","M"],"items_purchased_type":["Relic","Card","Relic","Card"],"build_version":"2020-12-22","purchased_purges":1,"victory":false,"max_hp_per_floor":[76,76,76,76,76,76,76,76,76,76,76,76,76,76,76,76,76,76,76,76,76,76,76,76,76,76,76,76,76,76,76,76,76,76,76,76,76,76,76,76,76,76,82,82,82,82,82,82,82],"card_choices":[{"not_picked":["chefmod:FryPan","chefmod:FarmersMarket"],"picked":"chefmod:IcePick","floor":1},{"not_picked":["chefmod:DinoKale","chefmod:AlooGobi"],"picked":"chefmod:Granita","floor":3},{"not_picked":["chefmod:DinoKale","chefmod:PotatoGratin"],"picked":"chefmod:AlooGobi","floor":4},{"not_picked":["chefmod:BaoBuns","chefmod:Granita"],"picked":"chefmod:SliceAndDice","floor":5},{"not_picked":["chefmod:Defrost","chefmod:Flambe"],"picked":"chefmod:BleedOut","floor":7},{"not_picked":["chefmod:BaoBuns","chefmod:Sorbet"],"picked":"chefmod:TwoForOne","floor":8},{"not_picked":["chefmod:BaoBuns","chefmod:Julienne"],"picked":"chefmod:MonsterBait","floor":10},{"not_picked":["chefmod:Gelato","chefmod:ZaruSoba"],"picked":"chefmod:FullBurn","floor":14},{"not_picked":["chefmod:DeathByChocolate","chefmod:CapreseSalad"],"picked":"chefmod:FrozenTuna","floor":16},{"not_picked":["chefmod:AllYouCanEat","chefmod:Bruschetta"],"picked":"chefmod:Escargot+1","floor":18},{"not_picked":["chefmod:Escargot","chefmod:FarmersMarket"],"picked":"chefmod:NoSoupForYou+1","floor":25},{"not_picked":["chefmod:BaoBuns+1","chefmod:Sorbet"],"picked":"chefmod:FarmersMarket","floor":27},{"not_picked":["chefmod:FreezerBurn+1","chefmod:FireUp"],"picked":"chefmod:FiveAlarmChili","floor":31},{"not_picked":["chefmod:TastyDistraction","chefmod:SushiPlatter"],"picked":"chefmod:FullCourseMeal","floor":33},{"not_picked":["chefmod:QuickChop+1","chefmod:PotatoGratin"],"picked":"chefmod:Fillet","floor":35},{"not_picked":["chefmod:SliceAndDice+1","chefmod:Fillet+1"],"picked":"chefmod:Gelato","floor":37},{"not_picked":["chefmod:Defrost","chefmod:FireUp+1"],"picked":"chefmod:SaveForLater+1","floor":38},{"not_picked":["chefmod:DoubleChop+1","chefmod:LocoMoco"],"picked":"chefmod:ColdSteel","floor":40},{"not_picked":["chefmod:BaoBuns","chefmod:Granita+1"],"picked":"chefmod:Chop+1","floor":42},{"not_picked":["chefmod:Fillet","chefmod:Gelato"],"picked":"chefmod:CandyBowl","floor":45},{"not_picked":["chefmod:Julienne+1","chefmod:LiquidNitrogen+1"],"picked":"chefmod:HotSoup","floor":46},{"not_picked":["chefmod:Puree","chefmod:LiquidNitrogen"],"picked":"chefmod:Granita+1","floor":47}],"player_experience":1649660,"relics_obtained":[{"floor":8,"key":"Protect_Vest"},{"floor":9,"key":"Juzu Bracelet"},{"floor":12,"key":"Turnip"},{"floor":25,"key":"Eternal Feather"},{"floor":26,"key":"Darkstone Periapt"},{"floor":27,"key":"Red Mask"},{"floor":40,"key":"Shuriken"},{"floor":43,"key":"Kunai"},{"floor":46,"key":"StoneCalendar"},{"floor":47,"key":"Bottled Lightning"}],"event_choices":[{"damage_healed":0,"gold_gain":0,"player_choice":"Bought 3 Potions","damage_taken":0,"max_hp_gain":0,"max_hp_loss":0,"event_name":"The Woman in Blue","floor":2,"gold_loss":0},{"damage_healed":0,"gold_gain":0,"player_choice":"Success","damage_taken":18,"relics_obtained":["Orichalcum"],"max_hp_gain":0,"max_hp_loss":0,"event_name":"Scrap Ooze","floor":13,"gold_loss":0},{"damage_healed":0,"gold_gain":0,"player_choice":"Copied","damage_taken":0,"max_hp_gain":0,"max_hp_loss":0,"event_name":"Duplicator","floor":19,"gold_loss":0,"cards_obtained":["chefmod:BleedOut"]},{"damage_healed":0,"gold_gain":99,"player_choice":"Stole From Cult","damage_taken":0,"max_hp_gain":0,"max_hp_loss":0,"event_name":"Nest","floor":21,"gold_loss":0},{"damage_healed":0,"gold_gain":0,"player_choice":"Upgraded Two","damage_taken":0,"max_hp_gain":0,"max_hp_loss":0,"event_name":"Designer","floor":24,"gold_loss":40,"cards_upgraded":["chefmod:Strike","chefmod:Strike"]},{"damage_healed":0,"gold_gain":0,"player_choice":"Fought Bandits","damage_taken":0,"max_hp_gain":0,"max_hp_loss":0,"event_name":"Masked Bandits","floor":27,"gold_loss":0},{"damage_healed":0,"gold_gain":0,"player_choice":"Upgraded","damage_taken":0,"max_hp_gain":0,"max_hp_loss":0,"event_name":"Upgrade Shrine","floor":29,"gold_loss":0,"cards_upgraded":["chefmod:QuickThaw"]},{"damage_healed":0,"gold_gain":0,"player_choice":"Upgraded","damage_taken":0,"max_hp_gain":0,"max_hp_loss":0,"event_name":"Upgrade Shrine","floor":36,"gold_loss":0,"cards_upgraded":["chefmod:FiveAlarmChili"]},{"damage_healed":0,"gold_gain":222,"player_choice":"Wore Mask","damage_taken":0,"max_hp_gain":0,"max_hp_loss":0,"event_name":"Tomb of Lord Red Mask","floor":39,"gold_loss":0},{"damage_healed":0,"gold_gain":0,"player_choice":"Fight","damage_taken":0,"max_hp_gain":0,"max_hp_loss":0,"event_name":"Mysterious Sphere","floor":46,"gold_loss":0}],"is_beta":false,"boss_relics":[{"not_picked":["Sozu","RedLine:ReiMu"],"picked":"Cursed Key"},{"not_picked":["Fiend:Scarf","Fusion Hammer"],"picked":"chefmod:PepperMill"}],"items_purged_floors":[44],"is_endless":false,"potions_floor_spawned":[3,10,14,16,18,25,27,31,33,35,37,38,42,45,46,47],"killed_by":"Maw","ascension_level":0}}