{"host":"8fjsnt81u6xsmhji","time":1609313758,"event":{"mods":["BaseMod","Beaked The Cultist","Colored Powertips","Downfall","Glutton Mod","Hermit","Minty Spire (QoL Compilation)","Quick Restart","StSLib","The Bug Knight","The Forsaken","The Hierophant"],"gold_per_floor":[117,117,136,157,181,222,222,240,312,331,331,355,388,388,388,518,518,443,466,56,56,56,95,95,95,95],"floor_reached":25,"playtime":2451,"items_purged":[],"score":243,"play_id":"a214a45b-11d8-44db-9422-dfc10123a455","local_time":"20201230013557","is_ascension_mode":true,"campfire_choices":[{"floor":7.0,"key":"RECALL"},{"data":"beaked:Ceremony","floor":11.0,"key":"SMITH"},{"floor":15.0,"key":"REST"},{"floor":24,"key":"REST"}],"circlet_count":0,"master_deck":["beaked:Strike_Y","beaked:Strike_Y","beaked:Strike_Y","beaked:Strike_Y","beaked:Strike_Y","beaked:Defend_Y","beaked:Defend_Y","beaked:Defend_Y","beaked:Defend_Y","beaked:Ceremony+1","beaked:Ceremony","beaked:Ceremony","beaked:Insight","beaked:Tweet","beaked:HuntressSpirit","beaked:Hexing","beaked:WarriorEssence","beaked:Brainwash","beaked:WarriorEssence+1","beaked:Resilience","beaked:MachineEssence","beaked:Insight+1","beaked:Windmill+1","expansioncontent:DashGenerateEvil+1","Shame","beaked:ScreechingChant","beaked:SurvivalInstinct+1"],"relics":["beaked:BlessedCoat","Golden Idol","beaked:ThroatLozenge","Molten Egg 2","Torii","White Beast Statue","Boot","Regal Pillow"],"acts_visited":["Exordium","TheCity"],"potions_floor_usage":[],"damage_taken":[{"damage":3.0,"enemies":"Jaw Worm","floor":1.0,"turns":6.0},{"damage":5.0,"enemies":"2 Louse","floor":3.0,"turns":4.0},{"damage":17.0,"enemies":"Small Slimes","floor":4.0,"turns":7.0},{"damage":21.0,"enemies":"Blue Slaver","floor":5.0,"turns":6.0},{"damage":41.0,"enemies":"3 Sentries","floor":6.0,"turns":19.0},{"damage":24.0,"enemies":"Gremlin Gang","floor":8.0,"turns":7.0},{"damage":27.0,"enemies":"Large Slime","floor":10.0,"turns":8.0},{"damage":48.0,"enemies":"Exordium Thugs","floor":12.0,"turns":9.0},{"damage":25.0,"enemies":"Lagavulin","floor":13.0,"turns":7.0},{"damage":35.0,"enemies":"Hexaghost","floor":16.0,"turns":11.0},{"damage":42.0,"enemies":"2 Thieves","floor":18.0,"turns":5.0},{"damage":52.0,"enemies":"Chosen","floor":19.0,"turns":10.0},{"damage":110,"enemies":"Gremlin Leader","floor":23,"turns":13},{"damage":61,"enemies":"Book of Stabbing","floor":25,"turns":6}],"seed_played":"6239383503454668367","potions_obtained":[{"floor":3.0,"key":"DistilledChaos"},{"floor":4.0,"key":"Guardian:BlockOnCardUsePotion"},{"floor":10.0,"key":"Energy Potion"},{"floor":16.0,"key":"Weak Potion"},{"floor":23,"key":"GamblersBrew"}],"is_trial":false,"path_per_floor":["M","?","M","M","M","E","R","M","T","M","R","M","E","?","R","B",null,"M","M","$","?","?","E","R","E"],"character_chosen":"BEAKED_THE_CULTIST","items_purchased":["White Beast Statue","expansioncontent:DashGenerateEvil+1"],"campfire_rested":2,"item_purchase_floors":[20,20],"current_hp_per_floor":[50,38,43,49,44,50,50,47,47,48,48,31,27,27,42,40,50,32,42,42,42,42,16,46,0,0],"gold":95,"neow_bonus":"TRANSFORM_CARD","is_daily":false,"chose_seed":false,"campfire_upgraded":1,"win_rate":0.0,"timestamp":1609313757,"path_taken":["M","?","M","M","M","E","R","M","T","M","R","M","E","?","R","BOSS","M","M","$","?","?","E","R","E"],"items_purchased_type":["Relic","Card"],"build_version":"2020-12-22","purchased_purges":0,"victory":false,"max_hp_per_floor":[50,50,50,50,50,50,50,50,50,50,50,50,50,50,50,50,50,50,50,50,50,50,50,50,50,50],"card_choices":[{"not_picked":["beaked:FeelMyPain","beaked:Evade"],"picked":"beaked:Tweet","floor":1.0},{"not_picked":["beaked:Daydream","beaked:Insight","beaked:DigDeep"],"picked":"SKIP","floor":3.0},{"not_picked":["beaked:BraceForImpact","beaked:WarriorEssence"],"picked":"beaked:HuntressSpirit","floor":4.0},{"not_picked":["beaked:Recite","beaked:Struggle"],"picked":"beaked:Hexing","floor":5.0},{"not_picked":["beaked:Mantra","beaked:MachineSpirit"],"picked":"beaked:WarriorEssence","floor":6.0},{"not_picked":["beaked:MimicMachine","beaked:Molting"],"picked":"beaked:Brainwash","floor":8.0},{"not_picked":["beaked:TuckingFeathers","beaked:BloodRitual"],"picked":"beaked:WarriorEssence+1","floor":10.0},{"not_picked":["beaked:Poke+1","beaked:Tradeoff","beaked:Molting"],"picked":"SKIP","floor":12.0},{"not_picked":["beaked:WarriorEssence+1","beaked:Tweet"],"picked":"beaked:Resilience","floor":13.0},{"not_picked":["beaked:WildInstinct+1","beaked:Brainwash"],"picked":"beaked:MachineEssence","floor":16.0},{"not_picked":["beaked:DigDeep","beaked:Brace"],"picked":"beaked:Insight+1","floor":18.0},{"not_picked":["beaked:CheekyTricks","beaked:SacrificialAttack+1"],"picked":"beaked:Windmill+1","floor":19.0},{"not_picked":["beaked:WarriorEssence+1","beaked:BloodForTheGods"],"picked":"beaked:SurvivalInstinct+1","floor":23}],"player_experience":625134,"relics_obtained":[{"floor":6.0,"key":"beaked:ThroatLozenge"},{"floor":9.0,"key":"Molten Egg 2"},{"floor":13.0,"key":"Torii"},{"floor":23,"key":"Regal Pillow"}],"event_choices":[{"damage_healed":0.0,"max_hp_gain":0.0,"max_hp_loss":0.0,"gold_gain":0.0,"event_name":"Golden Idol","player_choice":"Take Damage","floor":2.0,"gold_loss":0.0,"damage_taken":12.0,"relics_obtained":["Golden Idol"]},{"damage_healed":0.0,"max_hp_gain":0.0,"max_hp_loss":0.0,"gold_gain":0.0,"event_name":"Shining Light","player_choice":"Ignored","floor":14.0,"gold_loss":0.0,"damage_taken":0.0},{"damage_healed":0.0,"max_hp_gain":0.0,"max_hp_loss":0.0,"gold_gain":0.0,"event_name":"Addict","player_choice":"Stole Relic","floor":21.0,"gold_loss":0.0,"damage_taken":0.0,"relics_obtained":["Boot"],"cards_obtained":["Shame"]},{"damage_healed":0.0,"max_hp_gain":0.0,"max_hp_loss":0.0,"gold_gain":0.0,"event_name":"Match and Keep!","player_choice":"1 cards matched","floor":22.0,"gold_loss":0.0,"damage_taken":0.0,"cards_obtained":["beaked:ScreechingChant"]}],"is_beta":false,"boss_relics":[{"not_picked":["beaked:SacrificeDoll","Snecko Eye"],"picked":"beaked:BlessedCoat"}],"items_purged_floors":[],"is_endless":false,"potions_floor_spawned":[3,4,10,13,16,23],"killed_by":"Book of Stabbing","ascension_level":1}}