{"host":"tr12w2fixbnujl15","time":1609350138,"event":{"mods":["2.2 Compatiblity","BaseMod","Better Skull","BetterRewards","CatGirl Mod","Colored Powertips","Hubris","Infinite Spire","Jorbs\u0027s Wanderer Trilogy","Luminous","Minty Spire (QoL Compilation)","Quick Restart","Reimu??????","Replay The Spire","StSLib","SuperFastMode","Td1madao Mod","The Animator","The Sage","The Spell Scribe","WarShipGirlsR/????R mod"],"gold_per_floor":[112,77,77,87,103,137,137,150,150,182,196,296,296,310,310,406,406,420,440,440,473,494,494,494,409,409,58,58,167,200,232,232,256,256],"floor_reached":33,"playtime":961,"items_purged":["Stack+1"],"score":259,"play_id":"8f07b3ba-93ed-4315-bb47-0891b3b4f1cd","local_time":"20201230124218","is_ascension_mode":false,"campfire_choices":[{"floor":7,"key":"REST"},{"floor":13,"key":"DIG"},{"data":"Electrodynamics","floor":28,"key":"SMITH"}],"circlet_count":0,"master_deck":["Strike_B","Strike_B","Strike_B","Strike_B","Defend_B","Defend_B","Defend_B","Defend_B","Zap","Dualcast","Self Repair","Amplify","Apotheosis+1","Gash","Rip and Tear","Conserve Battery","Sweeping Beam","BasicCrystalCard","Coolheaded","Mirror Shield+1","FIFO Queue","Electrodynamics+1","Coolheaded","Ball Lightning+1","infinitespire:Oblivion","infinitespire:Punishment","Blizzard","Loop","hubris:EnhanceAbility+1","Doom and Gloom","Conserve Battery","Sweeping Beam"],"relics":["Cracked Core","Replay:Multitool","Regal Pillow","PreservedInsect","Question Card","hubris:ToyBattleship","Potion Belt","hubris:Metronome","hubris:BlackHole","Replay:Bandana","hubris:ScarierMask","sagemod:Flying_Carpet","Torii","hubris:BottledRain","Nunchaku"],"acts_visited":["Exordium","TheCity"],"potions_floor_usage":[14,18,30,33,33,33],"damage_taken":[{"damage":13,"enemies":"Small Slimes","floor":1,"turns":4},{"damage":0,"enemies":"Cultist","floor":4,"turns":2},{"damage":12,"enemies":"2 Louse","floor":5,"turns":2},{"damage":4,"enemies":"Gremlin Nob","floor":6,"turns":3},{"damage":0,"enemies":"Exordium Wildlife","floor":8,"turns":3},{"damage":24,"enemies":"Lagavulin","floor":10,"turns":4},{"damage":8,"enemies":"Looter","floor":11,"turns":3},{"damage":2,"enemies":"Gremlin Gang","floor":14,"turns":3},{"damage":24,"enemies":"The Guardian","floor":16,"turns":9},{"damage":0,"enemies":"3 Byrds","floor":18,"turns":2},{"damage":14,"enemies":"2 Thieves","floor":19,"turns":3},{"damage":27,"enemies":"Snake Plant","floor":21,"turns":4},{"damage":0,"enemies":"Sentry and Sphere","floor":22,"turns":2},{"damage":0,"enemies":"Chosen and Byrds","floor":30,"turns":3},{"damage":0,"enemies":"Snecko","floor":31,"turns":3},{"damage":63,"enemies":"Automaton","floor":33,"turns":6}],"seed_played":"-6472570860828818356","potions_obtained":[{"floor":5,"key":"Energy Potion"},{"floor":6,"key":"BlessingOfTheForge"},{"floor":8,"key":"Dexterity Potion"},{"floor":10,"key":"ZuzhouPotion:ReiMu"},{"floor":15,"key":"sagemod:Wine"},{"floor":15,"key":"SmokeBomb"},{"floor":16,"key":"PowerPotion"},{"floor":18,"key":"Elixir"},{"floor":19,"key":"Adrenaline Potion"},{"floor":21,"key":"LifebloodPotion"},{"floor":30,"key":"CultistPotion"}],"is_trial":false,"path_per_floor":["M","?","?","M","M","E","R","M","T","E","M","?","R","M","R","B",null,"M","M","AVR","M","M","R","?","?","T","$","R","?","M","M","R","B"],"character_chosen":"DEFECT","items_purchased":["Self Repair","Amplify","Regal Pillow","Apotheosis","Loop","hubris:EnhanceAbility","Doom and Gloom"],"campfire_rested":1,"item_purchase_floors":[0,0,0,0,27,27,27],"current_hp_per_floor":[69,75,45,55,57,53,75,75,75,58,64,64,64,75,75,61,75,75,71,71,64,64,75,52,52,52,52,52,28,35,35,52,0,0],"gold":256,"neow_bonus":"","is_daily":false,"chose_seed":false,"campfire_upgraded":1,"win_rate":0.0,"timestamp":1609350138,"path_taken":["M","?","?","M","M","E","R","M","T","E","?","?","R","M","R","BOSS","M","M","AVR","M","M","R","?","?","T","?","R","?","?","M","R","BOSS"],"items_purchased_type":["Card","Card","Relic","Card","Card","Card","Card"],"build_version":"2020-12-22","purchased_purges":1,"victory":false,"max_hp_per_floor":[75,75,75,75,75,75,75,75,75,75,75,75,75,75,75,75,75,75,75,75,75,75,75,52,52,52,52,52,52,52,52,52,52,52],"card_choices":[{"not_picked":["Blizzard","Go for the Eyes"],"picked":"Gash","floor":1},{"not_picked":["Steam","Compile Driver"],"picked":"Rip and Tear","floor":4},{"not_picked":["Leap","Streamline"],"picked":"Conserve Battery","floor":5},{"not_picked":["Amplify","Skim"],"picked":"Sweeping Beam","floor":6},{"not_picked":["Compile Driver","Ball Lightning","Gash"],"picked":"BasicCrystalCard","floor":8},{"not_picked":["Turbo","Rebound","Conserve Battery"],"picked":"Coolheaded","floor":10},{"not_picked":["Hologram","Steam","Consume"],"picked":"Mirror Shield","floor":11},{"not_picked":["Time Bomb","ReplayTheSpireMod:Reroute Power","Gash"],"picked":"FIFO Queue","floor":14},{"not_picked":["Echo Form","Amplify","Fission"],"picked":"Electrodynamics","floor":16},{"not_picked":["Panic Button","Turbo","Doom and Gloom+1"],"picked":"Coolheaded","floor":18},{"not_picked":["BasicCrystalCard","Rebound","Turbo+1"],"picked":"Ball Lightning","floor":19},{"not_picked":["Cold Snap","Gash","hubris:Prefetch"],"picked":"Blizzard","floor":21},{"not_picked":["hubris:PowerSurge+1","Undo","Go for the Eyes+1"],"picked":"Stack+1","floor":22},{"not_picked":["Blizzard","Double Energy","Hologram+1"],"picked":"Conserve Battery","floor":30},{"not_picked":["Aggregate","Hologram+1","Doom and Gloom"],"picked":"Sweeping Beam","floor":31}],"player_experience":14953,"relics_obtained":[{"floor":6,"key":"Question Card"},{"floor":9,"key":"hubris:ToyBattleship"},{"floor":10,"key":"Potion Belt"},{"floor":13,"key":"hubris:Metronome"},{"floor":26,"key":"hubris:BottledRain"}],"event_choices":[{"damage_healed":18,"gold_gain":0,"player_choice":"Healed","damage_taken":0,"max_hp_gain":0,"max_hp_loss":0,"event_name":"The Cleric","floor":2,"gold_loss":35},{"damage_healed":0,"gold_gain":0,"player_choice":"UP RE ","damage_taken":34,"relics_obtained":["PreservedInsect"],"max_hp_gain":0,"max_hp_loss":0,"event_name":"betterSkull:BetterSkull","floor":3,"gold_loss":0,"cards_upgraded":["Apotheosis"]},{"damage_healed":0,"gold_gain":100,"player_choice":"Pray","damage_taken":0,"max_hp_gain":0,"max_hp_loss":0,"event_name":"Golden Shrine","floor":12,"gold_loss":0},{"damage_healed":0,"gold_gain":0,"player_choice":"Obtained Relic","damage_taken":0,"relics_obtained":["Torii"],"max_hp_gain":0,"max_hp_loss":0,"event_name":"Addict","floor":25,"gold_loss":85},{"damage_healed":0,"gold_gain":109,"player_choice":"RE UP GO ","damage_taken":29,"relics_obtained":["Nunchaku"],"max_hp_gain":0,"max_hp_loss":0,"event_name":"betterSkull:BetterSkull","floor":29,"gold_loss":0,"cards_upgraded":["Mirror Shield"]}],"is_beta":false,"boss_relics":[{"not_picked":["Philosopher\u0027s Stone","Ring of Chaos"],"picked":"hubris:BlackHole"}],"items_purged_floors":[27],"is_endless":false,"potions_floor_spawned":[5,6,8,10,16,18,19,21,30],"killed_by":"Automaton","ascension_level":0}}