{"host":"w7dhjqgqsib0c3vt","time":1609337685,"event":{"mods":["ATMod(°¢èªMod)","BaseMod","Minty Spire (QoL Compilation)","Shop Mod","StSLib","TheWitcher"],"gold_per_floor":[111,186,186,186,203,203,238,238,238,238,268,318,331,348,348,425,425,441,441,22,35,35,35,66,66,66,66,93,93,293,0,0,72,72,92,92,92,64,80,80,109,128,128,0,20,47,47,76,76,76],"floor_reached":51,"playtime":1226,"items_purged":[],"score":1534,"play_id":"00e99e5d-f475-4f49-bbd3-8ff641ed52f6","local_time":"20201230221445","is_ascension_mode":true,"campfire_choices":[{"floor":6.0,"key":"REST"},{"data":"AT_DrawKnifeCut","floor":8.0,"key":"SMITH"},{"floor":10.0,"key":"REST"},{"data":"AT_TearsDenial","floor":15.0,"key":"SMITH"},{"data":"Limit Break","floor":23.0,"key":"SMITH"},{"data":"Inflame","floor":25.0,"key":"SMITH"},{"data":"Pummel","floor":27.0,"key":"SMITH"},{"data":"Demon Form","floor":29.0,"key":"SMITH"},{"data":"Armaments","floor":32.0,"key":"SMITH"},{"data":"Feed","floor":40.0,"key":"SMITH"},{"floor":49,"key":"REST"}],"circlet_count":0,"master_deck":["AscendersBane","Strike_R","Strike_R","Strike_R","Strike_R","Defend_R","Defend_R","Defend_R","Defend_R","Bash","AT_TearsDenial+1","AT_DrawKnifeCut+1","Pummel+1","Cleave","Shrug It Off","Headbutt","Inflame+1","Limit Break+1","Power Through","Power Through","Spot Weakness","AT_BodySlamDance","Demon Form+1","Armaments+1","Power Through","Feed+1","AT_IchimonjiDouble+1","Writhe","Thunderclap","Wild Strike","Seeing Red","Pommel Strike","Hemokinesis+1","Sword Boomerang","AT_ShrugMaster"],"relics":["Burning Blood","AT_ATBox","Bronze Scales","Mummified Hand","Potion Belt","AT_TimeSand","Gremlin Horn","Art of War","AT_TrinityForce","AT_SilvercatRing","Juzu Bracelet","Turnip","AT_SpeedBoots","AT_RedTearstoneRing","Philosopher\u0027s Stone","AT_ForceNature","Pear","Red Mask","Red Skull","Incense Burner","InkBottle"],"acts_visited":["Exordium","TheCity","TheBeyond"],"potions_floor_usage":[42,42,42,46,46,50,50,50],"damage_taken":[{"damage":4.0,"enemies":"Small Slimes","floor":1.0,"turns":4.0},{"damage":12.0,"enemies":"Jaw Worm","floor":5.0,"turns":2.0},{"damage":38.0,"enemies":"Lagavulin","floor":7.0,"turns":7.0},{"damage":10.0,"enemies":"3 Sentries","floor":11.0,"turns":3.0},{"damage":0.0,"enemies":"Cultist","floor":13.0,"turns":2.0},{"damage":1.0,"enemies":"Exordium Thugs","floor":14.0,"turns":3.0},{"damage":48.0,"enemies":"Slime Boss","floor":16.0,"turns":6.0},{"damage":12.0,"enemies":"3 Byrds","floor":18.0,"turns":2.0},{"damage":7.0,"enemies":"2 Thieves","floor":21.0,"turns":4.0},{"damage":6.0,"enemies":"Book of Stabbing","floor":24.0,"turns":4.0},{"damage":0.0,"enemies":"Slavers","floor":28.0,"turns":2.0},{"damage":55.0,"enemies":"Collector","floor":33.0,"turns":5.0},{"damage":0.0,"enemies":"Orb Walker","floor":35.0,"turns":1.0},{"damage":8.0,"enemies":"3 Darklings","floor":39.0,"turns":2.0},{"damage":13.0,"enemies":"Reptomancer","floor":41.0,"turns":5.0},{"damage":8,"enemies":"Transient","floor":42,"turns":6},{"damage":0,"enemies":"Maw","floor":45,"turns":5},{"damage":18,"enemies":"Nemesis","floor":46,"turns":4},{"damage":21,"enemies":"Reptomancer","floor":48,"turns":3},{"damage":4,"enemies":"Time Eater","floor":50,"turns":5}],"seed_played":"506313401911393343","potions_obtained":[{"floor":1.0,"key":"Fire Potion"},{"floor":13.0,"key":"BlessingOfTheForge"},{"floor":16.0,"key":"LiquidMemories"},{"floor":21.0,"key":"Explosive Potion"},{"floor":28.0,"key":"Dexterity Potion"},{"floor":33.0,"key":"EssenceOfSteel"},{"floor":41.0,"key":"EntropicBrew"},{"floor":45,"key":"SteroidPotion"},{"floor":46,"key":"Fire Potion"},{"floor":48,"key":"SpeedPotion"}],"is_trial":false,"path_per_floor":["M","?","?","T","M","R","E","R","T","R","E","?","M","M","R","B",null,"M","?","$","M","?","R","E","R","T","R","E","R","?","$","R","B",null,"M","?","?","$","M","R","E","M","T","?","M","E","?","E","R","B",null],"character_chosen":"IRONCLAD","items_purchased":["AT_SilvercatRing","Spot Weakness","PowerPotion","AT_RedTearstoneRing","Armaments","Power Through","Thunderclap"],"campfire_rested":3,"item_purchase_floors":[20,20,20,31,31,31,38],"current_hp_per_floor":[70,59,54,54,48,70,38,38,38,60,56,49,55,60,60,18,61,55,55,55,54,54,54,54,54,54,54,60,60,60,60,60,11,59,68,68,78,78,76,76,69,67,77,77,83,75,75,60,87,93],"gold":76,"neow_bonus":"RANDOM_COMMON_RELIC","is_daily":false,"chose_seed":false,"campfire_upgraded":8,"win_rate":0.0,"timestamp":1609337685,"path_taken":["M","?","?","?","?","R","E","R","T","R","E","?","M","M","R","BOSS","M","?","?","M","?","R","E","R","T","R","E","R","?","?","R","BOSS","M","?","?","$","M","R","E","M","T","?","M","E","?","E","R","BOSS"],"items_purchased_type":["Relic","Card","Potion","Relic","Card","Card","Card"],"build_version":"2020-12-22","purchased_purges":0,"victory":true,"max_hp_per_floor":[75,75,75,75,75,75,75,75,75,75,75,75,75,75,75,75,75,75,75,75,75,75,75,75,75,75,75,75,75,75,75,75,75,75,78,78,78,78,78,78,78,78,88,88,88,92,92,92,92,96],"card_choices":[{"not_picked":["Twin Strike","Warcry"],"picked":"AT_DrawKnifeCut","floor":1.0},{"not_picked":["Disarm","Clothesline"],"picked":"Pummel","floor":5.0},{"not_picked":["AT_DiedThrough","Warcry"],"picked":"Cleave","floor":7.0},{"not_picked":["Evolve","Feel No Pain"],"picked":"Shrug It Off","floor":11.0},{"not_picked":["AT_DiedThrough","Uppercut"],"picked":"Headbutt","floor":13.0},{"not_picked":["Clash","Sentinel"],"picked":"Inflame","floor":14.0},{"not_picked":["Corruption","Brutality"],"picked":"Limit Break","floor":16.0},{"not_picked":["Body Slam","Battle Trance"],"picked":"Power Through","floor":18.0},{"not_picked":["True Grit","Pommel Strike"],"picked":"Heavy Blade","floor":21.0},{"not_picked":["AT_DrawKnifeCut+1","Feed"],"picked":"AT_BodySlamDance","floor":24.0},{"not_picked":["Dropkick","Body Slam"],"picked":"Demon Form","floor":28.0},{"not_picked":["Fiend Fire","Immolate"],"picked":"Feed","floor":33.0},{"not_picked":["True Grit","Body Slam"],"picked":"AT_IchimonjiDouble","floor":35.0},{"not_picked":["True Grit","Headbutt"],"picked":"Wild Strike","floor":39.0},{"not_picked":["Iron Wave+1","Power Through"],"picked":"Seeing Red","floor":41.0},{"not_picked":["Clash+1","Combust"],"picked":"Pommel Strike","floor":42},{"not_picked":["Seeing Red+1","Cleave"],"picked":"Hemokinesis+1","floor":45},{"not_picked":["Armaments+1","Heavy Blade"],"picked":"Sword Boomerang","floor":46},{"not_picked":["Uppercut","Iron Wave"],"picked":"AT_ShrugMaster","floor":48}],"player_experience":587941,"relics_obtained":[{"floor":4.0,"key":"Potion Belt"},{"floor":7.0,"key":"AT_TimeSand"},{"floor":9.0,"key":"Gremlin Horn"},{"floor":11.0,"key":"Art of War"},{"floor":24.0,"key":"Juzu Bracelet"},{"floor":26.0,"key":"Turnip"},{"floor":28.0,"key":"AT_SpeedBoots"},{"floor":41.0,"key":"AT_ForceNature"},{"floor":43,"key":"Pear"},{"floor":46,"key":"Red Skull"},{"floor":48,"key":"InkBottle"}],"event_choices":[{"damage_healed":0.0,"max_hp_gain":0.0,"max_hp_loss":0.0,"gold_gain":75.0,"event_name":"World of Goop","player_choice":"Gather Gold","floor":2.0,"gold_loss":0.0,"damage_taken":11.0},{"damage_healed":0.0,"max_hp_gain":0.0,"max_hp_loss":0.0,"gold_gain":0.0,"event_name":"Scrap Ooze","player_choice":"Success","floor":3.0,"gold_loss":0.0,"damage_taken":5.0,"relics_obtained":["Mummified Hand"]},{"damage_healed":0.0,"max_hp_gain":0.0,"max_hp_loss":0.0,"gold_gain":50.0,"event_name":"FaceTrader","player_choice":"Touch","floor":12.0,"gold_loss":0.0,"damage_taken":7.0},{"damage_healed":0.0,"max_hp_gain":0.0,"max_hp_loss":0.0,"gold_gain":0.0,"event_name":"Match and Keep!","player_choice":"1 cards matched","floor":19.0,"gold_loss":0.0,"damage_taken":0.0,"cards_obtained":["Power Through"]},{"cards_removed":["Strike_R"],"damage_healed":0.0,"max_hp_gain":0.0,"max_hp_loss":0.0,"gold_gain":0.0,"event_name":"Bonfire Elementals","player_choice":"Offered Basic","floor":22.0,"gold_loss":0.0,"damage_taken":0.0},{"damage_healed":0.0,"max_hp_gain":0.0,"max_hp_loss":0.0,"gold_gain":250.0,"event_name":"The Joust","player_choice":"Bet on Owner","floor":30.0,"gold_loss":50.0,"damage_taken":0.0},{"cards_removed":["Heavy Blade"],"damage_healed":0.0,"max_hp_gain":0.0,"max_hp_loss":0.0,"gold_gain":0.0,"event_name":"Falling","player_choice":"Removed Attack","floor":36.0,"gold_loss":0.0,"damage_taken":0.0},{"damage_healed":16.0,"max_hp_gain":0.0,"max_hp_loss":0.0,"gold_gain":0.0,"event_name":"Winding Halls","player_choice":"Writhe","floor":37.0,"gold_loss":0.0,"damage_taken":0.0,"cards_obtained":["Writhe"]},{"damage_healed":0,"gold_gain":0,"player_choice":"Paid","damage_taken":0,"relics_obtained":["Red Mask"],"max_hp_gain":0,"max_hp_loss":0,"event_name":"Tomb of Lord Red Mask","floor":44,"gold_loss":128},{"damage_healed":0,"gold_gain":0,"player_choice":"Gave Potion","damage_taken":0,"relics_obtained":["Incense Burner"],"max_hp_gain":0,"max_hp_loss":0,"event_name":"WeMeetAgain","floor":47,"gold_loss":0}],"is_beta":false,"boss_relics":[{"not_picked":["Black Star","Empty Cage"],"picked":"AT_TrinityForce"},{"not_picked":["Tiny House","Runic Cube"],"picked":"Philosopher\u0027s Stone"}],"items_purged_floors":[],"is_endless":false,"potions_floor_spawned":[1,13,16,21,28,33,41,45,46,48],"ascension_level":17}}