{"host":"bbrtpn53yniy7wad","time":1609299887,"event":{"mods":["AchievementEnabler","BaseMod","Colored Map","Minty Spire (QoL Compilation)","SuperFastMode"],"gold_per_floor":[118,193,118,118,118,150,170,183,183,183,197,209,219,233,233,309,309,326,326,344,359,371,371,391,391,391],"floor_reached":25,"playtime":598,"items_purged":[],"score":468,"play_id":"14030428-6079-4830-a3ba-ac2dbbd589b5","local_time":"20201230124447","is_ascension_mode":true,"campfire_choices":[{"data":"Dash","floor":15,"key":"SMITH"},{"floor":23,"key":"REST"}],"circlet_count":0,"master_deck":["AscendersBane","Strike_G","Strike_G","Strike_G","Defend_G","Defend_G","Defend_G","Defend_G","Survivor","Neutralize","Tactician","Dash+1","Venomology","Blur","Leg Sweep","All Out Attack+1","Caltrops+1","Malaise","Dagger Throw+1","Decay","Cloak And Dagger+1","After Image+1"],"relics":["Ring of the Snake","NeowsBlessing","Molten Egg 2","Frozen Egg 2","MealTicket","Philosopher\u0027s Stone"],"acts_visited":["Exordium","TheCity"],"potions_floor_usage":[8,14,16,20,21,22,22,24,24,25,25],"damage_taken":[{"damage":0.0,"enemies":"Small Slimes","floor":1.0,"turns":1.0},{"damage":0.0,"enemies":"Lagavulin","floor":6.0,"turns":1.0},{"damage":0.0,"enemies":"Jaw Worm","floor":7.0,"turns":1.0},{"damage":0,"enemies":"Cultist","floor":8,"turns":3},{"damage":7,"enemies":"2 Fungi Beasts","floor":11,"turns":5},{"damage":3,"enemies":"Red Slaver","floor":12,"turns":9},{"damage":0,"enemies":"Blue Slaver","floor":13,"turns":4},{"damage":11,"enemies":"Lots of Slimes","floor":14,"turns":3},{"damage":40,"enemies":"The Guardian","floor":16,"turns":18},{"damage":18,"enemies":"Spheric Guardian","floor":18,"turns":6},{"damage":10,"enemies":"Chosen","floor":20,"turns":6},{"damage":15,"enemies":"Snecko","floor":21,"turns":6},{"damage":7,"enemies":"Centurion and Healer","floor":22,"turns":8},{"damage":14,"enemies":"Shelled Parasite and Fungi","floor":24,"turns":6},{"damage":8,"enemies":"Book of Stabbing","floor":25,"turns":1}],"seed_played":"4615544261816622521","potions_obtained":[{"floor":1.0,"key":"FairyPotion"},{"floor":16,"key":"SteroidPotion"},{"floor":20,"key":"SkillPotion"},{"floor":24,"key":"GamblersBrew"}],"is_trial":false,"path_per_floor":["M","?","?","?","?","E","M","M","T","?","M","M","M","M","R","B",null,"M","?","M","M","M","R","M","E"],"character_chosen":"THE_SILENT","items_purchased":[],"campfire_rested":1,"item_purchase_floors":[],"current_hp_per_floor":[59,48,48,48,48,48,48,48,48,48,41,38,38,27,27,10,52,34,34,24,9,2,21,7,0,0],"gold":391,"neow_bonus":"THREE_ENEMY_KILL","is_daily":false,"chose_seed":false,"campfire_upgraded":1,"win_rate":0.0,"timestamp":1609299887,"path_taken":["M","?","?","?","?","E","M","?","T","?","M","M","M","?","R","BOSS","M","?","?","M","M","R","?","E"],"items_purchased_type":[],"build_version":"2020-12-22","purchased_purges":0,"victory":false,"max_hp_per_floor":[66,66,66,66,66,66,66,66,66,66,66,66,66,66,66,66,66,66,66,66,66,66,66,66,66,66],"card_choices":[{"not_picked":["Blur","Infinite Blades"],"picked":"Tactician","floor":1.0},{"not_picked":["Blade Dance","Deadly Poison","Slice+1"],"picked":"SKIP","floor":6.0},{"not_picked":["Blade Dance","Deadly Poison","Slice+1"],"picked":"SKIP","floor":6.0},{"not_picked":["Deflect","Outmaneuver"],"picked":"Venomology","floor":7.0},{"not_picked":["Outmaneuver","Cloak And Dagger"],"picked":"Blur","floor":8},{"not_picked":["Cloak And Dagger","Deflect","Leg Sweep"],"picked":"SKIP","floor":11},{"not_picked":["Tactician","Expertise"],"picked":"All Out Attack+1","floor":12},{"not_picked":["Backstab+1","Poisoned Stab+1"],"picked":"Caltrops+1","floor":13},{"not_picked":["PiercingWail","Bane+1","Slice+1"],"picked":"SKIP","floor":14},{"not_picked":["Glass Knife+1","Storm of Steel"],"picked":"Malaise","floor":16},{"not_picked":["Cloak And Dagger","Quick Slash+1"],"picked":"Dagger Throw+1","floor":18},{"not_picked":["Poisoned Stab+1","Slice+1"],"picked":"Cloak And Dagger+1","floor":20},{"not_picked":["Dagger Throw+1","Infinite Blades+1","Slice+1"],"picked":"SKIP","floor":21},{"not_picked":["Finisher+1","Slice+1","Dodge and Roll+1"],"picked":"SKIP","floor":22},{"not_picked":["Underhanded Strike+1","Deflect"],"picked":"After Image+1","floor":24}],"player_experience":1024575,"relics_obtained":[{"floor":6.0,"key":"Frozen Egg 2"},{"floor":9,"key":"MealTicket"}],"event_choices":[{"damage_healed":0.0,"max_hp_gain":0.0,"max_hp_loss":0.0,"gold_gain":75.0,"event_name":"World of Goop","player_choice":"Gather Gold","floor":2.0,"gold_loss":0.0,"damage_taken":11.0},{"cards_removed":["Defend_G"],"damage_healed":0.0,"max_hp_gain":0.0,"max_hp_loss":0.0,"gold_gain":0.0,"event_name":"The Cleric","player_choice":"Card Removal","floor":3.0,"gold_loss":75.0,"damage_taken":0.0},{"damage_healed":0.0,"max_hp_gain":0.0,"max_hp_loss":0.0,"gold_gain":0.0,"cards_transformed":["Strike_G"],"event_name":"Living Wall","player_choice":"Change","floor":4.0,"gold_loss":0.0,"damage_taken":0.0,"cards_obtained":["Dash"]},{"damage_healed":0.0,"max_hp_gain":0.0,"max_hp_loss":0.0,"gold_gain":0.0,"event_name":"WeMeetAgain","player_choice":"Gave Potion","floor":5.0,"gold_loss":0.0,"damage_taken":0.0,"relics_obtained":["Molten Egg 2"]},{"damage_healed":0,"gold_gain":0,"cards_transformed":["Strike_G"],"player_choice":"Transformed","damage_taken":0,"max_hp_gain":0,"max_hp_loss":0,"event_name":"Transmorgrifier","floor":10,"gold_loss":0,"cards_obtained":["Leg Sweep"]},{"damage_healed":0,"gold_gain":0,"player_choice":"Cursed","damage_taken":0,"max_hp_gain":0,"max_hp_loss":0,"event_name":"Wheel of Change","floor":19,"gold_loss":0,"cards_obtained":["Decay"]}],"is_beta":false,"boss_relics":[{"not_picked":["Fusion Hammer","Empty Cage"],"picked":"Philosopher\u0027s Stone"}],"items_purged_floors":[],"is_endless":false,"potions_floor_spawned":[1,12,13,16,20,24],"killed_by":"Book of Stabbing","ascension_level":20}}