{"host":"fdmexzkyss3ff9bv","time":1609364611,"event":{"mods":["BaseMod","Beaked The Cultist","BetterRewards","Downfall","Glutton Mod","Halation","Hubris","Infinite Spire","Minty Spire (QoL Compilation)","Replay The Spire","StSLib","The Animator","The Blackbeard","The Bug Knight","The Construct","The Mystic","The Servant 0.9.4","The Witch"],"gold_per_floor":[110,129,129,304,304,304,379,44,67,112,146,177,215,215,215,179,179],"floor_reached":16,"playtime":866,"items_purged":[],"score":100,"play_id":"67268929-5db3-4dd4-b01e-9ed706bd8aaa","local_time":"20201230224331","is_ascension_mode":false,"campfire_choices":[{"data":"hubris:TrickCloak","floor":6,"key":"SMITH"},{"floor":15,"key":"REST"}],"circlet_count":0,"master_deck":["Strike_G","Strike_G","Strike_G","Strike_G","Strike_G","Defend_G","Defend_G","Defend_G","Defend_G","Defend_G","Survivor","Neutralize","Deflect","hubris:TrickCloak+1","Slice","Cloak And Dagger","expansioncontent:Chronoboost","Distraction","Slice","Hidden Blade","hubris:Counter"],"relics":["Ring of the Snake","Omamori","Boot","Replay:Bandana","infinitespire:Beetle Shell","Replay:Baseball","hubris:Icosahedron"],"acts_visited":["Exordium"],"potions_floor_usage":[13,16,16],"damage_taken":[{"damage":2,"enemies":"2 Louse","floor":1,"turns":2},{"damage":0,"enemies":"Small Slimes","floor":2,"turns":4},{"damage":48,"enemies":"Gremlin Nob","floor":10,"turns":6},{"damage":0,"enemies":"Cultist","floor":11,"turns":3},{"damage":7,"enemies":"Large Slime","floor":12,"turns":6},{"damage":2,"enemies":"3 Louse","floor":13,"turns":4},{"damage":25,"enemies":"Hexaghost","floor":16,"turns":11}],"seed_played":"-2456285411524774743","potions_obtained":[{"floor":10,"key":"Adrenaline Potion"},{"floor":12,"key":"Venom Potion"},{"floor":13,"key":"SteroidPotion"}],"is_trial":false,"path_per_floor":["M","M","?","?","?","R","?","$","T","E","M","M","M","?","R","B"],"character_chosen":"THE_SILENT","items_purchased":["Replay:Bandana","Slice","Cloak And Dagger","expansioncontent:Chronoboost"],"campfire_rested":1,"item_purchase_floors":[8,8,8,8],"current_hp_per_floor":[68,68,68,68,68,68,61,61,61,13,13,6,4,4,25,0,0],"gold":179,"neow_bonus":"RANDOM_COMMON_RELIC","is_daily":false,"chose_seed":false,"campfire_upgraded":1,"win_rate":0.0,"timestamp":1609364611,"path_taken":["M","M","?","?","?","R","?","$","T","E","M","M","?","?","R","BOSS"],"items_purchased_type":["Relic","Card","Card","Card"],"build_version":"2020-12-13","purchased_purges":0,"victory":false,"max_hp_per_floor":[70,70,70,70,70,70,70,70,70,70,70,70,70,70,70,70,70],"card_choices":[{"not_picked":["hubris:SlightOfHand","Flying Knee"],"picked":"Deflect","floor":1},{"not_picked":["Footwork","Deadly Poison"],"picked":"hubris:TrickCloak","floor":2},{"not_picked":["Unload","hubris:Sniper"],"picked":"Distraction","floor":10},{"not_picked":["hubris:TrickCloak","All Out Attack"],"picked":"Slice","floor":11},{"not_picked":["Deadly Poison","PiercingWail"],"picked":"Hidden Blade","floor":12},{"not_picked":["Slice","Bane"],"picked":"hubris:Counter","floor":13}],"player_experience":56668,"relics_obtained":[{"floor":9,"key":"infinitespire:Beetle Shell"},{"floor":10,"key":"Replay:Baseball"}],"event_choices":[{"damage_healed":0,"gold_gain":0,"player_choice":"Leave","damage_taken":0,"max_hp_gain":0,"max_hp_loss":0,"event_name":"The Cleric","floor":3,"gold_loss":0},{"damage_healed":0,"gold_gain":175,"player_choice":"AGREE","damage_taken":0,"max_hp_gain":0,"max_hp_loss":0,"event_name":"Liars Game","floor":4,"gold_loss":0,"cards_obtained":["Doubt"]},{"damage_healed":0,"gold_gain":0,"player_choice":"Box","damage_taken":0,"relics_obtained":["Boot"],"max_hp_gain":0,"max_hp_loss":0,"event_name":"Big Fish","floor":5,"gold_loss":0,"cards_obtained":["Regret"]},{"damage_healed":0,"gold_gain":75,"player_choice":"Touch","damage_taken":7,"max_hp_gain":0,"max_hp_loss":0,"event_name":"FaceTrader","floor":7,"gold_loss":0}],"is_beta":false,"boss_relics":[],"items_purged_floors":[],"is_endless":false,"potions_floor_spawned":[10,12,13],"killed_by":"Hexaghost","ascension_level":0}}