{"host":"vumwfieg2b2mnrfl","time":1609296093,"event":{"mods":["AchievementEnabler","BaseMod","Minty Spire (QoL Compilation)","Rare Cards Sparkle","Relic Stats"],"gold_per_floor":[118,118,118,129,94,127,143,143,169,179,214,146,146,156,156,227,227,238,238,156,170,184,218,167,186,231,265,265,284,610,622,622,697,697,708,733,750,750,750],"floor_reached":38,"playtime":1669,"items_purged":[],"score":818,"play_id":"f8492c17-de55-4684-a61d-279132095868","local_time":"20201229204133","is_ascension_mode":true,"campfire_choices":[{"floor":13,"key":"REST"},{"data":"Noxious Fumes","floor":15,"key":"SMITH"},{"floor":28,"key":"REST"},{"floor":32,"key":"REST"}],"circlet_count":0,"master_deck":["AscendersBane","Strike_G","Strike_G+1","Strike_G","Strike_G","Defend_G+1","Defend_G","Defend_G","Defend_G","Survivor","Flying Knee","Noxious Fumes+1","Flying Knee","Deadly Poison","Poisoned Stab","Die Die Die","Noxious Fumes","Malaise","Flechettes","Corpse Explosion","Leg Sweep","PiercingWail","Caltrops","Poisoned Stab","Crippling Poison","Backflip"],"relics":["Ring of the Snake","NeowsBlessing","Ancient Tea Set","Orichalcum","Regal Pillow","Snecko Eye","Lantern","Toy Ornithopter","Art of War","Old Coin","Philosopher\u0027s Stone","Ginger"],"acts_visited":["Exordium","TheCity","TheBeyond"],"potions_floor_usage":[10,27,38],"damage_taken":[{"damage":0,"enemies":"2 Louse","floor":1,"turns":1},{"damage":0,"enemies":"Cultist","floor":4,"turns":1},{"damage":0,"enemies":"3 Sentries","floor":6,"turns":1},{"damage":9,"enemies":"Jaw Worm","floor":7,"turns":5},{"damage":6,"enemies":"Large Slime","floor":10,"turns":5},{"damage":25,"enemies":"Lagavulin","floor":11,"turns":6},{"damage":1,"enemies":"3 Louse","floor":14,"turns":2},{"damage":20,"enemies":"Hexaghost","floor":16,"turns":8},{"damage":16,"enemies":"Spheric Guardian","floor":18,"turns":4},{"damage":6,"enemies":"Shell Parasite","floor":21,"turns":6},{"damage":6,"enemies":"Chosen and Byrds","floor":22,"turns":5},{"damage":22,"enemies":"Gremlin Leader","floor":23,"turns":6},{"damage":4,"enemies":"Shelled Parasite and Fungi","floor":25,"turns":7},{"damage":9,"enemies":"Book of Stabbing","floor":27,"turns":6},{"damage":0,"enemies":"Snecko","floor":29,"turns":6},{"damage":8,"enemies":"Gremlin Leader","floor":30,"turns":6},{"damage":0,"enemies":"Cultist and Chosen","floor":31,"turns":6},{"damage":85,"enemies":"Champ","floor":33,"turns":15},{"damage":0,"enemies":"3 Darklings","floor":35,"turns":2},{"damage":28,"enemies":"Mind Bloom Boss Battle","floor":36,"turns":8},{"damage":20,"enemies":"3 Shapes","floor":37,"turns":3},{"damage":17,"enemies":"Spire Growth","floor":38,"turns":2}],"seed_played":"5644875443694880648","potions_obtained":[{"floor":1,"key":"FairyPotion"},{"floor":4,"key":"AttackPotion"},{"floor":14,"key":"CultistPotion"},{"floor":37,"key":"BlessingOfTheForge"}],"is_trial":false,"path_per_floor":["M","?","?","M","$","E","M","$","T","M","E","$","R","M","R","B",null,"M","?","$","M","M","E","$","M","T","E","R","M","E","M","R","B",null,"M","?","M","M"],"character_chosen":"THE_SILENT","items_purchased":["Noxious Fumes","Noxious Fumes","Leg Sweep","PiercingWail"],"campfire_rested":3,"item_purchase_floors":[5,12,20,24],"current_hp_per_floor":[63,49,49,49,49,49,40,40,40,34,9,9,45,44,44,24,59,43,43,43,37,31,9,9,5,5,1,37,37,29,29,65,21,58,58,30,10,0,0],"gold":750,"neow_bonus":"THREE_ENEMY_KILL","is_daily":false,"chose_seed":false,"campfire_upgraded":1,"win_rate":0.0,"timestamp":1609296093,"path_taken":["M","?","?","M","$","E","?","?","T","M","E","?","R","M","R","BOSS","M","?","$","M","M","E","$","M","T","E","R","M","E","M","R","BOSS","M","?","M","M"],"items_purchased_type":["Card","Card","Card","Card"],"build_version":"2020-12-22","purchased_purges":0,"victory":false,"max_hp_per_floor":[70,70,70,70,70,70,70,70,70,70,70,70,70,70,70,70,70,70,70,70,70,70,70,70,70,70,70,70,70,70,70,70,70,70,70,70,70,70,70],"relic_stats":{"Regal Pillow":45,"counters":[22,111],"Snecko Eye":[151,138,149,132],"Art of War":[6],"Ginger":[0],"Orichalcum":[294],"obtain_stats":[{"Regal Pillow":11,"Lantern":23,"NeowsBlessing":0,"Snecko Eye":17,"Philosopher\u0027s Stone":34,"Art of War":27,"Ginger":36,"Orichalcum":9,"Ancient Tea Set":6,"Toy Ornithopter":26,"Ring of the Snake":0,"Old Coin":30},{"Regal Pillow":6,"Lantern":12,"NeowsBlessing":0,"Snecko Eye":8,"Philosopher\u0027s Stone":18,"Art of War":14,"Ginger":20,"Orichalcum":4,"Ancient Tea Set":3,"Toy Ornithopter":13,"Ring of the Snake":0,"Old Coin":16},{"Regal Pillow":19,"Lantern":50,"NeowsBlessing":0,"Snecko Eye":29,"Philosopher\u0027s Stone":96,"Art of War":63,"Ginger":106,"Orichalcum":8,"Ancient Tea Set":3,"Toy Ornithopter":57,"Ring of the Snake":0,"Old Coin":75}],"Toy Ornithopter":10,"Ring of the Snake":[44]},"card_choices":[{"not_picked":["Backstab","Cloak And Dagger","Caltrops"],"picked":"SKIP","floor":1},{"not_picked":["Bane","Reflex"],"picked":"Flying Knee","floor":4},{"not_picked":["Riddle With Holes","Deflect"],"picked":"Flying Knee","floor":6},{"not_picked":["Quick Slash","Reflex"],"picked":"Deadly Poison","floor":7},{"not_picked":["Prepared","Deflect"],"picked":"Poisoned Stab","floor":10},{"not_picked":["Terror","Masterful Stab"],"picked":"Die Die Die","floor":11},{"not_picked":["Riddle With Holes","Blade Dance","Expertise"],"picked":"SKIP","floor":14},{"not_picked":["Storm of Steel","Venomology"],"picked":"Malaise","floor":16},{"not_picked":["Outmaneuver+1","Blade Dance","Heel Hook"],"picked":"SKIP","floor":18},{"not_picked":["Outmaneuver","Deflect","Sucker Punch"],"picked":"SKIP","floor":21},{"not_picked":["Accuracy","Deadly Poison","Outmaneuver"],"picked":"SKIP","floor":22},{"not_picked":["Dagger Spray+1","Wraith Form v2","Underhanded Strike"],"picked":"SKIP","floor":23},{"not_picked":["Deflect","PiercingWail"],"picked":"Caltrops","floor":25},{"not_picked":["Bane","Concentrate"],"picked":"Poisoned Stab","floor":27},{"not_picked":["Poisoned Stab","Eviscerate"],"picked":"Crippling Poison","floor":29},{"not_picked":["Expertise","Poisoned Stab+1"],"picked":"Backflip","floor":30},{"not_picked":["Deadly Poison","All Out Attack","Eviscerate"],"picked":"SKIP","floor":31},{"not_picked":["Infinite Blades","Choke","Poisoned Stab"],"picked":"SKIP","floor":35},{"not_picked":["Poisoned Stab","Deflect","Dodge and Roll"],"picked":"SKIP","floor":37}],"player_experience":330049,"relics_obtained":[{"floor":6,"key":"Ancient Tea Set"},{"floor":9,"key":"Orichalcum"},{"floor":11,"key":"Regal Pillow"},{"floor":23,"key":"Lantern"},{"floor":26,"key":"Toy Ornithopter"},{"floor":27,"key":"Art of War"},{"floor":30,"key":"Old Coin"},{"floor":36,"key":"Ginger"}],"event_choices":[{"damage_healed":0,"gold_gain":0,"player_choice":"Entered Light","damage_taken":14,"max_hp_gain":0,"max_hp_loss":0,"event_name":"Shining Light","floor":2,"gold_loss":0,"cards_upgraded":["Strike_G","Defend_G"]},{"cards_removed":["Strike_G"],"damage_healed":0,"gold_gain":0,"player_choice":"Purged","damage_taken":0,"max_hp_gain":0,"max_hp_loss":0,"event_name":"Purifier","floor":3,"gold_loss":0},{"damage_healed":0,"gold_gain":0,"cards_transformed":["Neutralize","Defend_G"],"player_choice":"Became Test Subject","damage_taken":0,"max_hp_gain":0,"max_hp_loss":0,"event_name":"Drug Dealer","floor":19,"gold_loss":0,"cards_obtained":["Flechettes","Corpse Explosion"]},{"damage_healed":0,"gold_gain":0,"player_choice":"Fight","damage_taken":0,"max_hp_gain":0,"max_hp_loss":0,"event_name":"MindBloom","floor":36,"gold_loss":0}],"is_beta":false,"boss_relics":[{"not_picked":["Calling Bell","WristBlade"],"picked":"Snecko Eye"},{"not_picked":["HoveringKite","Runic Pyramid"],"picked":"Philosopher\u0027s Stone"}],"items_purged_floors":[],"is_endless":false,"potions_floor_spawned":[1,4,14,18,21,25,37],"killed_by":"Spire Growth","ascension_level":13}}