{"host":"j45ucdvl5ntpx4kf","time":1609297723,"event":{"mods":["AchievementEnabler","BaseMod","Bestiary","Colored Map","Colored Powertips","Downfall","Minty Spire (QoL Compilation)","StSLib"],"gold_per_floor":[113,125,125,137,137,137,167,167,167,200,41,70,89,89,89,186,186,198,218,143,143,155,155,170,170,170],"floor_reached":25,"playtime":986,"items_purged":[],"score":312,"play_id":"074cea7c-5b40-46d4-bea5-b1259c3b8b02","local_time":"20201229220843","is_ascension_mode":true,"campfire_choices":[{"data":"Crescendo","floor":6,"key":"SMITH"},{"data":"1","floor":8,"key":"LIFT"},{"floor":15,"key":"REST"},{"data":"2","floor":23,"key":"LIFT"}],"circlet_count":0,"master_deck":["Strike_P","Strike_P","Strike_P","Defend_P","Defend_P","Defend_P","Defend_P","Eruption","Vigilance","Crescendo+1","SashWhip","Perseverance","MentalFortress","ConjureBlade","Tantrum+1","ClearTheMind","Devotion","FlyingSleeves+1","Adaptation","Study","ClearTheMind"],"relics":["PureWater","NeowsBlessing","HornCleat","Girya","Bronze Scales","MealTicket","Molten Egg 2","SlaversCollar"],"acts_visited":["Exordium","TheCity"],"potions_floor_usage":[10,22,24,25],"damage_taken":[{"damage":0,"enemies":"Cultist","floor":1,"turns":1},{"damage":0,"enemies":"Jaw Worm","floor":2,"turns":1},{"damage":0,"enemies":"2 Louse","floor":4,"turns":1},{"damage":44,"enemies":"Gremlin Nob","floor":7,"turns":6},{"damage":16,"enemies":"Lagavulin","floor":10,"turns":7},{"damage":9,"enemies":"3 Sentries","floor":12,"turns":6},{"damage":1,"enemies":"2 Fungi Beasts","floor":13,"turns":4},{"damage":0,"enemies":"Slime Boss","floor":16,"turns":7},{"damage":31,"enemies":"2 Thieves","floor":18,"turns":4},{"damage":3,"enemies":"Chosen","floor":19,"turns":3},{"damage":10,"enemies":"Shelled Parasite and Fungi","floor":22,"turns":4},{"damage":0,"enemies":"Snecko","floor":24,"turns":3},{"damage":30,"enemies":"Book of Stabbing","floor":25,"turns":4}],"seed_played":"-1526556269365920166","potions_obtained":[{"floor":7,"key":"Block Potion"},{"floor":12,"key":"Energy Potion"},{"floor":16,"key":"Ancient Potion"},{"floor":22,"key":"ColorlessPotion"},{"floor":24,"key":"Slimebound:ThreeZeroPotion"}],"is_trial":false,"path_per_floor":["M","M","T","M","?","R","E","R","T","E","$","E","M","?","R","B",null,"M","M","?","?","M","R","M","E"],"character_chosen":"WATCHER","items_purchased":["MentalFortress","ConjureBlade"],"campfire_rested":1,"item_purchase_floors":[11,11],"current_hp_per_floor":[72,72,72,72,65,65,21,21,21,5,20,11,10,28,49,49,72,41,38,38,38,28,28,28,0,0],"gold":170,"neow_bonus":"THREE_ENEMY_KILL","is_daily":false,"chose_seed":false,"campfire_upgraded":1,"win_rate":0.0,"timestamp":1609297723,"path_taken":["M","M","?","?","?","R","E","R","T","E","$","E","M","?","R","BOSS","M","M","?","?","M","R","M","E"],"items_purchased_type":["Card","Card"],"build_version":"2020-12-22","purchased_purges":0,"victory":false,"max_hp_per_floor":[72,72,72,72,72,72,72,72,72,72,72,72,72,72,72,72,72,72,72,69,69,69,69,69,69,69],"card_choices":[{"not_picked":["Protect","CutThroughFate"],"picked":"Crescendo","floor":1},{"not_picked":["CutThroughFate","EmptyFist"],"picked":"SashWhip","floor":2},{"not_picked":["Pray","EmptyMind","CutThroughFate"],"picked":"SKIP","floor":4},{"not_picked":["JustLucky","EmptyMind"],"picked":"Perseverance","floor":7},{"not_picked":["DevaForm","CutThroughFate","SandsOfTime"],"picked":"SKIP","floor":10},{"not_picked":["WreathOfFlame","CutThroughFate+1"],"picked":"Tantrum+1","floor":12},{"not_picked":["Protect","Crescendo"],"picked":"ClearTheMind","floor":13},{"not_picked":["Omniscience","DevaForm"],"picked":"Devotion","floor":16},{"not_picked":["Crescendo","BowlingBash+1"],"picked":"FlyingSleeves+1","floor":18},{"not_picked":["FlyingSleeves+1","Protect+1"],"picked":"Adaptation","floor":19},{"not_picked":["PathToVictory","Protect"],"picked":"Study","floor":22},{"not_picked":["Perseverance+1","Crescendo+1"],"picked":"ClearTheMind","floor":24}],"player_experience":159673,"relics_obtained":[{"floor":3,"key":"HornCleat"},{"floor":7,"key":"Girya"},{"floor":9,"key":"Bronze Scales"},{"floor":10,"key":"MealTicket"},{"floor":12,"key":"Molten Egg 2"}],"event_choices":[{"cards_removed":["Strike_P"],"damage_healed":0,"gold_gain":0,"player_choice":"Card Removal","damage_taken":7,"max_hp_gain":0,"max_hp_loss":0,"event_name":"Golden Wing","floor":5,"gold_loss":0},{"damage_healed":18,"gold_gain":0,"player_choice":"Healed and dodged fight","damage_taken":0,"max_hp_gain":0,"max_hp_loss":0,"event_name":"Mushrooms","floor":14,"gold_loss":0,"cards_obtained":["Parasite"]},{"cards_removed":["Parasite"],"damage_healed":0,"gold_gain":0,"player_choice":"Gave Gold","damage_taken":0,"max_hp_gain":0,"max_hp_loss":0,"event_name":"Beggar","floor":20,"gold_loss":75},{"damage_healed":0,"gold_gain":0,"player_choice":"Ignored","damage_taken":0,"max_hp_gain":0,"max_hp_loss":0,"event_name":"Ghosts","floor":21,"gold_loss":0}],"is_beta":false,"boss_relics":[{"not_picked":["Busted Crown","Philosopher\u0027s Stone"],"picked":"SlaversCollar"}],"items_purged_floors":[],"is_endless":false,"potions_floor_spawned":[7,12,16,22,24],"killed_by":"Book of Stabbing","ascension_level":3}}