{"host":"ayfskbcma8jzdviw","time":1609299497,"event":{"mods":["BaseMod","Downfall","Minty Spire (QoL Compilation)","Replay The Spire","StSLib"],"gold_per_floor":[117,117,130,145,162,162,193,193,267,343,443,461,144,154,154,258,258,268,278,278,297,315,315,325,325,325,325,325,31,31,31,31,77,77,189,189,213,237,237,295,329,329,343,343],"floor_reached":43,"playtime":4913,"items_purged":[],"score":580,"play_id":"4bdbb697-5031-4e88-afb6-45be9d930cce","local_time":"20201229193817","is_ascension_mode":false,"campfire_choices":[{"data":"Streamline","floor":6,"key":"SMITH"},{"floor":8,"key":"REST"},{"floor":15,"key":"DIG"},{"data":"ReplayTheSpireMod:Omega Cannon","floor":23,"key":"SMITH"},{"data":"Storm","floor":23,"key":"SMITH"},{"data":"Electrodynamics","floor":34,"key":"SMITH"},{"data":"sneckomod:MorePower","floor":34,"key":"SMITH"},{"data":"sneckomod:WideSting","floor":42,"key":"SMITH"},{"data":"Replay:Bootleg Shield Generator","floor":42,"key":"SMITH"}],"circlet_count":0,"master_deck":["Strike_B+1","Strike_B+1","Strike_B+1","Strike_B+1","Defend_B+1","Defend_B+1","Defend_B+1","Defend_B+1","Zap","Dualcast","ReplayTheSpireMod:Omega Cannon+1","Go for the Eyes","BootSequence","Go for the Eyes","Streamline+1","BasicCrystalCard","Force Field","ReplayTheSpireMod:Omega Cannon","Replay:Bootleg Shield Generator+1","Crystallizer","Electrodynamics+1","Storm+1","Aggregate+1","Rebound","Beam Cell","Ball Lightning","sneckomod:MorePower+1","sneckomod:UnknownRarePower+1","Impervious","Guardian:BronzeOrb","sneckomod:UnknownClassGUARDIAN+1","sneckomod:WideSting+1","champ:Haymaker","Slimebound:Dissolve+1","sneckomod:UnknownRarePower+1"],"relics":["Cracked Core","WingedGreaves","Replay:Rubber Ducky","Garlic","PreservedInsect","Replay:Arrowhead","Replay:Bandana","Oddly Smooth Stone","PrismaticShard","TungstenRod","Black Star","Mummified Hand"],"acts_visited":["Exordium","TheCity","TheBeyond"],"potions_floor_usage":[35],"damage_taken":[{"damage":6,"enemies":"2 Louse","floor":1,"turns":2},{"damage":2,"enemies":"Small Slimes","floor":3,"turns":4},{"damage":0,"enemies":"Cultist","floor":4,"turns":2},{"damage":11,"enemies":"2 Fungi Beasts","floor":5,"turns":4},{"damage":9,"enemies":"Replay:BlueRogue","floor":7,"turns":4},{"damage":0,"enemies":"Blue Slaver","floor":12,"turns":2},{"damage":8,"enemies":"Exordium Wildlife","floor":14,"turns":4},{"damage":25,"enemies":"Slime Boss","floor":16,"turns":7},{"damage":0,"enemies":"3 Byrds","floor":18,"turns":3},{"damage":5,"enemies":"2 Thieves","floor":19,"turns":3},{"damage":0,"enemies":"Shelled Parasite and Fungi","floor":21,"turns":5},{"damage":7,"enemies":"Snake Plant","floor":22,"turns":4},{"damage":0,"enemies":"Cultist and Chosen","floor":24,"turns":4},{"damage":0,"enemies":"3 Cultists","floor":33,"turns":2},{"damage":49,"enemies":"Pondfish","floor":35,"turns":12},{"damage":4,"enemies":"Orb Walker","floor":37,"turns":4},{"damage":0,"enemies":"3 Shapes","floor":38,"turns":4},{"damage":5,"enemies":"Spire Growth","floor":41,"turns":5},{"damage":43,"enemies":"4 Shapes","floor":43,"turns":4}],"seed_played":"-6570215006680050771","potions_obtained":[{"floor":3,"key":"hexamod:EctoCoolerPotion"},{"floor":4,"key":"EssenceOfSteel"},{"floor":7,"key":"EssenceOfDarkness"},{"floor":12,"key":"Toxic Potion"},{"floor":21,"key":"Block Potion"},{"floor":37,"key":"Elixir"}],"is_trial":false,"path_per_floor":["M","?","M","M","M","R","E","R","T","?","?","M","$","M","R","B",null,"M","M","?","M","M","R","M","?","T","PTL","PTL","$","$","T","?","M","R","B",null,"M","M","?","?","M","R","M"],"character_chosen":"DEFECT","items_purchased":["ReplayTheSpireMod:Omega Cannon","PreservedInsect","Replay:Bootleg Shield Generator","Oddly Smooth Stone","PrismaticShard"],"campfire_rested":1,"item_purchase_floors":[13,13,13,29,29],"current_hp_per_floor":[69,51,49,49,38,38,29,51,51,51,51,51,51,43,43,18,75,75,70,70,70,63,63,63,63,63,63,63,63,63,63,63,63,63,14,75,71,71,71,42,37,37,0,0],"gold":343,"neow_bonus":"ONE_RANDOM_RARE_CARD","is_daily":false,"chose_seed":false,"campfire_upgraded":7,"win_rate":0.0,"timestamp":1609299497,"path_taken":["M","?","M","M","M","R","E","R","T","?","?","M","$","?","R","BOSS","M","M","?","M","M","R","M","?","T","PTL","PTL","?","$","?","?","M","R","BOSS","M","M","?","?","M","R","M"],"items_purchased_type":["Card","Relic","Card","Relic","Relic"],"build_version":"2020-12-22","purchased_purges":0,"victory":false,"max_hp_per_floor":[75,75,75,75,75,75,75,75,75,75,75,75,75,75,75,75,75,75,75,75,75,75,75,75,75,75,75,75,75,75,75,75,75,75,75,75,75,75,75,75,75,75,75,75],"card_choices":[{"not_picked":["Ball Lightning","Rebound"],"picked":"Go for the Eyes","floor":1},{"not_picked":["Defragment","ReplayTheSpireMod:GoodbyeWorld"],"picked":"BootSequence","floor":3},{"not_picked":["Compile Driver","Doom and Gloom"],"picked":"Go for the Eyes","floor":4},{"not_picked":["Consume","Scrape"],"picked":"Streamline","floor":5},{"not_picked":["Gash","Crystallizer"],"picked":"BasicCrystalCard","floor":7},{"not_picked":["Darkness","BasicCrystalCard"],"picked":"Force Field","floor":12},{"not_picked":["Streamline","ReplaySort"],"picked":"Crystallizer","floor":14},{"not_picked":["Fission","Biased Cognition"],"picked":"Electrodynamics","floor":16},{"not_picked":["Reinforced Body+1","BootSequence+1"],"picked":"Storm","floor":18},{"not_picked":["Skim","Coolheaded"],"picked":"Aggregate+1","floor":19},{"not_picked":["Static Discharge","Consume"],"picked":"Rebound","floor":21},{"not_picked":["Streamline","ReplayTheSpireMod:Repulse"],"picked":"Beam Cell","floor":22},{"not_picked":["ReplayTheSpireMod:GoodbyeWorld","Go for the Eyes"],"picked":"Ball Lightning","floor":24},{"not_picked":["hexamod:ShieldOfDarkness","Shockwave"],"picked":"sneckomod:MorePower","floor":33},{"not_picked":["sneckomod:Unknown+1","sneckomod:UnknownBlock+1"],"picked":"sneckomod:UnknownRarePower+1","floor":35},{"not_picked":["Unload","champ:Devastate"],"picked":"Impervious","floor":35},{"not_picked":["ReplayTheSpireMod:Strike From Hell","Replay:ManipulateFuture+1"],"picked":"Guardian:BronzeOrb","floor":37},{"not_picked":["sneckomod:Unknown3Cost+1","sneckomod:UnknownClassHEXA_GHOST_PURPLE+1"],"picked":"sneckomod:UnknownClassGUARDIAN+1","floor":37},{"not_picked":["expansioncontent:FaceSlap","Twin Strike"],"picked":"sneckomod:WideSting","floor":38},{"not_picked":["Pommel Strike","Guardian:Incinerate"],"picked":"champ:Haymaker","floor":40},{"not_picked":["Gash","champ:AdrenalArmor+1"],"picked":"Slimebound:Dissolve+1","floor":40},{"not_picked":["sneckomod:UnknownVulnerable+1","sneckomod:UnknownClassGUARDIAN+1"],"picked":"sneckomod:UnknownRarePower+1","floor":41},{"not_picked":["Guardian:ShieldCharger","champ:BladeFlurry","Guardian:Reroute"],"picked":"SKIP","floor":41}],"player_experience":12999,"relics_obtained":[{"floor":7,"key":"Replay:Rubber Ducky"},{"floor":9,"key":"Garlic"},{"floor":15,"key":"Replay:Arrowhead"},{"floor":26,"key":"Replay:Bandana"},{"floor":31,"key":"TungstenRod"},{"floor":40,"key":"Mummified Hand"}],"event_choices":[{"damage_healed":0,"gold_gain":0,"player_choice":"Success","damage_taken":18,"relics_obtained":["WingedGreaves"],"max_hp_gain":0,"max_hp_loss":0,"event_name":"Scrap Ooze","floor":2,"gold_loss":0},{"damage_healed":0,"gold_gain":76,"player_choice":"Gained Gold","damage_taken":0,"max_hp_gain":0,"max_hp_loss":0,"event_name":"Golden Wing","floor":10,"gold_loss":0},{"damage_healed":0,"gold_gain":100,"player_choice":"Pray","damage_taken":0,"max_hp_gain":0,"max_hp_loss":0,"event_name":"Golden Shrine","floor":11,"gold_loss":0},{"damage_healed":0,"gold_gain":0,"player_choice":"Simplicity","damage_taken":0,"max_hp_gain":0,"max_hp_loss":0,"event_name":"Back to Basics","floor":20,"gold_loss":0,"cards_upgraded":["Strike_B","Strike_B","Strike_B","Strike_B","Defend_B","Defend_B","Defend_B","Defend_B"]},{"damage_healed":0,"gold_gain":0,"player_choice":"Ignored","damage_taken":0,"max_hp_gain":0,"max_hp_loss":0,"event_name":"Vampires","floor":25,"gold_loss":0},{"damage_healed":0,"gold_gain":0,"player_choice":"Ignored","damage_taken":0,"max_hp_gain":0,"max_hp_loss":0,"event_name":"Tomb of Lord Red Mask","floor":39,"gold_loss":0}],"is_beta":false,"boss_relics":[{"not_picked":["Ectoplasm","ReplayTheSpireMod:DimensionalGlitch","Replay:Grab Bag"]},{"not_picked":["FrozenCore","Calling Bell"],"picked":"Black Star"}],"items_purged_floors":[],"is_endless":false,"potions_floor_spawned":[3,4,7,12,14,16,18,19,21,24,37,38,41],"killed_by":"4 Shapes","ascension_level":0}}