{"host":"idmgg8r816nmas40","time":1609316589,"event":{"mods":["AchievementEnabler","AlwaysNeverKeys","BaseMod","BetterRewards","Block Reminder","Colored Map","Colored Powertips","DeckTracker","Googly Eyes","Highlight Path","Hubris","Infinite Spire","Minty Spire (QoL Compilation)","Quick Restart","Relic Stats","Replay The Spire","Shop Mod","StSLib","SuperFastMode","Synergy Search","Transform Curses"],"gold_per_floor":[126,94,94,94,46,74,74,74,74],"floor_reached":8,"playtime":306,"items_purged":[],"score":99,"play_id":"b866f7dd-240f-42c4-b528-a18b398f8e88","local_time":"20201230012309","is_ascension_mode":true,"campfire_choices":[{"floor":7,"key":"REST"}],"circlet_count":0,"master_deck":["AscendersBane","Strike_B","Strike_B","Strike_B","Strike_B","Defend_B","Defend_B","Defend_B","Defend_B","Zap","Dualcast","Gash","Genetic Algorithm","hubris:PowerSurge+1","ReplaySort+1"],"relics":["Pocketwatch","Happy Flower","Busted Crown","CeramicFish","infinitespire:Chaos","infinitespire:Cubic Diamond","Kunai"],"acts_visited":["Exordium"],"potions_floor_usage":[6],"damage_taken":[{"damage":0,"enemies":"Small Slimes","floor":1,"turns":3},{"damage":30,"enemies":"Lagavulin","floor":6,"turns":7},{"damage":82,"enemies":"Gremlin Nob","floor":8,"turns":4}],"seed_played":"-3550305902842960199","potions_obtained":[{"floor":1,"key":"DistilledChaos"}],"is_trial":false,"path_per_floor":["M","$","?","?","$","E","R","E"],"character_chosen":"DEFECT","items_purchased":["MerchantsRug","ReplayTheSpireMod:ShopPack","Gash","infinitespire:Chaos","hubris:PowerSurge","ReplaySort+1"],"campfire_rested":1,"item_purchase_floors":[0,0,0,0,2,5],"current_hp_per_floor":[64,64,64,64,64,34,55,0,0],"gold":74,"neow_bonus":"","is_daily":false,"chose_seed":false,"campfire_upgraded":0,"win_rate":0.0,"timestamp":1609316589,"path_taken":["M","$","?","?","?","E","R","E"],"items_purchased_type":["Relic","Relic","Card","Relic","Card","Card"],"build_version":"2020-12-22","purchased_purges":0,"victory":false,"max_hp_per_floor":[71,71,71,71,71,71,71,71,71],"relic_stats":{"Busted Crown":4,"Happy Flower":[4],"counters":[71,325],"CeramicFish":27,"Kunai":[1],"obtain_stats":[{"Ice Cream":0,"Replay:Accelerometer":0,"Calipers":9,"CeramicFish":32,"infinitespire:Cubic Diamond":3,"Boot":53,"Sling":0,"Blood Vial":28,"infinitespire:ShieldingShard":17,"Replay:Frozen Program":0,"Sundial":2,"Strawberry":46,"infinitespire:Golems Mask":0,"Prayer Wheel":16,"Replay:Bottled Flurry":37,"Kunai":54,"MerchantsRug":0,"Pear":21,"hubris:Teleporter":0,"Ring of Hypnosis":2,"Happy Flower":0,"Blue Candle":27,"Oddly Smooth Stone":0,"hubris:SphereOfDissonance":26,"Replay:Kaleidoscope":6,"Question Card":0,"Cables":17,"WarpedTongs":36,"Du-Vu Doll":0,"OrangePellets":0,"SlaversCollar":34,"Replay:Baseball":21,"Shuriken":0,"infinitespire:Lychee Nut":17,"Bronze Scales":17,"MutagenicStrength":20,"hubris:TenFootPole":0,"Black Star":34,"Mirror":11,"infinitespire:PuzzleCube":0,"Pocketwatch":0,"Solar Panel":6,"Lantern":12,"Regal Pillow":2,"StoneCalendar":17,"Juzu Bracelet":17,"Replay:Multitool":0,"Bag of Preparation":0,"Sizzling Blood":3,"Dream Catcher":26,"Replay:Bandana":5,"Shovel":8,"Pantograph":42,"Tiny Chest":24,"hubris:CuriousFeather":38,"Cracked Core":0,"infinitespire:Chaos":0,"Potion Belt":9,"Lee\u0027s Waffle":0,"Inserter":17,"Golden Idol":3,"hubris:64BitClover":26,"infinitespire:EmptyRelic":0,"Thread and Needle":0,"Geode":3,"infinitespire:Lucky Rock":30,"Orichalcum":10,"hubris:Towel":36,"MawBank":40,"Nuclear Battery":38,"Calling Bell":0,"Peace Pipe":0,"Cauldron":53,"Busted Crown":0,"Orrery":46,"Art of War":43,"Durian":14,"Membership Card":22,"ReplayTheSpireMod:Ring of Challenge":29,"Toy Ornithopter":6,"hubris:OldNail":9,"ReplayTheSpireMod:ShopPack":0},{"Ice Cream":63,"Replay:Accelerometer":26,"Calipers":51,"CeramicFish":59,"infinitespire:Cubic Diamond":64,"Boot":24,"Sling":26,"Blood Vial":15,"infinitespire:ShieldingShard":53,"Replay:Frozen Program":63,"Sundial":1,"Strawberry":23,"infinitespire:Golems Mask":26,"Prayer Wheel":33,"Replay:Bottled Flurry":61,"Kunai":25,"MerchantsRug":68,"Pear":35,"hubris:Teleporter":68,"Ring of Hypnosis":42,"Happy Flower":68,"Blue Candle":15,"Oddly Smooth Stone":0,"hubris:SphereOfDissonance":37,"Replay:Kaleidoscope":29,"Question Card":0,"Cables":11,"WarpedTongs":18,"Du-Vu Doll":46,"OrangePellets":3,"SlaversCollar":17,"Replay:Baseball":55,"Shuriken":3,"infinitespire:Lychee Nut":53,"Bronze Scales":53,"MutagenicStrength":55,"hubris:TenFootPole":26,"Black Star":60,"Mirror":51,"infinitespire:PuzzleCube":46,"Pocketwatch":68,"Solar Panel":44,"Lantern":9,"Regal Pillow":47,"StoneCalendar":11,"Juzu Bracelet":11,"Replay:Multitool":26,"Bag of Preparation":46,"Sizzling Blood":64,"Dream Catcher":14,"Replay:Bandana":28,"Shovel":51,"Pantograph":22,"Tiny Chest":37,"hubris:CuriousFeather":61,"Cracked Core":0,"infinitespire:Chaos":68,"Potion Belt":7,"Lee\u0027s Waffle":3,"Inserter":33,"Golden Idol":5,"hubris:64BitClover":57,"infinitespire:EmptyRelic":68,"Thread and Needle":41,"Geode":27,"infinitespire:Lucky Rock":39,"Orichalcum":8,"hubris:Towel":61,"MawBank":20,"Nuclear Battery":61,"Calling Bell":0,"Peace Pipe":0,"Cauldron":24,"Busted Crown":68,"Orrery":23,"Art of War":22,"Durian":32,"Membership Card":13,"ReplayTheSpireMod:Ring of Challenge":58,"Toy Ornithopter":7,"hubris:OldNail":30,"ReplayTheSpireMod:ShopPack":68},{"Ice Cream":289,"Replay:Accelerometer":152,"Calipers":243,"CeramicFish":272,"infinitespire:Cubic Diamond":292,"Boot":141,"Sling":152,"Blood Vial":78,"infinitespire:ShieldingShard":253,"Replay:Frozen Program":289,"Sundial":4,"Strawberry":132,"infinitespire:Golems Mask":152,"Prayer Wheel":176,"Replay:Bottled Flurry":282,"Kunai":146,"MerchantsRug":311,"Pear":188,"hubris:Teleporter":311,"Ring of Hypnosis":213,"Happy Flower":311,"Blue Candle":78,"Oddly Smooth Stone":0,"hubris:SphereOfDissonance":194,"Replay:Kaleidoscope":161,"Question Card":0,"Cables":57,"WarpedTongs":101,"Du-Vu Doll":227,"OrangePellets":20,"SlaversCollar":94,"Replay:Baseball":258,"Shuriken":20,"infinitespire:Lychee Nut":253,"Bronze Scales":253,"MutagenicStrength":258,"hubris:TenFootPole":152,"Black Star":279,"Mirror":243,"infinitespire:PuzzleCube":227,"Pocketwatch":311,"Solar Panel":221,"Lantern":45,"Regal Pillow":229,"StoneCalendar":57,"Juzu Bracelet":57,"Replay:Multitool":152,"Bag of Preparation":227,"Sizzling Blood":292,"Dream Catcher":71,"Replay:Bandana":157,"Shovel":243,"Pantograph":125,"Tiny Chest":194,"hubris:CuriousFeather":282,"Cracked Core":0,"infinitespire:Chaos":311,"Potion Belt":35,"Lee\u0027s Waffle":20,"Inserter":181,"Golden Idol":28,"hubris:64BitClover":266,"infinitespire:EmptyRelic":311,"Thread and Needle":210,"Geode":155,"infinitespire:Lucky Rock":202,"Orichalcum":41,"hubris:Towel":282,"MawBank":113,"Nuclear Battery":282,"Calling Bell":0,"Peace Pipe":0,"Cauldron":141,"Busted Crown":311,"Orrery":132,"Art of War":125,"Durian":172,"Membership Card":66,"ReplayTheSpireMod:Ring of Challenge":269,"Toy Ornithopter":35,"hubris:OldNail":164,"ReplayTheSpireMod:ShopPack":311}],"Pocketwatch":[12]},"card_choices":[{"not_picked":[],"picked":"Genetic Algorithm","floor":1},{"not_picked":["Go for the Eyes"],"picked":"SKIP","floor":6}],"player_experience":1012699,"relics_obtained":[{"floor":6,"key":"Kunai"}],"event_choices":[{"damage_healed":0,"gold_gain":0,"player_choice":"Grow","damage_taken":0,"max_hp_gain":0,"max_hp_loss":0,"event_name":"Living Wall","floor":3,"gold_loss":0,"cards_upgraded":["hubris:PowerSurge"]}],"is_beta":false,"boss_relics":[],"items_purged_floors":[],"is_endless":false,"potions_floor_spawned":[1],"killed_by":"Gremlin Nob","ascension_level":18}}