{"host":"hwrdjx5eod2cxh09","time":1609338716,"event":{"mods":["AchievementEnabler","BaseMod","Bestiary","Minty Spire (QoL Compilation)","Relic Stats"],"gold_per_floor":[116,134,154,154,5,32,50,50,75,105,70,70,100,112,112,214,214,225,1,17,29,41,56,67,97,97,97,113,113,132,57,57,57,57],"floor_reached":33,"playtime":1961,"items_purged":[],"score":291,"play_id":"0e6271a3-dce0-4e8c-a5e4-a5c0f8f08b9b","local_time":"20201230233156","is_ascension_mode":false,"campfire_choices":[{"data":"White Noise","floor":8,"key":"SMITH"},{"data":"Dualcast","floor":15,"key":"SMITH"},{"floor":27,"key":"REST"},{"floor":32,"key":"REST"}],"circlet_count":0,"master_deck":["Strike_B","Defend_B","Defend_B","Defend_B","Defend_B","Zap+1","Dualcast+1","White Noise+1","Ball Lightning","Tempest","Auto Shields","Chill","Glacier","Seek","Self Repair","White Noise","Tempest","Electrodynamics"],"relics":["Cracked Core","Centennial Puzzle","ClockworkSouvenir","Smiling Mask","MealTicket","Orichalcum","Pen Nib","Runic Pyramid","Chemical X","Torii"],"acts_visited":["Exordium","TheCity"],"potions_floor_usage":[10,10,24,25,33,33],"damage_taken":[{"damage":0,"enemies":"2 Louse","floor":1,"turns":2},{"damage":6,"enemies":"Jaw Worm","floor":2,"turns":2},{"damage":0,"enemies":"Small Slimes","floor":3,"turns":3},{"damage":16,"enemies":"Gremlin Nob","floor":6,"turns":4},{"damage":0,"enemies":"3 Louse","floor":7,"turns":3},{"damage":4,"enemies":"Lagavulin","floor":10,"turns":5},{"damage":10,"enemies":"3 Sentries","floor":13,"turns":5},{"damage":0,"enemies":"Looter","floor":14,"turns":2},{"damage":22,"enemies":"The Guardian","floor":16,"turns":15},{"damage":4,"enemies":"2 Thieves","floor":18,"turns":4},{"damage":12,"enemies":"Shell Parasite","floor":20,"turns":6},{"damage":4,"enemies":"Snake Plant","floor":21,"turns":3},{"damage":0,"enemies":"Snecko","floor":22,"turns":7},{"damage":1,"enemies":"Shelled Parasite and Fungi","floor":23,"turns":6},{"damage":24,"enemies":"Centurion and Healer","floor":24,"turns":15},{"damage":56,"enemies":"Gremlin Leader","floor":25,"turns":6},{"damage":16,"enemies":"Cultist and Chosen","floor":28,"turns":5},{"damage":1,"enemies":"Snecko","floor":30,"turns":4},{"damage":46,"enemies":"Champ","floor":33,"turns":10}],"seed_played":"4430155553666958091","potions_obtained":[{"floor":1,"key":"LiquidBronze"},{"floor":3,"key":"Weak Potion"},{"floor":7,"key":"FocusPotion"},{"floor":10,"key":"Swift Potion"},{"floor":20,"key":"Strength Potion"},{"floor":21,"key":"SkillPotion"},{"floor":23,"key":"BlessingOfTheForge"},{"floor":30,"key":"Strength Potion"}],"is_trial":false,"path_per_floor":["M","M","M","?","$","E","M","R","T","E","?","?","E","M","R","B",null,"M","$","M","M","M","M","M","E","T","R","M","?","M","?","R","B"],"character_chosen":"DEFECT","items_purchased":["ClockworkSouvenir","Chemical X","Self Repair"],"campfire_rested":2,"item_purchase_floors":[5,19,19],"current_hp_per_floor":[75,69,69,62,62,46,46,46,46,42,60,60,50,50,50,28,75,71,75,70,73,75,75,58,2,2,24,8,8,14,14,36,0,0],"gold":57,"neow_bonus":"RANDOM_COMMON_RELIC","is_daily":false,"chose_seed":false,"campfire_upgraded":2,"win_rate":0.0,"timestamp":1609338716,"path_taken":["M","M","M","?","$","E","M","R","T","E","?","?","E","M","R","BOSS","M","$","M","M","M","M","M","E","T","R","M","?","M","?","R","BOSS"],"items_purchased_type":["Relic","Relic","Card"],"build_version":"2020-12-22","purchased_purges":0,"victory":false,"max_hp_per_floor":[75,75,75,75,75,75,75,75,75,75,75,75,75,75,75,75,75,75,75,75,75,75,75,75,75,75,75,75,75,75,75,75,75,75],"relic_stats":{"Centennial Puzzle":[41],"Torii":4,"counters":[19,107],"MealTicket":4,"Pen Nib":[7],"Chemical X":[14],"Orichalcum":[108],"Smiling Mask":0,"obtain_stats":[{"Centennial Puzzle":0,"Torii":25,"MealTicket":9,"Pen Nib":13,"Chemical X":19,"Orichalcum":10,"Cracked Core":0,"Smiling Mask":6,"ClockworkSouvenir":5,"Runic Pyramid":17},{"Centennial Puzzle":0,"Torii":16,"MealTicket":5,"Pen Nib":7,"Chemical X":10,"Orichalcum":6,"Cracked Core":0,"Smiling Mask":4,"ClockworkSouvenir":3,"Runic Pyramid":9},{"Centennial Puzzle":0,"Torii":88,"MealTicket":14,"Pen Nib":24,"Chemical X":45,"Orichalcum":19,"Cracked Core":0,"Smiling Mask":11,"ClockworkSouvenir":7,"Runic Pyramid":41}]},"card_choices":[{"not_picked":["Chill","Rebound"],"picked":"White Noise","floor":1},{"not_picked":["Stack","Force Field"],"picked":"Ball Lightning","floor":2},{"not_picked":["Turbo","Darkness"],"picked":"Tempest","floor":3},{"not_picked":["Compile Driver","Meteor Strike","Reprogram"],"picked":"SKIP","floor":6},{"not_picked":["Genetic Algorithm","Ball Lightning"],"picked":"Auto Shields","floor":7},{"not_picked":["Cold Snap","Streamline"],"picked":"Chill","floor":10},{"not_picked":["Ball Lightning","Compile Driver"],"picked":"Glacier","floor":13},{"not_picked":["Ball Lightning","Hologram","Cold Snap"],"picked":"SKIP","floor":14},{"not_picked":["Ball Lightning","Hologram","Cold Snap"],"picked":"SKIP","floor":14},{"not_picked":["Creative AI","All For One"],"picked":"Seek","floor":16},{"not_picked":["Steam","Beam Cell+1","Streamline"],"picked":"SKIP","floor":18},{"not_picked":["Steam","Auto Shields","Consume+1"],"picked":"SKIP","floor":20},{"not_picked":["Skim","Blizzard","Reprogram"],"picked":"SKIP","floor":21},{"not_picked":["Skim","Blizzard","Reprogram"],"picked":"SKIP","floor":21},{"not_picked":["Skim","Blizzard","Reprogram"],"picked":"SKIP","floor":21},{"not_picked":["Skim","Sunder"],"picked":"White Noise","floor":22},{"not_picked":["Sweeping Beam+1","Redo","Ball Lightning"],"picked":"SKIP","floor":23},{"not_picked":["Gash+1","Undo+1"],"picked":"Tempest","floor":24},{"not_picked":["Ball Lightning","Beam Cell","Doom and Gloom+1"],"picked":"SKIP","floor":25},{"not_picked":["Cold Snap+1","Stack","Glacier"],"picked":"SKIP","floor":28},{"not_picked":["Ball Lightning+1","Steam"],"picked":"Electrodynamics","floor":30}],"player_experience":107464,"relics_obtained":[{"floor":6,"key":"Smiling Mask"},{"floor":9,"key":"MealTicket"},{"floor":10,"key":"Orichalcum"},{"floor":13,"key":"Pen Nib"},{"floor":25,"key":"Torii"}],"event_choices":[{"cards_removed":["Strike_B"],"damage_healed":0,"gold_gain":0,"player_choice":"Card Removal","damage_taken":7,"max_hp_gain":0,"max_hp_loss":0,"event_name":"Golden Wing","floor":4,"gold_loss":0},{"damage_healed":18,"gold_gain":0,"player_choice":"Healed","damage_taken":0,"max_hp_gain":0,"max_hp_loss":0,"event_name":"The Cleric","floor":11,"gold_loss":35},{"damage_healed":0,"gold_gain":0,"player_choice":"Grow","damage_taken":0,"max_hp_gain":0,"max_hp_loss":0,"event_name":"Living Wall","floor":12,"gold_loss":0,"cards_upgraded":["Zap"]},{"cards_removed":["Strike_B"],"damage_healed":0,"gold_gain":0,"player_choice":"Elegance","damage_taken":0,"max_hp_gain":0,"max_hp_loss":0,"event_name":"Back to Basics","floor":29,"gold_loss":0},{"cards_removed":["Strike_B"],"damage_healed":0,"gold_gain":0,"player_choice":"Gave Gold","damage_taken":0,"max_hp_gain":0,"max_hp_loss":0,"event_name":"Beggar","floor":31,"gold_loss":75}],"is_beta":false,"boss_relics":[{"not_picked":["Velvet Choker","Philosopher\u0027s Stone"],"picked":"Runic Pyramid"}],"items_purged_floors":[],"is_endless":false,"potions_floor_spawned":[1,3,7,10,20,21,23,30],"killed_by":"Champ","ascension_level":0}}