{"host":"9l2xd2qbyxfqdc97","time":1609342634,"event":{"mods":["BaseMod","Colored Map","Highlight Path","Minty Spire (QoL Compilation)","Quick Restart"],"gold_per_floor":[118,118,132,151,161,161,178,204,204,230,241,260,260,285,285,386,386,399,412,126,136,36,36,67,67,94,127,42,74,84,95,95,193,193,203,203,221,236,30,64,64,90,90,124,124,159,159,209,209,209],"floor_reached":51,"playtime":1477,"items_purged":["Strike_R","Defend_R"],"score":1167,"play_id":"556b653f-db91-4d76-9300-da3db50d8573","local_time":"20201231003714","is_ascension_mode":true,"campfire_choices":[{"data":"Perfected Strike","floor":6,"key":"SMITH"},{"floor":13,"key":"REST"},{"data":"Seeing Red","floor":15,"key":"SMITH"},{"data":"Perfected Strike","floor":23,"key":"SMITH"},{"data":"Bloodletting","floor":25,"key":"SMITH"},{"floor":32,"key":"REST"},{"data":"Wild Strike","floor":41,"key":"SMITH"},{"data":"Wild Strike","floor":47,"key":"SMITH"},{"data":"Offering","floor":49,"key":"SMITH"}],"circlet_count":0,"master_deck":["Strike_R","Strike_R","Strike_R","Strike_R","Defend_R","Defend_R","Bash","Perfected Strike+1","Twin Strike","Seeing Red+1","Rage","Battle Trance","Perfected Strike+1","Wild Strike+1","Wild Strike+1","Perfected Strike+1","Shrug It Off","Bloodletting+1","Twin Strike+1","Pommel Strike+1","Pommel Strike+1","Pommel Strike+1","Seeing Red+1","Wild Strike+1","Seeing Red+1","Pommel Strike+1","Offering+1"],"relics":["Burning Blood","NeowsBlessing","Strawberry","Pantograph","FossilizedHelix","Odd Mushroom","Ice Cream","Mark of Pain","DollysMirror","Bronze Scales","Red Skull","Bag of Preparation","Mercury Hourglass","Ornamental Fan","Runic Cube","Nunchaku","Ancient Tea Set","Bottled Flame","Anchor","Vajra","Pen Nib","Turnip"],"acts_visited":["Exordium","TheCity","TheBeyond"],"potions_floor_usage":[8,14,14,18,31,33,33,42,50,50,50],"damage_taken":[{"damage":0,"enemies":"Jaw Worm","floor":1,"turns":1},{"damage":0,"enemies":"Small Slimes","floor":3,"turns":1},{"damage":0,"enemies":"2 Louse","floor":4,"turns":1},{"damage":31,"enemies":"Large Slime","floor":5,"turns":7},{"damage":16,"enemies":"2 Fungi Beasts","floor":7,"turns":3},{"damage":0,"enemies":"Gremlin Nob","floor":8,"turns":3},{"damage":25,"enemies":"The Mushroom Lair","floor":10,"turns":5},{"damage":8,"enemies":"Blue Slaver","floor":11,"turns":4},{"damage":11,"enemies":"Exordium Thugs","floor":12,"turns":4},{"damage":0,"enemies":"Lagavulin","floor":14,"turns":3},{"damage":47,"enemies":"The Guardian","floor":16,"turns":11},{"damage":20,"enemies":"Shell Parasite","floor":18,"turns":4},{"damage":0,"enemies":"Chosen","floor":19,"turns":3},{"damage":5,"enemies":"Snecko","floor":21,"turns":4},{"damage":0,"enemies":"Gremlin Leader","floor":24,"turns":2},{"damage":14,"enemies":"Book of Stabbing","floor":27,"turns":3},{"damage":40,"enemies":"Gremlin Leader","floor":29,"turns":3},{"damage":0,"enemies":"Centurion and Healer","floor":30,"turns":3},{"damage":9,"enemies":"Cultist and Chosen","floor":31,"turns":3},{"damage":64,"enemies":"Champ","floor":33,"turns":7},{"damage":6,"enemies":"3 Darklings","floor":35,"turns":3},{"damage":3,"enemies":"3 Shapes","floor":37,"turns":2},{"damage":6,"enemies":"Spire Growth","floor":38,"turns":2},{"damage":2,"enemies":"Reptomancer","floor":40,"turns":2},{"damage":25,"enemies":"Nemesis","floor":42,"turns":5},{"damage":3,"enemies":"Reptomancer","floor":44,"turns":2},{"damage":8,"enemies":"Giant Head","floor":46,"turns":4},{"damage":0,"enemies":"2 Orb Walkers","floor":48,"turns":1},{"damage":34,"enemies":"Awakened One","floor":50,"turns":5}],"seed_played":"-3355782019727441550","potions_obtained":[{"floor":5,"key":"AttackPotion"},{"floor":10,"key":"FearPotion"},{"floor":12,"key":"Fire Potion"},{"floor":14,"key":"Fire Potion"},{"floor":16,"key":"Regen Potion"},{"floor":24,"key":"Energy Potion"},{"floor":30,"key":"SkillPotion"},{"floor":31,"key":"Weak Potion"},{"floor":33,"key":"DuplicationPotion"},{"floor":40,"key":"Strength Potion"},{"floor":42,"key":"AttackPotion"}],"is_trial":false,"path_per_floor":["M","?","M","M","M","R","M","E","T","?","M","M","R","E","R","B",null,"M","M","$","M","$","R","E","R","T","E","?","E","M","M","R","B",null,"M","$","M","M","$","E","R","E","T","E","?","E","R","?","R","B",null],"character_chosen":"IRONCLAD","items_purchased":["DollysMirror","Shrug It Off","Nunchaku","Wild Strike"],"campfire_rested":2,"item_purchase_floors":[20,20,39,39],"current_hp_per_floor":[80,69,75,81,56,56,46,52,52,33,31,26,52,58,58,42,87,73,79,79,80,80,80,86,86,86,78,78,44,50,47,73,44,87,87,87,87,87,87,87,87,68,68,71,71,69,69,75,75,59],"gold":209,"neow_bonus":"THREE_ENEMY_KILL","is_daily":false,"chose_seed":false,"campfire_upgraded":7,"win_rate":0.0,"timestamp":1609342634,"path_taken":["M","?","M","M","M","R","M","E","T","?","M","M","R","E","R","BOSS","M","M","$","M","$","R","E","R","T","E","?","E","M","M","R","BOSS","M","$","M","M","$","E","R","E","T","E","?","E","R","?","R","BOSS"],"items_purchased_type":["Relic","Card","Relic","Card"],"build_version":"2020-12-22","purchased_purges":2,"victory":true,"max_hp_per_floor":[80,87,87,87,87,87,87,87,87,87,87,87,87,87,87,87,87,87,87,87,87,87,87,87,87,87,87,87,87,87,87,87,87,87,87,87,87,87,87,87,87,87,87,87,87,87,87,87,87,87],"card_choices":[{"not_picked":["Pommel Strike","Hemokinesis"],"picked":"Perfected Strike","floor":1},{"not_picked":["Entrench","Clash"],"picked":"Twin Strike","floor":3},{"not_picked":["Heavy Blade","Dual Wield"],"picked":"Seeing Red","floor":4},{"not_picked":["Body Slam","Blood for Blood","Anger"],"picked":"SKIP","floor":5},{"not_picked":["Havoc","Searing Blow"],"picked":"Rage","floor":7},{"not_picked":["Dropkick","Fire Breathing","Heavy Blade"],"picked":"SKIP","floor":8},{"not_picked":["Iron Wave","True Grit"],"picked":"Battle Trance","floor":11},{"not_picked":["Heavy Blade","Havoc","Thunderclap"],"picked":"SKIP","floor":12},{"not_picked":["Sword Boomerang","Shockwave"],"picked":"Perfected Strike","floor":14},{"not_picked":["Iron Wave","Clash+1"],"picked":"Wild Strike","floor":18},{"not_picked":["Cleave+1","Rage+1"],"picked":"Wild Strike+1","floor":19},{"not_picked":["Thunderclap","Warcry","Limit Break"],"picked":"SKIP","floor":21},{"not_picked":["Demon Form","Heavy Blade"],"picked":"Bloodletting","floor":24},{"not_picked":["Headbutt","Metallicize+1","Clothesline"],"picked":"SKIP","floor":27},{"not_picked":["Bludgeon","Cleave"],"picked":"Twin Strike+1","floor":29},{"not_picked":["Thunderclap+1","Headbutt","Warcry"],"picked":"SKIP","floor":30},{"not_picked":["Heavy Blade","Entrench"],"picked":"Pommel Strike+1","floor":31},{"not_picked":["Heavy Blade+1","True Grit+1"],"picked":"Pommel Strike+1","floor":35},{"not_picked":["Rampage","Disarm"],"picked":"Pommel Strike+1","floor":37},{"not_picked":["Sword Boomerang","Warcry+1"],"picked":"Seeing Red+1","floor":38},{"not_picked":["Dual Wield","Flex"],"picked":"Seeing Red+1","floor":40},{"not_picked":["Reaper","Metallicize+1","Impervious"],"picked":"SKIP","floor":42},{"not_picked":["Iron Wave","Flex"],"picked":"Pommel Strike+1","floor":44},{"not_picked":["Sword Boomerang","Warcry+1","Ghostly Armor"],"picked":"SKIP","floor":46},{"not_picked":["Warcry+1","Feel No Pain"],"picked":"Offering","floor":48}],"player_experience":203698,"relics_obtained":[{"floor":8,"key":"Pantograph"},{"floor":9,"key":"FossilizedHelix"},{"floor":10,"key":"Odd Mushroom"},{"floor":14,"key":"Ice Cream"},{"floor":24,"key":"Bronze Scales"},{"floor":26,"key":"Red Skull"},{"floor":27,"key":"Bag of Preparation"},{"floor":29,"key":"Ornamental Fan"},{"floor":40,"key":"Ancient Tea Set"},{"floor":42,"key":"Bottled Flame"},{"floor":43,"key":"Anchor"},{"floor":44,"key":"Vajra"},{"floor":46,"key":"Pen Nib"},{"floor":48,"key":"Turnip"}],"event_choices":[{"damage_healed":0,"gold_gain":0,"player_choice":"Success","damage_taken":18,"relics_obtained":["Strawberry"],"max_hp_gain":0,"max_hp_loss":0,"event_name":"Scrap Ooze","floor":2,"gold_loss":0},{"damage_healed":0,"gold_gain":0,"player_choice":"Fought Mushrooms","damage_taken":0,"max_hp_gain":0,"max_hp_loss":0,"event_name":"Mushrooms","floor":10,"gold_loss":0},{"damage_healed":0,"gold_gain":0,"player_choice":"Obtained Relic","damage_taken":0,"relics_obtained":["Mercury Hourglass"],"max_hp_gain":0,"max_hp_loss":0,"event_name":"Addict","floor":28,"gold_loss":85},{"cards_removed":["Defend_R"],"damage_healed":0,"gold_gain":0,"player_choice":"Removed Skill","damage_taken":0,"max_hp_gain":0,"max_hp_loss":0,"event_name":"Falling","floor":45,"gold_loss":0},{"damage_healed":0,"gold_gain":0,"player_choice":"Fight","damage_taken":0,"max_hp_gain":0,"max_hp_loss":0,"event_name":"Mysterious Sphere","floor":48,"gold_loss":0}],"is_beta":false,"boss_relics":[{"not_picked":["Busted Crown","Calling Bell"],"picked":"Mark of Pain"},{"not_picked":["Snecko Eye","Runic Dome"],"picked":"Runic Cube"}],"items_purged_floors":[20,22],"is_endless":false,"potions_floor_spawned":[5,10,12,14,16,24,30,31,33,40,42,46,48],"ascension_level":4}}