{"host":"tr12w2fixbnujl15","time":1609357519,"event":{"mods":["2.2 Compatiblity","BaseMod","Better Skull","BetterRewards","Colored Powertips","Hubris","Infinite Spire","Jorbs\u0027s Wanderer Trilogy","Luminous","Minty Spire (QoL Compilation)","Quick Restart","Reimu??????","Replay The Spire","Robot Space Explorer","StSLib","SuperFastMode","Td1madao Mod","The Animator","The Sage","The Senshi","The Spell Scribe","WarShipGirlsR/????R mod"],"gold_per_floor":[117,117,117,129,143,143,143,45,45,45,59,59,76,88,88,185,185,201,171,171],"floor_reached":19,"playtime":466,"items_purged":[],"score":159,"play_id":"2126110d-7e01-494d-ba82-10e8fa0460a5","local_time":"20201230144519","is_ascension_mode":false,"campfire_choices":[{"data":"theSenshi:MoonPrincessHalation","floor":6,"key":"SMITH"},{"data":"theSenshi:MoonPrismPowerMakeUp","floor":10,"key":"SMITH"},{"data":"theSenshi:RoseThrow","floor":12,"key":"SMITH"},{"data":"theSenshi:GatheringStrength","floor":15,"key":"SMITH"}],"circlet_count":0,"master_deck":["theSenshi:SailorKick","theSenshi:SailorKick","theSenshi:SailorKick","theSenshi:SailorKick","theSenshi:SailorBlock","theSenshi:SailorBlock","theSenshi:SailorBlock","theSenshi:SailorBlock","theSenshi:RoseThrow+1","theSenshi:MoonPrismPowerMakeUp+1","theSenshi:SailorMarsAssists","theSenshi:SailorVenusAssists","theSenshi:MoonPrincessHalation+1","theSenshi:SailorMarsAssists","theSenshi:SailorVenusAssists","theSenshi:MoonPunch","theSenshi:TallSilhouette","theSenshi:GatheringStrength+1","theSenshi:MoonGorgeousMeditation","theSenshi:LunasBite+1"],"relics":["theSenshi:TransformationBroochRelic","NeowsBlessing","hubris:DeckOfHolding","hubris:PeanutButter","Ring of Chaos"],"acts_visited":["Exordium","TheCity"],"potions_floor_usage":[],"damage_taken":[{"damage":0,"enemies":"2 Louse","floor":1,"turns":1},{"damage":0,"enemies":"Jaw Worm","floor":4,"turns":1},{"damage":0,"enemies":"Cultist","floor":5,"turns":1},{"damage":0,"enemies":"Blue Slaver","floor":11,"turns":3},{"damage":7,"enemies":"Exordium Thugs","floor":13,"turns":4},{"damage":1,"enemies":"Looter","floor":14,"turns":3},{"damage":28,"enemies":"Slime Boss","floor":16,"turns":9},{"damage":16,"enemies":"Spheric Guardian","floor":18,"turns":4},{"damage":6,"enemies":"2 Thieves","floor":19,"turns":2}],"seed_played":"-4652995718213701759","potions_obtained":[{"floor":5,"key":"LiquidMemories"},{"floor":14,"key":"EssenceOfSteel"},{"floor":16,"key":"Death Potion"},{"floor":18,"key":"BlessingOfTheForge"}],"is_trial":false,"path_per_floor":["M","?","?","M","M","R","?","$","T","R","M","R","M","M","R","B",null,"M","M"],"character_chosen":"THE_SENSHI","items_purchased":["theSenshi:SailorMarsAssists","theSenshi:SailorVenusAssists"],"campfire_rested":0,"item_purchase_floors":[8,8],"current_hp_per_floor":[75,75,75,75,75,75,75,75,75,75,75,75,68,67,67,39,75,59,53,53],"gold":171,"neow_bonus":"THREE_ENEMY_KILL","is_daily":false,"chose_seed":false,"campfire_upgraded":4,"win_rate":0.0,"timestamp":1609357519,"path_taken":["M","?","?","M","?","R","?","$","T","R","M","R","M","M","R","BOSS","M","M"],"items_purchased_type":["Card","Card"],"build_version":"2020-12-22","purchased_purges":0,"victory":false,"max_hp_per_floor":[75,75,75,75,75,75,75,75,75,75,75,75,75,75,75,75,75,75,75,75],"card_choices":[{"not_picked":["theSenshi:MoonTiaraMagic","theSenshi:LateForSchool"],"picked":"theSenshi:SailorMarsAssists","floor":1},{"not_picked":["theSenshi:TallSilhouette","theSenshi:TuxedoSmokingBomber"],"picked":"theSenshi:SailorVenusAssists","floor":4},{"not_picked":["theSenshi:SailorChibiMoonAssists","theSenshi:SupersonicWaves"],"picked":"theSenshi:MoonPrincessHalation","floor":5},{"not_picked":["theSenshi:HesSoDreamy","theSenshi:MoonsReflection"],"picked":"theSenshi:MoonPunch","floor":11},{"not_picked":["theSenshi:SailorPlutoAssists","theSenshi:MoonKick"],"picked":"theSenshi:TallSilhouette","floor":13},{"not_picked":["theSenshi:MoonPrincessHalation","theSenshi:MoonKick"],"picked":"theSenshi:GatheringStrength","floor":14},{"not_picked":["theSenshi:SailorStarHealerAssists","theSenshi:LunaSensingAllies"],"picked":"theSenshi:MoonGorgeousMeditation","floor":16},{"not_picked":["theSenshi:PlutosSolemnity","theSenshi:MoonCosmicPowerMakeUp+1"],"picked":"theSenshi:LunasBite+1","floor":18}],"player_experience":17929,"relics_obtained":[{"floor":9,"key":"hubris:PeanutButter"}],"event_choices":[{"damage_healed":0,"gold_gain":0,"player_choice":"Ignored","damage_taken":0,"max_hp_gain":0,"max_hp_loss":0,"event_name":"Golden Wing","floor":2,"gold_loss":0},{"damage_healed":0,"gold_gain":0,"player_choice":"Ignored","damage_taken":0,"max_hp_gain":0,"max_hp_loss":0,"event_name":"NoteForYourself","floor":3,"gold_loss":0},{"damage_healed":0,"gold_gain":0,"player_choice":"Gave Potion","damage_taken":0,"relics_obtained":["hubris:DeckOfHolding"],"max_hp_gain":0,"max_hp_loss":0,"event_name":"WeMeetAgain","floor":7,"gold_loss":0}],"is_beta":false,"boss_relics":[{"not_picked":["Runic Dome","hubris:RunicObelisk"],"picked":"Ring of Chaos"}],"items_purged_floors":[],"is_endless":false,"potions_floor_spawned":[5,14,16,18],"killed_by":"2 Thieves","ascension_level":0}}