{"host":"rag04wbrzwiojxfu","time":1609313521,"event":{"mods":["AchievementEnabler","Alarm Clock","BaseMod","Bestiary","Block Reminder","Colored Powertips","Highlight Path","Minty Spire (QoL Compilation)","Quick Restart","Relic Sorter","Relic Stats","Shop Mod","StSLib"],"gold_per_floor":[146,40,103,28,108,108,108,33,102,102,157,157,226,240,240,314,314,328,378,278,347,272,272,272,272],"floor_reached":24,"playtime":2473,"items_purged":["Magnetism","Chrysalis"],"score":368,"play_id":"312bcf1b-f4da-4a0a-a4e3-352aa9c840b2","local_time":"20201230013201","daily_mods":["Shiny","Colorless Cards","Heirloom","Flight","Lethality"],"is_ascension_mode":true,"campfire_choices":[{"data":"LessonLearned","floor":6,"key":"SMITH"},{"floor":7,"key":"REST"},{"data":"HandOfGreed","floor":10,"key":"SMITH"},{"floor":15,"key":"DIG"},{"floor":23,"key":"DIG"}],"circlet_count":0,"master_deck":["AscendersBane","Judgement","ConjureBlade+1","MasterReality","Brilliance","Devotion","Blasphemy","Ragnarok","LessonLearned+1","Scrawl","Vault","Alpha","Wish","Omniscience+1","Establishment","SpiritShield","DevaForm","DeusExMachina","Thinking Ahead","Metamorphosis+1","Master of Strategy","HandOfGreed+1","Mayhem","Apotheosis","Secret Weapon","Panache","Violence","Secret Technique","Sadistic Nature","FlurryOfBlows","FlurryOfBlows","FlurryOfBlows+1"],"relics":["PureWater","CaptainsWheel","Mercury Hourglass","Damaru","Shovel","Pantograph","VioletLotus","Singing Bowl"],"acts_visited":["Exordium","TheCity"],"potions_floor_usage":[11,11,24],"damage_taken":[{"damage":0,"enemies":"Cultist","floor":1,"turns":2},{"damage":11,"enemies":"2 Louse","floor":3,"turns":3},{"damage":22,"enemies":"Small Slimes","floor":5,"turns":5},{"damage":13,"enemies":"3 Sentries","floor":11,"turns":2},{"damage":22,"enemies":"Exordium Thugs","floor":13,"turns":3},{"damage":16,"enemies":"Blue Slaver","floor":14,"turns":4},{"damage":51,"enemies":"The Guardian","floor":16,"turns":4},{"damage":0,"enemies":"Chosen","floor":18,"turns":3},{"damage":28,"enemies":"2 Thieves","floor":21,"turns":5},{"damage":36,"enemies":"Shelled Parasite and Fungi","floor":24,"turns":1}],"seed_played":"-4975005257660807510","potions_obtained":[{"floor":1,"key":"Dexterity Potion"},{"floor":11,"key":"Fruit Juice"},{"floor":16,"key":"CultistPotion"},{"floor":21,"key":"Swift Potion"}],"is_trial":true,"path_per_floor":["M","$","M","?","M","R","R","$","T","R","?","?","M","M","R","B",null,"M","?","$","M","?","R","M"],"character_chosen":"WATCHER","items_purchased":["FairyPotion"],"campfire_rested":1,"item_purchase_floors":[2],"current_hp_per_floor":[61,61,50,50,28,28,48,48,48,48,40,40,18,2,2,9,57,57,57,57,29,29,29,0,0],"gold":272,"neow_bonus":"","is_daily":false,"chose_seed":false,"campfire_upgraded":2,"win_rate":0.0,"timestamp":1609313521,"path_taken":["M","$","M","?","M","R","R","$","T","R","?","?","?","M","R","BOSS","M","?","$","?","?","R","M"],"items_purchased_type":["Potion"],"build_version":"2020-12-22","purchased_purges":2,"victory":false,"max_hp_per_floor":[68,68,68,68,68,68,68,68,68,68,73,73,73,73,73,73,73,73,73,73,73,73,73,73,73],"relic_stats":{"Shovel":2,"Singing Bowl":0,"counters":[10,31],"Pantograph":25,"VioletLotus":[0],"obtain_stats":[{"CaptainsWheel":0,"Shovel":12,"Singing Bowl":23,"Pantograph":15,"Damaru":11,"VioletLotus":17,"PureWater":0,"Mercury Hourglass":9},{"CaptainsWheel":0,"Shovel":4,"Singing Bowl":9,"Pantograph":6,"Damaru":3,"VioletLotus":7,"PureWater":0,"Mercury Hourglass":3},{"CaptainsWheel":0,"Shovel":12,"Singing Bowl":30,"Pantograph":19,"Damaru":10,"VioletLotus":23,"PureWater":0,"Mercury Hourglass":10}],"Mercury Hourglass":[80]},"card_choices":[{"not_picked":["Weave","PanicButton","CrushJoints"],"picked":"SKIP","floor":1},{"not_picked":["SashWhip","BowlingBash","WreathOfFlame"],"picked":"SKIP","floor":3},{"not_picked":["Evaluate","Weave"],"picked":"FlurryOfBlows","floor":5},{"not_picked":["ThirdEye","Prostrate","Consecrate"],"picked":"SKIP","floor":13},{"not_picked":["Consecrate","Forethought"],"picked":"FlurryOfBlows","floor":14},{"not_picked":["Protect","PathToVictory"],"picked":"FlurryOfBlows+1","floor":18},{"not_picked":["CrushJoints","Swift Strike","PathToVictory"],"picked":"SKIP","floor":21}],"player_experience":250888,"relics_obtained":[{"floor":9,"key":"Mercury Hourglass"},{"floor":12,"key":"Shovel"},{"floor":15,"key":"Pantograph"},{"floor":23,"key":"Singing Bowl"}],"event_choices":[{"cards_removed":["The Bomb"],"damage_healed":0,"gold_gain":0,"player_choice":"Card Removal","damage_taken":0,"max_hp_gain":0,"max_hp_loss":0,"event_name":"The Cleric","floor":4,"gold_loss":75},{"damage_healed":0,"gold_gain":0,"player_choice":"Searched \u00273\u0027 times","damage_taken":0,"relics_obtained":["Damaru"],"max_hp_gain":0,"max_hp_loss":0,"event_name":"Dead Adventurer","floor":11,"gold_loss":0},{"damage_healed":0,"gold_gain":0,"player_choice":"Relic","damage_taken":0,"max_hp_gain":0,"max_hp_loss":0,"event_name":"Wheel of Change","floor":12,"gold_loss":0},{"damage_healed":0,"gold_gain":100,"player_choice":"Bet on Murderer","damage_taken":0,"max_hp_gain":0,"max_hp_loss":0,"event_name":"The Joust","floor":19,"gold_loss":50},{"cards_removed":["Transmutation"],"damage_healed":0,"gold_gain":0,"player_choice":"Gave Gold","damage_taken":0,"max_hp_gain":0,"max_hp_loss":0,"event_name":"Beggar","floor":22,"gold_loss":75}],"is_beta":false,"boss_relics":[{"not_picked":["Runic Pyramid","Snecko Eye"],"picked":"VioletLotus"}],"items_purged_floors":[8,20],"is_endless":false,"potions_floor_spawned":[1,11,16,21],"killed_by":"Shelled Parasite and Fungi","ascension_level":20}}