{"host":"2461dio7vetlq1z3","time":1609339400,"event":{"mods":["2.2 Compatiblity","AchievementEnabler","Aspiration","BaseMod","Better Third Choice","Friendly Minions","Hermit","Minty Spire (QoL Compilation)","Relic Stats","Spicy Shops","StSLib","The Hierophant","Waifu the Spire"],"gold_per_floor":[117,134,134,151,166,193,193,193,193,193,193],"floor_reached":10,"playtime":254,"items_purged":[],"score":136,"play_id":"3f3af70b-3880-42e4-99a1-dfda64022ce0","local_time":"20201230154320","is_ascension_mode":true,"campfire_choices":[{"data":"TalkToTheHand","floor":7,"key":"SMITH"}],"circlet_count":0,"master_deck":["AscendersBane","Strike_P","Strike_P","Strike_P","Strike_P","Defend_P","Defend_P","Defend_P","Defend_P","Eruption","Vigilance","TalkToTheHand+1","Consecrate","PathToVictory","WheelKick","TalkToTheHand"],"relics":["PureWater","NeowsBlessing","The Courier","aspiration:HiddenCompartment"],"acts_visited":["Exordium"],"potions_floor_usage":[6,6],"damage_taken":[{"damage":0,"enemies":"Cultist","floor":1,"turns":1},{"damage":0,"enemies":"Jaw Worm","floor":2,"turns":1},{"damage":0,"enemies":"2 Louse","floor":4,"turns":2},{"damage":8,"enemies":"Large Slime","floor":5,"turns":5},{"damage":20,"enemies":"3 Sentries","floor":6,"turns":7},{"damage":33,"enemies":"Gremlin Nob","floor":10,"turns":3}],"seed_played":"8951931208323805942","potions_obtained":[{"floor":1,"key":"Fire Potion"},{"floor":4,"key":"Block Potion"}],"is_trial":false,"path_per_floor":["M","M","?","M","M","E","R","?","T","E"],"character_chosen":"WATCHER","items_purchased":[],"campfire_rested":0,"item_purchase_floors":[],"current_hp_per_floor":[61,61,61,61,53,33,33,33,33,0,0],"gold":193,"neow_bonus":"THREE_ENEMY_KILL","is_daily":false,"chose_seed":false,"campfire_upgraded":1,"win_rate":0.0,"timestamp":1609339400,"path_taken":["M","?","?","M","M","E","R","?","T","E"],"items_purchased_type":[],"build_version":"2020-12-22","purchased_purges":0,"victory":false,"max_hp_per_floor":[68,68,68,68,68,68,68,68,68,68,68],"relic_stats":{"counters":[6,19],"obtain_stats":[{"NeowsBlessing":0,"The Courier":6,"PureWater":0,"aspiration:HiddenCompartment":9},{"NeowsBlessing":0,"The Courier":5,"PureWater":0,"aspiration:HiddenCompartment":5},{"NeowsBlessing":0,"The Courier":16,"PureWater":0,"aspiration:HiddenCompartment":16}]},"card_choices":[{"not_picked":["Worship","ClearTheMind"],"picked":"TalkToTheHand","floor":1},{"not_picked":["Study","FollowUp"],"picked":"Consecrate","floor":2},{"not_picked":["FollowUp","FlyingSleeves"],"picked":"PathToVictory","floor":4},{"not_picked":["Protect","Indignation"],"picked":"WheelKick","floor":5},{"not_picked":["Weave","ClearTheMind"],"picked":"TalkToTheHand","floor":6}],"player_experience":1004187,"relics_obtained":[{"floor":6,"key":"The Courier"},{"floor":9,"key":"aspiration:HiddenCompartment"}],"event_choices":[{"damage_healed":0,"gold_gain":0,"player_choice":"Ignored","damage_taken":134,"max_hp_gain":0,"max_hp_loss":0,"event_name":"betterThird:BetterSerpent","floor":3,"gold_loss":0},{"damage_healed":0,"gold_gain":0,"player_choice":"Searched \u00271\u0027 times","damage_taken":0,"max_hp_gain":0,"max_hp_loss":0,"event_name":"Dead Adventurer","floor":8,"gold_loss":0}],"is_beta":false,"boss_relics":[],"items_purged_floors":[],"is_endless":false,"potions_floor_spawned":[1,4],"killed_by":"Gremlin Nob","ascension_level":20}}