{"host":"ixqzyafodex1tsi5","time":1609313301,"event":{"mods":["AchievementEnabler","Act Like it!","BaseMod","Downfall","Gensokyo","GifTheSpireLib","Lobotomy","LobotomyExtend","Minty Spire (QoL Compilation)","Relic Stats","Replay The Spire","RumiaBox-露米娅的神秘盒子","Spicy Shops","StSLib","【功能Mod】混沌之环修复补丁"],"gold_per_floor":[111,129,183,93,106,106,125,125,150,150,425,338,5,21,21,123,223,233,245,182,182,96,96,121,131,131,179,191,191,577,594,594,697,697,710,761,778,803,819,845,845,874,929,948,948,998,998,1053,1053,1053],"floor_reached":51,"playtime":3379,"items_purged":["CENSORED_ego"],"score":1299,"play_id":"5175115b-78be-4c5d-8ddb-25758ed7f06d","local_time":"20201230152821","is_ascension_mode":true,"campfire_choices":[{"floor":32.0,"key":"DIG"},{"floor":45.0,"key":"RECALL"},{"floor":49.0,"key":"DIG"}],"circlet_count":0,"master_deck":["BlueStar","QueenOfHatred","CENSORED","LongBird","BigBird","SpecialBullet","SpecialBullet","SpecialBullet","SpecialBullet","SpecialBullet","SpecialBullet","SpecialBullet","SpecialBullet","ExtractionCode","SecurityCode","InformationCode","RedShoes","CrumblingArmor","Spore+1","Beak+1","GoldRush+1","Twilight+1","RapturousDream+1","Regret_ego+1","Regret_ego+1","CrimsonScar+1","TrainingCode","Twilight+1","GrinderMk4+1","Twilight+1","FieryBird","Pleasure+1","Justitia+1","DisciplinaryCode","Beak+1","WhiteNight","HereticApostle","Madness+1"],"relics":["CogitoBucket","RabbitCall","LetterFromLob","Baka","Membership Card","Replay:Wax Seal","Sling","Lantern","Replay:Multitool","Bottled Lightning","Nunchaku","TreeSap","ReplayTheSpireMod:CursedCoin","Oddly Smooth Stone","Vajra","Ccalipers","Dead Branch","Replay:Wanted Poster","ReplayFunnel","Strawberry","BargainBundle","Pet Ghost","TheAbacus","SSSystem","ChangeAnything","Darkstone Periapt","Potion Belt","Centennial Puzzle","Anchor","Lizard Tail","Toolbox","Frozen Eye","Whetstone","HellTrain","Shovel","SolemnVow_r","Cursed Key","Turnip","RedMistMask","Lamp_r","Justitia_r","Replay:Kaleidoscope","MoreBug","FossilizedHelix","ReplayTheSpireMod:TigerMarble","Replay:Bottled Snecko","CENSORED_r","InTheNameOfLoveAndHate_r","SoundOfStar_r"],"acts_visited":["Exordium","TheCity","TheBeyond"],"potions_floor_usage":[50,50,50,51],"damage_taken":[{"damage":14.0,"enemies":"2 Louse","floor":1.0,"turns":3.0},{"damage":6.0,"enemies":"Cultist","floor":2.0,"turns":3.0},{"damage":3.0,"enemies":"Jaw Worm","floor":4.0,"turns":1.0},{"damage":14.0,"enemies":"Lots of Slimes","floor":5.0,"turns":4.0},{"damage":14.0,"enemies":"Looter","floor":7.0,"turns":2.0},{"damage":8.0,"enemies":"Large Slime","floor":12.0,"turns":3.0},{"damage":4.0,"enemies":"Exordium Wildlife","floor":14.0,"turns":2.0},{"damage":33.0,"enemies":"The Guardian","floor":16.0,"turns":5.0},{"damage":9.0,"enemies":"2 Thieves","floor":18.0,"turns":2.0},{"damage":13.0,"enemies":"Chosen","floor":19.0,"turns":3.0},{"damage":44.0,"enemies":"Shelled Parasite and Fungi","floor":22.0,"turns":8.0},{"damage":7.0,"enemies":"Centurion and Healer","floor":24.0,"turns":2.0},{"damage":7.0,"enemies":"Snake Plant","floor":25.0,"turns":2.0},{"damage":9.0,"enemies":"Book of Stabbing","floor":27.0,"turns":3.0},{"damage":4.0,"enemies":"Shelled Parasite and Fungi","floor":28.0,"turns":2.0},{"damage":113.0,"enemies":"Centurion and Healer","floor":31.0,"turns":5.0},{"damage":4.0,"enemies":"Collector","floor":33.0,"turns":3.0},{"damage":2.0,"enemies":"3 Darklings","floor":35.0,"turns":1.0},{"damage":5.0,"enemies":"2 Orb Walkers","floor":36.0,"turns":1.0},{"damage":4.0,"enemies":"Orb Walker","floor":37.0,"turns":1.0},{"damage":9.0,"enemies":"Maw","floor":38.0,"turns":2.0},{"damage":2.0,"enemies":"3 Darklings","floor":39.0,"turns":1.0},{"damage":9.0,"enemies":"Giant Head","floor":40.0,"turns":1.0},{"damage":7.0,"enemies":"R_Hoarder","floor":42.0,"turns":1.0},{"damage":16.0,"enemies":"Writhing Mass","floor":44.0,"turns":1.0},{"damage":7.0,"enemies":"Mind Bloom Boss Battle","floor":46.0,"turns":1.0},{"damage":218,"enemies":"FixerMidnight","floor":50,"turns":3},{"damage":6,"enemies":"Malkuth","floor":51,"turns":2},{"damage":90,"enemies":"Hod","floor":51,"turns":3},{"damage":16,"enemies":"Chesed","floor":51,"turns":2},{"damage":65,"enemies":"Binah","floor":51,"turns":3}],"seed_played":"1087756538133414470","potions_obtained":[{"floor":16.0,"key":"Block Potion"},{"floor":24.0,"key":"Fire Potion"},{"floor":25.0,"key":"Adrenaline Potion"},{"floor":33.0,"key":"SpeedPotion"},{"floor":35.0,"key":"Milkshake"},{"floor":37.0,"key":"Reflective Coating"},{"floor":39.0,"key":"Doom Potion"}],"is_trial":false,"path_per_floor":["M","M","$","M","M","R","M","R","T","R","?","M","$","M","R","B",null,"M","M","$","?","M","R","M","M","T","E","M","R","$","M","R","B",null,"M","?","M","M","M","E","R","E","T","M","R","?","?","T","R","B",null],"character_chosen":"Angela","items_purchased":["Membership Card","Replay:Wax Seal","Sling","Lantern","Replay:Multitool","Bottled Lightning","ReplayTheSpireMod:CursedCoin","GoldRush+1","Oddly Smooth Stone","Vajra","Ccalipers","Dead Branch","ReplayFunnel","Strawberry","BargainBundle","Pet Ghost","TheAbacus","Regret_ego+1","CrimsonScar+1","Adrenaline Potion","ColorlessPotion","Centennial Puzzle","Anchor","Lizard Tail","Toolbox","Frozen Eye","Whetstone","Twilight+1"],"campfire_rested":0,"item_purchase_floors":[3,3,3,3,3,3,13,13,13,13,13,13,20,20,20,20,20,20,20,20,20,30,30,30,30,30,30,30],"current_hp_per_floor":[64,66,66,70,64,64,58,58,58,58,58,62,62,70,70,49,70,70,70,77,77,43,43,55,48,48,57,72,72,126,53,53,79,147,151,151,155,159,159,163,163,163,169,169,169,177,155,155,155,3],"gold":1053,"neow_bonus":"THREE_CARDS","is_daily":false,"chose_seed":false,"campfire_upgraded":0,"win_rate":0.0,"timestamp":1609313301,"path_taken":["M","M","$","M","M","R","M","R","T","R","?","?","$","M","R","BOSS","M","M","$","?","M","R","M","M","T","E","?","R","$","M","R","BOSS","M","?","M","M","M","E","R","E","T","M","R","?","?","?","R","BOSS"],"items_purchased_type":["Relic","Relic","Relic","Card","Relic","Relic","Relic","Card","Relic","Relic","Relic","Relic","Relic","Relic","Relic","Relic","Relic","Card","Card","Potion","Potion","Relic","Relic","Relic","Relic","Relic","Relic","Card"],"build_version":"2020-12-22","purchased_purges":1,"victory":true,"max_hp_per_floor":[70,70,70,70,70,70,70,70,70,70,70,70,70,70,70,70,70,70,70,77,77,77,77,81,81,81,81,85,85,139,143,143,147,147,151,151,155,159,159,163,163,163,169,173,173,177,177,183,183,183],"relic_stats":{"Darkstone Periapt":66,"Nunchaku":[26],"Centennial Puzzle":[24],"Lizard Tail":0,"TheAbacus":[6],"Shovel":2,"counters":[35,82],"Dead Branch":[159],"Turnip":[14],"Whetstone":[],"Cursed Key":2,"obtain_stats":[{"Vajra":13,"SSSystem":21,"Whetstone":30,"Sling":3,"Replay:Wanted Poster":17,"Centennial Puzzle":30,"Lizard Tail":30,"Ccalipers":13,"TreeSap":12,"Strawberry":20,"Replay:Wax Seal":3,"MoreBug":42,"ReplayTheSpireMod:CursedCoin":13,"Dead Branch":13,"Oddly Smooth Stone":13,"Replay:Kaleidoscope":40,"SoundOfStar_r":51,"ReplayTheSpireMod:TigerMarble":48,"ReplayFunnel":20,"Darkstone Periapt":26,"RabbitCall":0,"Lantern":3,"CENSORED_r":50,"SolemnVow_r":33,"InTheNameOfLoveAndHate_r":50,"Replay:Multitool":3,"Cursed Key":34,"Pet Ghost":20,"Frozen Eye":30,"Lamp_r":38,"CogitoBucket":0,"Nunchaku":9,"TheAbacus":20,"Shovel":32,"Toolbox":30,"Replay:Bottled Snecko":49,"Potion Belt":27,"BargainBundle":20,"Baka":1,"Anchor":30,"Turnip":36,"RedMistMask":37,"LetterFromLob":1,"Membership Card":3,"Bottled Lightning":3,"ChangeAnything":22,"HellTrain":31,"Justitia_r":40,"FossilizedHelix":46},{"Vajra":7,"SSSystem":11,"Whetstone":17,"Sling":2,"Replay:Wanted Poster":9,"Centennial Puzzle":17,"Lizard Tail":17,"Ccalipers":7,"TreeSap":7,"Strawberry":11,"Replay:Wax Seal":2,"MoreBug":27,"ReplayTheSpireMod:CursedCoin":7,"Dead Branch":7,"Oddly Smooth Stone":7,"Replay:Kaleidoscope":26,"SoundOfStar_r":33,"ReplayTheSpireMod:TigerMarble":29,"ReplayFunnel":11,"Darkstone Periapt":15,"RabbitCall":0,"Lantern":2,"CENSORED_r":30,"SolemnVow_r":20,"InTheNameOfLoveAndHate_r":30,"Replay:Multitool":2,"Cursed Key":20,"Pet Ghost":11,"Frozen Eye":17,"Lamp_r":24,"CogitoBucket":0,"Nunchaku":5,"TheAbacus":11,"Shovel":19,"Toolbox":17,"Replay:Bottled Snecko":29,"Potion Belt":16,"BargainBundle":11,"Baka":1,"Anchor":17,"Turnip":22,"RedMistMask":23,"LetterFromLob":1,"Membership Card":2,"Bottled Lightning":2,"ChangeAnything":13,"HellTrain":19,"Justitia_r":26,"FossilizedHelix":29},{"Vajra":17,"SSSystem":29,"Whetstone":47,"Sling":6,"Replay:Wanted Poster":24,"Centennial Puzzle":47,"Lizard Tail":47,"Ccalipers":17,"TreeSap":17,"Strawberry":29,"Replay:Wax Seal":6,"MoreBug":64,"ReplayTheSpireMod:CursedCoin":17,"Dead Branch":17,"Oddly Smooth Stone":17,"Replay:Kaleidoscope":63,"SoundOfStar_r":75,"ReplayTheSpireMod:TigerMarble":66,"ReplayFunnel":29,"Darkstone Periapt":42,"RabbitCall":0,"Lantern":6,"CENSORED_r":69,"SolemnVow_r":54,"InTheNameOfLoveAndHate_r":69,"Replay:Multitool":6,"Cursed Key":56,"Pet Ghost":29,"Frozen Eye":47,"Lamp_r":61,"CogitoBucket":0,"Nunchaku":13,"TheAbacus":29,"Shovel":53,"Toolbox":47,"Replay:Bottled Snecko":66,"Potion Belt":45,"BargainBundle":29,"Baka":3,"Anchor":47,"Turnip":58,"RedMistMask":59,"LetterFromLob":3,"Membership Card":6,"Bottled Lightning":6,"ChangeAnything":38,"HellTrain":53,"Justitia_r":63,"FossilizedHelix":66}]},"card_choices":[{"not_picked":["WristCuter","Regret_ego"],"picked":"SKIP","floor":1.0},{"not_picked":["Gaze","BlackSwan_ego"],"picked":"SKIP","floor":1.0},{"not_picked":["OldLady","FairyFestival"],"picked":"RedShoes","floor":2.0},{"not_picked":["Soda"],"picked":"CENSORED_ego","floor":2.0},{"not_picked":["Regret_ego","Tough"],"picked":"SKIP","floor":4.0},{"not_picked":["SoundOfStar","Moonlight","Horn"],"picked":"SKIP","floor":5.0},{"not_picked":["MHz","OSAHOGD","WallGazer"],"picked":"Singing Bowl","floor":7.0},{"not_picked":["ShyLook","CherryBlossoms"],"picked":"CrumblingArmor","floor":7.0},{"not_picked":["GreenStem","CherryBlossom","Loneliness"],"picked":"SKIP","floor":7.0},{"not_picked":["TodaysExpression+1","Loneliness+1"],"picked":"Spore+1","floor":12.0},{"not_picked":["Scorched","MeltingLove","UniverseFragment"],"picked":"Singing Bowl","floor":12.0},{"not_picked":["Lantern+1","Loneliness+1"],"picked":"Beak+1","floor":12.0},{"not_picked":["MHz","WhitesApple","LittleHelper"],"picked":"Singing Bowl","floor":14.0},{"not_picked":["RedEyes+1","Noise+1"],"picked":"Twilight+1","floor":14.0},{"not_picked":["RedEyes+1","Horn+1"],"picked":"RapturousDream+1","floor":14.0},{"not_picked":["LaLuna","MHz","Scorched"],"picked":"Singing Bowl","floor":16.0},{"not_picked":["Justitia+1","TheSmile+1"],"picked":"CENSORED_ego+1","floor":16.0},{"not_picked":["BeautyBeast","Murderer","BigBadWolf"],"picked":"Singing Bowl","floor":18.0},{"not_picked":["Lantern+1","CherryBlossom+1","Diffraction+1"],"picked":"SKIP","floor":18.0},{"not_picked":["Soda+1","WristCuter+1"],"picked":"Regret_ego+1","floor":19.0},{"not_picked":["SpiderBud","UniverseFragment","Rudolta"],"picked":"Singing Bowl","floor":19.0},{"not_picked":["WristCuter+1","CherryBlossom+1","Harmony+1"],"picked":"SKIP","floor":19.0},{"not_picked":["WallGazer","BeautyBeast","NakedNest"],"picked":"Singing Bowl","floor":22.0},{"not_picked":["CUTE+1","DaCapo+1","Gaze+1"],"picked":"SKIP","floor":22.0},{"not_picked":["ShyLook","PunishingBird"],"picked":"Woodsman","floor":24.0},{"not_picked":["ParadiseLost+1","Laetitia_ego+1","FrostShard+1"],"picked":"SKIP","floor":24.0},{"not_picked":["FieryBird","DespairKnight","GalaxyChild"],"picked":"Singing Bowl","floor":25.0},{"not_picked":["RedEyes+1","Pleasure+1","Noise+1"],"picked":"SKIP","floor":25.0},{"not_picked":["TodaysExpression+1","FeatherOfHonor+1"],"picked":"SolemnVow+1","floor":27.0},{"not_picked":["WhitesApple","Scarecrow","BlackArmy"],"picked":"Singing Bowl","floor":27.0},{"not_picked":["RedEyes+1","MagicBullet+1","FourthMatchFlame+1"],"picked":"SKIP","floor":27.0},{"not_picked":["Bloodbath","SnowQueen"],"picked":"QueenOfHatred","floor":28.0},{"not_picked":["FourthMatchFlame+1","CherryBlossom+1","Regret_ego+1"],"picked":"SKIP","floor":28.0},{"not_picked":["WristCuter+1","Logging+1","Horn+1"],"picked":"SKIP","floor":28.0},{"not_picked":["Scorched","SnowQueen","Yin"],"picked":"Singing Bowl","floor":31.0},{"not_picked":["Wellcheers","Porccubus"],"picked":"Funeral","floor":31.0},{"not_picked":["Spore+1","RedEyes+1"],"picked":"GrinderMk4+1","floor":31.0},{"not_picked":["Pinks+1","DaCapo+1"],"picked":"Twilight+1","floor":33.0},{"not_picked":["SingingMachine","MeatLantern","Yin"],"picked":"Singing Bowl","floor":33.0},{"not_picked":["Yin","WhitesApple"],"picked":"BlueStar","floor":33.0},{"not_picked":["Porccubus","Bloodbath"],"picked":"FieryBird","floor":35.0},{"not_picked":["FeatherOfHonor+1","Pleasure+1","Discord+1"],"picked":"SKIP","floor":35.0},{"not_picked":["ShyLook","MeatLantern","Yin"],"picked":"Singing Bowl","floor":36.0},{"not_picked":["Scarecrow","Rudolta"],"picked":"BigBird","floor":37.0},{"not_picked":["FourthMatchFlame+1","Soda+1","Loneliness+1"],"picked":"SKIP","floor":37.0},{"not_picked":["Variant","ShyLook","GalaxyChild"],"picked":"Singing Bowl","floor":38.0},{"not_picked":["BlackArmy","BigBadWolf"],"picked":"LongBird","floor":38.0},{"not_picked":["BearPaw+1","Wingbeat+1","CUTE+1"],"picked":"SKIP","floor":38.0},{"not_picked":["PunishingBird","SnowQueen","Scarecrow"],"picked":"Singing Bowl","floor":39.0},{"not_picked":["Reverberation+1","Penitence+1"],"picked":"GrinderMk4+1","floor":39.0},{"not_picked":["Twilight+1","CherryBlossom+1"],"picked":"Justitia+1","floor":40.0},{"not_picked":["Rudolta","CherryBlossoms"],"picked":"Woodsman","floor":40.0},{"not_picked":["Horn+1","TodaysExpression+1"],"picked":"Beak+1","floor":42.0},{"not_picked":["PunishingBird","Scarecrow","GalaxyChild"],"picked":"Singing Bowl","floor":42.0},{"not_picked":["BigBadWolf","Alriune"],"picked":"CENSORED","floor":44.0},{"not_picked":["SwordSharpenedByTears+1","Regret_ego+1","Tough+1"],"picked":"SKIP","floor":44.0},{"not_picked":["Mercenary","DreamingCurrent"],"picked":"WhiteNight","floor":46.0}],"player_experience":149997,"relics_obtained":[{"floor":1.0,"key":"LetterFromLob"},{"floor":1.0,"key":"Baka"},{"floor":9.0,"key":"Nunchaku"},{"floor":26.0,"key":"Darkstone Periapt"},{"floor":27.0,"key":"Potion Belt"},{"floor":32.0,"key":"Shovel"},{"floor":36.0,"key":"Turnip"},{"floor":37.0,"key":"RedMistMask"},{"floor":40.0,"key":"Replay:Kaleidoscope"},{"floor":42.0,"key":"MoreBug"},{"floor":46.0,"key":"FossilizedHelix"},{"floor":48.0,"key":"ReplayTheSpireMod:TigerMarble"},{"floor":49.0,"key":"Replay:Bottled Snecko"}],"event_choices":[{"damage_healed":0.0,"max_hp_gain":0.0,"max_hp_loss":0.0,"gold_gain":275.0,"event_name":"Golden Shrine","player_choice":"Desecrate","floor":11.0,"gold_loss":0.0,"damage_taken":0.0,"cards_obtained":["Regret"]},{"damage_healed":0.0,"max_hp_gain":0.0,"max_hp_loss":0.0,"gold_gain":0.0,"event_name":"WeMeetAgain","player_choice":"Gave Potion","floor":21.0,"gold_loss":0.0,"damage_taken":0.0,"relics_obtained":["SSSystem"]},{"damage_healed":0.0,"max_hp_gain":0.0,"max_hp_loss":0.0,"gold_gain":0.0,"event_name":"Mysterious Sphere","player_choice":"Fight","floor":36.0,"gold_loss":0.0,"damage_taken":0.0},{"damage_healed":0.0,"max_hp_gain":0.0,"max_hp_loss":0.0,"gold_gain":0.0,"event_name":"MindBloom","player_choice":"Fight","floor":46.0,"gold_loss":0.0,"damage_taken":0.0},{"damage_healed":0.0,"max_hp_gain":0.0,"max_hp_loss":0.0,"gold_gain":0.0,"event_name":"Winding Halls","player_choice":"Embrace Madness","floor":47.0,"gold_loss":0.0,"damage_taken":22.0,"cards_obtained":["Madness","Madness"]}],"is_beta":false,"boss_relics":[{"not_picked":["Velvet Choker","Tiny House"],"picked":"Replay:Wanted Poster"},{"not_picked":["Astrolabe","ReplayTheSpireMod:DimensionalGlitch"],"picked":"Cursed Key"}],"items_purged_floors":[20],"is_endless":false,"potions_floor_spawned":[16,24,25,33,35,37,39],"ascension_level":1}}