{"host":"hvwa7s69zr612rn1","time":1609318908,"event":{"mods":["BaseMod","Colored Map","Colored Powertips","Hermit","Minty Spire (QoL Compilation)","StSLib"],"gold_per_floor":[114,129,141,156,167,167,202,202,202,227,152,182,182,199,199,295,295,313,326,326,345,193,193,193,193],"floor_reached":24,"playtime":3944,"items_purged":["hermit:Defend_Hermit","hermit:Strike_Hermit"],"score":245,"play_id":"e18d8637-6053-45a5-ae7f-832fc4ab2cf3","local_time":"20201230200148","is_ascension_mode":true,"campfire_choices":[{"data":"hermit:FatalDesire","floor":6,"key":"SMITH"},{"data":"hermit:GhostlyPresence","floor":8,"key":"SMITH"},{"data":"hermit:Roughhouse","floor":15,"key":"SMITH"},{"data":"hermit:CalledShot","floor":23,"key":"SMITH"}],"circlet_count":0,"master_deck":["hermit:Strike_Hermit","hermit:Strike_Hermit","hermit:Defend_Hermit","hermit:Defend_Hermit","hermit:Snapshot","hermit:Covet","hermit:TakeAim","hermit:GhostlyPresence+1","hermit:Deadeye","hermit:FatalDesire+1","hermit:ShadowCloak","hermit:Roughhouse+1","hermit:TrackingShot","hermit:RoundhouseKick","hermit:CalledShot+1","hermit:BigShot+1","hermit:Quickdraw"],"relics":["hermit:Momento","MealTicket","Eternal Feather","Pear"],"acts_visited":["Exordium","TheCity"],"potions_floor_usage":[14,19,24],"damage_taken":[{"damage":0,"enemies":"Cultist","floor":1,"turns":3},{"damage":0,"enemies":"Small Slimes","floor":2,"turns":3},{"damage":2,"enemies":"2 Louse","floor":3,"turns":3},{"damage":0,"enemies":"Looter","floor":4,"turns":3},{"damage":7,"enemies":"Exordium Wildlife","floor":5,"turns":4},{"damage":30,"enemies":"Gremlin Nob","floor":7,"turns":5},{"damage":0,"enemies":"Lagavulin","floor":10,"turns":8},{"damage":0,"enemies":"Blue Slaver","floor":14,"turns":3},{"damage":30,"enemies":"Hexaghost","floor":16,"turns":12},{"damage":16,"enemies":"Spheric Guardian","floor":18,"turns":4},{"damage":18,"enemies":"3 Byrds","floor":19,"turns":7},{"damage":47,"enemies":"Centurion and Healer","floor":21,"turns":8},{"damage":39,"enemies":"Book of Stabbing","floor":24,"turns":3}],"seed_played":"-7009326739098456721","potions_obtained":[{"floor":1,"key":"Energy Potion"},{"floor":4,"key":"SpeedPotion"},{"floor":5,"key":"SpeedPotion"},{"floor":10,"key":"Regen Potion"},{"floor":21,"key":"FearPotion"}],"is_trial":false,"path_per_floor":["M","M","M","M","M","R","E","R","T","E","$","?","?","M","R","B",null,"M","M","?","M","$","R","E"],"character_chosen":"HERMIT","items_purchased":["hermit:Quickdraw"],"campfire_rested":0,"item_purchase_floors":[22],"current_hp_per_floor":[68,68,66,66,59,59,29,29,29,39,54,54,54,54,60,30,78,62,59,59,12,27,36,0,0],"gold":193,"neow_bonus":"REMOVE_TWO","is_daily":false,"chose_seed":false,"campfire_upgraded":4,"win_rate":0.0,"timestamp":1609318908,"path_taken":["M","M","M","M","M","R","E","R","T","E","$","?","?","M","R","BOSS","M","M","?","M","$","R","E"],"items_purchased_type":["Card"],"build_version":"2020-12-22","purchased_purges":2,"victory":false,"max_hp_per_floor":[68,68,68,68,68,68,68,68,68,78,78,78,78,78,78,78,78,78,78,78,78,78,78,78,78],"card_choices":[{"not_picked":["hermit:BodyArmor","hermit:WideOpen"],"picked":"hermit:TakeAim","floor":1},{"not_picked":["hermit:SprayPray","hermit:Grudge"],"picked":"hermit:GhostlyPresence","floor":2},{"not_picked":["hermit:Desperado","hermit:Determination","hermit:SprayPray"],"picked":"SKIP","floor":3},{"not_picked":["hermit:Cheat","hermit:Manifest"],"picked":"hermit:Deadeye","floor":4},{"not_picked":["hermit:BodyArmor","hermit:Cheat"],"picked":"hermit:FatalDesire","floor":5},{"not_picked":["hermit:TakeCover","hermit:Brawl"],"picked":"hermit:ShadowCloak","floor":7},{"not_picked":["hermit:Glare","hermit:Desperado"],"picked":"hermit:Roughhouse","floor":10},{"not_picked":["hermit:HoleUp","hermit:Roulette"],"picked":"hermit:TrackingShot","floor":14},{"not_picked":["hermit:FatalDesire","hermit:Purgatory"],"picked":"hermit:RoundhouseKick","floor":16},{"not_picked":["hermit:LowProfile","hermit:Virtue"],"picked":"hermit:CalledShot","floor":18},{"not_picked":["hermit:Dive","hermit:LuckOfTheDraw","hermit:Coalescence+1"],"picked":"SKIP","floor":19},{"not_picked":["hermit:FullyLoaded","hermit:Ricochet"],"picked":"hermit:BigShot+1","floor":21}],"player_experience":325495,"relics_obtained":[{"floor":7,"key":"MealTicket"},{"floor":9,"key":"Eternal Feather"},{"floor":10,"key":"Pear"}],"event_choices":[{"damage_healed":0,"gold_gain":30,"player_choice":"Searched \u00272\u0027 times","damage_taken":0,"max_hp_gain":0,"max_hp_loss":0,"event_name":"Dead Adventurer","floor":12,"gold_loss":0},{"damage_healed":0,"gold_gain":0,"player_choice":"Ignored","damage_taken":0,"max_hp_gain":0,"max_hp_loss":0,"event_name":"Liars Game","floor":13,"gold_loss":0},{"damage_healed":0,"gold_gain":0,"player_choice":"Ignored","damage_taken":0,"max_hp_gain":0,"max_hp_loss":0,"event_name":"Vampires","floor":20,"gold_loss":0}],"is_beta":false,"boss_relics":[{"not_picked":["Fusion Hammer","Runic Pyramid","Busted Crown"]}],"items_purged_floors":[11,22],"is_endless":false,"potions_floor_spawned":[1,4,5,10,21],"killed_by":"Book of Stabbing","ascension_level":1}}