{"host":"n3vqtvx9hbigdfc4","time":1609312085,"event":{"mods":["AchievementEnabler","BaseMod","Better Third Choice","Block Reminder","Colored Map","Colored Powertips","Downfall","Minty Spire (QoL Compilation)","Permanent Neow","Rare Cards Sparkle","Relic Stats","Replay The Spire","Shop Mod","StSLib"],"gold_per_floor":[115,125,125,143,156,176,205,205,205,233,233,245,276,451,451,548,548,559,499,499,499,513,544,562,562,589,589,77,111,123,143,143,143,143],"floor_reached":33,"playtime":1967,"items_purged":["Doubt"],"score":461,"play_id":"5e9175ef-6737-47c0-8e32-51b33b4870cc","local_time":"20201230010805","is_ascension_mode":true,"campfire_choices":[{"data":"Double Tap","floor":8,"key":"SMITH"},{"data":"Uppercut","floor":11,"key":"SMITH"},{"floor":15,"key":"REST"},{"data":"True Grit","floor":25,"key":"SMITH"},{"data":"Carnage","floor":32,"key":"SMITH"}],"circlet_count":0,"master_deck":["AscendersBane","Strike_R","Strike_R","Strike_R","Strike_R","Defend_R","Defend_R","Defend_R","Defend_R","Bash","Double Tap+1","Carnage+1","Feel No Pain","Offering","Clothesline","Anger","Twin Strike","Uppercut+1","Cleave","True Grit+1","Feed","Voices","Amnesia","Slimebound:Icky","Evolve","Fiend Fire","Thunderclap+1","Whirlwind","Feel No Pain","Carnage","Shrug It Off","Havoc","Clothesline","Havoc+1"],"relics":["Burning Blood","Turnip","Lizard Tail","Replay:Kaleidoscope","Torii","Replay:Ancient Bell","Blood Vial","Replay:Bottled Snecko","TungstenRod","Ring of Searing","ReplayTheSpireMod:Ring of Collecting","Bronze Scales","ReplayTheSpireMod:Ring of Challenge","Pet Ghost","Enchiridion","DollysMirror","Lantern","Quantum Egg"],"acts_visited":["Exordium","TheCity"],"potions_floor_usage":[10,12,13,18,18,18,29,33],"damage_taken":[{"damage":4,"enemies":"Jaw Worm","floor":1,"turns":5},{"damage":0,"enemies":"2 Louse","floor":2,"turns":2},{"damage":11,"enemies":"Small Slimes","floor":4,"turns":4},{"damage":15,"enemies":"3 Louse","floor":5,"turns":4},{"damage":11,"enemies":"Looter","floor":6,"turns":2},{"damage":16,"enemies":"Gremlin Nob","floor":7,"turns":3},{"damage":11,"enemies":"3 Sentries","floor":10,"turns":4},{"damage":10,"enemies":"Lots of Slimes","floor":12,"turns":4},{"damage":22,"enemies":"Lagavulin","floor":13,"turns":5},{"damage":48,"enemies":"The Guardian","floor":16,"turns":13},{"damage":0,"enemies":"3 Byrds","floor":18,"turns":1},{"damage":17,"enemies":"Chosen","floor":22,"turns":4},{"damage":31,"enemies":"Book of Stabbing","floor":23,"turns":6},{"damage":26,"enemies":"Centurion and Healer","floor":24,"turns":5},{"damage":11,"enemies":"Gremlin Leader","floor":29,"turns":5},{"damage":5,"enemies":"Snake Plant","floor":30,"turns":2},{"damage":0,"enemies":"3 Cultists","floor":31,"turns":2},{"damage":47,"enemies":"Automaton","floor":33,"turns":6}],"seed_played":"-5327805298525645317","potions_obtained":[{"floor":1,"key":"Dexterity Potion"},{"floor":6,"key":"PowerPotion"},{"floor":7,"key":"Adrenaline Potion"},{"floor":10,"key":"Dexterity Potion"},{"floor":12,"key":"LiquidBronze"},{"floor":16,"key":"LiquidBronze"},{"floor":24,"key":"SpeedPotion"},{"floor":29,"key":"SpeedPotion"}],"is_trial":false,"path_per_floor":["M","M","?","M","M","M","E","R","T","E","R","M","E","?","R","B",null,"M","?","?","?","M","E","M","R","T","?","$","E","M","M","R","B"],"character_chosen":"IRONCLAD","items_purchased":["DollysMirror","Lantern","Shrug It Off","BloodPotion","Elixir"],"campfire_rested":1,"item_purchase_floors":[28,28,28,28,28],"current_hp_per_floor":[74,80,73,68,59,54,44,44,44,39,39,35,19,19,43,46,72,80,80,80,80,72,49,31,31,31,19,19,32,35,43,43,0,0],"gold":143,"neow_bonus":"ONE_RANDOM_RARE_CARD","is_daily":false,"chose_seed":false,"campfire_upgraded":4,"win_rate":0.0,"timestamp":1609312085,"path_taken":["M","M","?","M","M","M","E","R","T","E","R","M","E","?","R","BOSS","M","?","?","?","M","E","M","R","T","?","$","E","M","M","R","BOSS"],"items_purchased_type":["Relic","Relic","Card","Potion","Potion"],"build_version":"2020-12-22","purchased_purges":1,"victory":false,"max_hp_per_floor":[80,80,80,80,80,80,80,80,80,80,80,80,80,80,80,80,80,80,80,80,80,83,83,83,83,83,83,83,83,83,83,83,83,83],"relic_stats":{"Blood Vial":14,"Lizard Tail":40,"Torii":35,"counters":[18,77],"Bronze Scales":[51],"Turnip":[0],"obtain_stats":[{"Lantern":28,"Torii":13,"Quantum Egg":29,"Enchiridion":27,"Replay:Ancient Bell":17,"Replay:Kaleidoscope":10,"Burning Blood":0,"Pet Ghost":26,"Ring of Searing":21,"Blood Vial":17,"Lizard Tail":9,"DollysMirror":28,"ReplayTheSpireMod:Ring of Collecting":21,"Bronze Scales":23,"Turnip":7,"Replay:Bottled Snecko":17,"ReplayTheSpireMod:Ring of Challenge":26,"TungstenRod":17},{"Lantern":14,"Torii":9,"Quantum Egg":15,"Enchiridion":14,"Replay:Ancient Bell":10,"Replay:Kaleidoscope":7,"Burning Blood":0,"Pet Ghost":14,"Ring of Searing":11,"Blood Vial":10,"Lizard Tail":6,"DollysMirror":14,"ReplayTheSpireMod:Ring of Collecting":11,"Bronze Scales":13,"Turnip":6,"Replay:Bottled Snecko":10,"ReplayTheSpireMod:Ring of Challenge":14,"TungstenRod":10},{"Lantern":62,"Torii":33,"Quantum Egg":67,"Enchiridion":62,"Replay:Ancient Bell":46,"Replay:Kaleidoscope":24,"Burning Blood":0,"Pet Ghost":62,"Ring of Searing":47,"Blood Vial":46,"Lizard Tail":20,"DollysMirror":62,"ReplayTheSpireMod:Ring of Collecting":47,"Bronze Scales":57,"Turnip":20,"Replay:Bottled Snecko":46,"ReplayTheSpireMod:Ring of Challenge":62,"TungstenRod":46}],"Burning Blood":102,"TungstenRod":41},"card_choices":[{"not_picked":["Twin Strike","Dual Wield"],"picked":"Carnage","floor":1},{"not_picked":["Armaments","Clash"],"picked":"Feel No Pain","floor":2},{"not_picked":["ReplayReversal","Wild Strike"],"picked":"Offering","floor":4},{"not_picked":["Shrug It Off","Warcry"],"picked":"Clothesline","floor":5},{"not_picked":["Armaments","Twin Strike"],"picked":"Anger","floor":6},{"not_picked":["Pummel","Armaments"],"picked":"Twin Strike","floor":7},{"not_picked":["Evolve","Combust"],"picked":"Uppercut","floor":10},{"not_picked":["Clash","Replay:Undeath\u0027s Touch"],"picked":"Cleave","floor":12},{"not_picked":["Twin Strike","Warcry"],"picked":"True Grit","floor":13},{"not_picked":["Hemogenesis","Corruption"],"picked":"Feed","floor":16},{"not_picked":["ReplayTheSpireMod:Faulty Equipment","ReplayTheSpireMod:Doomed"],"picked":"Voices","floor":17},{"not_picked":["Writhe","Injury"],"picked":"Amnesia","floor":17},{"not_picked":["Pain","sneckomod:Bewildered"],"picked":"Slimebound:Icky","floor":17},{"not_picked":["Havoc","Replay:Undeath\u0027s Touch"],"picked":"Evolve","floor":18},{"not_picked":["Replay:Undeath\u0027s Touch","Ghostly Armor"],"picked":"Thunderclap+1","floor":22},{"not_picked":["Immolate","True Grit"],"picked":"Whirlwind","floor":23},{"not_picked":["Twin Strike+1","Cleave"],"picked":"Feel No Pain","floor":24},{"not_picked":["Cleave","Sword Boomerang"],"picked":"Havoc","floor":29},{"not_picked":["Perfected Strike","Clash"],"picked":"Clothesline","floor":30},{"not_picked":["Wild Strike","Body Slam"],"picked":"Havoc+1","floor":31}],"player_experience":483836,"relics_obtained":[{"floor":7,"key":"Turnip"},{"floor":9,"key":"Lizard Tail"},{"floor":10,"key":"Replay:Kaleidoscope"},{"floor":13,"key":"Torii"},{"floor":21,"key":"Ring of Searing"},{"floor":21,"key":"ReplayTheSpireMod:Ring of Collecting"},{"floor":23,"key":"Bronze Scales"},{"floor":26,"key":"ReplayTheSpireMod:Ring of Challenge"},{"floor":26,"key":"Pet Ghost"},{"floor":27,"key":"Enchiridion"},{"floor":29,"key":"Quantum Egg"}],"event_choices":[{"cards_removed":["Strike_R"],"damage_healed":0,"gold_gain":0,"player_choice":"Card Removal","damage_taken":7,"max_hp_gain":0,"max_hp_loss":0,"event_name":"Golden Wing","floor":3,"gold_loss":0},{"damage_healed":0,"gold_gain":175,"player_choice":"AGREE","damage_taken":276,"max_hp_gain":0,"max_hp_loss":0,"event_name":"betterThird:BetterSerpent","floor":14,"gold_loss":0},{"damage_healed":0,"gold_gain":0,"player_choice":"Read","damage_taken":0,"max_hp_gain":0,"max_hp_loss":0,"event_name":"The Library","floor":20,"gold_loss":0,"cards_obtained":["Fiend Fire"]},{"damage_healed":0,"gold_gain":0,"player_choice":"Obtained Book","damage_taken":16,"max_hp_gain":0,"max_hp_loss":0,"event_name":"Cursed Tome","floor":27,"gold_loss":0}],"is_beta":false,"boss_relics":[{"not_picked":["SlaversCollar","Mark of Pain"],"picked":"Replay:Ancient Bell"},{"not_picked":["War Paint","Gremlin Food"],"picked":"Blood Vial"},{"not_picked":["ReplayTheSpireMod:Ninjato","Paper Frog"],"picked":"Replay:Bottled Snecko"},{"not_picked":["StoneCalendar","Replay:Towering Pillar of Hats"],"picked":"TungstenRod"}],"items_purged_floors":[28],"is_endless":false,"potions_floor_spawned":[1,6,7,10,12,16,24,29,31],"killed_by":"Automaton","ascension_level":10}}