{"host":"vucub2jtaeo9vgh1","time":1609369170,"event":{"mods":["BaseMod","BetterRewards","Minty Spire (QoL Compilation)","Quick Restart","Robot Space Explorer","StSLib","The Marked"],"gold_per_floor":[111,111,125,300,300,335,335,349,426,449,147,168,168,191,191,316,316,336,336,336,336,355,395,395,431,431,445,459,502,99,119,119,248,248,273,273,294,13,33,74,74,115,115,115,138,138,0,0,0,0],"floor_reached":51,"playtime":1957,"items_purged":["Doubt","RobotSpaceExplorer:Strike+1","RobotSpaceExplorer:Multitool+1"],"score":940,"play_id":"2ba70242-45a3-4bb4-a8de-41d658b5183d","local_time":"20201230235930","is_ascension_mode":false,"campfire_choices":[{"data":"RobotSpaceExplorer:Multitool","floor":7,"key":"SMITH"},{"data":"RobotSpaceExplorer:Electropulse","floor":15,"key":"SMITH"},{"data":"RobotSpaceExplorer:ShockMissile","floor":24,"key":"SMITH"},{"floor":32,"key":"REST"},{"floor":41,"key":"REST"},{"floor":44,"key":"REST"},{"data":"RobotSpaceExplorer:Discharger","floor":46,"key":"SMITH"},{"floor":49,"key":"REST"}],"circlet_count":0,"master_deck":["RobotSpaceExplorer:Strike+1","RobotSpaceExplorer:Strike+1","RobotSpaceExplorer:Defend+1","RobotSpaceExplorer:Defend+1","RobotSpaceExplorer:Defend+1","RobotSpaceExplorer:Defend+1","RobotSpaceExplorer:Scan+1","RobotSpaceExplorer:MiniLasers+1","RobotSpaceExplorer:MiniDrones+1","RobotSpaceExplorer:Discharger+1","RobotSpaceExplorer:Electropulse+1","RobotSpaceExplorer:ShockMissile+1","RobotSpaceExplorer:Electroshield+1","RobotSpaceExplorer:ShockKick+1","RobotSpaceExplorer:SurgingShield+1","RobotSpaceExplorer:MiniBoosters+1","RobotSpaceExplorer:Discharger+1","RobotSpaceExplorer:Discharger+1"],"relics":["RobotSpaceExplorer:RoboCore","NeowsBlessing","Golden Idol","MealTicket","Singing Bowl","Akabeko","Black Star","Bottled Flame","Matryoshka","Boot","Ancient Tea Set","Potion Belt","Whetstone","Molten Egg 2","Orichalcum","Prayer Wheel","War Paint","Philosopher\u0027s Stone","RobotSpaceExplorer:SlideRule","Art of War","White Beast Statue","Girya","Nunchaku","Pen Nib","RobotSpaceExplorer:ToughPlating","Red Mask"],"acts_visited":["Exordium","TheCity","TheBeyond"],"potions_floor_usage":[16,16,23,25,33,33,40,50,50,50,50,50],"damage_taken":[{"damage":0,"enemies":"Jaw Worm","floor":1,"turns":1},{"damage":0,"enemies":"Small Slimes","floor":3,"turns":1},{"damage":0,"enemies":"Gremlin Nob","floor":6,"turns":1},{"damage":0,"enemies":"2 Louse","floor":8,"turns":3},{"damage":5,"enemies":"Lots of Slimes","floor":10,"turns":4},{"damage":7,"enemies":"Exordium Thugs","floor":12,"turns":4},{"damage":8,"enemies":"Large Slime","floor":14,"turns":6},{"damage":1,"enemies":"Slime Boss","floor":16,"turns":4},{"damage":27,"enemies":"Spheric Guardian","floor":18,"turns":6},{"damage":0,"enemies":"3 Byrds","floor":22,"turns":3},{"damage":29,"enemies":"Slavers","floor":23,"turns":6},{"damage":12,"enemies":"Book of Stabbing","floor":25,"turns":5},{"damage":7,"enemies":"Snake Plant","floor":27,"turns":4},{"damage":0,"enemies":"Centurion and Healer","floor":28,"turns":5},{"damage":0,"enemies":"Gremlin Leader","floor":29,"turns":4},{"damage":2,"enemies":"Chosen and Byrds","floor":31,"turns":5},{"damage":14,"enemies":"Champ","floor":33,"turns":11},{"damage":0,"enemies":"3 Darklings","floor":35,"turns":2},{"damage":1,"enemies":"3 Shapes","floor":37,"turns":4},{"damage":0,"enemies":"Maw","floor":39,"turns":7},{"damage":71,"enemies":"Giant Head","floor":40,"turns":12},{"damage":22,"enemies":"Reptomancer","floor":42,"turns":6},{"damage":11,"enemies":"4 Shapes","floor":45,"turns":3},{"damage":22,"enemies":"Time Eater","floor":50,"turns":10}],"seed_played":"809866509316673121","potions_obtained":[{"floor":3,"key":"DuplicationPotion"},{"floor":8,"key":"Weak Potion"},{"floor":14,"key":"CultistPotion"},{"floor":22,"key":"SteroidPotion"},{"floor":25,"key":"Ancient Potion"},{"floor":27,"key":"Dexterity Potion"},{"floor":28,"key":"Ancient Potion"},{"floor":39,"key":"SpeedPotion"},{"floor":40,"key":"Strength Potion"},{"floor":42,"key":"AttackPotion"}],"is_trial":false,"path_per_floor":["M","?","M","?","?","E","R","M","T","M","$","M","?","M","R","B",null,"M","?","?","T","M","E","R","E","T","M","M","E","$","M","R","B",null,"M","?","M","$","M","E","R","E","T","R","M","R","?","$","R","B",null],"character_chosen":"RobotSpaceExplorer","items_purchased":["RobotSpaceExplorer:Electropulse","Akabeko","War Paint","PowerPotion","RobotSpaceExplorer:LiquidFusion","RobotSpaceExplorer:SlideRule"],"campfire_rested":4,"item_purchase_floors":[11,11,30,30,30,38],"current_hp_per_floor":[75,57,57,57,57,57,57,57,57,54,69,64,57,51,51,50,81,54,54,81,81,81,54,54,44,44,39,41,43,58,58,85,73,95,99,99,98,99,103,32,62,42,42,73,66,66,66,81,109,87],"gold":0,"neow_bonus":"THREE_ENEMY_KILL","is_daily":false,"chose_seed":false,"campfire_upgraded":4,"win_rate":0.0,"timestamp":1609369170,"path_taken":["M","?","M","?","?","E","R","M","T","?","?","M","?","M","R","BOSS","M","?","?","?","M","E","R","E","T","M","M","E","$","M","R","BOSS","M","?","?","$","M","E","R","E","T","R","?","R","?","?","R","BOSS"],"items_purchased_type":["Card","Relic","Relic","Potion","Potion","Relic"],"build_version":"2020-12-22","purchased_purges":3,"victory":true,"max_hp_per_floor":[75,75,75,75,75,75,75,75,75,77,77,79,79,81,81,81,81,81,81,81,81,81,83,83,85,85,87,89,91,91,93,93,95,95,99,99,99,99,103,103,103,105,105,105,109,109,109,109,109,109],"card_choices":[{"not_picked":["RobotSpaceExplorer:ShockKick","RobotSpaceExplorer:Ammunition"],"picked":"RobotSpaceExplorer:MiniDrones","floor":1},{"not_picked":["RobotSpaceExplorer:DoubleFind","RobotSpaceExplorer:FreezeRay"],"picked":"RobotSpaceExplorer:Discharger","floor":3},{"not_picked":["RobotSpaceExplorer:FranticSearch","RobotSpaceExplorer:LuckyStrike"],"picked":"RobotSpaceExplorer:Multitool","floor":6},{"not_picked":["RobotSpaceExplorer:Probe","RobotSpaceExplorer:ScrapToss","RobotSpaceExplorer:StarDust"],"picked":"SKIP","floor":8},{"not_picked":["RobotSpaceExplorer:GlueSpray","RobotSpaceExplorer:MetalStrike","RobotSpaceExplorer:ImprovisedAttack"],"picked":"Singing Bowl","floor":10},{"not_picked":["RobotSpaceExplorer:Pulsar","RobotSpaceExplorer:IronShell","RobotSpaceExplorer:Reload"],"picked":"Singing Bowl","floor":12},{"not_picked":["RobotSpaceExplorer:FreezingShield","RobotSpaceExplorer:StarDust","RobotSpaceExplorer:LaserBurst"],"picked":"Singing Bowl","floor":14},{"not_picked":["RobotSpaceExplorer:Wormhole","RobotSpaceExplorer:Comet"],"picked":"RobotSpaceExplorer:ShockMissile","floor":16},{"not_picked":["RobotSpaceExplorer:Counterblock","RobotSpaceExplorer:MiniDrones"],"picked":"RobotSpaceExplorer:Electroshield","floor":18},{"not_picked":["RobotSpaceExplorer:SlimeMissile","RobotSpaceExplorer:Blitz"],"picked":"RobotSpaceExplorer:ShockKick+1","floor":22},{"not_picked":["RobotSpaceExplorer:IronShell","RobotSpaceExplorer:BigMissile","RobotSpaceExplorer:Comet"],"picked":"Singing Bowl","floor":23},{"not_picked":["RobotSpaceExplorer:SwiftStep","RobotSpaceExplorer:ShovelStrike","RobotSpaceExplorer:ScrapMissile+1"],"picked":"Singing Bowl","floor":25},{"not_picked":["RobotSpaceExplorer:ImprovisedAttack+1","RobotSpaceExplorer:StunGrenade+1","RobotSpaceExplorer:GearShield"],"picked":"Singing Bowl","floor":27},{"not_picked":["RobotSpaceExplorer:PlasmaMissile+1","RobotSpaceExplorer:Ammunition","RobotSpaceExplorer:FrostMissile+1"],"picked":"Singing Bowl","floor":28},{"not_picked":["RobotSpaceExplorer:Calculate","RobotSpaceExplorer:DualCore","RobotSpaceExplorer:SlimeMissile+1"],"picked":"Singing Bowl","floor":29},{"not_picked":["RobotSpaceExplorer:IronShell","RobotSpaceExplorer:MakeshiftVolley+1","RobotSpaceExplorer:Ammunition+1"],"picked":"Singing Bowl","floor":31},{"not_picked":["RobotSpaceExplorer:DoubleFind","RobotSpaceExplorer:Ammunition"],"picked":"RobotSpaceExplorer:SurgingShield+1","floor":31},{"not_picked":["RobotSpaceExplorer:Scanner","RobotSpaceExplorer:Explosion+1","RobotSpaceExplorer:DroneSwarm"],"picked":"Singing Bowl","floor":33},{"not_picked":["RobotSpaceExplorer:ImprovisedAttack+1","RobotSpaceExplorer:Ammunition+1","RobotSpaceExplorer:ShovelStrike+1"],"picked":"Singing Bowl","floor":35},{"not_picked":["RobotSpaceExplorer:Pulsar+1","RobotSpaceExplorer:Probe+1","RobotSpaceExplorer:ToxicBomb"],"picked":"Singing Bowl","floor":35},{"not_picked":["RobotSpaceExplorer:RigExplosive","RobotSpaceExplorer:SlimeMissile+1"],"picked":"RobotSpaceExplorer:MiniBoosters+1","floor":37},{"not_picked":["RobotSpaceExplorer:Electropulse+1","RobotSpaceExplorer:GlueSpray+1"],"picked":"RobotSpaceExplorer:Discharger","floor":37},{"not_picked":["RobotSpaceExplorer:Counterblock","RobotSpaceExplorer:LuckyStrike+1","RobotSpaceExplorer:SurgingShield+1"],"picked":"Singing Bowl","floor":39},{"not_picked":["RobotSpaceExplorer:Pulsar+1","RobotSpaceExplorer:StunGrenade+1","RobotSpaceExplorer:Ammunition"],"picked":"Singing Bowl","floor":39},{"not_picked":["RobotSpaceExplorer:Smokescreen","RobotSpaceExplorer:LuckyStrike+1"],"picked":"RobotSpaceExplorer:Discharger+1","floor":40},{"not_picked":["RobotSpaceExplorer:Calculate+1","RobotSpaceExplorer:Blitz+1","RobotSpaceExplorer:StunGrenade+1"],"picked":"Singing Bowl","floor":42},{"not_picked":["RobotSpaceExplorer:LuckyStrike+1","RobotSpaceExplorer:Probe+1","RobotSpaceExplorer:DoubleBlock+1"],"picked":"Singing Bowl","floor":45},{"not_picked":["RobotSpaceExplorer:FrostMissile+1","RobotSpaceExplorer:StunGrenade+1","RobotSpaceExplorer:PlasmaMissile+1"],"picked":"Singing Bowl","floor":45}],"player_experience":268230,"relics_obtained":[{"floor":6,"key":"MealTicket"},{"floor":9,"key":"Singing Bowl"},{"floor":21,"key":"Bottled Flame"},{"floor":23,"key":"Matryoshka"},{"floor":23,"key":"Boot"},{"floor":25,"key":"Ancient Tea Set"},{"floor":25,"key":"Potion Belt"},{"floor":26,"key":"Whetstone"},{"floor":26,"key":"Molten Egg 2"},{"floor":29,"key":"Orichalcum"},{"floor":29,"key":"Prayer Wheel"},{"floor":40,"key":"Art of War"},{"floor":40,"key":"White Beast Statue"},{"floor":42,"key":"Girya"},{"floor":42,"key":"Nunchaku"},{"floor":43,"key":"Pen Nib"},{"floor":43,"key":"RobotSpaceExplorer:ToughPlating"}],"event_choices":[{"damage_healed":0,"gold_gain":0,"player_choice":"Take Damage","damage_taken":18,"relics_obtained":["Golden Idol"],"max_hp_gain":0,"max_hp_loss":0,"event_name":"Golden Idol","floor":2,"gold_loss":0},{"damage_healed":0,"gold_gain":175,"player_choice":"AGREE","damage_taken":0,"max_hp_gain":0,"max_hp_loss":0,"event_name":"Liars Game","floor":4,"gold_loss":0,"cards_obtained":["Doubt"]},{"damage_healed":0,"gold_gain":0,"player_choice":"Forge","damage_taken":0,"max_hp_gain":0,"max_hp_loss":0,"event_name":"Accursed Blacksmith","floor":5,"gold_loss":0,"cards_upgraded":["RobotSpaceExplorer:Discharger"]},{"cards_removed":["RobotSpaceExplorer:Strike"],"damage_healed":0,"gold_gain":0,"player_choice":"Card Removal","damage_taken":7,"max_hp_gain":0,"max_hp_loss":0,"event_name":"Golden Wing","floor":13,"gold_loss":0},{"damage_healed":0,"gold_gain":0,"player_choice":"Simplicity","damage_taken":0,"max_hp_gain":0,"max_hp_loss":0,"event_name":"Back to Basics","floor":19,"gold_loss":0,"cards_upgraded":["RobotSpaceExplorer:Strike","RobotSpaceExplorer:Strike","RobotSpaceExplorer:Strike","RobotSpaceExplorer:Defend","RobotSpaceExplorer:Defend","RobotSpaceExplorer:Defend","RobotSpaceExplorer:Defend"]},{"damage_healed":27,"gold_gain":0,"player_choice":"Heal","damage_taken":0,"max_hp_gain":0,"max_hp_loss":0,"event_name":"The Library","floor":20,"gold_loss":0},{"damage_healed":0,"gold_gain":0,"player_choice":"Ignored","damage_taken":0,"max_hp_gain":0,"max_hp_loss":0,"event_name":"SecretPortal","floor":36,"gold_loss":0},{"damage_healed":0,"gold_gain":0,"player_choice":"Paid","damage_taken":0,"relics_obtained":["Red Mask"],"max_hp_gain":0,"max_hp_loss":0,"event_name":"Tomb of Lord Red Mask","floor":47,"gold_loss":138}],"is_beta":false,"boss_relics":[{"not_picked":["Fusion Hammer","Snecko Eye"],"picked":"Black Star"},{"not_picked":["Pandora\u0027s Box","Busted Crown"],"picked":"Philosopher\u0027s Stone"}],"items_purged_floors":[11,30,38],"is_endless":false,"potions_floor_spawned":[3,8,14,22,25,27,28,31,39,40,42,45],"ascension_level":0}}