{"host":"e6rkljqu8jiw0lpc","time":1609313167,"event":{"mods":["Astrologer","Bard","BaseMod","Downfall","Friendly Minions","GifTheSpireLib","HexUI Lib","Hubris","Infinite Spire","Marisa????????","Minty Spire (QoL Compilation)","Replay The Spire","Shop Mod","StSLib","Stuff the Spire","The Bug Knight","The Construct","The Cursed","The Disciple","The Marked","The Mystic","The Necromancer","The Runesmith","The Servant 0.9.4","The Witch"],"gold_per_floor":[117,57,7,23,34,66,66,89,89,116,116,116,135,28,28,125,125,145,156,170,270,287,287,318,318,344,359,370,380,380,395,395,497,497,510,523,535,548,561,596,48,66,66,66,85,85,112,123,123,123],"floor_reached":51,"playtime":6381,"items_purged":["Defend_Witch","Defend_Witch"],"score":1022,"play_id":"ecbbb8ab-c819-4f94-9b94-eba47a4ad679","local_time":"20201230082607","is_ascension_mode":false,"campfire_choices":[{"floor":7,"key":"REST"},{"floor":15,"key":"REST"},{"data":"infinitespire:Punishment","floor":23,"key":"SMITH"},{"floor":32,"key":"DIG"},{"data":"Puncture","floor":44,"key":"SMITH"}],"circlet_count":0,"master_deck":["Strike_Witch","Strike_Witch","Strike_Witch","Defend_Witch","Hexguard","ZombieSpit","BlackShield","Puncture","Malady","NighInvulnerability","BoneCarving","SkullFlask+1","Schadenfreude","Voices","Defend_G","PlagueSpreader","Boline+1","UnnaturalEnergy","UnluckySeven","Puncture+1","astrologer:TheFool","DeliriumForm","expansioncontent:ManipulateTime","infinitespire:Punishment+1","WickedThoughts+1","Harmlessness","Shrooms","Crescendo","TheCursedMod:AntiAging","LockedThread","ReplayUltimateDefense","Runesmith:Permafrost+1","mysticmod:Snowball","sneckomod:UnknownCommonSkill"],"relics":["BlackCat","Blue Doll","Odd Mushroom","ReplayFunnel","Ring of Misfortune","Ring of Fury","hubris:GrandSneckoEye","ChewingGum","ReplayTheSpireMod:SealedPack","hubris:Backtick","StuffTheSpire:Mouthbags","ReplayTheSpireMod:Lightbulb","Simple Rune","PrismaticShard","Mummified Hand","Painkiller Herb","Unceasing Top","construct:RocketBooster","MerchantsRug","hubris:BundleOfHerbs","Garlic","Replay:Kaleidoscope"],"acts_visited":["Exordium","TheCity","TheBeyond"],"potions_floor_usage":[13,16,20,24,33,40],"damage_taken":[{"damage":0,"enemies":"2 Louse","floor":1,"turns":3},{"damage":7,"enemies":"Small Slimes","floor":4,"turns":5},{"damage":0,"enemies":"Cultist","floor":5,"turns":6},{"damage":20,"enemies":"Gremlin Nob","floor":6,"turns":5},{"damage":22,"enemies":"The Mushroom Lair","floor":8,"turns":6},{"damage":10,"enemies":"Lagavulin","floor":10,"turns":9},{"damage":0,"enemies":"Red Slaver","floor":13,"turns":1},{"damage":0,"enemies":"The Guardian","floor":16,"turns":10},{"damage":1,"enemies":"Shell Parasite","floor":18,"turns":3},{"damage":0,"enemies":"Chosen","floor":19,"turns":5},{"damage":0,"enemies":"Centurion and Healer","floor":20,"turns":3},{"damage":0,"enemies":"Snecko","floor":22,"turns":5},{"damage":0,"enemies":"Gremlin Leader","floor":24,"turns":3},{"damage":0,"enemies":"Cultist and Chosen","floor":25,"turns":3},{"damage":0,"enemies":"Centurion and Healer","floor":27,"turns":2},{"damage":0,"enemies":"Snake Plant","floor":28,"turns":2},{"damage":0,"enemies":"Shelled Parasite and Fungi","floor":29,"turns":3},{"damage":0,"enemies":"Sentry and Sphere","floor":31,"turns":2},{"damage":0,"enemies":"Automaton","floor":33,"turns":4},{"damage":0,"enemies":"3 Shapes","floor":35,"turns":2},{"damage":0,"enemies":"3 Darklings","floor":36,"turns":1},{"damage":27,"enemies":"4 Shapes","floor":37,"turns":2},{"damage":0,"enemies":"Transient","floor":38,"turns":5},{"damage":0,"enemies":"Spire Growth","floor":39,"turns":2},{"damage":4,"enemies":"Nightmare","floor":40,"turns":7},{"damage":0,"enemies":"4 Shapes","floor":42,"turns":3},{"damage":0,"enemies":"Jaw Worm Horde","floor":45,"turns":3},{"damage":1,"enemies":"Nemesis","floor":47,"turns":3},{"damage":5,"enemies":"Spire Growth","floor":48,"turns":4},{"damage":0,"enemies":"Donu and Deca","floor":50,"turns":6}],"seed_played":"283731001484122069","potions_obtained":[{"floor":4,"key":"Explosive Potion"},{"floor":5,"key":"Explosive Potion"},{"floor":6,"key":"Block Potion"},{"floor":10,"key":"BlessingOfTheForge"},{"floor":22,"key":"Energy Potion"},{"floor":28,"key":"DuplicationPotion"},{"floor":45,"key":"champ:CounterPotion"}],"is_trial":false,"path_per_floor":["M","$","?","M","M","E","R","?","T","E","?","?","M","$","R","B",null,"M","M","M","?","M","R","E","M","T","M","M","M","AVR","M","R","B",null,"?","?","?","?","?","NM","T","?","T","T","?","T","E","?","T","B",null],"character_chosen":"WITCH","items_purchased":["Puncture","Boline+1","construct:RocketBooster","MerchantsRug","ReplayUltimateDefense"],"campfire_rested":2,"item_purchase_floors":[2,14,41,41,41],"current_hp_per_floor":[73,73,73,66,66,46,67,45,45,35,35,35,35,35,56,56,73,73,73,73,73,73,73,73,73,73,73,73,73,73,73,73,73,73,75,77,53,55,55,53,53,55,55,55,57,57,58,55,55,57],"gold":123,"neow_bonus":"TEN_PERCENT_HP_BONUS","is_daily":false,"chose_seed":false,"campfire_upgraded":2,"win_rate":0.0,"timestamp":1609313167,"path_taken":["M","$","?","M","M","E","R","?","T","E","?","?","?","?","R","BOSS","M","M","M","?","M","R","E","M","T","?","M","M","AVR","M","R","BOSS","?","?","?","?","?","NM","T","?","T","T","?","?","E","?","T","BOSS"],"items_purchased_type":["Card","Card","Relic","Relic","Card"],"build_version":"2020-12-13","purchased_purges":2,"victory":true,"max_hp_per_floor":[73,73,73,73,73,73,73,73,73,73,73,73,73,73,73,73,73,73,73,73,73,73,73,73,73,73,73,73,73,73,73,73,73,73,75,77,77,79,79,81,81,83,83,83,85,85,87,89,89,91],"card_choices":[{"not_picked":["Bewitch","MementoMori"],"picked":"BlackShield","floor":1},{"not_picked":["Puncture","RiteOfWinter"],"picked":"Malady","floor":4},{"not_picked":["SoulBarrier","Pillage"],"picked":"NighInvulnerability","floor":5},{"not_picked":["LivingBomb","BlackBolt"],"picked":"BoneCarving","floor":6},{"not_picked":["GnarledBody","PainBolt"],"picked":"SkullFlask","floor":8},{"not_picked":["Athame","MagicFang"],"picked":"Schadenfreude","floor":10},{"not_picked":["BleedOut","SaltCircle"],"picked":"PlagueSpreader","floor":13},{"not_picked":["Twitch","RustWall"],"picked":"UnnaturalEnergy","floor":16},{"not_picked":["bard:Inspire","Bash"],"picked":"astrologer:TheFool","floor":17},{"not_picked":["Intelligence","RustWall"],"picked":"DeliriumForm","floor":17},{"not_picked":["Bandage Up","hubris:Ssssneak"],"picked":"expansioncontent:ManipulateTime","floor":17},{"not_picked":["infinitespire:Gouge","infinitespire:FinalStrike"],"picked":"infinitespire:Punishment","floor":17},{"not_picked":["SummonOwlFamiliar","KarmaDrain+1"],"picked":"WickedThoughts+1","floor":18},{"not_picked":["WretchedNails+1","PainBolt","Thundercloud"],"picked":"SKIP","floor":19},{"not_picked":["RoilingBarrier","Decrepify","RiteOfWinter"],"picked":"SKIP","floor":20},{"not_picked":["SoulBarrier","BoneCarving+1"],"picked":"Harmlessness","floor":22},{"not_picked":["BlackShield+1","KarmaDrain+1","SummonCatFamiliar"],"picked":"SKIP","floor":24},{"not_picked":["Bewitch","Broomstick"],"picked":"Shrooms","floor":25},{"not_picked":["GhoulTouch","PainBolt","SaltCircle"],"picked":"SKIP","floor":27},{"not_picked":["SummonBatFamiliar+1","MagicFang","Schadenfreude"],"picked":"SKIP","floor":28},{"not_picked":["SaltCircle","Puncture+1","KarmaDrain"],"picked":"SKIP","floor":29},{"not_picked":["Runesmith:RuneHurl","CutThroughFate+1"],"picked":"Crescendo","floor":31},{"not_picked":["Guardian:RevengeProtocol","Guardian:StasisStrike"],"picked":"TheCursedMod:AntiAging","floor":33},{"not_picked":["mysticmod:HeavyStrike","mysticmod:Disengage","HollowMod:SoulSplash"],"picked":"SKIP","floor":35},{"not_picked":["champ:EndlessRage+1","PowerUp","Guardian:EvasiveProtocol"],"picked":"SKIP","floor":36},{"not_picked":["ReplayTheSpireMod:Corrosion Curse","MilkyWay+1","TheCursedMod:RavingStaff"],"picked":"SKIP","floor":37},{"not_picked":["Negative_Energy_Javelin+1","construct:SyphonStrike+1"],"picked":"LockedThread","floor":38},{"not_picked":["mysticmod:BladedDash+1","construct:ModeShift+1","TheCursedMod:Obscuration"],"picked":"SKIP","floor":39},{"not_picked":["ThirdEye","Clash+1","Sanctity+1"],"picked":"SKIP","floor":40},{"not_picked":["champ:BerserkersShout+1","Slimebound:GrowthPunch+1"],"picked":"Runesmith:Permafrost+1","floor":42},{"not_picked":["Revamp+1","Slimebound:SplitLeeching","Headbutt"],"picked":"SKIP","floor":45},{"not_picked":["DoubleSpark+1","construct:Synchronize+1"],"picked":"mysticmod:Snowball","floor":47},{"not_picked":["champ:MurderStrike","astrologer:Confirmation+1"],"picked":"sneckomod:UnknownCommonSkill","floor":48}],"player_experience":17641,"relics_obtained":[{"floor":6,"key":"Blue Doll"},{"floor":8,"key":"Odd Mushroom"},{"floor":9,"key":"ReplayFunnel"},{"floor":10,"key":"HollowMod:PaleOreRelic"},{"floor":11,"key":"Ring of Misfortune"},{"floor":11,"key":"Ring of Fury"},{"floor":24,"key":"ReplayTheSpireMod:Lightbulb"},{"floor":26,"key":"Simple Rune"},{"floor":32,"key":"Mummified Hand"},{"floor":40,"key":"Unceasing Top"},{"floor":43,"key":"hubris:BundleOfHerbs"},{"floor":46,"key":"Garlic"},{"floor":47,"key":"Replay:Kaleidoscope"}],"event_choices":[{"cards_removed":["Strike_Witch"],"damage_healed":0,"gold_gain":0,"player_choice":"Card Removal","damage_taken":0,"max_hp_gain":0,"max_hp_loss":0,"event_name":"The Cleric","floor":3,"gold_loss":50},{"damage_healed":0,"gold_gain":0,"player_choice":"Fought Mushrooms","damage_taken":0,"max_hp_gain":0,"max_hp_loss":0,"event_name":"Mushrooms","floor":8,"gold_loss":0},{"cards_removed":["Defend_Witch"],"damage_healed":0,"gold_gain":0,"player_choice":"Took Card","damage_taken":0,"max_hp_gain":0,"max_hp_loss":0,"event_name":"NoteForYourself","floor":12,"gold_loss":0,"cards_obtained":["Defend_G"]},{"damage_healed":0,"gold_gain":100,"player_choice":"Pray","damage_taken":0,"max_hp_gain":0,"max_hp_loss":0,"event_name":"Golden Shrine","floor":21,"gold_loss":0}],"is_beta":false,"boss_relics":[{"not_picked":["Replay:Bronze Core","hubris:CrackedHourglass"],"picked":"Replay:Grab Bag"},{"not_picked":["hubris:RunicObelisk","hubris:TerracottaHorce"],"picked":"hubris:GrandSneckoEye"},{"not_picked":["StuffTheSpire:ModemDavis","Sozu"],"picked":"ChewingGum"},{"not_picked":["construct:ClawGrip","hubris:HollowSoul"],"picked":"ReplayTheSpireMod:SealedPack"},{"not_picked":["Snecko Eye","StuffTheSpire:Kangaroo"],"picked":"hubris:Backtick"},{"not_picked":["hubris:VirtuousBlindfold","ReplayTheSpireMod:DimensionalGlitch"],"picked":"Painkiller Herb"}],"items_purged_floors":[30,41],"is_endless":false,"potions_floor_spawned":[4,5,6,10,18,22,24,27,28,31,36,39,45,47],"ascension_level":0}}