{"host":"ab3ipg3fqe03b2ex","time":1609347673,"event":{"mods":["AchievementEnabler","BaseMod","Colored Powertips","Minty Spire (QoL Compilation)","MostiFishMod","Quick Restart","Shop Mod","StSLib","Uncapped","【功能Mod】Neow奖励","【功能Mod】精心准备"],"gold_per_floor":[117,133,145,162,162,190,200,231,254,264,298,315,315,349,349,445,445,458,408,82,99,99,99,125,125,125,136,136,148,160,17,17,113,113,124,135,153,165,65,96,96,96,96,112,112,112,141,154,154,154],"floor_reached":51,"playtime":949,"items_purged":["Pain","Defend_P"],"score":1262,"play_id":"e31ec42a-2ec7-49b1-8868-153065d064a6","local_time":"20201231010113","is_ascension_mode":true,"campfire_choices":[{"data":"Tantrum","floor":13.0,"key":"SMITH"},{"data":"Eruption","floor":15.0,"key":"SMITH"},{"data":"BowlingBash","floor":23.0,"key":"SMITH"},{"data":"FlyingSleeves","floor":25.0,"key":"SMITH"},{"data":"Strike_P","floor":28.0,"key":"SMITH"},{"data":"Strike_P","floor":32.0,"key":"SMITH"},{"data":"Ragnarok","floor":41.0,"key":"SMITH"},{"data":"Strike_P","floor":45,"key":"SMITH"},{"data":"Vigilance","floor":49,"key":"SMITH"}],"circlet_count":0,"master_deck":["Strike_P+1","Strike_P+1","Strike_P+1","Strike_P+1","Defend_P+1","Defend_P+1","Eruption+1","Vigilance+1","FearNoEvil+1","Tantrum+1","FlyingSleeves+1","BowlingBash+1","Clumsy","Ragnarok+1"],"relics":["ShadowXiaoBlade","ChiXiaoBlade","Cursed Key","SynthV:TestCard","InkBottle","Matryoshka","MealTicket","War Paint","Whetstone","FossilizedHelix","SlaversCollar","Frozen Egg 2","Blood Vial","PreservedInsect","Letter Opener","Bronze Scales","PatriotShield","Juzu Bracelet","HornCleat"],"acts_visited":["Exordium","TheCity","TheBeyond"],"potions_floor_usage":[50],"damage_taken":[{"damage":0.0,"enemies":"Cultist","floor":1.0,"turns":1.0},{"damage":0.0,"enemies":"2 Louse","floor":2.0,"turns":1.0},{"damage":0.0,"enemies":"Small Slimes","floor":3.0,"turns":1.0},{"damage":0.0,"enemies":"Exordium Thugs","floor":4.0,"turns":2.0},{"damage":0.0,"enemies":"3 Sentries","floor":6.0,"turns":2.0},{"damage":2.0,"enemies":"Lots of Slimes","floor":7.0,"turns":2.0},{"damage":0.0,"enemies":"Lagavulin","floor":8.0,"turns":2.0},{"damage":3.0,"enemies":"Exordium Wildlife","floor":10.0,"turns":2.0},{"damage":0.0,"enemies":"3 Sentries","floor":11.0,"turns":2.0},{"damage":4.0,"enemies":"2 Fungi Beasts","floor":12.0,"turns":2.0},{"damage":0.0,"enemies":"Lagavulin","floor":14.0,"turns":1.0},{"damage":17.0,"enemies":"The Guardian","floor":16.0,"turns":3.0},{"damage":9.0,"enemies":"2 Thieves","floor":18.0,"turns":2.0},{"damage":0.0,"enemies":"Chosen","floor":21.0,"turns":1.0},{"damage":0.0,"enemies":"Slavers","floor":24.0,"turns":1.0},{"damage":0.0,"enemies":"Centurion and Healer","floor":27.0,"turns":2.0},{"damage":0.0,"enemies":"Snecko","floor":29.0,"turns":1.0},{"damage":0.0,"enemies":"Cultist and Chosen","floor":30.0,"turns":1.0},{"damage":0.0,"enemies":"Automaton","floor":33.0,"turns":2.0},{"damage":0.0,"enemies":"3 Darklings","floor":35.0,"turns":1.0},{"damage":0.0,"enemies":"Orb Walker","floor":36.0,"turns":1.0},{"damage":0.0,"enemies":"Spire Growth","floor":37.0,"turns":1.0},{"damage":0.0,"enemies":"Jaw Worm Horde","floor":38.0,"turns":1.0},{"damage":0.0,"enemies":"Giant Head","floor":40.0,"turns":1.0},{"damage":0,"enemies":"Writhing Mass","floor":44,"turns":1},{"damage":0,"enemies":"Reptomancer","floor":47,"turns":1},{"damage":0,"enemies":"Sphere and 2 Shapes","floor":48,"turns":1},{"damage":0,"enemies":"Donu and Deca","floor":50,"turns":1}],"seed_played":"7311179784929495935","potions_obtained":[{"floor":1.0,"key":"SkillPotion"},{"floor":6.0,"key":"Weak Potion"},{"floor":10.0,"key":"AttackPotion"},{"floor":29.0,"key":"Ambrosia"}],"is_trial":false,"path_per_floor":["M","M","M","M","$","E","M","E","T","M","E","M","R","E","R","B",null,"M","?","$","M","?","R","E","R","T","M","R","M","M","$","R","B",null,"M","M","M","M","$","E","R","$","T","M","R","?","E","M","R","B",null],"character_chosen":"WATCHER","items_purchased":["Frozen Egg 2","Bronze Scales"],"campfire_rested":0,"item_purchase_floors":[20,31],"current_hp_per_floor":[72,72,72,72,72,72,70,70,70,67,67,63,63,63,63,46,72,63,63,72,72,72,72,72,72,72,72,72,72,72,72,72,72,72,72,72,72,72,72,72,72,72,72,72,72,72,72,72,72,72],"gold":154,"neow_bonus":"BOSS_RELIC","is_daily":false,"chose_seed":false,"campfire_upgraded":9,"win_rate":0.0,"timestamp":1609347673,"path_taken":["M","M","M","M","?","E","M","E","T","M","E","M","R","E","R","BOSS","M","?","$","?","?","R","E","R","T","M","R","?","M","?","R","BOSS","M","M","M","M","$","E","R","?","T","M","R","?","E","M","R","BOSS"],"items_purchased_type":["Relic","Relic"],"build_version":"2020-12-22","purchased_purges":2,"victory":true,"max_hp_per_floor":[72,72,72,72,72,72,72,72,72,72,72,72,72,72,72,72,72,72,72,72,72,72,72,72,72,72,72,72,72,72,72,72,72,72,72,72,72,72,72,72,72,72,72,72,72,72,72,72,72,72],"card_choices":[{"not_picked":["Collect","FollowUp","EmptyBody"],"picked":"SKIP","floor":1.0},{"not_picked":["CrushJoints","MostiFishMod:PathToVictory","Consecrate","WheelKick","Protect"],"picked":"SKIP","floor":2.0},{"not_picked":["EmptyBody","Conclude","Evaluate","JustLucky","ThirdEye"],"picked":"SKIP","floor":3.0},{"not_picked":["MostiFishMod:Clarity","EmptyBody","JustLucky","ForeignInfluence","FollowUp"],"picked":"SKIP","floor":4.0},{"not_picked":["Prostrate","Weave","Evaluate","EmptyBody","Establishment"],"picked":"SKIP","floor":6.0},{"not_picked":["Evaluate","MostiFishMod:Speedup","FlurryOfBlows","EmptyMind","Consecrate"],"picked":"SKIP","floor":7.0},{"not_picked":["Evaluate","EmptyMind","ForeignInfluence","Halt","SignatureMove"],"picked":"SKIP","floor":8.0},{"not_picked":["FollowUp","Crescendo","WindmillStrike","Prostrate"],"picked":"FearNoEvil","floor":10.0},{"not_picked":["Evaluate","LikeWater","Perseverance","FlurryOfBlows","JustLucky"],"picked":"SKIP","floor":11.0},{"not_picked":["CutThroughFate","Meditate","EmptyMind","Adaptation"],"picked":"Tantrum","floor":12.0},{"not_picked":["FlurryOfBlows","Vault","WreathOfFlame","MentalFortress","ForeignInfluence"],"picked":"SKIP","floor":14.0},{"not_picked":["Perseverance","EmptyFist+1","Crescendo","TalkToTheHand"],"picked":"FlyingSleeves","floor":18.0},{"not_picked":["Prostrate+1","Crescendo+1","CutThroughFate","Halt+1"],"picked":"BowlingBash","floor":21.0},{"not_picked":["CrushJoints+1","MostiFishMod:Nomercy+1","FlurryOfBlows","ReachHeaven","Establishment+1"],"picked":"SKIP","floor":24.0},{"not_picked":["Perseverance","SashWhip","JustLucky","WheelKick+1","CrushJoints+1"],"picked":"SKIP","floor":27.0},{"not_picked":["FlyingSleeves+1","CutThroughFate","Collect","DeceiveReality+1","BowlingBash"],"picked":"SKIP","floor":29.0},{"not_picked":["ClearTheMind","FlyingSleeves","TalkToTheHand+1","BowlingBash","WheelKick"],"picked":"SKIP","floor":30.0},{"not_picked":["Establishment+1","DevaForm+1","MostiFishMod:Disappear","MostiFishMod:CyberBuddha"],"picked":"Ragnarok","floor":33.0},{"not_picked":["ReachHeaven+1","Wallop","CrushJoints+1","Prostrate+1","ThirdEye+1"],"picked":"SKIP","floor":35.0},{"not_picked":["CutThroughFate+1","FollowUp","ThirdEye","BowlingBash+1","InnerPeace+1"],"picked":"SKIP","floor":36.0},{"not_picked":["Consecrate","Evaluate","Crescendo+1","DeceiveReality","Weave"],"picked":"SKIP","floor":37.0},{"not_picked":["Meditate","Weave+1","Worship+1","MostiFishMod:Nomercy+1","Consecrate"],"picked":"SKIP","floor":38.0},{"not_picked":["MostiFishMod:Moonprays","Consecrate+1","MostiFishMod:Dust+1","Tantrum+1","Pray+1"],"picked":"SKIP","floor":40.0},{"not_picked":["Halt+1","Prostrate+1","SandsOfTime","ClearTheMind+1","JustLucky"],"picked":"SKIP","floor":44},{"not_picked":["CutThroughFate","EmptyMind","FlyingSleeves","MostiFishMod:LegendTransform+1","Meditate+1"],"picked":"SKIP","floor":47},{"not_picked":["BowlingBash+1","TalkToTheHand+1","ClearTheMind+1","Consecrate","PathToVictory"],"picked":"SKIP","floor":48}],"player_experience":29196,"relics_obtained":[{"floor":1.0,"key":"SynthV:TestCard"},{"floor":6.0,"key":"InkBottle"},{"floor":8.0,"key":"Matryoshka"},{"floor":9.0,"key":"MealTicket"},{"floor":9.0,"key":"War Paint"},{"floor":11.0,"key":"Whetstone"},{"floor":14.0,"key":"FossilizedHelix"},{"floor":24.0,"key":"Blood Vial"},{"floor":26.0,"key":"PreservedInsect"},{"floor":26.0,"key":"Letter Opener"},{"floor":40.0,"key":"Juzu Bracelet"},{"floor":47,"key":"HornCleat"}],"event_choices":[{"damage_healed":0.0,"max_hp_gain":0.0,"max_hp_loss":0.0,"gold_gain":0.0,"event_name":"The Joust","player_choice":"Bet on Murderer","floor":19.0,"gold_loss":50.0,"damage_taken":0.0},{"cards_removed":["Defend_P"],"damage_healed":0.0,"max_hp_gain":0.0,"max_hp_loss":0.0,"gold_gain":0.0,"event_name":"Bonfire Elementals","player_choice":"Offered Basic","floor":22.0,"gold_loss":0.0,"damage_taken":0.0},{"damage_healed":0,"gold_gain":0,"player_choice":"Memory 1","damage_taken":0,"max_hp_gain":0,"max_hp_loss":0,"event_name":"SensoryStone","floor":46,"gold_loss":0}],"is_beta":false,"boss_relics":[{"not_picked":["Runic Pyramid","TakeMeEscape"],"picked":"SlaversCollar"},{"not_picked":["Pandora\u0027s Box","FixedStarFall"],"picked":"PatriotShield"}],"items_purged_floors":[20,39],"is_endless":false,"potions_floor_spawned":[1,6,10,12,27,29,30,37,38,40],"ascension_level":2}}