{"host":"5jzx1090woovszu4","time":1609297393,"event":{"mods":["BaseMod","Minty Spire (QoL Compilation)","Shade Mod","Spicy Shops","StSLib","The Bug Knight"],"gold_per_floor":[114,129,144,159,174,174,189,189,189,219,234,264,264,45,45,145,145,160,75,75,90,105,105,120,135,135,165,195,195,225,240,240,340,340,355,355,55,55,70,70,85,85,85,85,115,145,145,175,175,184],"floor_reached":51,"playtime":2608,"items_purged":[],"score":1132,"play_id":"7e5eca8f-2208-415f-8f33-767fdc612ee6","local_time":"20201230040313","daily_mods":["Cursed Run","ControlledChaos","DeadlyEvents"],"is_ascension_mode":false,"campfire_choices":[{"data":"Shade:ExtraLimbs","floor":6,"key":"SMITH"},{"data":"Shade:Premonition","floor":8,"key":"SMITH"},{"floor":15,"key":"REST"},{"data":"Shade:GreaterAnimation","floor":23,"key":"SMITH"},{"data":"Shade:PotionOfRestlessness","floor":29,"key":"SMITH"},{"floor":32,"key":"REST"},{"data":"Shade:SpectralStrikes","floor":40,"key":"SMITH"},{"data":"Shade:UnbarTheGrave","floor":42,"key":"SMITH"},{"data":"Shade:AnimateDead","floor":44,"key":"SMITH"},{"data":"Shade:ExtraLimbs","floor":49,"key":"SMITH"}],"circlet_count":0,"master_deck":["Shade:Strike_Shade","Shade:Strike_Shade","Shade:Strike_Shade","Shade:Strike_Shade","Shade:Defend_Shade","Shade:Defend_Shade","Shade:Defend_Shade","Shade:Defend_Shade","Shade:AnimateDead+1","Shade:CarefulCut","Shade:ExtraLimbs+1","Shade:Premonition+1","Shade:FreshBones","Shade:ExtraLimbs+1","Shade:FuneraryArmor","Shade:GreaterAnimation+1","Shade:PotionOfRestlessness+1","Regret","Shade:UnbarTheGrave+1","Shade:ExtraLimbs+1","Shade:ExtraLimbs+1","Shade:SpectralStrikes+1","Clumsy","Shade:SelfBurial+1","Shade:FreshBones+1","Regret","Shade:Tombstone+1","Shade:DangerousRitual+1","Master of Strategy+1","Bandage Up+1","Madness+1","Madness+1","Shade:CallWraith+1","Normality","Pain"],"relics":["Cursed Key","Darkstone Periapt","Du-Vu Doll","Frozen Eye","Ice Cream","Molten Egg 2","Question Card","Vajra","SacredBark","Pear","Eternal Feather","Toxic Egg 2","StrikeDummy","Akabeko","Philosopher\u0027s Stone","Dead Branch","HollowMod:StagPassRelic","Orichalcum","CeramicFish","Strawberry"],"acts_visited":["Exordium","TheCity","TheBeyond"],"potions_floor_usage":[10,10,16,21,27,30,45,50,50],"damage_taken":[{"damage":0,"enemies":"Cultist","floor":1,"turns":2},{"damage":1,"enemies":"Small Slimes","floor":2,"turns":2},{"damage":0,"enemies":"Jaw Worm","floor":3,"turns":2},{"damage":4,"enemies":"Red Slaver","floor":4,"turns":2},{"damage":19,"enemies":"3 Louse","floor":5,"turns":2},{"damage":4,"enemies":"2 Fungi Beasts","floor":7,"turns":3},{"damage":16,"enemies":"Gremlin Nob","floor":10,"turns":3},{"damage":0,"enemies":"Looter","floor":11,"turns":2},{"damage":0,"enemies":"HollowMod:MossKnight","floor":12,"turns":4},{"damage":0,"enemies":"The Guardian","floor":16,"turns":6},{"damage":5,"enemies":"Shell Parasite","floor":18,"turns":4},{"damage":15,"enemies":"3 Byrds","floor":21,"turns":3},{"damage":17,"enemies":"Snecko","floor":22,"turns":4},{"damage":2,"enemies":"Sentry and Sphere","floor":24,"turns":3},{"damage":19,"enemies":"Snake Plant","floor":25,"turns":4},{"damage":21,"enemies":"HollowMod:Nosk","floor":27,"turns":9},{"damage":12,"enemies":"Gremlin Leader","floor":28,"turns":5},{"damage":13,"enemies":"Book of Stabbing","floor":30,"turns":4},{"damage":6,"enemies":"Snecko","floor":31,"turns":3},{"damage":49,"enemies":"Automaton","floor":33,"turns":9},{"damage":1,"enemies":"3 Darklings","floor":35,"turns":3},{"damage":0,"enemies":"3 Shapes","floor":39,"turns":2},{"damage":5,"enemies":"Jaw Worm Horde","floor":41,"turns":2},{"damage":18,"enemies":"Nemesis","floor":45,"turns":3},{"damage":2,"enemies":"Giant Head","floor":46,"turns":6},{"damage":19,"enemies":"Reptomancer","floor":48,"turns":4},{"damage":44,"enemies":"Donu and Deca","floor":50,"turns":5}],"seed_played":"9091901603564859836","potions_obtained":[{"floor":4,"key":"Regen Potion"},{"floor":5,"key":"Energy Potion"},{"floor":7,"key":"GamblersBrew"},{"floor":10,"key":"EssenceOfSteel"},{"floor":21,"key":"Swift Potion"},{"floor":24,"key":"SpeedPotion"},{"floor":25,"key":"Regen Potion"},{"floor":33,"key":"DistilledChaos"},{"floor":45,"key":"FairyPotion"},{"floor":46,"key":"PowerPotion"},{"floor":48,"key":"BlessingOfTheForge"}],"is_trial":false,"path_per_floor":["M","M","M","M","M","R","M","R","T","E","M","E","?","$","R","B",null,"M","?","?","M","M","R","M","M","T","E","E","R","E","M","R","B",null,"M","?","$","?","M","R","M","R","T","R","E","E","?","E","R","B",null],"character_chosen":"SHADE","items_purchased":["Shade:PotionOfRestlessness","Vajra","Dead Branch"],"campfire_rested":2,"item_purchase_floors":[14,14,37],"current_hp_per_floor":[65,64,64,60,41,41,37,37,43,36,36,36,36,36,57,63,77,72,82,82,67,50,50,48,29,35,63,51,66,53,47,89,46,99,98,88,88,76,76,94,89,99,105,105,92,96,96,90,108,76],"gold":184,"neow_bonus":"","is_daily":true,"chose_seed":false,"campfire_upgraded":8,"win_rate":0.0,"timestamp":1609297393,"path_taken":["M","M","?","?","M","R","M","R","T","?","M","E","?","$","R","BOSS","M","?","?","M","M","R","?","M","T","?","E","R","E","M","R","BOSS","M","?","$","?","M","R","?","R","T","R","?","E","?","E","R","BOSS"],"items_purchased_type":["Card","Relic","Relic"],"build_version":"2020-12-22","purchased_purges":0,"victory":true,"max_hp_per_floor":[65,65,65,65,65,65,65,65,71,71,71,71,71,71,71,77,77,77,87,87,87,87,87,87,87,93,93,93,93,93,93,93,99,99,99,99,99,99,99,99,99,99,105,105,105,105,105,112,112,118],"card_choices":[{"not_picked":["Shade:WallOfFlesh","Shade:Frenzy"],"picked":"Shade:ExtraLimbs","floor":1},{"not_picked":["Shade:Brains","Shade:Excise"],"picked":"Shade:Premonition","floor":2},{"not_picked":["Shade:RitualOffering","Shade:FleshLikeOak"],"picked":"Shade:FreshBones","floor":3},{"not_picked":["Shade:GreyBargain","Shade:Brains"],"picked":"Shade:ExtraLimbs","floor":4},{"not_picked":["Shade:SensePrey","Shade:DangerousRitual"],"picked":"Shade:ClawBack","floor":5},{"not_picked":["Shade:ClawBack","Shade:Brains"],"picked":"Shade:FuneraryArmor","floor":7},{"not_picked":["Shade:OpenGraves","Shade:FleshToFlesh"],"picked":"Shade:GreaterAnimation","floor":10},{"not_picked":["Shade:FreshBones","Shade:Bonestorm+1","Shade:CommandSoldier"],"picked":"SKIP","floor":11},{"not_picked":["Shade:AuraOfUnlife","Shade:RavenousHorde","Shade:MadHubris"],"picked":"SKIP","floor":12},{"not_picked":["Shade:OfferingToTheBeyond","Shade:SoulPierce","Shade:OminousRitual+1"],"picked":"Shade:UnbarTheGrave","floor":16},{"not_picked":["Shade:Bite_Shade+1","Shade:BoneShards+1","Shade:Trample+1","Shade:FeralStrike+1"],"picked":"SKIP","floor":18},{"not_picked":["Shade:FeralStrike+1","Shade:Trample+1","Shade:BoneShards+1","Shade:LoseControl"],"picked":"SKIP","floor":21},{"not_picked":["Shade:FleshLikeOak","Shade:CommandSoldier","Shade:CoffinDance+1"],"picked":"Shade:ExtraLimbs+1","floor":22},{"not_picked":["Shade:Patience","Shade:PressTheAttack+1","Shade:Premonition"],"picked":"Shade:ExtraLimbs+1","floor":24},{"not_picked":["Shade:WallOfFlesh","Shade:SoulPierce","Shade:Brains+1"],"picked":"Shade:SpectralStrikes","floor":25},{"not_picked":["Shade:Bonestorm+1","Shade:ClawBack+1","Shade:SkeletonHug+1"],"picked":"Shade:SelfBurial+1","floor":27},{"not_picked":["Shade:ClawBack+1","Shade:FleshToFlesh+1","Shade:PoundOfFlesh+1","Shade:LoseControl+1"],"picked":"SKIP","floor":28},{"not_picked":["Shade:AblativeArmor+1","Shade:CommandSoldier+1","Shade:SoulPierce","Shade:SanguineRitual+1"],"picked":"SKIP","floor":30},{"not_picked":["Shade:FleshToFlesh+1","Shade:LyeBath+1","Shade:Haruspicy+1"],"picked":"Shade:FreshBones+1","floor":31},{"not_picked":["Shade:Putrefaction","Shade:SoulPierce","Shade:GreaterAnimation"],"picked":"Shade:Tombstone+1","floor":33},{"not_picked":["Shade:OpenGraves","Shade:CoffinDance+1","Shade:Haruspicy+1"],"picked":"Shade:DangerousRitual+1","floor":35},{"not_picked":["Dark Shackles+1","Mayhem","Mind Blast+1"],"picked":"Master of Strategy+1","floor":36},{"not_picked":["Master of Strategy+1","Chrysalis+1","Finesse+1"],"picked":"Bandage Up+1","floor":36},{"not_picked":["Shade:Excise+1","Shade:Brains+1","Shade:PressTheAttack+1"],"picked":"Shade:CallWraith+1","floor":39},{"not_picked":["Shade:ClawBack+1","Shade:PressTheAttack+1","Shade:Awaken+1","Shade:FeralStrike+1"],"picked":"SKIP","floor":41},{"not_picked":["Shade:AuraOfUnlife","Shade:FeralStrike+1","Shade:Haruspicy+1","Shade:Bite_Shade+1"],"picked":"SKIP","floor":45},{"not_picked":["Shade:GreyBargain+1","Shade:Bonestorm+1","Shade:PressTheAttack+1","Shade:Doomsay+1"],"picked":"SKIP","floor":46},{"not_picked":["Shade:PressTheAttack+1","Shade:Frenzy+1","Shade:FuneraryArmor+1","Shade:FingerOfDeath+1"],"picked":"SKIP","floor":48}],"player_experience":634252,"relics_obtained":[{"floor":9,"key":"Ice Cream"},{"floor":10,"key":"Molten Egg 2"},{"floor":12,"key":"Question Card"},{"floor":26,"key":"Eternal Feather"},{"floor":27,"key":"Toxic Egg 2"},{"floor":28,"key":"StrikeDummy"},{"floor":30,"key":"Akabeko"},{"floor":43,"key":"HollowMod:StagPassRelic"},{"floor":45,"key":"Orichalcum"},{"floor":46,"key":"CeramicFish"},{"floor":48,"key":"Strawberry"}],"event_choices":[{"cards_removed":["Normality"],"damage_healed":0,"gold_gain":0,"player_choice":"Card Removal","damage_taken":0,"max_hp_gain":0,"max_hp_loss":0,"event_name":"Wheel of Change","floor":13,"gold_loss":0},{"damage_healed":0,"gold_gain":0,"player_choice":"Obtained Relic","damage_taken":0,"relics_obtained":["Pear"],"max_hp_gain":0,"max_hp_loss":0,"event_name":"Addict","floor":19,"gold_loss":85},{"damage_healed":0,"gold_gain":0,"player_choice":"Ignored","damage_taken":0,"max_hp_gain":0,"max_hp_loss":0,"event_name":"Ghosts","floor":20,"gold_loss":0},{"damage_healed":0,"gold_gain":0,"player_choice":"Memory 3","damage_taken":10,"max_hp_gain":0,"max_hp_loss":0,"event_name":"SensoryStone","floor":36,"gold_loss":0},{"damage_healed":0,"gold_gain":0,"player_choice":"Embrace Madness","damage_taken":12,"max_hp_gain":0,"max_hp_loss":0,"event_name":"Winding Halls","floor":38,"gold_loss":0,"cards_obtained":["Madness","Madness"]},{"cards_removed":["Shade:ClawBack"],"damage_healed":0,"gold_gain":0,"player_choice":"Removed Attack","damage_taken":0,"max_hp_gain":0,"max_hp_loss":0,"event_name":"Falling","floor":47,"gold_loss":0}],"is_beta":false,"boss_relics":[{"not_picked":["Sozu","Runic Dome"],"picked":"SacredBark"},{"not_picked":["Empty Cage","Velvet Choker"],"picked":"Philosopher\u0027s Stone"}],"items_purged_floors":[],"is_endless":false,"potions_floor_spawned":[4,5,7,10,21,24,25,33,45,46,48],"ascension_level":0}}