{"host":"uonldg9uriwfhjjx","time":1609297989,"event":{"mods":["AchievementEnabler","BaseMod","Minty Spire (QoL Compilation)","Relic Stats"],"gold_per_floor":[119,46,66,66,80,80,94,108,133,164,164,180,206,206,206,306,306,318,318,198,198,221,247,247,162,216,230,265,49,49,63,63,158,158,177,31,47,47,74,106,106,132,132,145,145,66,96,114,114,114],"floor_reached":51,"playtime":5602,"items_purged":["Strike_P"],"score":1033,"play_id":"4c8bcd00-4c6b-4bfc-a787-ef15151d866a","local_time":"20201229221309","is_ascension_mode":true,"campfire_choices":[{"data":"Perseverance","floor":6.0,"key":"SMITH"},{"data":"WindmillStrike","floor":11.0,"key":"SMITH"},{"data":"Eruption","floor":15.0,"key":"SMITH"},{"data":"Prostrate","floor":24,"key":"SMITH"},{"floor":32,"key":"REST"},{"data":"LikeWater","floor":41,"key":"SMITH"},{"floor":49,"key":"DIG"}],"circlet_count":0,"master_deck":["Strike_P","Defend_P+1","Defend_P+1","Defend_P","Eruption+1","Vigilance","BattleHymn","Perseverance+1","FollowUp","LikeWater","ClearTheMind","WindmillStrike+1","Prostrate+1","MasterReality","BowlingBash+1","Vault+1","Sanctity+1","Crescendo","Evaluate","ClearTheMind+1","Prostrate","LikeWater+1","Omniscience","Omniscience","Madness","Madness","Pray"],"relics":["PureWater","Blood Vial","PreservedInsect","Potion Belt","Tiny Chest","Shovel","Astrolabe","Bag of Preparation","Blue Candle","Bag of Marbles","Orichalcum","Omamori","MealTicket","Nunchaku","Busted Crown","DollysMirror","StoneCalendar","Anchor","Ginger","Singing Bowl","HornCleat","Happy Flower","Damaru"],"acts_visited":["Exordium","TheCity","TheBeyond"],"potions_floor_usage":[23,28,50,50,50,50],"damage_taken":[{"damage":1.0,"enemies":"Cultist","floor":1.0,"turns":4.0},{"damage":2.0,"enemies":"2 Louse","floor":3.0,"turns":4.0},{"damage":2.0,"enemies":"Jaw Worm","floor":5.0,"turns":3.0},{"damage":11.0,"enemies":"3 Louse","floor":7.0,"turns":3.0},{"damage":1.0,"enemies":"Blue Slaver","floor":8.0,"turns":4.0},{"damage":5.0,"enemies":"3 Sentries","floor":10.0,"turns":4.0},{"damage":2.0,"enemies":"2 Fungi Beasts","floor":12.0,"turns":3.0},{"damage":2.0,"enemies":"Gremlin Nob","floor":13.0,"turns":3.0},{"damage":3.0,"enemies":"Hexaghost","floor":16.0,"turns":9.0},{"damage":5.0,"enemies":"Spheric Guardian","floor":18.0,"turns":6.0},{"damage":8,"enemies":"Book of Stabbing","floor":23,"turns":6},{"damage":10,"enemies":"Shell Parasite","floor":27,"turns":5},{"damage":0,"enemies":"Gremlin Leader","floor":28,"turns":3},{"damage":14,"enemies":"Snake Plant","floor":31,"turns":5},{"damage":35,"enemies":"Automaton","floor":33,"turns":8},{"damage":0,"enemies":"3 Shapes","floor":35,"turns":4},{"damage":16,"enemies":"3 Darklings","floor":37,"turns":7},{"damage":0,"enemies":"Nemesis","floor":40,"turns":5},{"damage":15,"enemies":"Reptomancer","floor":42,"turns":5},{"damage":6,"enemies":"Jaw Worm Horde","floor":44,"turns":4},{"damage":0,"enemies":"Nemesis","floor":47,"turns":7},{"damage":0,"enemies":"Maw","floor":48,"turns":7},{"damage":38,"enemies":"Donu and Deca","floor":50,"turns":8}],"seed_played":"5539954343186447834","potions_obtained":[{"floor":8.0,"key":"AttackPotion"},{"floor":12.0,"key":"DistilledChaos"},{"floor":13.0,"key":"PowerPotion"},{"floor":16.0,"key":"Fruit Juice"},{"floor":18.0,"key":"SpeedPotion"},{"floor":31,"key":"Dexterity Potion"},{"floor":33,"key":"Strength Potion"},{"floor":35,"key":"EssenceOfSteel"},{"floor":44,"key":"LiquidBronze"}],"is_trial":false,"path_per_floor":["M","$","M","?","M","R","M","M","T","E","R","M","E","T","R","B",null,"M","?","$","?","T","E","R","?","T","M","E","$","?","M","R","B",null,"M","$","M","?","T","E","R","E","T","M","?","$","E","M","R","B",null],"character_chosen":"WATCHER","items_purchased":["BattleHymn","Evaluate","LikeWater","MealTicket","DollysMirror","Pray"],"campfire_rested":1,"item_purchase_floors":[2,20,29,29,36,46],"current_hp_per_floor":[71,71,70,56,56,56,47,48,48,45,45,45,45,45,45,44,65,67,67,67,53,53,47,47,47,47,39,41,41,41,29,53,20,67,69,82,66,66,66,68,68,57,57,55,44,59,63,67,67,31],"gold":114,"neow_bonus":"RANDOM_COMMON_RELIC","is_daily":false,"chose_seed":false,"campfire_upgraded":5,"win_rate":0.0,"timestamp":1609297989,"path_taken":["M","?","M","?","M","R","M","M","T","E","R","M","E","?","R","BOSS","M","?","$","?","?","E","R","?","T","M","E","$","?","M","R","BOSS","M","$","M","?","?","E","R","E","T","M","?","?","E","M","R","BOSS"],"items_purchased_type":["Card","Card","Card","Relic","Relic","Card"],"build_version":"2020-12-22","purchased_purges":1,"victory":true,"max_hp_per_floor":[72,72,72,72,72,72,72,72,72,72,72,72,72,72,72,72,72,77,77,77,82,82,82,82,82,82,82,82,82,82,82,82,82,82,82,82,82,82,82,82,82,84,84,86,86,86,88,90,90,90],"relic_stats":{"Singing Bowl":8,"Happy Flower":[5],"counters":[23,117],"Astrolabe":["BowlingBash","Vault","Sanctity"],"Blue Candle":[0],"StoneCalendar":[52],"PreservedInsect":294,"Bag of Preparation":[26],"Ginger":[4],"Orichalcum":[48],"Blood Vial":41,"Nunchaku":[11],"Shovel":1,"Busted Crown":14,"Tiny Chest":2,"MealTicket":28,"obtain_stats":[{"Potion Belt":10,"Singing Bowl":42,"Happy Flower":47,"Astrolabe":17,"Blue Candle":23,"Damaru":49,"StoneCalendar":38,"PreservedInsect":9,"Bag of Preparation":22,"Omamori":28,"Ginger":40,"Orichalcum":26,"Blood Vial":0,"Nunchaku":30,"Anchor":39,"Shovel":14,"Busted Crown":34,"HornCleat":43,"DollysMirror":36,"Tiny Chest":13,"MealTicket":29,"Bag of Marbles":25,"PureWater":0},{"Potion Belt":6,"Singing Bowl":19,"Happy Flower":21,"Astrolabe":9,"Blue Candle":11,"Damaru":22,"StoneCalendar":17,"PreservedInsect":5,"Bag of Preparation":10,"Omamori":13,"Ginger":18,"Orichalcum":11,"Blood Vial":0,"Nunchaku":13,"Anchor":17,"Shovel":8,"Busted Crown":15,"HornCleat":19,"DollysMirror":16,"Tiny Chest":8,"MealTicket":13,"Bag of Marbles":11,"PureWater":0},{"Potion Belt":22,"Singing Bowl":91,"Happy Flower":102,"Astrolabe":37,"Blue Candle":49,"Damaru":109,"StoneCalendar":81,"PreservedInsect":18,"Bag of Preparation":43,"Omamori":57,"Ginger":86,"Orichalcum":49,"Blood Vial":0,"Nunchaku":57,"Anchor":81,"Shovel":28,"Busted Crown":70,"HornCleat":91,"DollysMirror":74,"Tiny Chest":28,"MealTicket":57,"Bag of Marbles":49,"PureWater":0}]},"card_choices":[{"not_picked":["BowlingBash","EmptyBody","ReachHeaven"],"picked":"SKIP","floor":1.0},{"not_picked":["EmptyBody","SashWhip"],"picked":"Perseverance","floor":3.0},{"not_picked":["SignatureMove","WaveOfTheHand"],"picked":"FollowUp","floor":5.0},{"not_picked":["FlyingSleeves","SashWhip"],"picked":"LikeWater","floor":7.0},{"not_picked":["Wireheading","SashWhip"],"picked":"ClearTheMind","floor":8.0},{"not_picked":["ThirdEye","ConjureBlade"],"picked":"WindmillStrike","floor":10.0},{"not_picked":["Nirvana","FearNoEvil"],"picked":"Consecrate","floor":12.0},{"not_picked":["SashWhip","FollowUp"],"picked":"Prostrate","floor":13.0},{"not_picked":["DevaForm","Scrawl"],"picked":"MasterReality","floor":16.0},{"not_picked":["Halt","CrushJoints","BowlingBash"],"picked":"SKIP","floor":18.0},{"not_picked":["EmptyFist+1","Blasphemy","MasterReality"],"picked":"SKIP","floor":23},{"not_picked":["PathToVictory","BowlingBash"],"picked":"ClearTheMind+1","floor":27},{"not_picked":["CrushJoints+1","BattleHymn"],"picked":"Prostrate","floor":28},{"not_picked":["ClearTheMind","Weave+1","BattleHymn"],"picked":"SKIP","floor":31},{"not_picked":["Scrawl","LessonLearned"],"picked":"Omniscience","floor":33},{"not_picked":["Nirvana+1"],"picked":"SKIP","floor":35},{"not_picked":["FollowUp+1"],"picked":"SKIP","floor":37},{"not_picked":["FollowUp"],"picked":"SKIP","floor":40},{"not_picked":["FlurryOfBlows+1"],"picked":"Singing Bowl","floor":42},{"not_picked":["ClearTheMind"],"picked":"Singing Bowl","floor":44},{"not_picked":["Conclude+1"],"picked":"Singing Bowl","floor":47},{"not_picked":["Collect+1"],"picked":"Singing Bowl","floor":48}],"player_experience":668907,"relics_obtained":[{"floor":9.0,"key":"PreservedInsect"},{"floor":10.0,"key":"Potion Belt"},{"floor":13.0,"key":"Tiny Chest"},{"floor":14.0,"key":"Shovel"},{"floor":22.0,"key":"Bag of Preparation"},{"floor":23,"key":"Blue Candle"},{"floor":26,"key":"Orichalcum"},{"floor":28,"key":"Omamori"},{"floor":39,"key":"Anchor"},{"floor":40,"key":"Ginger"},{"floor":42,"key":"Singing Bowl"},{"floor":43,"key":"HornCleat"},{"floor":47,"key":"Happy Flower"},{"floor":49,"key":"Damaru"}],"event_choices":[{"damage_healed":0.0,"max_hp_gain":0.0,"max_hp_loss":0.0,"gold_gain":0.0,"event_name":"Shining Light","player_choice":"Entered Light","floor":4.0,"gold_loss":0.0,"damage_taken":14.0,"cards_upgraded":["Defend_P","Defend_P"]},{"damage_healed":0.0,"max_hp_gain":0.0,"max_hp_loss":0.0,"gold_gain":0.0,"event_name":"The Library","player_choice":"Read","floor":19.0,"gold_loss":0.0,"damage_taken":0.0,"cards_obtained":["Crescendo"]},{"damage_healed":0.0,"max_hp_gain":5.0,"max_hp_loss":0.0,"gold_gain":0.0,"event_name":"Forgotten Altar","player_choice":"Shed Blood","floor":21.0,"gold_loss":0.0,"damage_taken":19.0},{"damage_healed":0,"gold_gain":0,"player_choice":"Obtained Relic","damage_taken":0,"relics_obtained":["Bag of Marbles"],"max_hp_gain":0,"max_hp_loss":0,"event_name":"Addict","floor":25,"gold_loss":85},{"damage_healed":0,"gold_gain":0,"player_choice":"Opened","damage_taken":0,"relics_obtained":["Nunchaku"],"max_hp_gain":0,"max_hp_loss":0,"event_name":"The Mausoleum","floor":30,"gold_loss":0},{"cards_removed":["Consecrate"],"damage_healed":0,"gold_gain":0,"player_choice":"Gave Card","damage_taken":0,"relics_obtained":["StoneCalendar"],"max_hp_gain":0,"max_hp_loss":0,"event_name":"WeMeetAgain","floor":38,"gold_loss":0},{"damage_healed":0,"gold_gain":0,"player_choice":"Embrace Madness","damage_taken":11,"max_hp_gain":0,"max_hp_loss":0,"event_name":"Winding Halls","floor":45,"gold_loss":0,"cards_obtained":["Madness","Madness"]}],"is_beta":false,"boss_relics":[{"not_picked":["Snecko Eye","Philosopher\u0027s Stone"],"picked":"Astrolabe"},{"not_picked":["Runic Pyramid","Sozu"],"picked":"Busted Crown"}],"items_purged_floors":[20],"is_endless":false,"potions_floor_spawned":[8,12,13,16,18,31,33,35,44,47],"ascension_level":5}}