{"host":"pvf7uj918he10jir","time":1609311095,"event":{"mods":["AchievementEnabler","BaseMod","Colored Map","Colored Powertips","Highlight Path","Minty Spire (QoL Compilation)","Relic Stats","Slay the Relics Exporter","everything is the same but u backflip on backflip"],"gold_per_floor":[114,129,144,159,15,15,45,45,345,375,375,390,420,435,435,535,535,550,450,450,0,15,30,30,30,30,30,60,90,105,120,120,220,220,235,235,110,125,140,140,140],"floor_reached":40,"playtime":2482,"items_purged":["Strike_B","Strike_B","Strike_B"],"score":598,"play_id":"c1e272b4-f68a-4652-94fc-18967420723f","local_time":"20201230015135","daily_mods":["Cursed Run","Diverse","DeadlyEvents"],"is_ascension_mode":false,"campfire_choices":[{"data":"Study","floor":6,"key":"SMITH"},{"data":"Fire Breathing","floor":8,"key":"SMITH"},{"data":"Heavy Blade","floor":15,"key":"SMITH"},{"data":"1","floor":24,"key":"LIFT"},{"data":"2","floor":27,"key":"LIFT"},{"data":"3","floor":32,"key":"LIFT"}],"circlet_count":0,"master_deck":["Strike_B","Defend_B","Defend_B","Defend_B","Defend_B","Zap","Dualcast","PiercingWail","Havoc","Fire Breathing+1","Study+1","Writhe","Flame Barrier","Heavy Blade+1","Regret","Electrodynamics","CurseOfTheBell","Fire Breathing+1","Shame","Injury","Fasting2","Evaluate","Doubt","Master of Strategy"],"relics":["Cursed Key","Darkstone Periapt","Du-Vu Doll","Meat on the Bone","Old Coin","Sundial","Bottled Tornado","Calling Bell","Lantern","Pear","Girya","DollysMirror","Gambling Chip","Eternal Feather","Letter Opener","StrikeDummy","HornCleat","Runic Dome"],"acts_visited":["Exordium","TheCity","TheBeyond"],"potions_floor_usage":[16,16],"damage_taken":[{"damage":1,"enemies":"Cultist","floor":1,"turns":4},{"damage":5,"enemies":"Small Slimes","floor":2,"turns":4},{"damage":1,"enemies":"Jaw Worm","floor":3,"turns":3},{"damage":13,"enemies":"Exordium Thugs","floor":4,"turns":6},{"damage":17,"enemies":"3 Sentries","floor":7,"turns":5},{"damage":41,"enemies":"Gremlin Nob","floor":10,"turns":5},{"damage":2,"enemies":"2 Fungi Beasts","floor":12,"turns":4},{"damage":20,"enemies":"Lagavulin","floor":13,"turns":7},{"damage":0,"enemies":"Looter","floor":14,"turns":3},{"damage":46,"enemies":"Hexaghost","floor":16,"turns":10},{"damage":16,"enemies":"Shell Parasite","floor":18,"turns":4},{"damage":1,"enemies":"3 Byrds","floor":22,"turns":4},{"damage":23,"enemies":"Snecko","floor":23,"turns":4},{"damage":37,"enemies":"Book of Stabbing","floor":28,"turns":5},{"damage":19,"enemies":"Gremlin Leader","floor":29,"turns":4},{"damage":16,"enemies":"Sentry and Sphere","floor":30,"turns":4},{"damage":0,"enemies":"Snake Plant","floor":31,"turns":3},{"damage":60,"enemies":"Collector","floor":33,"turns":6},{"damage":13,"enemies":"3 Shapes","floor":35,"turns":4},{"damage":0,"enemies":"Orb Walker","floor":38,"turns":3},{"damage":27,"enemies":"Writhing Mass","floor":39,"turns":3},{"damage":97,"enemies":"Nemesis","floor":40,"turns":6}],"seed_played":"9091901603564859836","potions_obtained":[{"floor":4,"key":"EssenceOfSteel"},{"floor":7,"key":"FocusPotion"},{"floor":10,"key":"Block Potion"},{"floor":16,"key":"ColorlessPotion"},{"floor":18,"key":"DuplicationPotion"},{"floor":35,"key":"Swift Potion"}],"is_trial":false,"path_per_floor":["M","M","M","M","$","R","E","R","T","E","?","M","E","M","R","B",null,"M","$","?","$","M","M","R","T","T","R","E","E","M","M","R","B",null,"M","?","$","M","M","E"],"character_chosen":"DEFECT","items_purchased":["Study","DollysMirror","Gambling Chip"],"campfire_rested":0,"item_purchase_floors":[5,21,21],"current_hp_per_floor":[74,69,68,55,55,55,38,38,44,15,81,79,59,59,59,31,103,87,87,87,87,86,63,63,69,75,87,62,55,51,63,75,33,121,108,98,98,98,71,0,0],"gold":140,"neow_bonus":"","is_daily":true,"chose_seed":false,"campfire_upgraded":3,"win_rate":0.0,"timestamp":1609311095,"path_taken":["M","M","?","?","$","R","?","R","T","E","?","M","?","M","R","BOSS","M","$","?","$","M","M","R","?","T","R","E","?","M","M","R","BOSS","M","?","$","M","M","E"],"items_purchased_type":["Card","Relic","Relic"],"build_version":"2020-12-22","purchased_purges":3,"victory":false,"max_hp_per_floor":[75,75,75,75,75,75,75,75,81,81,81,81,81,81,81,87,103,103,103,103,103,103,103,103,109,115,115,115,115,115,115,115,121,121,121,121,121,121,121,121,121],"relic_stats":{"Darkstone Periapt":36,"counters":[22,101],"Sundial":[12],"Gambling Chip":[40],"Eternal Feather":24,"Letter Opener":[72],"Cursed Key":3,"obtain_stats":[{"Darkstone Periapt":0,"Girya":17,"Lantern":17,"Pear":17,"Eternal Feather":25,"Letter Opener":26,"Bottled Tornado":13,"Cursed Key":0,"Old Coin":9,"Du-Vu Doll":0,"Calling Bell":17,"Runic Dome":34,"HornCleat":29,"Sundial":10,"DollysMirror":21,"Gambling Chip":21,"StrikeDummy":28,"Meat on the Bone":7},{"Darkstone Periapt":0,"Girya":10,"Lantern":10,"Pear":10,"Eternal Feather":13,"Letter Opener":13,"Bottled Tornado":8,"Cursed Key":0,"Old Coin":5,"Du-Vu Doll":0,"Calling Bell":10,"Runic Dome":18,"HornCleat":15,"Sundial":6,"DollysMirror":11,"Gambling Chip":11,"StrikeDummy":14,"Meat on the Bone":5},{"Darkstone Periapt":0,"Girya":51,"Lantern":51,"Pear":51,"Eternal Feather":63,"Letter Opener":63,"Bottled Tornado":38,"Cursed Key":0,"Old Coin":22,"Du-Vu Doll":0,"Calling Bell":51,"Runic Dome":85,"HornCleat":72,"Sundial":27,"DollysMirror":55,"Gambling Chip":55,"StrikeDummy":68,"Meat on the Bone":22}],"Meat on the Bone":84},"card_choices":[{"not_picked":["Compile Driver","Poisoned Stab"],"picked":"PiercingWail","floor":1},{"not_picked":["EmptyFist","Doom and Gloom"],"picked":"Havoc","floor":2},{"not_picked":["Outmaneuver","Melter"],"picked":"Fire Breathing","floor":3},{"not_picked":["Redo","PathToVictory","FlyingSleeves"],"picked":"SKIP","floor":4},{"not_picked":["Shrug It Off","Skewer","Halt"],"picked":"SKIP","floor":7},{"not_picked":["Consecrate","WheelKick"],"picked":"Flame Barrier","floor":10},{"not_picked":["Dual Wield","Judgement","Conserve Battery"],"picked":"SKIP","floor":12},{"not_picked":["FearNoEvil","Hologram"],"picked":"Heavy Blade","floor":13},{"not_picked":["Stack","Gash","Sucker Punch"],"picked":"SKIP","floor":14},{"not_picked":["Hyperbeam","Meteor Strike"],"picked":"Electrodynamics","floor":16},{"not_picked":["Prostrate","Carnage+1","Coolheaded"],"picked":"SKIP","floor":18},{"not_picked":["Melter","Compile Driver","Deflect"],"picked":"SKIP","floor":22},{"not_picked":["Genetic Algorithm","MentalFortress","Noxious Fumes"],"picked":"SKIP","floor":23},{"not_picked":["Rebound","Judgement"],"picked":"Fasting2","floor":28},{"not_picked":["Go for the Eyes","Wallop+1","Electrodynamics"],"picked":"SKIP","floor":29},{"not_picked":["Beam Cell","Prostrate"],"picked":"Evaluate","floor":30},{"not_picked":["Ball Lightning","Twin Strike+1","PathToVictory"],"picked":"SKIP","floor":31},{"not_picked":["Clothesline","JustLucky","Warcry"],"picked":"SKIP","floor":35},{"not_picked":["Chrysalis","Finesse"],"picked":"Master of Strategy","floor":36},{"not_picked":["SignatureMove+1","Flex+1","Noxious Fumes+1"],"picked":"SKIP","floor":38},{"not_picked":["Armaments","All Out Attack+1","Stack"],"picked":"SKIP","floor":39}],"player_experience":113811,"relics_obtained":[{"floor":7,"key":"Meat on the Bone"},{"floor":9,"key":"Old Coin"},{"floor":10,"key":"Sundial"},{"floor":13,"key":"Bottled Tornado"},{"floor":17,"key":"Lantern"},{"floor":17,"key":"Pear"},{"floor":17,"key":"Girya"},{"floor":25,"key":"Eternal Feather"},{"floor":26,"key":"Letter Opener"},{"floor":28,"key":"StrikeDummy"},{"floor":29,"key":"HornCleat"}],"event_choices":[{"damage_healed":66,"gold_gain":0,"player_choice":"Full Heal","damage_taken":0,"max_hp_gain":0,"max_hp_loss":0,"event_name":"Wheel of Change","floor":11,"gold_loss":0},{"damage_healed":0,"gold_gain":0,"player_choice":"Ignored","damage_taken":0,"max_hp_gain":0,"max_hp_loss":0,"event_name":"Ghosts","floor":20,"gold_loss":0},{"damage_healed":0,"gold_gain":0,"player_choice":"Memory 3","damage_taken":10,"max_hp_gain":0,"max_hp_loss":0,"event_name":"SensoryStone","floor":36,"gold_loss":0}],"is_beta":false,"boss_relics":[{"not_picked":["Philosopher\u0027s Stone","Empty Cage"],"picked":"Calling Bell"},{"not_picked":["Astrolabe","Inserter"],"picked":"Runic Dome"}],"items_purged_floors":[5,19,37],"is_endless":false,"potions_floor_spawned":[4,7,10,13,16,18,28,30,35],"killed_by":"Nemesis","ascension_level":0}}