{"host":"2461dio7vetlq1z3","time":1609368664,"event":{"mods":["2.2 Compatiblity","AchievementEnabler","Aspiration","BaseMod","Better Third Choice","Friendly Minions","Hermit","Minty Spire (QoL Compilation)","Relic Stats","Spicy Shops","StSLib","The Hierophant","Waifu the Spire"],"gold_per_floor":[114,64,30,30,49,49,75,93,140,140,140,153,179,193,193,193,193],"floor_reached":16,"playtime":538,"items_purged":[],"score":135,"play_id":"aafaaeec-1201-448e-99e9-7c9648f69521","local_time":"20201230235104","is_ascension_mode":false,"campfire_choices":[{"data":"hierophant:Smite","floor":6,"key":"SMITH"},{"data":"hierophant:Repentance","floor":11,"key":"SMITH"},{"data":"hierophant:ChurchCoffers","floor":15,"key":"SMITH"}],"circlet_count":0,"master_deck":["hierophant:Strike_Hierophant","hierophant:Strike_Hierophant","hierophant:Strike_Hierophant","hierophant:Punish","hierophant:Defend_Hierophant","hierophant:Defend_Hierophant","hierophant:Defend_Hierophant","hierophant:Defend_Hierophant","hierophant:ChurchCoffers+1","hierophant:RepressedViolence+1","hierophant:Community","hierophant:Smite+1","hierophant:Repentance+1","hierophant:Upheaval","Injury","hierophant:Upheaval","hierophant:SealAway","hierophant:PristineSoul+1"],"relics":["hierophant:PropheticMaskRelic","NeowsBlessing","White Beast Statue","Oddly Smooth Stone","Toxic Egg 2","Centennial Puzzle"],"acts_visited":["Exordium"],"potions_floor_usage":[16,16],"damage_taken":[{"damage":0,"enemies":"Small Slimes","floor":1,"turns":1},{"damage":0,"enemies":"2 Louse","floor":5,"turns":1},{"damage":0,"enemies":"Gremlin Nob","floor":7,"turns":1},{"damage":7,"enemies":"Jaw Worm","floor":8,"turns":5},{"damage":8,"enemies":"Lots of Slimes","floor":12,"turns":2},{"damage":31,"enemies":"Lagavulin","floor":13,"turns":7},{"damage":6,"enemies":"Blue Slaver","floor":14,"turns":4},{"damage":26,"enemies":"Hexaghost","floor":16,"turns":10}],"seed_played":"4145603231940350028","potions_obtained":[{"floor":7,"key":"LiquidMemories"},{"floor":8,"key":"SmokeBomb"},{"floor":12,"key":"SteroidPotion"},{"floor":13,"key":"EssenceOfSteel"}],"is_trial":false,"path_per_floor":["M","?","$","?","M","R","E","M","T","?","R","M","E","M","R","B"],"character_chosen":"HIEROPHANT","items_purchased":["hierophant:Community"],"campfire_rested":0,"item_purchase_floors":[3],"current_hp_per_floor":[75,75,75,75,75,75,75,68,68,68,68,60,29,23,23,0,0],"gold":193,"neow_bonus":"THREE_ENEMY_KILL","is_daily":false,"chose_seed":false,"campfire_upgraded":3,"win_rate":0.0,"timestamp":1609368664,"path_taken":["M","?","$","?","M","R","E","M","T","?","R","?","E","M","R","BOSS"],"items_purchased_type":["Card"],"build_version":"2020-12-22","purchased_purges":0,"victory":false,"max_hp_per_floor":[75,75,75,75,75,75,75,75,75,75,75,75,75,75,75,75,75],"relic_stats":{"Centennial Puzzle":[6],"counters":[8,31],"obtain_stats":[{"Centennial Puzzle":13,"NeowsBlessing":0,"hierophant:PropheticMaskRelic":0,"Oddly Smooth Stone":9,"Toxic Egg 2":10,"White Beast Statue":7},{"Centennial Puzzle":6,"NeowsBlessing":0,"hierophant:PropheticMaskRelic":0,"Oddly Smooth Stone":4,"Toxic Egg 2":4,"White Beast Statue":3},{"Centennial Puzzle":17,"NeowsBlessing":0,"hierophant:PropheticMaskRelic":0,"Oddly Smooth Stone":8,"Toxic Egg 2":8,"White Beast Statue":3}]},"card_choices":[{"not_picked":["hierophant:HolyVerse","hierophant:Sermon"],"picked":"hierophant:RepressedViolence","floor":1},{"not_picked":["hierophant:FaithHealing","hierophant:Doubloon"],"picked":"hierophant:Smite","floor":5},{"not_picked":["hierophant:Shelter","hierophant:HolyVerse"],"picked":"hierophant:Repentance","floor":7},{"not_picked":["hierophant:ConvertCurrency","hierophant:Shelter"],"picked":"hierophant:Upheaval","floor":8},{"not_picked":["hierophant:ConvertCurrency+1","hierophant:Martyrdom"],"picked":"hierophant:Upheaval","floor":12},{"not_picked":["hierophant:SecretStash+1","hierophant:Sermon+1"],"picked":"hierophant:SealAway","floor":13},{"not_picked":["hierophant:AuricShield+1","hierophant:ConvertCurrency+1"],"picked":"hierophant:PristineSoul+1","floor":14}],"player_experience":1032061,"relics_obtained":[{"floor":7,"key":"White Beast Statue"},{"floor":9,"key":"Oddly Smooth Stone"},{"floor":13,"key":"Centennial Puzzle"}],"event_choices":[{"cards_removed":["hierophant:Strike_Hierophant"],"damage_healed":0,"gold_gain":0,"player_choice":"Card Removal","damage_taken":0,"max_hp_gain":0,"max_hp_loss":0,"event_name":"The Cleric","floor":2,"gold_loss":50},{"damage_healed":0,"gold_gain":0,"player_choice":"Grow","damage_taken":0,"max_hp_gain":0,"max_hp_loss":0,"event_name":"Living Wall","floor":4,"gold_loss":0,"cards_upgraded":["hierophant:RepressedViolence"]}],"is_beta":false,"boss_relics":[],"items_purged_floors":[],"is_endless":false,"potions_floor_spawned":[7,8,12,13,14],"killed_by":"Hexaghost","ascension_level":0}}