{"host":"os7ajuuouznx3pj7","time":1609362645,"event":{"mods":["AchievementEnabler","BaseMod","Bestiary","Block Reminder","Colored Map","Colored Powertips","Keyboard Shortcuts","Minty Spire (QoL Compilation)","Quick Restart","Relic Stats","SuperFastMode"],"gold_per_floor":[367,43,58,76,76,76,95,95,95,109,109,109,125,155,155,228,228,246,259,259,259],"floor_reached":20,"playtime":2558,"items_purged":["Injury"],"score":429,"play_id":"202d0214-d3d2-41a7-b813-3a94f2c5b6f5","local_time":"20201230191045","is_ascension_mode":true,"campfire_choices":[{"data":"Perfected Strike","floor":6.0,"key":"SMITH"},{"data":"Twin Strike","floor":8.0,"key":"SMITH"},{"data":"Secret Weapon","floor":15.0,"key":"SMITH"}],"circlet_count":0,"master_deck":["AscendersBane","Strike_R","Strike_R","Strike_R","Strike_R","Strike_R","Defend_R","Defend_R","Defend_R","Bash","Perfected Strike+1","Secret Weapon+1","Headbutt+1","Twin Strike+1","Disarm","Pommel Strike","Bloodletting","Feed","Cleave","Shrug It Off+1"],"relics":["Burning Blood","Strawberry","Letter Opener","Dream Catcher","Philosopher\u0027s Stone"],"acts_visited":["Exordium","TheCity"],"potions_floor_usage":[19],"damage_taken":[{"damage":11.0,"enemies":"Cultist","floor":1.0,"turns":4.0},{"damage":7.0,"enemies":"Jaw Worm","floor":3.0,"turns":3.0},{"damage":7.0,"enemies":"Small Slimes","floor":4.0,"turns":3.0},{"damage":2.0,"enemies":"3 Louse","floor":7.0,"turns":4.0},{"damage":6.0,"enemies":"Gremlin Gang","floor":10.0,"turns":4.0},{"damage":10.0,"enemies":"Lots of Slimes","floor":13.0,"turns":4.0},{"damage":20.0,"enemies":"Lagavulin","floor":14.0,"turns":4.0},{"damage":3.0,"enemies":"Slime Boss","floor":16.0,"turns":5.0},{"damage":32.0,"enemies":"Shell Parasite","floor":18.0,"turns":3.0},{"damage":33,"enemies":"Spheric Guardian","floor":19,"turns":4},{"damage":29,"enemies":"Snecko","floor":20,"turns":3}],"seed_played":"-2319325878065187927","potions_obtained":[{"floor":1.0,"key":"Swift Potion"},{"floor":4.0,"key":"SkillPotion"},{"floor":13.0,"key":"Regen Potion"},{"floor":18.0,"key":"SkillPotion"}],"is_trial":false,"path_per_floor":["M","$","M","M","?","R","M","R","T","M","?","?","M","E","R","B",null,"M","M","M"],"character_chosen":"IRONCLAD","items_purchased":["Secret Weapon","Headbutt"],"campfire_rested":0,"item_purchase_floors":[2,2],"current_hp_per_floor":[63,63,62,61,54,54,58,58,65,65,60,60,56,54,54,57,76,50,23,0,0],"gold":259,"neow_bonus":"TWO_FIFTY_GOLD","is_daily":false,"chose_seed":false,"campfire_upgraded":3,"win_rate":0.0,"timestamp":1609362645,"path_taken":["M","$","?","M","?","R","M","R","T","M","?","?","?","E","R","BOSS","M","M","?"],"items_purchased_type":["Card","Card"],"build_version":"2020-12-22","purchased_purges":1,"victory":false,"max_hp_per_floor":[75,75,75,75,75,75,75,75,82,82,82,82,82,82,82,82,82,82,82,82,82],"relic_stats":{"Dream Catcher":0,"counters":[11,41],"Letter Opener":[0],"obtain_stats":[{"Dream Catcher":14,"Strawberry":9,"Philosopher\u0027s Stone":17,"Letter Opener":11,"Burning Blood":0},{"Dream Catcher":7,"Strawberry":4,"Philosopher\u0027s Stone":8,"Letter Opener":5,"Burning Blood":0},{"Dream Catcher":26,"Strawberry":14,"Philosopher\u0027s Stone":31,"Letter Opener":18,"Burning Blood":0}],"Burning Blood":60},"card_choices":[{"not_picked":["Pummel","Thunderclap"],"picked":"Perfected Strike","floor":1.0},{"not_picked":["Sentinel","Headbutt"],"picked":"Twin Strike","floor":3.0},{"not_picked":["Wild Strike","Anger","Clash"],"picked":"SKIP","floor":4.0},{"not_picked":["Iron Wave","Flex"],"picked":"Disarm","floor":7.0},{"not_picked":["Wild Strike","Heavy Blade","Dark Embrace"],"picked":"SKIP","floor":10.0},{"not_picked":["Evolve","Rampage"],"picked":"Pommel Strike","floor":13.0},{"not_picked":["Feed","Dark Embrace"],"picked":"Bloodletting","floor":14.0},{"not_picked":["Limit Break","Barricade"],"picked":"Feed","floor":16.0},{"not_picked":["Havoc","Warcry"],"picked":"Cleave","floor":18.0},{"not_picked":["Cleave","Whirlwind"],"picked":"Shrug It Off+1","floor":19}],"player_experience":703030,"relics_obtained":[{"floor":9.0,"key":"Strawberry"},{"floor":14.0,"key":"Dream Catcher"}],"event_choices":[{"cards_removed":["Defend_R"],"damage_healed":0.0,"max_hp_gain":0.0,"max_hp_loss":0.0,"gold_gain":0.0,"event_name":"Golden Wing","player_choice":"Card Removal","floor":5.0,"gold_loss":0.0,"damage_taken":7.0},{"damage_healed":0.0,"max_hp_gain":0.0,"max_hp_loss":0.0,"gold_gain":0.0,"event_name":"Scrap Ooze","player_choice":"Success","floor":11.0,"gold_loss":0.0,"damage_taken":5.0,"relics_obtained":["Letter Opener"]},{"damage_healed":0.0,"max_hp_gain":0.0,"max_hp_loss":0.0,"gold_gain":0.0,"event_name":"Upgrade Shrine","player_choice":"Upgraded","floor":12.0,"gold_loss":0.0,"damage_taken":0.0,"cards_upgraded":["Headbutt"]}],"is_beta":false,"boss_relics":[{"not_picked":["Tiny House","Calling Bell"],"picked":"Philosopher\u0027s Stone"}],"items_purged_floors":[2],"is_endless":false,"potions_floor_spawned":[1,4,13,18],"killed_by":"Snecko","ascension_level":18}}