{"host":"9l1knhxfturzliqa","time":1609306598,"event":{"mods":["BaseMod","Colored Map","Colored Powertips","DeckTracker","Highlight Path","Keyboard Shortcuts","Minty Spire (QoL Compilation)","Random Character Button"],"gold_per_floor":[109,109,34,45,19,19,50,50,118,118,135,148,148,165,165,165,165],"floor_reached":16,"playtime":1497,"items_purged":["Defend_G"],"score":180,"play_id":"a429f0f9-a7cc-42bf-b997-226fc49dca35","local_time":"20201230143638","is_ascension_mode":true,"campfire_choices":[{"data":"PiercingWail","floor":6.0,"key":"SMITH"},{"data":"Expertise","floor":8.0,"key":"SMITH"},{"data":"Survivor","floor":10.0,"key":"SMITH"},{"data":"Backflip","floor":13.0,"key":"SMITH"},{"data":"Blur","floor":15.0,"key":"SMITH"}],"circlet_count":0,"master_deck":["Strike_G","Strike_G","Strike_G","Strike_G","Defend_G","Defend_G","Defend_G","Defend_G","Survivor+1","Neutralize","Poisoned Stab","Escape Plan","PiercingWail+1","Expertise+1","Calculated Gamble","Backflip+1","Blur+1"],"relics":["Ring of the Snake","MealTicket","Kunai"],"acts_visited":["Exordium"],"potions_floor_usage":[16],"damage_taken":[{"damage":0.0,"enemies":"Small Slimes","floor":1.0,"turns":3.0},{"damage":2.0,"enemies":"Cultist","floor":4.0,"turns":4.0},{"damage":37.0,"enemies":"3 Sentries","floor":7.0,"turns":13.0},{"damage":0.0,"enemies":"2 Louse","floor":11.0,"turns":2.0},{"damage":0.0,"enemies":"Lots of Slimes","floor":12.0,"turns":6.0},{"damage":1.0,"enemies":"2 Fungi Beasts","floor":14.0,"turns":4.0},{"damage":32,"enemies":"Slime Boss","floor":16,"turns":15}],"seed_played":"-4426823231401770650","potions_obtained":[{"floor":1.0,"key":"SpeedPotion"},{"floor":14.0,"key":"GamblersBrew"}],"is_trial":false,"path_per_floor":["M","?","$","M","$","R","E","R","T","R","M","M","R","M","R","B"],"character_chosen":"THE_SILENT","items_purchased":["PiercingWail"],"campfire_rested":0,"item_purchase_floors":[5],"current_hp_per_floor":[70,70,70,68,68,68,31,31,31,31,31,31,31,30,30,0,0],"gold":165,"neow_bonus":"THREE_CARDS","is_daily":false,"chose_seed":false,"campfire_upgraded":5,"win_rate":0.0,"timestamp":1609306598,"path_taken":["M","?","$","M","?","R","E","R","T","R","M","M","R","?","R","BOSS"],"items_purchased_type":["Card"],"build_version":"2020-12-22","purchased_purges":1,"victory":false,"max_hp_per_floor":[70,70,70,70,70,70,70,70,70,70,70,70,70,70,70,70,70],"card_choices":[{"not_picked":["Riddle With Holes","Dodge and Roll"],"picked":"Blur","floor":0.0},{"not_picked":["Crippling Poison","Finisher"],"picked":"Poisoned Stab","floor":1.0},{"not_picked":["Acrobatics","Bane"],"picked":"Escape Plan","floor":4.0},{"not_picked":["Slice","Quick Slash"],"picked":"Expertise","floor":7.0},{"not_picked":["Prepared","PiercingWail"],"picked":"Calculated Gamble","floor":11.0},{"not_picked":["Backstab","Underhanded Strike"],"picked":"Backflip","floor":12.0},{"not_picked":["Acrobatics","Blade Dance"],"picked":"Blur","floor":14.0}],"player_experience":271090,"relics_obtained":[{"floor":7.0,"key":"MealTicket"},{"floor":9.0,"key":"Kunai"}],"event_choices":[{"cards_removed":["Strike_G"],"damage_healed":0.0,"max_hp_gain":0.0,"max_hp_loss":0.0,"gold_gain":0.0,"event_name":"Bonfire Elementals","player_choice":"Offered Basic","floor":2.0,"gold_loss":0.0,"damage_taken":0.0}],"is_beta":false,"boss_relics":[],"items_purged_floors":[3],"is_endless":false,"potions_floor_spawned":[1,14],"killed_by":"Slime Boss","ascension_level":4}}