{"host":"nlbm7eld1wcqj9ez","time":1609334003,"event":{"mods":["AchievementEnabler","BaseMod","Colored Map","Colored Powertips","DeckTracker","Minty Spire (QoL Compilation)","StSLib"],"gold_per_floor":[116,130,139,157,157,189,60,78,78,91,60,60,60,135,135,239,239,253,253,30,39,48,48,78,78,87,102,17,51,51,19,19,129,188,200,18,36,54,78,78,122,139,139,164,223,283,283,308,308,308],"floor_reached":51,"playtime":1846,"items_purged":[],"score":843,"play_id":"be1b3671-e1c4-4139-b096-b19d3be3267c","local_time":"20201230141323","daily_mods":["Draft","Vintage","Flight"],"is_ascension_mode":false,"campfire_choices":[{"floor":13,"key":"REST"},{"floor":15,"key":"REST"},{"floor":23,"key":"REST"},{"data":"Meteor Strike","floor":25,"key":"SMITH"},{"data":"Writhe","floor":30,"key":"PURGE"},{"data":"Self Repair","floor":32,"key":"SMITH"},{"data":"Aggregate","floor":40,"key":"SMITH"},{"floor":47,"key":"REST"},{"floor":49,"key":"REST"}],"circlet_count":0,"master_deck":["BootSequence","Streamline","Conserve Battery+1","Leap","Hello World","Conserve Battery+1","Defragment","White Noise","Conserve Battery+1","Streamline","Heatsinks","Hello World","Stack","Aggregate+1","Self Repair+1","White Noise","Capacitor+1","Storm+1","Meteor Strike+1","Loop+1","White Noise","Necronomicurse","Clumsy","Glacier","Electrodynamics+1","Chill","Panache+1","Madness","Madness","Bandage Up","Panacea","BootSequence+1","Consume","Core Surge"],"relics":["Cracked Core","CeramicFish","Mango","Frozen Egg 2","Incense Burner","Akabeko","HornCleat","Bottled Flame","Peace Pipe","Cursed Key","Meat on the Bone","Tiny Chest","Necronomicon","Anchor","Ginger","Juzu Bracelet","Question Card","Strawberry","Tiny House","Omamori","Smiling Mask","Vajra","War Paint","Shovel","Bronze Scales","CaptainsWheel","Unceasing Top","Nunchaku"],"acts_visited":["Exordium","TheCity","TheBeyond"],"potions_floor_usage":[50,50],"damage_taken":[{"damage":0,"enemies":"Cultist","floor":1,"turns":4},{"damage":0,"enemies":"Small Slimes","floor":2,"turns":4},{"damage":0,"enemies":"Jaw Worm","floor":4,"turns":4},{"damage":53,"enemies":"Gremlin Nob","floor":6,"turns":6},{"damage":9,"enemies":"Red Slaver","floor":8,"turns":5},{"damage":0,"enemies":"3 Louse","floor":10,"turns":4},{"damage":11,"enemies":"The Guardian","floor":16,"turns":9},{"damage":0,"enemies":"Chosen","floor":18,"turns":3},{"damage":27,"enemies":"Gremlin Leader","floor":24,"turns":4},{"damage":0,"enemies":"Shell Parasite","floor":27,"turns":3},{"damage":64,"enemies":"Collector","floor":33,"turns":9},{"damage":0,"enemies":"3 Darklings","floor":35,"turns":3},{"damage":43,"enemies":"Nemesis","floor":41,"turns":7},{"damage":0,"enemies":"3 Shapes","floor":42,"turns":3},{"damage":36,"enemies":"Reptomancer","floor":44,"turns":6},{"damage":0,"enemies":"Mind Bloom Boss Battle","floor":45,"turns":4},{"damage":14,"enemies":"2 Orb Walkers","floor":46,"turns":4},{"damage":48,"enemies":"Giant Head","floor":48,"turns":8},{"damage":35,"enemies":"Donu and Deca","floor":50,"turns":7}],"seed_played":"4653043919680750646","potions_obtained":[{"floor":1,"key":"BlessingOfTheForge"},{"floor":2,"key":"Energy Potion"},{"floor":16,"key":"SteroidPotion"}],"is_trial":true,"path_per_floor":["M","M","?","M","$","E","$","M","T","M","$","?","R","?","R","B",null,"M","?","$","?","?","R","E","R","T","M","?","T","R","$","R","B",null,"M","$","?","?","T","R","E","M","T","E","?","?","R","E","R","B",null],"character_chosen":"DEFECT","items_purchased":["White Noise","Capacitor+1","Storm+1","Tiny Chest","Loop+1","Glacier","Panache+1"],"campfire_rested":5,"item_purchase_floors":[7,7,11,20,20,31,36],"current_hp_per_floor":[75,89,89,89,89,43,43,41,41,48,48,15,41,30,56,52,89,89,89,89,89,73,89,69,69,69,76,76,83,83,83,83,41,101,101,101,88,83,83,83,66,70,70,60,64,72,101,66,96,75],"gold":308,"neow_bonus":"","is_daily":false,"chose_seed":false,"campfire_upgraded":3,"win_rate":0.0,"timestamp":1609334003,"path_taken":["M","?","?","M","?","E","$","M","T","?","?","?","R","?","R","BOSS","M","?","$","?","?","R","E","R","T","M","?","?","R","?","R","BOSS","M","$","?","?","?","R","E","M","T","E","?","?","R","E","R","BOSS"],"items_purchased_type":["Card","Card","Card","Relic","Card","Card","Card"],"build_version":"2020-12-22","purchased_purges":0,"victory":true,"max_hp_per_floor":[75,89,89,89,89,89,89,89,89,89,89,89,89,89,89,89,89,89,89,89,89,89,89,89,89,89,89,89,96,96,96,96,96,101,101,101,101,101,101,101,101,101,101,101,101,101,101,101,101,101],"card_choices":[{"not_picked":["Static Discharge","Rebound"],"picked":"BootSequence","floor":0},{"not_picked":["Chill","Glacier"],"picked":"Streamline","floor":0},{"not_picked":["Barrage","Rebound"],"picked":"Conserve Battery","floor":0},{"not_picked":["Rebound","Sweeping Beam"],"picked":"Leap","floor":0},{"not_picked":["Hologram","Force Field"],"picked":"Hello World","floor":0},{"not_picked":["Undo","Heatsinks"],"picked":"Conserve Battery","floor":0},{"not_picked":["Rip and Tear","Reinforced Body"],"picked":"Defragment","floor":0},{"not_picked":["Conserve Battery","Hologram"],"picked":"White Noise","floor":0},{"not_picked":["Scrape","Beam Cell"],"picked":"Stack","floor":0},{"not_picked":["Turbo","Steam"],"picked":"Conserve Battery","floor":0},{"not_picked":["FTL","Heatsinks"],"picked":"Streamline","floor":0},{"not_picked":["Streamline","Steam"],"picked":"Heatsinks","floor":0},{"not_picked":["Stack","Hologram"],"picked":"Hello World","floor":0},{"not_picked":["Turbo","Steam Power"],"picked":"Stack","floor":0},{"not_picked":["BootSequence","Barrage"],"picked":"Aggregate","floor":0},{"not_picked":["Streamline","Turbo","Conserve Battery"],"picked":"SKIP","floor":6},{"not_picked":["Rainbow","Hyperbeam"],"picked":"Meteor Strike","floor":16},{"not_picked":["Ball Lightning","Streamline","Sweeping Beam"],"picked":"SKIP","floor":24},{"not_picked":["Reboot","Thunder Strike","Rainbow"],"picked":"Electrodynamics+1","floor":33},{"not_picked":["Cold Snap+1","Sweeping Beam+1","Conserve Battery"],"picked":"Chill","floor":34},{"not_picked":["Impatience","Violence","Flash of Steel"],"picked":"Bandage Up","floor":38},{"not_picked":["Bandage Up","Purity","Mind Blast"],"picked":"Panacea","floor":38},{"not_picked":["Steam Power+1","Steam+1","Melter"],"picked":"BootSequence+1","floor":41},{"not_picked":["Scrape","Recycle","Blizzard+1","Turbo+1"],"picked":"SKIP","floor":44},{"not_picked":["Stack+1","Chill+1","Turbo"],"picked":"Consume","floor":45},{"not_picked":["Beam Cell+1","Cold Snap+1","Barrage+1"],"picked":"Core Surge","floor":46},{"not_picked":["Melter","Compile Driver+1","Barrage","Conserve Battery+1"],"picked":"SKIP","floor":48}],"player_experience":37795,"relics_obtained":[{"floor":1,"key":"CeramicFish"},{"floor":2,"key":"Mango"},{"floor":4,"key":"Frozen Egg 2"},{"floor":6,"key":"Incense Burner"},{"floor":8,"key":"Akabeko"},{"floor":9,"key":"HornCleat"},{"floor":10,"key":"Bottled Flame"},{"floor":18,"key":"Meat on the Bone"},{"floor":22,"key":"Necronomicon"},{"floor":24,"key":"Anchor"},{"floor":26,"key":"Ginger"},{"floor":27,"key":"Juzu Bracelet"},{"floor":29,"key":"Strawberry"},{"floor":35,"key":"Omamori"},{"floor":39,"key":"Smiling Mask"},{"floor":41,"key":"Vajra"},{"floor":42,"key":"War Paint"},{"floor":43,"key":"Shovel"},{"floor":44,"key":"Bronze Scales"},{"floor":45,"key":"CaptainsWheel"},{"floor":46,"key":"Unceasing Top"},{"floor":48,"key":"Nunchaku"}],"event_choices":[{"damage_healed":0,"gold_gain":0,"cards_transformed":["Stack"],"player_choice":"Change","damage_taken":0,"max_hp_gain":0,"max_hp_loss":0,"event_name":"Living Wall","floor":3,"gold_loss":0,"cards_obtained":["Self Repair"]},{"damage_healed":0,"gold_gain":0,"player_choice":"Success","damage_taken":33,"relics_obtained":["Peace Pipe"],"max_hp_gain":0,"max_hp_loss":0,"event_name":"Scrap Ooze","floor":12,"gold_loss":0},{"damage_healed":0,"gold_gain":75,"player_choice":"Gather Gold","damage_taken":11,"max_hp_gain":0,"max_hp_loss":0,"event_name":"World of Goop","floor":14,"gold_loss":0},{"damage_healed":0,"gold_gain":0,"player_choice":"Ignored","damage_taken":0,"max_hp_gain":0,"max_hp_loss":0,"event_name":"Beggar","floor":19,"gold_loss":0},{"damage_healed":0,"gold_gain":0,"player_choice":"Read","damage_taken":0,"max_hp_gain":0,"max_hp_loss":0,"event_name":"The Library","floor":21,"gold_loss":0,"cards_obtained":["White Noise"]},{"damage_healed":0,"gold_gain":0,"player_choice":"Obtained Book","damage_taken":16,"max_hp_gain":0,"max_hp_loss":0,"event_name":"Cursed Tome","floor":22,"gold_loss":0},{"damage_healed":0,"gold_gain":0,"player_choice":"Obtained Relic","damage_taken":0,"relics_obtained":["Question Card"],"max_hp_gain":0,"max_hp_loss":0,"event_name":"Addict","floor":28,"gold_loss":85},{"damage_healed":0,"gold_gain":0,"player_choice":"Embrace Madness","damage_taken":13,"max_hp_gain":0,"max_hp_loss":0,"event_name":"Winding Halls","floor":37,"gold_loss":0,"cards_obtained":["Madness","Madness"]},{"damage_healed":0,"gold_gain":0,"player_choice":"Memory 2","damage_taken":5,"max_hp_gain":0,"max_hp_loss":0,"event_name":"SensoryStone","floor":38,"gold_loss":0},{"damage_healed":0,"gold_gain":0,"player_choice":"Fight","damage_taken":0,"max_hp_gain":0,"max_hp_loss":0,"event_name":"MindBloom","floor":45,"gold_loss":0},{"damage_healed":0,"gold_gain":0,"player_choice":"Fight","damage_taken":0,"max_hp_gain":0,"max_hp_loss":0,"event_name":"Mysterious Sphere","floor":46,"gold_loss":0}],"is_beta":false,"boss_relics":[{"not_picked":["Busted Crown","Coffee Dripper"],"picked":"Cursed Key"},{"not_picked":["Runic Pyramid","Runic Dome"],"picked":"Tiny House"}],"items_purged_floors":[],"is_endless":false,"potions_floor_spawned":[1,2,16,18,27,44,45,46],"ascension_level":0}}