{"host":"qdfumeom6htv8yxl","time":1609365274,"event":{"mods":["AchievementEnabler","BaseMod","Block Reminder","Minty Spire (QoL Compilation)","Quick Restart","Relic Stats"],"gold_per_floor":[118,43,57,0,75,75,100,100,100,133,149,18,18,18,18,109,109,123,138,52,73,87,87,121,134,134,134,179,179,199,221,221,314,314,314,314],"floor_reached":35,"playtime":11601,"items_purged":["Strike_G"],"score":718,"play_id":"fdf45d0f-8467-42dc-bb39-2c2b1baa08fd","local_time":"20201230155434","is_ascension_mode":true,"campfire_choices":[{"data":"Cloak And Dagger","floor":6.0,"key":"SMITH"},{"floor":8.0,"key":"REST"},{"floor":15.0,"key":"REST"},{"data":"Accuracy","floor":23.0,"key":"SMITH"},{"floor":27.0,"key":"REST"},{"data":"Panache","floor":29.0,"key":"SMITH"},{"floor":32,"key":"REST"}],"circlet_count":0,"master_deck":["AscendersBane","Defend_G","Defend_G","Defend_G","Defend_G","Defend_G","Survivor","Neutralize","Panache+1","Slice","Cloak And Dagger+1","Acrobatics","Storm of Steel","Cloak And Dagger","A Thousand Cuts","PiercingWail","Blade Dance","Accuracy+1","Backstab","Bite","Bite","Bite","Bite","Bite","Escape Plan"],"relics":["Ring of the Snake","Pen Nib","Omamori","Golden Idol","CultistMask","Busted Crown","CeramicFish","InkBottle","Black Star"],"acts_visited":["TheCity","TheBeyond"],"potions_floor_usage":[31],"damage_taken":[{"damage":3.0,"enemies":"Cultist","floor":1.0,"turns":5.0},{"damage":0.0,"enemies":"Jaw Worm","floor":3.0,"turns":5.0},{"damage":18.0,"enemies":"Lagavulin","floor":7.0,"turns":8.0},{"damage":12.0,"enemies":"3 Sentries","floor":10.0,"turns":9.0},{"damage":0.0,"enemies":"Small Slimes","floor":11.0,"turns":2.0},{"damage":43.0,"enemies":"The Guardian","floor":16.0,"turns":18.0},{"damage":0.0,"enemies":"3 Byrds","floor":18.0,"turns":3.0},{"damage":18.0,"enemies":"Shell Parasite","floor":19.0,"turns":8.0},{"damage":4.0,"enemies":"Chosen and Byrds","floor":21.0,"turns":6.0},{"damage":1.0,"enemies":"Centurion and Healer","floor":22.0,"turns":4.0},{"damage":9.0,"enemies":"Slavers","floor":24.0,"turns":4.0},{"damage":14.0,"enemies":"Snake Plant","floor":25.0,"turns":4.0},{"damage":0.0,"enemies":"3 Cultists","floor":30.0,"turns":4.0},{"damage":16,"enemies":"Centurion and Healer","floor":31,"turns":4},{"damage":45,"enemies":"Collector","floor":33,"turns":8},{"damage":58,"enemies":"3 Darklings","floor":35,"turns":3}],"seed_played":"8263143317492131334","potions_obtained":[{"floor":1.0,"key":"GamblersBrew"},{"floor":3.0,"key":"Explosive Potion"},{"floor":10.0,"key":"Regen Potion"},{"floor":21.0,"key":"GamblersBrew"},{"floor":25.0,"key":"AttackPotion"},{"floor":31,"key":"Fire Potion"},{"floor":33,"key":"DuplicationPotion"}],"is_trial":false,"path_per_floor":["M","?","M","$","?","R","E","R","T","E","M","$","?","?","R","B",null,"M","M","$","M","M","R","E","M","T","R","?","R","M","M","R","B",null,"M"],"character_chosen":"THE_SILENT","items_purchased":["Acrobatics","Cloak And Dagger","Accuracy"],"campfire_rested":4,"item_purchase_floors":[4,12,20],"current_hp_per_floor":[41,41,41,41,30,30,12,31,31,21,23,23,23,23,41,15,49,51,35,35,33,34,34,27,15,15,33,33,33,41,29,47,18,50,0,0],"gold":314,"neow_bonus":"RANDOM_COLORLESS_2","is_daily":false,"chose_seed":false,"campfire_upgraded":3,"win_rate":0.0,"timestamp":1609365274,"path_taken":["M","?","M","$","?","R","E","R","T","E","M","$","?","?","R","BOSS","M","M","$","M","M","R","E","?","T","R","?","R","M","M","R","BOSS","M"],"items_purchased_type":["Card","Card","Card"],"build_version":"2020-12-22","purchased_purges":1,"victory":false,"max_hp_per_floor":[66,66,66,66,66,66,66,66,66,66,66,66,60,60,60,60,60,60,60,60,60,60,60,60,60,60,60,60,60,60,60,60,60,60,60,60],"relic_stats":{"Busted Crown":20,"counters":[16,95],"Golden Idol":71,"CeramicFish":54,"Pen Nib":[21],"Black Star":0,"obtain_stats":[{"Blood Vial":9,"Busted Crown":17,"Golden Idol":13,"CeramicFish":24,"Pen Nib":7,"CultistMask":14,"Omamori":10,"Black Star":34,"InkBottle":26,"Ring of the Snake":0},{"Blood Vial":3,"Busted Crown":6,"Golden Idol":5,"CeramicFish":11,"Pen Nib":3,"CultistMask":5,"Omamori":4,"Black Star":15,"InkBottle":12,"Ring of the Snake":0},{"Blood Vial":18,"Busted Crown":47,"Golden Idol":29,"CeramicFish":72,"Pen Nib":18,"CultistMask":29,"Omamori":27,"Black Star":92,"InkBottle":76,"Ring of the Snake":0}],"InkBottle":[12],"Ring of the Snake":[32]},"card_choices":[{"not_picked":["Master of Strategy","Secret Weapon"],"picked":"Panache","floor":0.0},{"not_picked":["Leg Sweep","Quick Slash"],"picked":"Slice","floor":1.0},{"not_picked":["Deadly Poison","Riddle With Holes"],"picked":"Cloak And Dagger","floor":3.0},{"not_picked":["Venomology","Acrobatics"],"picked":"Storm of Steel","floor":7.0},{"not_picked":["Outmaneuver","Expertise","Bane"],"picked":"SKIP","floor":10.0},{"not_picked":["Acrobatics","Bane","Grand Finale"],"picked":"SKIP","floor":11.0},{"not_picked":["Bullet Time","Adrenaline"],"picked":"A Thousand Cuts","floor":16.0},{"not_picked":[],"picked":"PiercingWail","floor":18.0},{"not_picked":[],"picked":"Blade Dance","floor":19.0},{"not_picked":[],"picked":"Backstab","floor":21.0},{"not_picked":["Sucker Punch"],"picked":"SKIP","floor":22.0},{"not_picked":["Crippling Poison"],"picked":"SKIP","floor":24.0},{"not_picked":["Well Laid Plans"],"picked":"SKIP","floor":25.0},{"not_picked":["Well Laid Plans"],"picked":"SKIP","floor":25.0},{"not_picked":["Outmaneuver"],"picked":"SKIP","floor":30},{"not_picked":["Outmaneuver"],"picked":"SKIP","floor":30},{"not_picked":[],"picked":"Escape Plan","floor":31}],"player_experience":1676756,"relics_obtained":[{"floor":7.0,"key":"Pen Nib"},{"floor":9.0,"key":"Blood Vial"},{"floor":10.0,"key":"Omamori"},{"floor":24.0,"key":"CeramicFish"},{"floor":26.0,"key":"InkBottle"}],"event_choices":[{"cards_removed":["Strike_G"],"damage_healed":0.0,"max_hp_gain":0.0,"max_hp_loss":0.0,"gold_gain":0.0,"event_name":"The Cleric","player_choice":"Card Removal","floor":2.0,"gold_loss":75.0,"damage_taken":0.0},{"damage_healed":0.0,"max_hp_gain":0.0,"max_hp_loss":0.0,"gold_gain":75.0,"event_name":"World of Goop","player_choice":"Gather Gold","floor":5.0,"gold_loss":0.0,"damage_taken":11.0},{"damage_healed":0.0,"max_hp_gain":0.0,"max_hp_loss":6.0,"gold_gain":0.0,"event_name":"Golden Idol","player_choice":"Lose Max HP","floor":13.0,"gold_loss":0.0,"damage_taken":0.0,"relics_obtained":["Golden Idol"]},{"damage_healed":0.0,"max_hp_gain":0.0,"max_hp_loss":0.0,"gold_gain":0.0,"event_name":"FaceTrader","player_choice":"Trade","floor":14.0,"gold_loss":0.0,"damage_taken":0.0,"relics_obtained":["CultistMask"]},{"damage_healed":0.0,"max_hp_gain":0.0,"max_hp_loss":0.0,"gold_gain":0.0,"event_name":"Vampires","player_choice":"Became a vampire (Vial)","floor":28.0,"relics_lost":["Blood Vial"],"gold_loss":0.0,"damage_taken":0.0,"cards_obtained":["Bite","Bite","Bite","Bite","Bite"]}],"is_beta":false,"boss_relics":[{"not_picked":["Calling Bell","Philosopher\u0027s Stone"],"picked":"Busted Crown"},{"not_picked":["Coffee Dripper","Pandora\u0027s Box"],"picked":"Black Star"}],"items_purged_floors":[12],"is_endless":false,"potions_floor_spawned":[1,3,7,10,21,25,31,33],"killed_by":"3 Darklings","ascension_level":16}}