{"host":"49hkj3l623wd5n00","time":1609302353,"event":{"mods":["2.2 Compatiblity","AchievementEnabler","Act Like it!","Aspiration","Astrologer","BaseMod","Better Altar","Better Match","Better Note","Better Skull","Better Third Choice","Better Vampires","Better-Laid Plans","BetterRewards","CCEM","CapriCore","Colored Map","Colored Powertips","Conspire","Displayed Cursed Tome","Downfall","Elementarium","Friendly Minions","Gensokyo","GifTheSpireLib","Hallownest","Hermit","Hubris","Ironclad Rager","Jorbs\u0027s Wanderer Trilogy","Koishi","MarisaÅiñ∂âJÅ@ñÇóùçπÅj","Menagerie","Mimic Mod","Minty Spire (QoL Compilation)","Pale of the Ancients","Permanent Neow","Quick Restart","Rare Cards Sparkle","Replay The Spire","Retaliation","Shade Mod","Spicy Shops","StSLib","Stuff the Spire","The Blackbeard","The Bug Knight","The Construct","The Cursed","The Druid","The Forsaken","The Hierophant","The IronCluck","The Marked","The Runesmith","The Servant 0.9.4","The Vixen","The Wild Card","TheHero","Yuri Mod","slay the spire mod where everything is the same but ironclad has a cowboy hat"],"gold_per_floor":[117,117,129,149,196,221,221,252,252,252,252,252,278,278,278,378,378,397,412,412,292,292,292,319,71,71,116,136,5,39,63,63,168,168,188,188,188,188,225,259,275,310,379,495,530,530,556,568,568,568,568,568,67,107,112],"floor_reached":56,"playtime":5228,"items_purged":["stsjorbsmod:Strike_Wanderer","stsjorbsmod:WeightOfMemory+1","stsjorbsmod:Strike_Wanderer","stsjorbsmod:Strike_Wanderer"],"score":2208,"play_id":"8366f293-745a-468a-988d-4922acf965d7","local_time":"20201229232553","is_ascension_mode":true,"campfire_choices":[{"floor":7,"key":"REST"},{"floor":12,"key":"REST"},{"data":"stsjorbsmod:ScorchingRay","floor":15,"key":"SMITH"},{"data":"stsjorbsmod:IvoryTower","floor":23,"key":"SMITH"},{"floor":32,"key":"RECALL"},{"data":"stsjorbsmod:MistyStep","floor":52,"key":"SMITH"}],"circlet_count":0,"master_deck":["stsjorbsmod:Strike_Wanderer","stsjorbsmod:Defend_Wanderer","stsjorbsmod:Defend_Wanderer","stsjorbsmod:Defend_Wanderer","stsjorbsmod:Defend_Wanderer","stsjorbsmod:FreshAdventure","stsjorbsmod:EyeOfTheStorm","stsjorbsmod:Mending","stsjorbsmod:ArcaneWeapon","stsjorbsmod:ChatteringStrike","stsjorbsmod:Thorns","stsjorbsmod:Introspection+1","stsjorbsmod:ArcaneWeapon","stsjorbsmod:FranticSearch","stsjorbsmod:RefuseToForget","stsjorbsmod:DisguiseSelf+1","stsjorbsmod:ScorchingRay+1","stsjorbsmod:Counterspell","stsjorbsmod:IvoryTower+1","CurseOfTheBell","stsjorbsmod:ArcaneWeapon","stsjorbsmod:Stalwart+1","stsjorbsmod:Mindworm","stsjorbsmod:BookOfTongues","stsjorbsmod:ArcaneForm","Trip+1","stsjorbsmod:TinyHut","Swift Strike+1","stsjorbsmod:MistyStep+1","ReplayTheSpireMod:Brewmster+1","stsjorbsmod:Rest","stsjorbsmod:LocateObject","stsjorbsmod:Withdraw","stsjorbsmod:MagicMissiles+1","stsjorbsmod:FindFamiliar+1","stsjorbsmod:OldPocket","stsjorbsmod:Firebolt"],"relics":["stsjorbsmod:GrimoireRelic","Blue Doll","Juzu Bracelet","CCEMRelics:Francisca","Bag of Preparation","StuffTheSpire:Gunfinga","CCEMRelics:PorcelainBowl","Prayer Wheel","Gensokyo:OccultBall","Dream Catcher","Calling Bell","Runesmith:AutoHammer","hubris:Metronome","Unceasing Top","CCEMRelics:FestiveHat","Gensokyo:SpiderMask","Incense Burner","CCEMRelics:JestersCrown","Meat on the Bone","MealTicket","Replay:Rubber Ducky","StuffTheSpire:RunicConfusion","Iron Hammer","hubris:Towel","Pen Nib","hubris:MysteriousPyramids","StoneCalendar","hubris:Zylophone","Anchor","aspiration:AnachronicSnailShell","Mummified Hand","ReplayTheSpireMod:TigerMarble","Torii"],"acts_visited":["Gensokyo:Gensokyo","Gensokyo:Gensokyoer","Gensokyo:Gensokyoest","TheEnding"],"potions_floor_usage":[5,6,13,24,27,28,30,33,33,33,33,40,40,40,40,42,50,50,50,50,50,54,55,55],"damage_taken":[{"damage":10,"enemies":"Gensokyo:Gryphon","floor":1,"turns":4},{"damage":4,"enemies":"Gensokyo:2_Kodama","floor":3,"turns":3},{"damage":3,"enemies":"Gensokyo:Python","floor":4,"turns":4},{"damage":16,"enemies":"conspire:MimicChest","floor":5,"turns":5},{"damage":14,"enemies":"Gensokyo:Aya","floor":6,"turns":3},{"damage":11,"enemies":"Gensokyo:Mamizou","floor":8,"turns":6},{"damage":4,"enemies":"Gensokyo:Cirno","floor":13,"turns":5},{"damage":5,"enemies":"Gensokyo:Yukari","floor":16,"turns":6},{"damage":0,"enemies":"Gensokyo:CosmicMonolith","floor":18,"turns":2},{"damage":4,"enemies":"Gensokyo:Chomper","floor":19,"turns":3},{"damage":8,"enemies":"Gensokyo:Koishi","floor":24,"turns":4},{"damage":28,"enemies":"Gensokyo:Tenshi","floor":27,"turns":3},{"damage":13,"enemies":"Gensokyo:Wraith","floor":28,"turns":3},{"damage":26,"enemies":"Gensokyo:Reisen","floor":30,"turns":7},{"damage":0,"enemies":"Gensokyo:Monolith_and_Dog","floor":31,"turns":3},{"damage":34,"enemies":"Gensokyo:Kaguya","floor":33,"turns":8},{"damage":0,"enemies":"Gensokyo:3_Boulders","floor":35,"turns":2},{"damage":0,"enemies":"Gensokyo:3_Bats","floor":39,"turns":3},{"damage":11,"enemies":"Gensokyo:Doremy","floor":40,"turns":5},{"damage":0,"enemies":"Gensokyo:Rafflesia","floor":41,"turns":4},{"damage":0,"enemies":"Gensokyo:Kasen","floor":42,"turns":2},{"damage":1,"enemies":"Gensokyo:Doremy","floor":45,"turns":5},{"damage":1,"enemies":"Gensokyo:Marisa","floor":47,"turns":2},{"damage":0,"enemies":"Gensokyo:Dusk_and_Dawn","floor":48,"turns":2},{"damage":0,"enemies":"Gensokyo:Shinki","floor":50,"turns":5},{"damage":66,"enemies":"Shield and Spear","floor":54,"turns":5},{"damage":36,"enemies":"The Heart","floor":55,"turns":7}],"seed_played":"-6614226049763412532","potions_obtained":[{"floor":3,"key":"SteroidPotion"},{"floor":6,"key":"stsjorbsmod:LiquidClarity"},{"floor":8,"key":"EssenceOfSteel"},{"floor":13,"key":"Swift Potion"},{"floor":19,"key":"ColorlessPotion"},{"floor":27,"key":"Ancient Potion"},{"floor":28,"key":"ColorlessPotion"},{"floor":30,"key":"CultistPotion"},{"floor":31,"key":"DuplicationPotion"},{"floor":40,"key":"Block Potion"},{"floor":41,"key":"Languid Potion"},{"floor":45,"key":"champ:CounterPotion"},{"floor":54,"key":"stsjorbsmod:BurningPotion"}],"is_trial":false,"path_per_floor":["M","?","M","M","?","E","R","E","T","?","?","R","E","?","R","B",null,"M","M","?","?","?","R","E","$","T","E","M","COS","E","M","R","B",null,"M","?","?","COS","M","E","M","E","T","?","E","?","E","M","R_BF","B",null,"R","$","E","B",null],"character_chosen":"WANDERER","items_purchased":["Blue Doll","FairyPotion","Juzu Bracelet","CCEMRelics:Francisca","stsjorbsmod:Mending","stsjorbsmod:ArcaneWeapon","DuplicationPotion","stsjorbsmod:ChatteringStrike","stsjorbsmod:TinyHut","CCEMRelics:JestersCrown","Adrenaline Potion","ReplayTheSpireMod:TigerMarble","DistilledChaos"],"campfire_rested":2,"item_purchase_floors":[0,0,0,0,0,0,0,0,25,25,25,53,53],"current_hp_per_floor":[34,34,32,31,21,10,30,22,22,22,22,42,41,41,41,38,61,62,64,64,64,64,64,58,58,58,48,44,44,36,37,37,19,57,60,46,46,46,58,52,56,70,70,33,44,44,48,54,54,61,68,68,70,22,34],"gold":112,"neow_bonus":"","is_daily":false,"chose_seed":false,"campfire_upgraded":3,"win_rate":0.0,"timestamp":1609302353,"path_taken":["M","?","M","M","?","E","R","E","T","?","?","R","E","?","R","BOSS","M","M","?","?","?","R","E","$","T","E","M","COS","E","M","R","BOSS","M","?","?","COS","M","E","M","E","T","?","E","?","E","M","R_BF","BOSS","R","$","E","BOSS"],"items_purchased_type":["Relic","Potion","Relic","Relic","Card","Card","Potion","Card","Card","Relic","Potion","Relic","Potion"],"build_version":"2020-12-22","purchased_purges":4,"victory":true,"max_hp_per_floor":[68,68,68,68,68,68,68,68,68,68,68,68,68,68,68,68,68,68,68,68,68,68,68,68,68,68,68,70,70,70,70,70,70,70,70,70,70,70,70,70,70,70,70,70,70,70,70,70,70,70,70,70,70,70,70],"card_choices":[{"not_picked":["stsjorbsmod:Prestidigitation","stsjorbsmod:DisguiseSelf"],"picked":"stsjorbsmod:Thorns","floor":1},{"not_picked":["stsjorbsmod:Hibernate","stsjorbsmod:Mania"],"picked":"stsjorbsmod:ArcaneWeapon","floor":3},{"not_picked":["stsjorbsmod:ChatteringStrike","stsjorbsmod:ArcaneWeapon"],"picked":"stsjorbsmod:FranticSearch","floor":4},{"not_picked":["stsjorbsmod:Fear","stsjorbsmod:Channel"],"picked":"stsjorbsmod:RefuseToForget","floor":5},{"not_picked":["stsjorbsmod:TollTheDead","stsjorbsmod:Thorns"],"picked":"stsjorbsmod:DisguiseSelf","floor":6},{"not_picked":["stsjorbsmod:TollTheDead","stsjorbsmod:FracturedMind"],"picked":"stsjorbsmod:ScorchingRay","floor":8},{"not_picked":["Replay:BasicMightCard+1","StuffTheSpire:PlasmaPulse+1"],"picked":"Replay:SS_fish_3+1","floor":10},{"not_picked":["stsjorbsmod:RayOfFrost","stsjorbsmod:ChatteringStrike"],"picked":"stsjorbsmod:Counterspell","floor":13},{"not_picked":["stsjorbsmod:Pyromancy","stsjorbsmod:DeathThroes"],"picked":"stsjorbsmod:IvoryTower","floor":16},{"not_picked":["stsjorbsmod:BurningFlask","stsjorbsmod:MagicMirror"],"picked":"stsjorbsmod:ArcaneWeapon","floor":18},{"not_picked":["stsjorbsmod:HedgeWizard+1","stsjorbsmod:OldPocket+1"],"picked":"stsjorbsmod:Stalwart+1","floor":18},{"not_picked":["stsjorbsmod:WanderingMind","stsjorbsmod:Hurt"],"picked":"stsjorbsmod:Mindworm","floor":19},{"not_picked":["stsjorbsmod:BookOfTongues","stsjorbsmod:ArcaneWeapon","stsjorbsmod:WanderingMind+1"],"picked":"SKIP","floor":19},{"not_picked":["stsjorbsmod:ArcaneWeapon","stsjorbsmod:WanderingMind+1"],"picked":"stsjorbsmod:BookOfTongues","floor":19},{"not_picked":["ReplayTheSpireMod:Uncanny Aura+1","expansioncontent:BronzeBeam+1"],"picked":"Trip+1","floor":24},{"not_picked":["stsjorbsmod:Counterspell","stsjorbsmod:Prestidigitation"],"picked":"stsjorbsmod:WeightOfMemory+1","floor":24},{"not_picked":["Replay:Sssssssssshield+1","expansioncontent:Sear+1"],"picked":"Swift Strike+1","floor":27},{"not_picked":["stsjorbsmod:Mending+1","stsjorbsmod:LoseGrip"],"picked":"stsjorbsmod:MistyStep","floor":27},{"not_picked":["expansioncontent:Corrupt+1","conspire:Banana+1"],"picked":"ReplayTheSpireMod:Brewmster+1","floor":28},{"not_picked":["stsjorbsmod:Will","stsjorbsmod:MirrorImage"],"picked":"stsjorbsmod:Rest","floor":28},{"not_picked":["stsjorbsmod:Index","stsjorbsmod:WeightOfMemory","stsjorbsmod:Will"],"picked":"SKIP","floor":28},{"not_picked":["stsjorbsmod:ColorSpray","stsjorbsmod:MagicMirror"],"picked":"stsjorbsmod:LocateObject","floor":30},{"not_picked":["stsjorbsmod:WeightOfMemory","stsjorbsmod:ChainLightning"],"picked":"stsjorbsmod:Patron","floor":31},{"not_picked":["stsjorbsmod:ParryingBlow","stsjorbsmod:ColorSpray"],"picked":"stsjorbsmod:FranticSearch+1","floor":31},{"not_picked":["stsjorbsmod:MirrorImage","stsjorbsmod:Determination"],"picked":"stsjorbsmod:Withdraw","floor":33},{"not_picked":["stsjorbsmod:Channel","stsjorbsmod:Hurt","stsjorbsmod:FracturedMind+1"],"picked":"SKIP","floor":35},{"not_picked":["stsjorbsmod:ChatteringStrike","stsjorbsmod:Materialize","stsjorbsmod:UnseenServant+1"],"picked":"SKIP","floor":35},{"not_picked":["stsjorbsmod:Mania","stsjorbsmod:UnseenServant"],"picked":"stsjorbsmod:MagicMissiles+1","floor":39},{"not_picked":["stsjorbsmod:BookOfTongues","stsjorbsmod:Hurt","stsjorbsmod:Prestidigitation+1"],"picked":"SKIP","floor":39},{"not_picked":["stsjorbsmod:Materialize","stsjorbsmod:Fear"],"picked":"stsjorbsmod:FindFamiliar+1","floor":40},{"not_picked":["stsjorbsmod:FranticSearch+1","stsjorbsmod:TinyHut","stsjorbsmod:SchoolsOfMagic+1"],"picked":"SKIP","floor":41},{"not_picked":["stsjorbsmod:SchoolsOfMagic","stsjorbsmod:Message+1","stsjorbsmod:Prestidigitation"],"picked":"SKIP","floor":41},{"not_picked":["stsjorbsmod:ColorSpray+1","stsjorbsmod:Thorns+1","stsjorbsmod:Channel+1"],"picked":"SKIP","floor":42},{"not_picked":["stsjorbsmod:RayOfFrost","stsjorbsmod:Hurt","stsjorbsmod:Firebolt+1"],"picked":"SKIP","floor":45},{"not_picked":["stsjorbsmod:FracturedMind","stsjorbsmod:UnseenServant+1","stsjorbsmod:ChatteringStrike"],"picked":"SKIP","floor":47},{"not_picked":["stsjorbsmod:Rest+1","stsjorbsmod:BookOfTongues+1"],"picked":"stsjorbsmod:OldPocket","floor":48},{"not_picked":["stsjorbsmod:Prestidigitation","stsjorbsmod:ChatteringStrike+1","stsjorbsmod:ChainLightning"],"picked":"SKIP","floor":48},{"not_picked":["stsjorbsmod:Mania+1","stsjorbsmod:DisguiseSelf"],"picked":"stsjorbsmod:Firebolt","floor":54}],"player_experience":1049717,"relics_obtained":[{"floor":5,"key":"Bag of Preparation"},{"floor":6,"key":"StuffTheSpire:Gunfinga"},{"floor":8,"key":"CCEMRelics:PorcelainBowl"},{"floor":9,"key":"Prayer Wheel"},{"floor":13,"key":"Gensokyo:OccultBall"},{"floor":13,"key":"Dream Catcher"},{"floor":16,"key":"Gensokyo:OccultBall"},{"floor":17,"key":"Runesmith:AutoHammer"},{"floor":17,"key":"hubris:Metronome"},{"floor":17,"key":"Unceasing Top"},{"floor":24,"key":"Incense Burner"},{"floor":26,"key":"Meat on the Bone"},{"floor":27,"key":"MealTicket"},{"floor":30,"key":"Replay:Rubber Ducky"},{"floor":33,"key":"Gensokyo:OccultBall"},{"floor":35,"key":"Gensokyo:OccultBall"},{"floor":39,"key":"Gensokyo:OccultBall"},{"floor":40,"key":"hubris:MysteriousPyramids"},{"floor":42,"key":"hubris:Zylophone"},{"floor":45,"key":"aspiration:AnachronicSnailShell"},{"floor":47,"key":"Mummified Hand"},{"floor":54,"key":"Torii"}],"event_choices":[{"damage_healed":0,"gold_gain":0,"player_choice":"2","damage_taken":0,"max_hp_gain":0,"max_hp_loss":0,"event_name":"betterMatch:BetterMatch","floor":10,"gold_loss":0,"cards_obtained":["betterMatch:ColorlessUncommonCard"]},{"damage_healed":0,"gold_gain":116,"player_choice":"GO UP RE ","damage_taken":42,"relics_obtained":["Anchor"],"max_hp_gain":0,"max_hp_loss":0,"event_name":"betterSkull:BetterSkull","floor":44,"gold_loss":0,"cards_upgraded":["stsjorbsmod:DisguiseSelf"]},{"damage_healed":0,"gold_gain":0,"player_choice":"Leave","damage_taken":0,"max_hp_gain":0,"max_hp_loss":0,"event_name":"conspire:Investor","floor":46,"gold_loss":0}],"is_beta":false,"boss_relics":[{"not_picked":["aspiration:RunesmithSkillbook","aspiration:MobileForge"],"picked":"Calling Bell"},{"not_picked":["Replay:Drink Me","aspiration:PoetsPen_weak"],"picked":"StuffTheSpire:RunicConfusion"}],"items_purged_floors":[0,25,53,53],"is_endless":false,"potions_floor_spawned":[3,6,8,13,16,19,27,28,30,31,40,41,45,47,54],"ascension_level":8}}