{"host":"2apb6gwm2fj4theg","time":1609363220,"event":{"mods":["2.2 Compatiblity","AlwaysNeverKeys","BaseMod","Halation","Infinite Spire","Minty Spire (QoL Compilation)","Replay The Spire","Shop Mod","Small Relic Pack","StSLib","The Animator"],"gold_per_floor":[116,131,306,256,306,341,341,375,375,401,419,419,419,437,437,538,538,549,566,582,594,594,594,627,87,111,127,146,146,146,188,188,299,299,318,318,378,15,15,15,47,61,61,61,79,79,96,114,114,122],"floor_reached":51,"playtime":2926,"items_purged":[],"score":769,"play_id":"c2545257-d38f-4161-a6e2-f837032b9427","local_time":"20201230232020","is_ascension_mode":true,"campfire_choices":[{"floor":7,"key":"REST"},{"floor":13,"key":"REST"},{"data":"ReplayTheSpireMod:LeadingStrike","floor":15,"key":"SMITH"},{"floor":23,"key":"REST"},{"data":"Demon Form","floor":29,"key":"SMITH"},{"data":"ReplayTheSpireMod:Brewmster","floor":32,"key":"SMITH"},{"data":"Bloodletting","floor":40,"key":"SMITH"},{"data":"Rupture","floor":44,"key":"SMITH"},{"data":"ReplayTheSpireMod:Muscle Training","floor":49,"key":"SMITH"}],"circlet_count":0,"master_deck":["Strike_R","Strike_R","Strike_R+1","Strike_R","Strike_R","Defend_R","Defend_R","Defend_R","Defend_R","Bash","ReplayTheSpireMod:Stacked","Blood for Blood","Anger","Replay:Undeath\u0027s Touch+1","Spot Weakness","ReplayTheSpireMod:LeadingStrike+1","Cleave","Infernal Blade","Uppercut","Demon Form+1","ReplayTheSpireMod:Muscle Training+1","Thunderclap+1","Spot Weakness+1","Rupture+1","Thunderclap","ReplayTheSpireMod:Brewmster+1","Bloodletting+1","Flying Knee","FTL","Riddle With Holes","Master of Strategy+1","Disarm+1","FlurryOfBlows","Clothesline+1","infinitespire:FutureSight+1","FTL"],"relics":["Burning Blood","Nunchaku","ReplayTheSpireMod:Spearhead","Art of War","Divine Protection","Gremlin Horn","The Courier","Ring of Hypnosis","halation:PinkAlligatorPlush","Thread and Needle","PrismaticShard","halation:IllGainedPizza","Regal Pillow","Toy Ornithopter","Whetstone","Toxic Egg 2","Busted Crown","relicPack:OneForAll","Ice Cream","Bag of Preparation","Du-Vu Doll","Potion Belt","Bottled Flame"],"acts_visited":["Exordium","TheCity","TheBeyond"],"potions_floor_usage":[10,21,21,27,28,31,31,31,33,33,33,33,33,35,37,37,41,41,41,42,42,47,47,47,48,48,48,48,50,50,50,50,50],"damage_taken":[{"damage":3,"enemies":"Small Slimes","floor":1,"turns":3},{"damage":0,"enemies":"2 Louse","floor":2,"turns":3},{"damage":31,"enemies":"3 Sentries","floor":6,"turns":7},{"damage":18,"enemies":"Replay:BlueRogue","floor":8,"turns":7},{"damage":20,"enemies":"Lagavulin","floor":10,"turns":7},{"damage":5,"enemies":"Jaw Worm","floor":11,"turns":3},{"damage":0,"enemies":"Exordium Wildlife","floor":14,"turns":2},{"damage":19,"enemies":"Slime Boss","floor":16,"turns":6},{"damage":21,"enemies":"Shell Parasite","floor":18,"turns":4},{"damage":2,"enemies":"Chosen","floor":19,"turns":4},{"damage":33,"enemies":"Snake Plant","floor":20,"turns":4},{"damage":37,"enemies":"Chosen and Byrds","floor":21,"turns":4},{"damage":37,"enemies":"Book of Stabbing","floor":24,"turns":4},{"damage":10,"enemies":"3 Cultists","floor":27,"turns":4},{"damage":15,"enemies":"Centurion and Healer","floor":28,"turns":5},{"damage":41,"enemies":"Gremlin Leader","floor":31,"turns":6},{"damage":84,"enemies":"Automaton","floor":33,"turns":7},{"damage":7,"enemies":"3 Shapes","floor":35,"turns":3},{"damage":22,"enemies":"2 Orb Walkers","floor":37,"turns":3},{"damage":34,"enemies":"Reptomancer","floor":41,"turns":5},{"damage":4,"enemies":"3 Darklings","floor":42,"turns":2},{"damage":12,"enemies":"Maw","floor":45,"turns":7},{"damage":16,"enemies":"Transient","floor":47,"turns":5},{"damage":28,"enemies":"Writhing Mass","floor":48,"turns":5},{"damage":79,"enemies":"Awakened One","floor":50,"turns":6}],"seed_played":"-6331507343230409019","potions_obtained":[{"floor":1,"key":"Venom Potion"},{"floor":5,"key":"Milkshake"},{"floor":6,"key":"AttackPotion"},{"floor":14,"key":"BlessingOfTheForge"},{"floor":24,"key":"BloodPotion"},{"floor":27,"key":"Reflective Coating"},{"floor":28,"key":"BloodPotion"},{"floor":41,"key":"Swift Potion"},{"floor":45,"key":"BlessingOfTheForge"},{"floor":47,"key":"SpeedPotion"}],"is_trial":false,"path_per_floor":["M","M","?","?","?","E","R","E","T","E","M","?","R","M","R","B",null,"M","M","M","M","?","R","E","$","T","M","M","R","T","E","R","B",null,"M","?","?","$","?","R","E","M","T","R","M","AVR","M","M","R","B",null],"character_chosen":"IRONCLAD","items_purchased":["ReplayTheSpireMod:Brewmster","PrismaticShard","Bloodletting","halation:IllGainedPizza","Regal Pillow","Bag of Preparation","Du-Vu Doll"],"campfire_rested":3,"item_purchase_floors":[25,25,25,25,25,38,38],"current_hp_per_floor":[80,80,80,80,60,35,59,47,47,33,34,34,58,64,64,51,80,65,69,42,11,11,35,80,80,80,80,76,76,76,80,80,17,80,79,79,69,69,69,69,56,68,68,68,62,62,67,65,65,33],"gold":122,"neow_bonus":"RANDOM_COMMON_RELIC","is_daily":false,"chose_seed":false,"campfire_upgraded":6,"win_rate":0.0,"timestamp":1609363220,"path_taken":["M","M","?","?","?","E","R","E","T","E","?","?","R","M","R","BOSS","M","M","M","M","?","R","E","$","T","M","?","R","?","E","R","BOSS","M","?","?","$","?","R","E","M","T","R","M","AVR","M","M","R","BOSS"],"items_purchased_type":["Card","Relic","Card","Relic","Relic","Relic","Relic"],"build_version":"2020-12-22","purchased_purges":0,"victory":true,"max_hp_per_floor":[80,80,80,80,80,80,80,80,80,80,80,80,80,80,80,80,80,80,80,80,80,80,80,80,80,80,80,80,80,80,80,80,80,80,80,80,80,80,80,80,80,80,80,80,80,80,80,80,80,80],"card_choices":[{"not_picked":["Searing Blow","Warcry"],"picked":"ReplayTheSpireMod:Stacked","floor":1},{"not_picked":["Warcry","Perfected Strike"],"picked":"Blood for Blood","floor":2},{"not_picked":["Iron Wave","Havoc"],"picked":"Anger","floor":5},{"not_picked":["Life Link","Perfected Strike"],"picked":"Replay:Undeath\u0027s Touch","floor":5},{"not_picked":["Sever Soul","ReplayTheSpireMod:LeadingStrike"],"picked":"Spot Weakness","floor":6},{"not_picked":["Offering","Havoc"],"picked":"ReplayTheSpireMod:LeadingStrike","floor":8},{"not_picked":["Carnage","ReplayTheSpireMod:Strike From Hell"],"picked":"Cleave","floor":10},{"not_picked":["Combust","Metallicize"],"picked":"Infernal Blade","floor":11},{"not_picked":["Reckless Charge","Havoc"],"picked":"Uppercut","floor":14},{"not_picked":["Feed","Exhume"],"picked":"Demon Form","floor":16},{"not_picked":["Run Through","Ghostly Armor"],"picked":"ReplayTheSpireMod:Muscle Training","floor":18},{"not_picked":["Shrug It Off","Blood for Blood"],"picked":"Thunderclap+1","floor":19},{"not_picked":["Replay:Undeath\u0027s Touch","Disarm"],"picked":"Spot Weakness+1","floor":20},{"not_picked":["Flex+1","Cleave"],"picked":"Rupture","floor":21},{"not_picked":["Reckless Charge","Wild Strike"],"picked":"Thunderclap","floor":24},{"not_picked":["Halt","Wraith Form v2"],"picked":"Flying Knee","floor":27},{"not_picked":["FearNoEvil","Steam"],"picked":"FTL","floor":28},{"not_picked":["Vengeance+1","animator:LeleiLaLalena+1"],"picked":"Riddle With Holes","floor":31},{"not_picked":["animator:Hans","Unload"],"picked":"Master of Strategy+1","floor":33},{"not_picked":["Replay:Sssssssssshield+1"],"picked":"SKIP","floor":35},{"not_picked":[],"picked":"Disarm+1","floor":37},{"not_picked":["ReplayTheSpireMod:System Scan+1"],"picked":"SKIP","floor":41},{"not_picked":[],"picked":"FlurryOfBlows","floor":42},{"not_picked":[],"picked":"Clothesline+1","floor":45},{"not_picked":["Warcry+1"],"picked":"SKIP","floor":47},{"not_picked":[],"picked":"FTL","floor":48}],"player_experience":578990,"relics_obtained":[{"floor":5,"key":"ReplayTheSpireMod:Spearhead"},{"floor":6,"key":"Art of War"},{"floor":8,"key":"Divine Protection"},{"floor":9,"key":"Gremlin Horn"},{"floor":10,"key":"The Courier"},{"floor":12,"key":"Ring of Hypnosis"},{"floor":24,"key":"Thread and Needle"},{"floor":26,"key":"Toy Ornithopter"},{"floor":30,"key":"Whetstone"},{"floor":31,"key":"Toxic Egg 2"},{"floor":37,"key":"Ice Cream"},{"floor":41,"key":"Potion Belt"},{"floor":43,"key":"Bottled Flame"}],"event_choices":[{"damage_healed":0,"gold_gain":175,"player_choice":"AGREE","damage_taken":0,"max_hp_gain":0,"max_hp_loss":0,"event_name":"Liars Game","floor":3,"gold_loss":0,"cards_obtained":["Doubt"]},{"cards_removed":["Doubt"],"damage_healed":0,"gold_gain":0,"player_choice":"Card Removal","damage_taken":0,"max_hp_gain":0,"max_hp_loss":0,"event_name":"The Cleric","floor":4,"gold_loss":50},{"damage_healed":0,"gold_gain":0,"player_choice":"Ignored","damage_taken":0,"max_hp_gain":0,"max_hp_loss":0,"event_name":"Purifier","floor":22,"gold_loss":0},{"damage_healed":0,"gold_gain":0,"player_choice":"Fight","damage_taken":0,"max_hp_gain":0,"max_hp_loss":0,"event_name":"Mysterious Sphere","floor":37,"gold_loss":0}],"is_beta":false,"boss_relics":[{"not_picked":["halation:CatFaceCupcake","halation:SmartPhone"],"picked":"halation:PinkAlligatorPlush"},{"not_picked":["halation:LoveArrow","halation:Prosthetics"],"picked":"Busted Crown"}],"items_purged_floors":[],"is_endless":false,"potions_floor_spawned":[1,6,8,14,18,24,27,28,41,45,47],"ascension_level":1}}