{"host":"nk1hwk2qadwaubm5","time":1609372024,"event":{"mods":["BaseMod","Hubris","Infinite Spire","Minty Spire (QoL Compilation)","Replay The Spire","StSLib"],"gold_per_floor":[115,132,147,157,25,57,57,57,57,93,93,136,136,136,136,256,256,271,292,292,292,308,308,308],"floor_reached":23,"playtime":1111,"items_purged":[],"score":285,"play_id":"51115c6b-2f81-47a7-83eb-4d0e0d40c3bf","local_time":"20201231004704","is_ascension_mode":true,"campfire_choices":[{"data":"Cloak And Dagger","floor":7,"key":"SMITH"},{"data":"Accuracy","floor":11,"key":"SMITH"},{"floor":13,"key":"DIG"},{"data":"Footwork","floor":15,"key":"SMITH"}],"circlet_count":0,"master_deck":["Strike_G","Strike_G","Strike_G","Strike_G","Strike_G","Defend_G","Defend_G","Defend_G","Defend_G","Defend_G","Survivor","Neutralize","Prepared","Blade Dance","Dagger Spray","Accuracy+1","Footwork+1","Hidden Blade","Cloak And Dagger+1","Footwork","Blade Dance","Night Terror","Hidden Blade+1","infinitespire:Gouge"],"relics":["Ring of the Snake","NeowsBlessing","Oddly Smooth Stone","Golden Idol","Meat on the Bone","hubris:OldNail","Replay:Multitool","Pen Nib","hubris:Towel","infinitespire:Cupcake","MealTicket"],"acts_visited":["Exordium","TheCity"],"potions_floor_usage":[6,16,23],"damage_taken":[{"damage":0,"enemies":"Cultist","floor":1,"turns":1},{"damage":0,"enemies":"infinitespire:Voidling","floor":2,"turns":1},{"damage":0,"enemies":"Small Slimes","floor":3,"turns":1},{"damage":2,"enemies":"2 Fungi Beasts","floor":4,"turns":4},{"damage":27,"enemies":"Gremlin Nob","floor":6,"turns":5},{"damage":0,"enemies":"Replay:BlueRogue","floor":10,"turns":5},{"damage":0,"enemies":"Lagavulin","floor":12,"turns":7},{"damage":11,"enemies":"Hexaghost","floor":16,"turns":9},{"damage":9,"enemies":"Spheric Guardian","floor":18,"turns":5},{"damage":13,"enemies":"2 Thieves","floor":19,"turns":4},{"damage":32,"enemies":"Cultist and Chosen","floor":22,"turns":5},{"damage":28,"enemies":"Slavers","floor":23,"turns":3}],"seed_played":"-2304476009870172226","potions_obtained":[{"floor":1,"key":"PowerPotion"},{"floor":4,"key":"Elixir"},{"floor":12,"key":"AttackPotion"},{"floor":19,"key":"DuplicationPotion"}],"is_trial":false,"path_per_floor":["M","M","M","M","$","E","R","?","T","E","R","E","R","?","R","B",null,"M","M","?","AVR","M","E"],"character_chosen":"THE_SILENT","items_purchased":["Footwork","Hidden Blade"],"campfire_rested":0,"item_purchase_floors":[5,5],"current_hp_per_floor":[70,70,70,68,68,41,41,24,24,36,36,36,36,36,36,37,70,61,48,48,48,28,0,0],"gold":308,"neow_bonus":"THREE_ENEMY_KILL","is_daily":false,"chose_seed":false,"campfire_upgraded":3,"win_rate":0.0,"timestamp":1609372024,"path_taken":["M","?","M","?","$","E","R","?","T","E","R","E","R","?","R","BOSS","M","M","?","AVR","M","E"],"items_purchased_type":["Card","Card"],"build_version":"2020-12-22","purchased_purges":0,"victory":false,"max_hp_per_floor":[70,70,70,70,70,70,70,70,70,70,70,70,70,70,70,70,70,70,70,70,70,70,70,70],"card_choices":[{"not_picked":["hubris:Sniper","Expertise"],"picked":"Prepared","floor":1},{"not_picked":["Dagger Throw","Prepared"],"picked":"Blade Dance","floor":2},{"not_picked":["Toxin Wave","hubris:SlightOfHand"],"picked":"Dagger Spray","floor":3},{"not_picked":["Calculated Gamble","Sucker Punch"],"picked":"Accuracy","floor":4},{"not_picked":["Tools of the Trade","Flying Knee"],"picked":"Cloak And Dagger","floor":6},{"not_picked":["Dodge and Roll","Prepared"],"picked":"Footwork","floor":10},{"not_picked":["hubris:TrickCloak","Footwork"],"picked":"Blade Dance","floor":12},{"not_picked":["Doppelganger","Malaise"],"picked":"Night Terror","floor":16},{"not_picked":["Slice","Blur+1"],"picked":"Hidden Blade+1","floor":18},{"not_picked":["hubris:Sniper","Choke","PiercingWail+1"],"picked":"SKIP","floor":19},{"not_picked":["Flying Knee","Draining Mist","Backstab"],"picked":"SKIP","floor":22}],"player_experience":109094,"relics_obtained":[{"floor":6,"key":"Oddly Smooth Stone"},{"floor":9,"key":"Meat on the Bone"},{"floor":10,"key":"hubris:OldNail"},{"floor":12,"key":"Replay:Multitool"},{"floor":13,"key":"Pen Nib"}],"event_choices":[{"damage_healed":0,"gold_gain":0,"player_choice":"Take Damage","damage_taken":17,"relics_obtained":["Golden Idol"],"max_hp_gain":0,"max_hp_loss":0,"event_name":"Golden Idol","floor":8,"gold_loss":0},{"damage_healed":0,"gold_gain":0,"player_choice":"Ignored","damage_taken":0,"max_hp_gain":0,"max_hp_loss":0,"event_name":"Vampires","floor":20,"gold_loss":0}],"is_beta":false,"boss_relics":[{"not_picked":["hubris:GrandSneckoEye","SacredBark"],"picked":"infinitespire:Cupcake"}],"items_purged_floors":[],"is_endless":false,"potions_floor_spawned":[1,4,12,19],"killed_by":"Slavers","ascension_level":2}}