{"host":"dwuuoil11k0tfg93","time":1609323687,"event":{"mods":["BaseMod","Koishi","Minty Spire (QoL Compilation)","Reimu£®≤©¿ˆ¡È√Œ£©","Remilia£®¿Ÿ√◊¿Ú—«£©","Replay The Spire","StSLib","WarShipGirlsR/’ΩΩ¢…Ÿ≈ÆR mod","Yakumo Yukari mod","Youmu£®ªÍ∆«—˝√Œ£©","°æ“≈ŒÔø®≈∆°øREMEMod"],"gold_per_floor":[110,129,147,147,157,157,185,185,209,222,222,257,257,278,278,401,401,420,420,420,432,446,473,473,498,498,529,529,558,167,180,180,277,277,292,342,342,353,364,364,383,363,389,223,223,239,239,239,239,239,239,239,5,33,33,33],"floor_reached":55,"playtime":7414,"items_purged":["Injury"],"score":705,"play_id":"f505fb49-777a-45f3-9250-f611a4daa0d2","local_time":"20201230182127","is_ascension_mode":false,"campfire_choices":[{"data":"Chrysalis","floor":6.0,"key":"SMITH"},{"floor":8.0,"key":"REST"},{"floor":13.0,"key":"REST"},{"data":"rmod:diaomin","floor":15.0,"key":"SMITH"},{"data":"rmod:expedition","floor":24.0,"key":"SMITH"},{"floor":32.0,"key":"DIG"},{"floor":40,"key":"RECALL"},{"data":"rmod:expedition+1","floor":45,"key":"SMITH"},{"floor":47,"key":"REST"},{"floor":49,"key":"REST"},{"data":"rmod:chargemoney","floor":52,"key":"SMITH"}],"circlet_count":0,"master_deck":["rmod:strick","rmod:strick","rmod:strick","rmod:strick","rmod:defend","rmod:defend","rmod:defend","rmod:defend","rmod:basicallowance","rmod:maingunfire","Chrysalis+1","rmod:intelligenceanalysis","rmod:diaomin+1","rmod:fuelsupply","rmod:mineteam","rmod:supriseattacks","rmod:steelsupply+1","rmod:chargemoney+1","rmod:expedition+3","rmod:advancebysurprise+1","rmod:goodfighter","Pot Of Greed","Pot Of Greed","rmod:acesubmarine","rmod:advancebysurprise+1","rmod:ammunitionsupply+1","Pot Of Greed","rmod:desperatesituation","rmod:abidefaith","Crow Ritual","rmod:victimresponsibility"],"relics":["rmod:firstchargereward","REME_ComplimentaryCards","Happy Flower","ReplayTheSpireMod:TigerMarble","Bloody Idol","Bronze Scales","REME_DuelDisc","InkBottle","Bottled Tornado","Bottled Lightning","Replay:Bottled Flurry","Juzu Bracelet","CrazyTorch:ReiMu","Grinning Jar","rmod:monthlycard","Pocketwatch","Lee\u0027s Waffle","Anchor"],"acts_visited":["Exordium","TheCity","TheBeyond","TheEnding"],"potions_floor_usage":[36,41,50,55,55],"damage_taken":[{"damage":0.0,"enemies":"Jaw Worm","floor":1.0,"turns":3.0},{"damage":0.0,"enemies":"Cultist","floor":2.0,"turns":3.0},{"damage":3.0,"enemies":"2 Louse","floor":3.0,"turns":2.0},{"damage":10.0,"enemies":"Exordium Wildlife","floor":5.0,"turns":5.0},{"damage":44.0,"enemies":"3 Sentries","floor":7.0,"turns":11.0},{"damage":0.0,"enemies":"Large Slime","floor":10.0,"turns":4.0},{"damage":30.0,"enemies":"Gremlin Nob","floor":12.0,"turns":5.0},{"damage":3.0,"enemies":"Red Slaver","floor":14.0,"turns":4.0},{"damage":22.0,"enemies":"Hexaghost","floor":16.0,"turns":8.0},{"damage":3.0,"enemies":"Chosen","floor":18.0,"turns":3.0},{"damage":20.0,"enemies":"2 Thieves","floor":21.0,"turns":3.0},{"damage":2.0,"enemies":"Centurion and Healer","floor":22.0,"turns":17.0},{"damage":4.0,"enemies":"Replay:Snechameleon","floor":23.0,"turns":8.0},{"damage":2.0,"enemies":"Book of Stabbing","floor":25.0,"turns":5.0},{"damage":22.0,"enemies":"Gremlin Leader","floor":27.0,"turns":9.0},{"damage":25.0,"enemies":"Book of Stabbing","floor":29.0,"turns":6.0},{"damage":15.0,"enemies":"Shelled Parasite and Fungi","floor":31.0,"turns":4.0},{"damage":13.0,"enemies":"Collector","floor":33.0,"turns":9.0},{"damage":20,"enemies":"3 Darklings","floor":35,"turns":4},{"damage":4,"enemies":"Mind Bloom Boss Battle","floor":36,"turns":5},{"damage":3,"enemies":"Orb Walker","floor":38,"turns":3},{"damage":10,"enemies":"Spire Growth","floor":39,"turns":3},{"damage":4,"enemies":"Jaw Worm Horde","floor":41,"turns":4},{"damage":48,"enemies":"Transient","floor":46,"turns":6},{"damage":35,"enemies":"Donu and Deca","floor":50,"turns":10},{"damage":19,"enemies":"Shield and Spear","floor":54,"turns":7},{"damage":101,"enemies":"The Heart","floor":55,"turns":8}],"seed_played":"503574644503489748","potions_obtained":[{"floor":3.0,"key":"Dexterity Potion"},{"floor":5.0,"key":"Explosive Potion"},{"floor":10.0,"key":"REME_GoldPotion"},{"floor":16.0,"key":"Energy Potion"},{"floor":18.0,"key":"Energy Potion"},{"floor":20.0,"key":"LifebloodPotion"},{"floor":20.0,"key":"Flashbang"},{"floor":21.0,"key":"Dexterity Potion"},{"floor":27.0,"key":"FearPotion"},{"floor":31.0,"key":"FairyPotion"},{"floor":33.0,"key":"BlessingOfTheForge"},{"floor":38,"key":"Swift Potion"},{"floor":39,"key":"Dexterity Potion"},{"floor":41,"key":"Explosive Potion"},{"floor":54,"key":"SteroidPotion"}],"is_trial":false,"path_per_floor":["M","M","M","?","M","R","E","R","T","M","?","E","R","M","R","B",null,"M","?","?","M","M","E","R","E","T","E","?","E","$","M","R","B",null,"M","?","?","M","M","R","M","?","T","$","R","M","R","?","R","B",null,"R","$","E","B"],"character_chosen":"PRAEFECT","items_purchased":["CrazyTorch:ReiMu","rmod:goodfighter","Crow Ritual","LiquidBronze","Lee\u0027s Waffle"],"campfire_rested":4,"item_purchase_floors":[30,30,44,53,53],"current_hp_per_floor":[82,82,79,71,61,61,17,41,41,41,41,11,35,32,32,10,82,79,79,79,69,72,73,73,76,76,59,59,39,39,29,29,21,82,67,68,68,70,65,65,66,66,71,71,71,28,52,52,76,41,82,82,89,75,0,0],"gold":33,"neow_bonus":"TEN_PERCENT_HP_BONUS","is_daily":false,"chose_seed":false,"campfire_upgraded":5,"win_rate":0.0,"timestamp":1609323687,"path_taken":["M","M","M","?","?","R","E","R","T","M","?","E","R","M","R","BOSS","M","?","?","M","?","E","R","E","T","E","?","E","$","M","R","BOSS","M","?","?","M","M","R","M","?","T","?","R","M","R","?","R","BOSS","R","$","E","BOSS"],"items_purchased_type":["Relic","Card","Card","Potion","Relic"],"build_version":"2020-12-22","purchased_purges":1,"victory":false,"max_hp_per_floor":[82,82,82,82,82,82,82,82,82,82,82,82,82,82,82,82,82,82,82,82,82,82,82,82,82,82,82,82,82,82,82,82,82,82,82,82,82,82,82,82,82,82,82,82,82,82,82,82,82,82,82,82,89,89,89,89],"card_choices":[{"not_picked":["rmod:wolves","rmod:sl","rmod:rockthrower"],"picked":"SKIP","floor":1.0},{"not_picked":["rmod:supportescort","rmod:wolves","rmod:unsinkable"],"picked":"SKIP","floor":2.0},{"not_picked":["rmod:diamondstrike","rmod:firesupport"],"picked":"rmod:intelligenceanalysis","floor":3.0},{"not_picked":["rmod:mineteam","rmod:salvage"],"picked":"rmod:diaomin","floor":5.0},{"not_picked":["rmod:diamondstrike","rmod:sl"],"picked":"rmod:fuelsupply","floor":7.0},{"not_picked":["rmod:fuelsupply","rmod:fletcher"],"picked":"rmod:mineteam","floor":10.0},{"not_picked":["rmod:unsinkable","rmod:generalist","rmod:gendarmerie"],"picked":"SKIP","floor":12.0},{"not_picked":["rmod:capitalist","rmod:generalist","rmod:mineteam"],"picked":"SKIP","floor":14.0},{"not_picked":["rmod:u235","rmod:secretscript"],"picked":"rmod:supriseattacks","floor":16.0},{"not_picked":["rmod:goodsister","rmod:ammunitionsupply"],"picked":"rmod:steelsupply+1","floor":18.0},{"not_picked":["rmod:tearstotiara","rmod:bulid"],"picked":"rmod:chargemoney","floor":21.0},{"not_picked":["rmod:capitalist","rmod:fletcherpendant","rmod:luckystar"],"picked":"SKIP","floor":22.0},{"not_picked":["rmod:aluminumsupply","rmod:advancebysurprise+1"],"picked":"rmod:expedition","floor":23.0},{"not_picked":["rmod:heivgo","rmod:punchline+1","rmod:intelligenceanalysis"],"picked":"SKIP","floor":25.0},{"not_picked":["rmod:salvage","rmod:aluminumsupply+1"],"picked":"rmod:advancebysurprise+1","floor":27.0},{"not_picked":["rmod:ridicule","rmod:openingtorpedo","rmod:intelligenceanalysis"],"picked":"SKIP","floor":29.0},{"not_picked":["rmod:aluminumsupply","rmod:supportescort","rmod:circuitoustactics"],"picked":"SKIP","floor":31.0},{"not_picked":["rmod:u235","rmod:stealaluminum"],"picked":"rmod:acesubmarine","floor":33.0},{"not_picked":["rmod:capitalist+1","rmod:slowdown","rmod:steelsupply+1"],"picked":"SKIP","floor":35},{"not_picked":["rmod:diaomin+1","rmod:firesupport"],"picked":"rmod:advancebysurprise+1","floor":36},{"not_picked":["rmod:capitalist+1","rmod:supportescort+1"],"picked":"rmod:ammunitionsupply+1","floor":38},{"not_picked":["rmod:steelsupply","rmod:diamondstrike+1"],"picked":"rmod:desperatesituation","floor":39},{"not_picked":["rmod:tearstotiara+1","rmod:circuitoustactics","rmod:advancebysurprise"],"picked":"SKIP","floor":41},{"not_picked":[],"picked":"rmod:abidefaith","floor":42},{"not_picked":["rmod:luckystar+1","rmod:supportescort"],"picked":"rmod:victimresponsibility","floor":46},{"not_picked":["rmod:luckystar+1","rmod:supriseattacks","rmod:fuelsupply"],"picked":"SKIP","floor":54}],"player_experience":54562,"relics_obtained":[{"floor":7.0,"key":"Happy Flower"},{"floor":9.0,"key":"ReplayTheSpireMod:TigerMarble"},{"floor":12.0,"key":"Bronze Scales"},{"floor":23.0,"key":"InkBottle"},{"floor":25.0,"key":"Bottled Tornado"},{"floor":26.0,"key":"Bottled Lightning"},{"floor":27.0,"key":"Replay:Bottled Flurry"},{"floor":29.0,"key":"Juzu Bracelet"},{"floor":32.0,"key":"Grinning Jar"},{"floor":36,"key":"Pocketwatch"},{"floor":54,"key":"Anchor"}],"event_choices":[{"damage_healed":0.0,"max_hp_gain":0.0,"max_hp_loss":0.0,"gold_gain":0.0,"event_name":"Wheel of Change","player_choice":"Damaged","floor":4.0,"gold_loss":0.0,"damage_taken":8.0},{"damage_healed":0.0,"max_hp_gain":0.0,"max_hp_loss":0.0,"gold_gain":0.0,"event_name":"Golden Idol","player_choice":"Take Wound","floor":11.0,"gold_loss":0.0,"damage_taken":0.0,"relics_obtained":["Golden Idol"],"cards_obtained":["Injury"]},{"damage_healed":0.0,"max_hp_gain":0.0,"max_hp_loss":0.0,"gold_gain":0.0,"event_name":"Forgotten Altar","player_choice":"Gave Idol","floor":19.0,"relics_lost":["Golden Idol"],"gold_loss":0.0,"damage_taken":0.0,"relics_obtained":["Bloody Idol"]},{"damage_healed":0.0,"max_hp_gain":0.0,"max_hp_loss":0.0,"gold_gain":0.0,"event_name":"Lab","player_choice":"Got Potions","floor":20.0,"gold_loss":0.0,"damage_taken":0.0},{"damage_healed":0.0,"max_hp_gain":0.0,"max_hp_loss":0.0,"gold_gain":0.0,"event_name":"Ghosts","player_choice":"Ignored","floor":28.0,"gold_loss":0.0,"damage_taken":0.0},{"damage_healed":0,"gold_gain":0,"player_choice":"Fight","damage_taken":0,"max_hp_gain":0,"max_hp_loss":0,"event_name":"MindBloom","floor":36,"gold_loss":0},{"damage_healed":0,"gold_gain":0,"player_choice":"Ignored","damage_taken":0,"max_hp_gain":0,"max_hp_loss":0,"event_name":"SecretPortal","floor":37,"gold_loss":0},{"damage_healed":0,"gold_gain":0,"player_choice":"Forge","damage_taken":0,"max_hp_gain":0,"max_hp_loss":0,"event_name":"Accursed Blacksmith","floor":48,"gold_loss":0,"cards_upgraded":["rmod:expedition"]}],"is_beta":false,"boss_relics":[{"not_picked":["Busted Crown","Snecko Eye"],"picked":"REME_DuelDisc"},{"not_picked":["Astrolabe","Velvet Choker"],"picked":"rmod:monthlycard"}],"items_purged_floors":[30],"is_endless":false,"potions_floor_spawned":[3,5,10,16,18,21,23,27,31,33,38,39,41,54],"killed_by":"The Heart","ascension_level":0}}