{"host":"y3iy5gb13b300rns","time":1609362114,"event":{"mods":["BaseMod","Bestiary","Curses Come First","Minty Spire (QoL Compilation)","Replay The Spire","StSLib","The Runesmith"],"gold_per_floor":[118,118,138,153,153,185,185,204,228,261,84,103,137,157,157,262,262,281,281,196,196,107,107,135,145,145,162,48,48,64,84,84,189,189,207,224,69,69,82,82,108,127,150,150,150,150],"floor_reached":45,"playtime":3382,"items_purged":[],"score":534,"play_id":"47903978-2c92-4df8-bcd7-fab6639fa8fa","local_time":"20201230150154","is_ascension_mode":true,"campfire_choices":[{"floor":7.0,"key":"REST"},{"floor":15.0,"key":"REST"},{"floor":23.0,"key":"RECALL"},{"floor":29.0,"key":"REST"},{"floor":32.0,"key":"REST"},{"floor":40.0,"key":"REST"},{"floor":44.0,"key":"REST"}],"circlet_count":0,"master_deck":["Strike_R","Strike_R+1","Strike_R","Strike_R","Strike_R","Defend_R","Defend_R","Defend_R+1","Defend_R","Bash","Berserk","Pommel Strike+1","Flame Barrier","ReplayReversal","Thunderclap","Twin Strike","Apotheosis","Headbutt","Clash","Replay:Undeath\u0027s Touch","Demon Form","Spot Weakness","Seeing Red","Bandage Up","Perfected Strike+1","Spot Weakness+1","Blood for Blood","Burning Pact","Heavy Blade+1","Cleave","Hemogenesis","Cleave+1","Sword Boomerang","Enlightenment","Double Tap","ReplayTheSpireMod:Stacked","Parasite","Battle Trance+1"],"relics":["Burning Blood","Strawberry","Nunchaku","Lantern","Juzu Bracelet","Darkstone Periapt","Mark of Pain","Dead Branch","Magic Flower","Incense Burner","Black Star","PreservedInsect","Bag of Preparation","Whetstone","ReplayTheSpireMod:Spearhead"],"acts_visited":["Exordium","TheCity","TheBeyond"],"potions_floor_usage":[45],"damage_taken":[{"damage":17.0,"enemies":"Small Slimes","floor":1.0,"turns":4.0},{"damage":9.0,"enemies":"Cultist","floor":3.0,"turns":3.0},{"damage":1.0,"enemies":"Jaw Worm","floor":4.0,"turns":2.0},{"damage":37.0,"enemies":"Lagavulin","floor":6.0,"turns":7.0},{"damage":0.0,"enemies":"2 Fungi Beasts","floor":8.0,"turns":3.0},{"damage":24.0,"enemies":"3 Sentries","floor":10.0,"turns":7.0},{"damage":11.0,"enemies":"Blue Slaver","floor":12.0,"turns":4.0},{"damage":21.0,"enemies":"Gremlin Nob","floor":13.0,"turns":3.0},{"damage":1.0,"enemies":"Exordium Wildlife","floor":14.0,"turns":2.0},{"damage":37.0,"enemies":"Fading Forest","floor":16.0,"turns":11.0},{"damage":21.0,"enemies":"2 Thieves","floor":18.0,"turns":4.0},{"damage":47.0,"enemies":"Book of Stabbing","floor":24.0,"turns":5.0},{"damage":2.0,"enemies":"Spheric Guardian","floor":25.0,"turns":4.0},{"damage":21.0,"enemies":"Centurion and Healer","floor":27.0,"turns":4.0},{"damage":24.0,"enemies":"Snake Plant","floor":30.0,"turns":3.0},{"damage":16.0,"enemies":"Cultist and Chosen","floor":31.0,"turns":5.0},{"damage":63.0,"enemies":"Automaton","floor":33.0,"turns":7.0},{"damage":67.0,"enemies":"3 Darklings","floor":35.0,"turns":5.0},{"damage":13.0,"enemies":"3 Shapes","floor":36.0,"turns":6.0},{"damage":4.0,"enemies":"Spire Growth","floor":39.0,"turns":4.0},{"damage":75.0,"enemies":"Giant Head","floor":41.0,"turns":8.0},{"damage":31.0,"enemies":"Writhing Mass","floor":42.0,"turns":8.0},{"damage":66,"enemies":"Transient","floor":45,"turns":5}],"seed_played":"5137994260059272552","potions_obtained":[{"floor":6.0,"key":"Toxic Potion"},{"floor":12.0,"key":"Elixir"},{"floor":13.0,"key":"Explosive Potion"},{"floor":24.0,"key":"Block Potion"},{"floor":25.0,"key":"Energy Potion"},{"floor":27.0,"key":"BloodPotion"},{"floor":31.0,"key":"FearPotion"},{"floor":35.0,"key":"GamblersBrew"},{"floor":39.0,"key":"AttackPotion"},{"floor":42.0,"key":"Dexterity Potion"}],"is_trial":false,"path_per_floor":["M","?","M","M","?","E","R","M","T","E","$","M","E","M","R","B",null,"M","T","?","?","$","R","E","M","T","M","$","R","M","M","R","B",null,"M","M","$","?","M","R","E","M","T","R","M"],"character_chosen":"IRONCLAD","items_purchased":["Apotheosis","Bandage Up","DistilledChaos","Burning Pact","PreservedInsect"],"campfire_rested":6,"item_purchase_floors":[11,22,28,28,37],"current_hp_per_floor":[69,53,50,55,62,31,57,63,63,45,45,40,25,30,56,43,87,72,72,72,72,72,72,40,53,53,41,41,67,78,71,87,33,87,38,43,43,43,54,80,20,13,13,40,0,0],"gold":150,"neow_bonus":"ONE_RANDOM_RARE_CARD","is_daily":false,"chose_seed":false,"campfire_upgraded":0,"win_rate":0.0,"timestamp":1609362114,"path_taken":["M","?","M","M","?","E","R","M","T","E","$","M","E","M","R","BOSS","M","?","?","?","$","R","E","M","T","M","$","R","M","M","R","BOSS","M","M","$","?","M","R","E","M","T","R","M"],"items_purchased_type":["Card","Card","Potion","Card","Relic"],"build_version":"2020-12-22","purchased_purges":0,"victory":false,"max_hp_per_floor":[80,80,80,80,87,87,87,87,87,87,87,87,87,87,87,87,87,87,87,87,87,87,87,87,87,87,87,87,87,87,87,87,87,87,87,87,87,87,87,87,87,93,93,93,93,93],"card_choices":[{"not_picked":["Replay:Undeath\u0027s Touch","Havoc"],"picked":"Pommel Strike","floor":1.0},{"not_picked":["Metallicize","Body Slam"],"picked":"Clash","floor":3.0},{"not_picked":["Headbutt","Replay:Undeath\u0027s Touch"],"picked":"Flame Barrier","floor":4.0},{"not_picked":["Wild Strike","Sever Soul"],"picked":"ReplayReversal","floor":6.0},{"not_picked":["Clothesline","True Grit"],"picked":"Thunderclap","floor":8.0},{"not_picked":["Demonic Infusion","Headbutt"],"picked":"Twin Strike","floor":10.0},{"not_picked":["Battle Trance","True Grit"],"picked":"Headbutt","floor":12.0},{"not_picked":["Havoc","Dual Wield"],"picked":"Clash","floor":13.0},{"not_picked":["Heavy Blade","ReplayTheSpireMod:Strike From Hell"],"picked":"Replay:Undeath\u0027s Touch","floor":14.0},{"not_picked":["Impervious","Exhume"],"picked":"Demon Form","floor":16.0},{"not_picked":["Shrug It Off","Twin Strike+1"],"picked":"Spot Weakness","floor":18.0},{"not_picked":["Iron Wave","ReplayTheSpireMod:LeadingStrike"],"picked":"Perfected Strike+1","floor":24.0},{"not_picked":["Pommel Strike","Thunderclap+1"],"picked":"Spot Weakness+1","floor":25.0},{"not_picked":["Warcry","Dropkick+1"],"picked":"Blood for Blood","floor":27.0},{"not_picked":["Body Slam","Run Through"],"picked":"Heavy Blade","floor":30.0},{"not_picked":["Body Slam+1","Seeing Red"],"picked":"Cleave","floor":31.0},{"not_picked":["Eclipse","Fiend Fire"],"picked":"Hemogenesis","floor":33.0},{"not_picked":["Headbutt","Reckless Charge+1"],"picked":"Cleave+1","floor":35.0},{"not_picked":["Clash","Wild Strike"],"picked":"Sword Boomerang","floor":36.0},{"not_picked":["Finesse","Swift Strike"],"picked":"Enlightenment","floor":38.0},{"not_picked":["Sever Soul","Flex+1"],"picked":"Double Tap","floor":39.0},{"not_picked":["Abandon","Pommel Strike"],"picked":"ReplayTheSpireMod:Stacked","floor":41.0},{"not_picked":["Shockwave+1","Clothesline+1"],"picked":"Battle Trance+1","floor":42.0}],"player_experience":385654,"relics_obtained":[{"floor":6.0,"key":"Nunchaku"},{"floor":9.0,"key":"Lantern"},{"floor":10.0,"key":"Juzu Bracelet"},{"floor":13.0,"key":"Darkstone Periapt"},{"floor":19.0,"key":"Dead Branch"},{"floor":24.0,"key":"Incense Burner"},{"floor":41.0,"key":"Bag of Preparation"},{"floor":41.0,"key":"Whetstone"},{"floor":43.0,"key":"ReplayTheSpireMod:Spearhead"}],"event_choices":[{"damage_healed":0.0,"max_hp_gain":0.0,"max_hp_loss":0.0,"gold_gain":0.0,"event_name":"Shining Light","player_choice":"Entered Light","floor":2.0,"gold_loss":0.0,"damage_taken":16.0,"cards_upgraded":["Defend_R","Pommel Strike"]},{"cards_removed":["Clash"],"damage_healed":0.0,"max_hp_gain":0.0,"max_hp_loss":0.0,"gold_gain":0.0,"event_name":"WeMeetAgain","player_choice":"Gave Card","floor":5.0,"gold_loss":0.0,"damage_taken":0.0,"relics_obtained":["Strawberry"]},{"damage_healed":0.0,"max_hp_gain":0.0,"max_hp_loss":0.0,"gold_gain":0.0,"event_name":"Addict","player_choice":"Obtained Relic","floor":20.0,"gold_loss":85.0,"damage_taken":0.0,"relics_obtained":["Magic Flower"]},{"damage_healed":0.0,"max_hp_gain":0.0,"max_hp_loss":0.0,"gold_gain":0.0,"event_name":"The Library","player_choice":"Read","floor":21.0,"gold_loss":0.0,"damage_taken":0.0,"cards_obtained":["Seeing Red"]},{"damage_healed":0.0,"max_hp_gain":0.0,"max_hp_loss":0.0,"gold_gain":0.0,"event_name":"SensoryStone","player_choice":"Memory 1","floor":38.0,"gold_loss":0.0,"damage_taken":0.0}],"is_beta":false,"boss_relics":[{"not_picked":["Runic Cube","Painkiller Herb"],"picked":"Mark of Pain"},{"not_picked":["Runesmith:UraniumAnvil","Empty Cage"],"picked":"Black Star"}],"items_purged_floors":[],"is_endless":false,"potions_floor_spawned":[6,12,13,24,25,27,31,35,39,42],"killed_by":"Transient","ascension_level":1}}