{"host":"fhq3k2nq5elnbks3","time":1609291339,"event":{"mods":["2.2 Compatiblity","AchievementEnabler","Act Like it!","AlwaysNeverKeys","Aspiration","Astrologer","Bard","BaseMod","Better Altar","Better Vampires","Better-Laid Plans","Block Reminder","CCEM","Card Filter","Colored Powertips","Displayed Cursed Tome","Ekko","Energized Spire","Fireblade Mod","Friendly Minions","FutureSeer","GifTheSpireLib","Gremlin Skip","HololiveMod","Hunter ??","Infinite Spire","Jorbs\u0027s Wanderer Trilogy","Koishi","Marisa????????","Mathemortician","Minty Spire (QoL Compilation)","Onozuka Komachi Mod","Pale of the Ancients","Permanent Neow","Prisma Mod","Quick Restart","Reimu??????","Relic Filter","Robot Space Explorer","Shop Mod","Spikes Relics","StSLib","SuperFastMode","The Blackbeard","The Cursed","The Death Knight","The Exordian Avenger","The Gatherer","The Hierophant","The Runesmith","The Servant 0.9.4","The Trickster","The Valiant","The Wild Card","TheBandit","Trackpad","Transform Curses","Uncapped","Unknown Chances","Wandering Minibosses","thorton","vexMod"],"gold_per_floor":[111,123,133,148,164,164,176,176,176,176,195,195,195,21,21,125,125,142,156,175,192,206,206,59,59,59,59,59,75,89,105,105,202,202,213,229,242,259,270,270,286,296,296,296,306,331,35,53,53,53,53],"floor_reached":50,"playtime":3665,"items_purged":[],"score":628,"play_id":"01470735-0f0b-41fa-bb8f-b774257b5abb","local_time":"20201229192219","daily_mods":["Vintage","Heirloom","Time Dilation","Flight"],"is_ascension_mode":false,"campfire_choices":[{"data":"Neutralize","floor":6,"key":"SMITH"},{"data":"Survivor","floor":8,"key":"SMITH"},{"data":"Strike_G","floor":10,"key":"SMITH"},{"data":"Strike_G","floor":12,"key":"SMITH"},{"data":"Strike_G","floor":13,"key":"SMITH"},{"data":"Defend_G","floor":15,"key":"SMITH"},{"data":"Adrenaline","floor":23,"key":"SMITH"},{"data":"Noxious Fumes","floor":25,"key":"SMITH"},{"data":"Defend_G","floor":32,"key":"SMITH"},{"data":"After Image","floor":40,"key":"SMITH"},{"data":"Defend_G","floor":44,"key":"SMITH"},{"data":"Defend_G","floor":49,"key":"SMITH"}],"circlet_count":0,"master_deck":["Strike_G+1","Strike_G+1","Strike_G+1","Strike_G+1","Strike_G+1","Defend_G","Defend_G+1","Defend_G+1","Defend_G+1","Defend_G+1","Survivor+1","Neutralize+1","Adrenaline+1","Noxious Fumes+1","After Image+1"],"relics":["Ring of the Snake","CCEMRelics:OrganicArmor","Lantern","Sundial","Mastiff:ReiMu","CCEMRelics:Francisca","trackpad:DisasterInABottle","MerchantsRug","TheCursedMod:BlackMagic101","Coffee Dripper","trackpad:PetRock","CCEMRelics:FryingPan","RuthlessExorcism:ReiMu","Bird Faced Urn","infinitespire:PuzzleCube","trackpad:SappingStone","aspiration:ArtOfWarUpgrade","aspiration:FrozenJewel","BrokenLever","Tingsha","CCEMRelics:SpiritsEdge","Pantograph","infinitespire:Lucky Rock","CCEMRelics:Sandal","infinitespire:Beetle Shell","wanderingMiniBosses:OtherGremlinHorn","Shuriken","Ancient Tea Set","Turnip","CCEMRelics:ShadowVeil","infinitespire:CursedDice","trackpad:GuardianSpirit"],"acts_visited":["Exordium","TheCity","TheBeyond"],"potions_floor_usage":[20,38,38,38],"damage_taken":[{"damage":0,"enemies":"Cultist","floor":1,"turns":5},{"damage":0,"enemies":"Small Slimes","floor":2,"turns":3},{"damage":35,"enemies":"Jaw Worm","floor":3,"turns":6},{"damage":0,"enemies":"3 Louse","floor":4,"turns":3},{"damage":0,"enemies":"Large Slime","floor":5,"turns":6},{"damage":23,"enemies":"Exordium Thugs","floor":7,"turns":5},{"damage":0,"enemies":"Red Slaver","floor":11,"turns":6},{"damage":0,"enemies":"Slime Boss","floor":16,"turns":6},{"damage":0,"enemies":"Shell Parasite","floor":18,"turns":5},{"damage":0,"enemies":"Chosen","floor":19,"turns":5},{"damage":0,"enemies":"Centurion and Healer","floor":20,"turns":6},{"damage":0,"enemies":"Snake Plant","floor":21,"turns":3},{"damage":0,"enemies":"Snecko","floor":22,"turns":3},{"damage":13,"enemies":"Centurion and Healer","floor":29,"turns":5},{"damage":0,"enemies":"Chosen and Byrds","floor":30,"turns":4},{"damage":0,"enemies":"Snake Plant","floor":31,"turns":4},{"damage":12,"enemies":"Collector","floor":33,"turns":8},{"damage":0,"enemies":"3 Shapes","floor":35,"turns":4},{"damage":0,"enemies":"3 Darklings","floor":36,"turns":4},{"damage":0,"enemies":"Jaw Worm Horde","floor":37,"turns":5},{"damage":0,"enemies":"4 Shapes","floor":38,"turns":7},{"damage":0,"enemies":"Spire Growth","floor":39,"turns":5},{"damage":0,"enemies":"Jaw Worm Horde","floor":41,"turns":5},{"damage":24,"enemies":"Writhing Mass","floor":42,"turns":4},{"damage":0,"enemies":"Spire Growth","floor":45,"turns":3},{"damage":0,"enemies":"Nemesis","floor":46,"turns":3},{"damage":0,"enemies":"Transient","floor":48,"turns":5},{"damage":5,"enemies":"infinitespire:MassOfShapes","floor":50,"turns":4}],"seed_played":"-8868921009699018937","potions_obtained":[{"floor":1,"key":"Ancient Potion"},{"floor":7,"key":"AttackPotion"},{"floor":16,"key":"DistilledChaos"},{"floor":20,"key":"DuplicationPotion"},{"floor":22,"key":"SteroidPotion"},{"floor":29,"key":"SkillPotion"},{"floor":30,"key":"LiquidBronze"},{"floor":33,"key":"CunningPotion"},{"floor":39,"key":"SkillPotion"},{"floor":41,"key":"AttackPotion"},{"floor":42,"key":"CultistPotion"}],"is_trial":true,"path_per_floor":["M","M","M","M","M","R","M","R","T","R","M","R","R","$","R","B",null,"M","M","M","M","M","R","$","R","T","R","R","M","M","M","R","B",null,"M","M","M","M","M","R","M","M","T","R","M","E","$","M","R","B"],"character_chosen":"THE_SILENT","items_purchased":["MerchantsRug","aspiration:Nostalgia","trackpad:SappingStone","Noxious Fumes","CCEMRelics:ShadowVeil","infinitespire:CursedDice"],"campfire_rested":0,"item_purchase_floors":[14,14,24,24,47,47],"current_hp_per_floor":[70,70,35,35,35,35,12,12,12,12,12,12,12,12,12,12,70,70,70,70,70,70,70,70,70,70,70,70,57,59,61,61,51,70,70,70,70,70,70,70,70,53,53,53,57,61,61,65,65,72,72],"gold":53,"neow_bonus":"","is_daily":false,"chose_seed":false,"campfire_upgraded":12,"win_rate":0.0,"timestamp":1609291339,"path_taken":["M","M","M","M","M","R","M","R","T","R","M","R","R","$","R","BOSS","M","M","M","M","M","R","$","R","T","R","R","M","M","M","R","BOSS","M","M","M","M","M","R","M","M","T","R","M","E","$","M","R","BOSS"],"items_purchased_type":["Relic","Relic","Relic","Card","Relic","Relic"],"build_version":"2020-12-22","purchased_purges":0,"victory":false,"max_hp_per_floor":[70,70,70,70,70,70,70,70,70,70,70,70,70,70,70,70,70,70,70,70,70,70,70,70,70,70,70,70,70,70,70,70,70,70,70,70,70,70,70,70,70,77,77,77,77,77,77,77,77,77,77],"card_choices":[{"not_picked":["Die Die Die","Tools of the Trade"],"picked":"Adrenaline","floor":16},{"not_picked":["Malaise","Phantasmal Killer"],"picked":"After Image","floor":33},{"not_picked":["Crippling Poison+1","Blade Dance","Escape Plan"],"picked":"SKIP","floor":46}],"player_experience":379683,"relics_obtained":[{"floor":1,"key":"Whetstone"},{"floor":2,"key":"Lantern"},{"floor":3,"key":"Sundial"},{"floor":4,"key":"Mastiff:ReiMu"},{"floor":5,"key":"vexMod:FocusSash"},{"floor":7,"key":"CCEMRelics:Francisca"},{"floor":9,"key":"trackpad:DisasterInABottle"},{"floor":11,"key":"CeramicFish"},{"floor":18,"key":"trackpad:PetRock"},{"floor":19,"key":"CCEMRelics:FryingPan"},{"floor":20,"key":"RuthlessExorcism:ReiMu"},{"floor":21,"key":"Bird Faced Urn"},{"floor":22,"key":"infinitespire:PuzzleCube"},{"floor":26,"key":"Art of War"},{"floor":29,"key":"aspiration:FrozenJewel"},{"floor":30,"key":"BrokenLever"},{"floor":31,"key":"Tingsha"},{"floor":35,"key":"CCEMRelics:SpiritsEdge"},{"floor":36,"key":"Pantograph"},{"floor":37,"key":"infinitespire:Lucky Rock"},{"floor":38,"key":"CCEMRelics:Sandal"},{"floor":39,"key":"trackpad:WeightlessShivs"},{"floor":41,"key":"infinitespire:Beetle Shell"},{"floor":42,"key":"wanderingMiniBosses:OtherGremlinHorn"},{"floor":42,"key":"Strawberry"},{"floor":43,"key":"Shuriken"},{"floor":45,"key":"Ancient Tea Set"},{"floor":46,"key":"Turnip"},{"floor":48,"key":"trackpad:GuardianSpirit"}],"event_choices":[],"is_beta":false,"boss_relics":[{"not_picked":["Sozu","Runic Dome"],"picked":"Coffee Dripper"},{"not_picked":["energizedSpire:SpiderWeb","energizedSpire:RedRose","Hololive_Finger"]}],"items_purged_floors":[],"is_endless":false,"potions_floor_spawned":[1,7,16,20,22,29,30,33,37,39,41,42,48],"killed_by":"infinitespire:MassOfShapes","ascension_level":0}}