{"host":"nox","time":1609342873,"event":{"mods":["Act Like it!","Aspiration","BaseMod","Better Altar","Better Match","Better Note","Better Sensory Stone","Better Skull","Better Third Choice","BetterRewards","Colored Powertips","Conspire","Energized Spire","GifTheSpireLib","Hubris","Infinite Spire","Minty Spire (QoL Compilation)","Pale of the Ancients","Quick Restart","Rare Cards Sparkle","Replay The Spire","Shop Mod","Spikes Relics","StSLib","Stuff the Spire","SuperFastMode","The Alterego","vexMod"],"gold_per_floor":[112,128,146,221,237,263,263,292,292,325,325,340,143,156,156,258,308,322,322,322],"floor_reached":19,"playtime":701,"items_purged":["Clumsy"],"score":255,"play_id":"c907396c-691e-4a9a-a2c4-a67b85670150","local_time":"20201230224113","is_ascension_mode":true,"campfire_choices":[{"data":"hubris:Sniper","floor":7,"key":"SMITH"},{"floor":11,"key":"REST"},{"floor":15,"key":"REST"}],"circlet_count":0,"master_deck":["Strike_G","Strike_G","Strike_G","Strike_G+1","Strike_G+1","Defend_G","Defend_G","Defend_G","Defend_G","Defend_G","Survivor","Neutralize","PiercingWail","Dagger Spray+1","Terror","hubris:Sniper+1","Eviscerate","Envenom","Heel Hook","conspire:Banana","Blade Dance","Phantasmal Killer","Flying Knee","StuffTheSpire:BumpUp"],"relics":["Runic Dome","ReplayTheSpireMod:CursedCoin","ReplayTheSpireMod:Lightbulb","BrokenLever","Whetstone","Sundial","Tiny House"],"acts_visited":["Exordium","TheCity"],"potions_floor_usage":[6,6,13],"damage_taken":[{"damage":5,"enemies":"Cultist","floor":1,"turns":5},{"damage":4,"enemies":"Small Slimes","floor":2,"turns":4},{"damage":1,"enemies":"conspire:RoseBush","floor":3,"turns":5},{"damage":6,"enemies":"2 Fungi Beasts","floor":5,"turns":4},{"damage":6,"enemies":"Lagavulin","floor":6,"turns":9},{"damage":24,"enemies":"Gremlin Nob","floor":8,"turns":4},{"damage":9,"enemies":"3 Sentries","floor":10,"turns":7},{"damage":5,"enemies":"Looter","floor":12,"turns":4},{"damage":3,"enemies":"Blue Slaver","floor":14,"turns":3},{"damage":17,"enemies":"The Guardian","floor":16,"turns":10},{"damage":57,"enemies":"conspire:FuzzyDice","floor":18,"turns":6},{"damage":16,"enemies":"Shell Parasite","floor":19,"turns":3}],"seed_played":"2448066048851171422","potions_obtained":[{"floor":1,"key":"Dexterity Potion"},{"floor":2,"key":"BlessingOfTheForge"},{"floor":10,"key":"Weak Potion"},{"floor":17,"key":"infinitespire:BlackPotion"}],"is_trial":false,"path_per_floor":["M","M","M","$","M","E","R","E","T","E","R","M","$","M","R","B",null,"M","M"],"character_chosen":"THE_SILENT","items_purchased":["ReplayTheSpireMod:CursedCoin","conspire:Banana","Fruit Juice"],"campfire_rested":2,"item_purchase_floors":[4,13,13],"current_hp_per_floor":[58,54,53,53,47,41,41,17,17,8,29,24,29,26,48,32,70,14,0,0],"gold":322,"neow_bonus":"BOSS_RELIC","is_daily":false,"chose_seed":false,"campfire_upgraded":1,"win_rate":0.0,"timestamp":1609342873,"path_taken":["M","M","M","$","M","E","R","E","T","E","R","?","$","M","R","BOSS","M","M"],"items_purchased_type":["Relic","Card","Potion"],"build_version":"2020-11-17","purchased_purges":1,"victory":false,"max_hp_per_floor":[70,70,70,70,70,70,70,70,70,70,70,70,75,75,75,76,81,82,82,82],"card_choices":[{"not_picked":["PiercingWail","hubris:SlightOfHand","Deflect"],"picked":"SKIP","floor":1},{"not_picked":["hubris:SlightOfHand","Deflect"],"picked":"PiercingWail","floor":1},{"not_picked":["Prepared","Crippling Poison"],"picked":"Dagger Spray","floor":2},{"not_picked":["Setup","PiercingWail"],"picked":"Terror","floor":3},{"not_picked":["StuffTheSpire:Injection","Sucker Punch"],"picked":"hubris:Sniper","floor":5},{"not_picked":["InfectiousVector","Pace","Flying Knee"],"picked":"SKIP","floor":6},{"not_picked":["Blur","InfectiousVector"],"picked":"Eviscerate","floor":8},{"not_picked":["Outmaneuver","Tactician"],"picked":"Envenom","floor":10},{"not_picked":["Backflip","Deflect"],"picked":"Heel Hook","floor":12},{"not_picked":["InfectiousVector","Backflip"],"picked":"Blade Dance","floor":14},{"not_picked":["Glass Knife","Unload"],"picked":"Phantasmal Killer","floor":16},{"not_picked":["hubris:SlightOfHand","Deflect"],"picked":"Flying Knee","floor":17},{"not_picked":["Dagger Throw+1","Setup"],"picked":"StuffTheSpire:BumpUp","floor":18}],"player_experience":283965,"relics_obtained":[{"floor":6,"key":"ReplayTheSpireMod:Lightbulb"},{"floor":8,"key":"BrokenLever"},{"floor":9,"key":"Whetstone"},{"floor":10,"key":"Sundial"}],"event_choices":[],"is_beta":true,"boss_relics":[{"not_picked":["ReplayTheSpireMod:SealedPack","conspire:SeveredTorchhead"],"picked":"Tiny House"}],"items_purged_floors":[4],"is_endless":false,"potions_floor_spawned":[1,2,10],"killed_by":"Shell Parasite","ascension_level":7}}