{"host":"cyiefo55v5hz1ih5","time":1609367821,"event":{"mods":["2.2 Compatiblity","AchievementEnabler","Arknights The Spire","BaseMod","GifTheSpireLib","Hubris","Minty Spire (QoL Compilation)","Replay The Spire","Spicy Shops","StSLib","The Marked"],"gold_per_floor":[114,114,133,133,147,178,178,213,213,68,68,101,113,132,132,234,234,247,264,280,280,29,56,69,83,108,127,155,155,166,182,182,182,182],"floor_reached":33,"playtime":3557,"items_purged":["ats:Strike V","ats:Strike C"],"score":367,"play_id":"2612a3f7-3bc1-49c7-9471-0da3c316e94e","local_time":"20201230173701","is_ascension_mode":true,"campfire_choices":[{"data":"ats:Armor Crushing Shot","floor":7.0,"key":"SMITH"},{"floor":15.0,"key":"REST"},{"data":"ats:Thorns","floor":29,"key":"SMITH"},{"data":"ats:Soul Rend","floor":32,"key":"SMITH"}],"circlet_count":0,"master_deck":["ats:Strike G","ats:Strike S","ats:Armor Crushing Shot+1","ats:Defend","ats:Defend","ats:Defend","ats:Defend","ats:Emotion Absorption+1","ats:Blood Oath","ats:Automatic Cover","ats:Shadow Assault","ats:Shell Defense","ats:Magnetic Hammer","ats:Thorns+1","ats:Calcification","ats:Overload+1","ats:Soul Rend+1","ats:Thermite Blade","ats:Apocalypse"],"relics":["ats:Sanity","ats:Originium","MealTicket","FaceOfCleric","Omamori","Coffee Dripper","Simple Rune","Regal Pillow","PreservedInsect"],"acts_visited":["Exordium","TheCity"],"potions_floor_usage":[23,28],"damage_taken":[{"damage":6.0,"enemies":"Cultist","floor":1.0,"turns":4.0},{"damage":10.0,"enemies":"Small Slimes","floor":3.0,"turns":4.0},{"damage":6.0,"enemies":"Jaw Worm","floor":5.0,"turns":4.0},{"damage":22.0,"enemies":"Replay:BlueRogue","floor":6.0,"turns":8.0},{"damage":12.0,"enemies":"Gremlin Nob","floor":8.0,"turns":4.0},{"damage":58.0,"enemies":"Lagavulin","floor":12.0,"turns":10.0},{"damage":3.0,"enemies":"2 Fungi Beasts","floor":13.0,"turns":4.0},{"damage":6.0,"enemies":"Blue Slaver","floor":14.0,"turns":4.0},{"damage":58.0,"enemies":"Slime Boss","floor":16.0,"turns":15.0},{"damage":19.0,"enemies":"3 Byrds","floor":18.0,"turns":5.0},{"damage":15.0,"enemies":"2 Thieves","floor":19.0,"turns":4.0},{"damage":3.0,"enemies":"Snecko","floor":20.0,"turns":5.0},{"damage":44,"enemies":"Slavers","floor":23,"turns":8},{"damage":3,"enemies":"Centurion and Healer","floor":24,"turns":5},{"damage":30,"enemies":"3 Cultists","floor":25,"turns":6},{"damage":18,"enemies":"Snecko","floor":27,"turns":5},{"damage":77,"enemies":"Gremlin Leader","floor":28,"turns":12},{"damage":41,"enemies":"Cultist and Chosen","floor":30,"turns":9},{"damage":23,"enemies":"Sentry and Sphere","floor":31,"turns":6},{"damage":35,"enemies":"Collector","floor":33,"turns":3}],"seed_played":"-3860127816818504144","potions_obtained":[{"floor":1.0,"key":"DuplicationPotion"},{"floor":6.0,"key":"Elixir"},{"floor":14.0,"key":"Languid Potion"},{"floor":16.0,"key":"Swift Potion"},{"floor":18.0,"key":"Reflective Coating"},{"floor":19.0,"key":"Doom Potion"},{"floor":20.0,"key":"Adrenaline Potion"},{"floor":24,"key":"Elixir"},{"floor":30,"key":"Elixir"}],"is_trial":false,"path_per_floor":["M","?","M","?","M","E","R","E","T","$","?","E","M","M","R","B",null,"M","M","M","?","$","E","M","M","T","M","E","R","M","M","R","B"],"character_chosen":"DOCTOR_CLASS","items_purchased":["ats:Magnetic Hammer","ats:Soul Rend"],"campfire_rested":1,"item_purchase_floors":[10,22],"current_hp_per_floor":[73,73,66,66,66,58,58,51,51,66,66,20,24,22,46,16,83,73,63,66,86,86,64,69,60,60,57,30,30,15,9,9,0,0],"gold":182,"neow_bonus":"TEN_PERCENT_HP_BONUS","is_daily":false,"chose_seed":false,"campfire_upgraded":3,"win_rate":0.0,"timestamp":1609367821,"path_taken":["M","?","?","?","?","E","R","E","T","$","?","E","M","M","R","BOSS","M","M","?","?","$","E","M","M","T","?","E","R","M","M","R","BOSS"],"items_purchased_type":["Card","Card"],"build_version":"2020-12-22","purchased_purges":2,"victory":false,"max_hp_per_floor":[79,79,79,79,79,79,79,79,79,79,79,80,81,82,82,83,83,84,85,86,86,86,87,88,89,89,90,91,91,92,93,93,93,93],"card_choices":[{"not_picked":["ats:Spore Proliferation","ats:Hook Shot"],"picked":"ats:Blood Oath","floor":1.0},{"not_picked":["ats:Cat Scratch","ats:Automatic Cover","ats:Defend Order"],"picked":"SKIP","floor":3.0},{"not_picked":["ats:Curse Doll","ats:Healing Drone"],"picked":"ats:Shell Defense","floor":5.0},{"not_picked":["ats:Healing Strengthening","ats:Powerful Strike","ats:Revitalization"],"picked":"SKIP","floor":6.0},{"not_picked":["ats:Part Time Job","ats:Poison Spread","ats:Collapsing Strike"],"picked":"SKIP","floor":8.0},{"not_picked":["ats:Echo Reverb","ats:Ignite","ats:Shadow Raid"],"picked":"SKIP","floor":12.0},{"not_picked":["ats:Thermite Blade","ats:Revitalization"],"picked":"ats:Thorns","floor":13.0},{"not_picked":["ats:Shell Defense","ats:Automatic Cover","ats:Thermite Blade"],"picked":"SKIP","floor":14.0},{"not_picked":["ats:Shadow Assault","ats:Rat Pack"],"picked":"ats:Calcification","floor":16.0},{"not_picked":["ats:Apocalypse","ats:Cat Scratch"],"picked":"ats:Overload+1","floor":18.0},{"not_picked":["ats:Directed Diagnosis+1","ats:Burning Ground","ats:Powerful Strike"],"picked":"SKIP","floor":19.0},{"not_picked":["ats:Defend Order","ats:Cat Scratch","ats:Leaping Hammer"],"picked":"SKIP","floor":20.0},{"not_picked":["ats:Assault Order","ats:Explosion Area Strengthen"],"picked":"ats:Thermite Blade","floor":23},{"not_picked":["ats:Cat Scratch","ats:Explosion Area Strengthen+1"],"picked":"ats:Apocalypse","floor":24},{"not_picked":["ats:Assault Order","ats:Childhood Dance+1","ats:Ignite"],"picked":"SKIP","floor":25},{"not_picked":["ats:Hammer On","ats:Healing Drone+1","ats:Mental Burst"],"picked":"SKIP","floor":27},{"not_picked":["ats:Cat Scratch","ats:Ignite","ats:Very Hot Blade"],"picked":"SKIP","floor":28},{"not_picked":["ats:Shell Defense","ats:Roar Of Ursus","ats:Very Hot Blade"],"picked":"SKIP","floor":30},{"not_picked":["ats:Ignite+1","ats:Defend Order","ats:Thorns"],"picked":"SKIP","floor":31}],"player_experience":647050,"relics_obtained":[{"floor":6.0,"key":"ats:Originium"},{"floor":8.0,"key":"ats:Originium"},{"floor":8.0,"key":"MealTicket"},{"floor":12.0,"key":"ats:Originium"},{"floor":12.0,"key":"Omamori"},{"floor":23,"key":"Simple Rune"},{"floor":26,"key":"Regal Pillow"},{"floor":28,"key":"PreservedInsect"}],"event_choices":[{"damage_healed":0.0,"max_hp_gain":0.0,"max_hp_loss":0.0,"gold_gain":0.0,"event_name":"Match and Keep!","player_choice":"2 cards matched","floor":2.0,"gold_loss":0.0,"damage_taken":0.0,"cards_obtained":["ats:Automatic Cover","ats:Shadow Assault"]},{"damage_healed":0.0,"max_hp_gain":0.0,"max_hp_loss":0.0,"gold_gain":0.0,"event_name":"Accursed Blacksmith","player_choice":"Forge","floor":4.0,"gold_loss":0.0,"damage_taken":0.0,"cards_upgraded":["ats:Emotion Absorption"]},{"damage_healed":0.0,"max_hp_gain":0.0,"max_hp_loss":0.0,"gold_gain":0.0,"event_name":"FaceTrader","player_choice":"Trade","floor":11.0,"gold_loss":0.0,"damage_taken":0.0,"relics_obtained":["FaceOfCleric"]},{"damage_healed":28,"gold_gain":0,"player_choice":"Heal","damage_taken":0,"max_hp_gain":0,"max_hp_loss":0,"event_name":"The Library","floor":21,"gold_loss":0}],"is_beta":false,"boss_relics":[{"not_picked":["hubris:TerracottaHorce","hubris:HollowSoul"],"picked":"Coffee Dripper"}],"items_purged_floors":[10,22],"is_endless":false,"potions_floor_spawned":[1,6,14,16,18,19,20,24,30],"killed_by":"Collector","ascension_level":2}}