{"host":"51qmnr9isyv85d0p","time":1609316789,"event":{"mods":["AchievementEnabler","BaseMod","Colored Map","Colored Powertips","Curses Come First","Downfall","Minty Spire (QoL Compilation)","Relic Stats","StSLib","TestMod","vexMod"],"gold_per_floor":[99,113,113,12400,11341,11369,11443,11443,11454,11474,11486,10607,10607,10164,10183,10284,10284,10284,10299,10299,10313,10325,10345,10345,10345,10375,9472,9489,8566,8566,8594,8605,8700,8700,8700,8718,8738,8748,7690,7690,7690,7719,7719,7719,6818,6818,6485,6485,6505,6505],"floor_reached":51,"playtime":1984,"items_purged":["Slimebound:Defend_Slimebound","Slimebound:Strike_Slimebound","Slimebound:FormOfPuddle","Slimebound:Strike_Slimebound","Slimebound:Defend_Slimebound","Slimebound:Strike_Slimebound","Slimebound:Darklings"],"score":942,"play_id":"9e085fe7-8368-46ee-b4f2-e190cb3dbc64","local_time":"20201230162629","is_ascension_mode":false,"campfire_choices":[{"data":"Slimebound:CorrosiveSpit","floor":1,"key":"SMITH"},{"data":"Slimebound:Chomp","floor":8,"key":"SMITH"},{"data":"Slimebound:FlameTackle","floor":13,"key":"SMITH"},{"data":"Slimebound:Chomp","floor":18,"key":"SMITH"},{"data":"Slimebound:CheckThePlaybook","floor":30,"key":"SMITH"},{"data":"Slimebound:Chomp","floor":35,"key":"SMITH"},{"data":"Slimebound:GoopTackle","floor":40,"key":"SMITH"},{"data":"Slimebound:GoopTackle","floor":44,"key":"SMITH"},{"data":"Slimebound:GoopTackle","floor":46,"key":"SMITH"}],"circlet_count":0,"master_deck":["Slimebound:Tackle","Slimebound:Split","Slimebound:CorrosiveSpit+1","Slimebound:FlameTackle+1","Slimebound:Gluttony","Chrysalis","Jack Of All Trades","Slimebound:GoopTackle+1","Slimebound:Chomp+1","Slimebound:SamplingLick","Slimebound:GoopTackle+1","Slimebound:Recollect","Slimebound:GoopTackle+1","Slimebound:SamplingLick","Slimebound:Chomp+1","Slimebound:MegaLick","Slimebound:ComboTackle","Slimebound:CheckThePlaybook+1","Slimebound:HauntingLick","Slimebound:ComboTackle+1","Slimebound:FinishingTackle+1","Slimebound:Chomp+1","Slimebound:Chomp+1","Slimebound:SamplingLick+1"],"relics":["Slimebound:AbsorbEndCombat","testmod-TestBox","testmod-InjuryResistance","Pantograph","testmod-LifeArmor","vexMod:InvisibilityCloak","testmod-ArcanaOfDestiny","testmod-Antiphasic","testmod-BlackFramedGlasses","testmod-IWantAll","Sundial","Kunai","testmod-NegativeEmotionEnhancer","Bottled Tornado","Juzu Bracelet","Vajra","Nunchaku","Frozen Eye","testmod-Alchemist","Slimebound:SelfDamagePreventRelic","testmod-FatalChain","vexMod:BarristanHead","Philosopher\u0027s Stone","Letter Opener","testmod-ThousandKnives","Bottled Lightning","MealTicket","vexMod:Dragonfruit","testmod-ConstraintPeriapt","Medical Kit","testmod-TestBox"],"acts_visited":["Exordium","TheCity","TheBeyond"],"potions_floor_usage":[6,6,11,11,11,12,16,26,27,31,33,33,33,36,50,50,50],"damage_taken":[{"damage":6,"enemies":"Small Slimes","floor":2,"turns":4},{"damage":6,"enemies":"Cultist","floor":4,"turns":3},{"damage":9,"enemies":"downfall:FleeingMerchant","floor":5,"turns":4},{"damage":1,"enemies":"Lagavulin","floor":6,"turns":4},{"damage":7,"enemies":"Jaw Worm","floor":9,"turns":2},{"damage":9,"enemies":"Large Slime","floor":10,"turns":4},{"damage":3,"enemies":"Exordium Wildlife","floor":11,"turns":2},{"damage":7,"enemies":"downfall:FleeingMerchant","floor":12,"turns":4},{"damage":2,"enemies":"downfall:FleeingMerchant","floor":14,"turns":2},{"damage":2,"enemies":"Blue Slaver","floor":15,"turns":1},{"damage":27,"enemies":"downfall:Ironclad","floor":16,"turns":4},{"damage":8,"enemies":"3 Byrds","floor":19,"turns":3},{"damage":10,"enemies":"Shell Parasite","floor":21,"turns":2},{"damage":7,"enemies":"Cultist and Chosen","floor":22,"turns":3},{"damage":7,"enemies":"3 Cultists","floor":23,"turns":3},{"damage":4,"enemies":"Gremlin Leader","floor":26,"turns":3},{"damage":12,"enemies":"Snake Plant","floor":28,"turns":2},{"damage":8,"enemies":"Book of Stabbing","floor":31,"turns":3},{"damage":2,"enemies":"Cultist and Chosen","floor":32,"turns":2},{"damage":17,"enemies":"downfall:Silent","floor":33,"turns":4},{"damage":1,"enemies":"3 Shapes","floor":36,"turns":1},{"damage":0,"enemies":"Orb Walker","floor":37,"turns":1},{"damage":0,"enemies":"Jaw Worm Horde","floor":38,"turns":1},{"damage":12,"enemies":"Nemesis","floor":42,"turns":3},{"damage":2,"enemies":"Writhing Mass","floor":49,"turns":2},{"damage":0,"enemies":"downfall:Watcher","floor":50,"turns":1}],"seed_played":"6068673052224966850","potions_obtained":[{"floor":2,"key":"Ancient Potion"},{"floor":9,"key":"EntropicBrew"},{"floor":11,"key":"Guardian:BlockOnCardUsePotion"},{"floor":21,"key":"Swift Potion"},{"floor":28,"key":"Regen Potion"},{"floor":32,"key":"Fire Potion"},{"floor":33,"key":"Fruit Juice"},{"floor":36,"key":"SteroidPotion"},{"floor":38,"key":"champ:CounterPotion"}],"is_trial":false,"path_per_floor":["R","M","?","M","$","E","T","R","M","M","M","$","R","$","M","B",null,"R","M","?","M","M","M","T","?","E","$","M","$","R","E","M","B",null,"R","M","M","M","$","R","T","E","?","R","$","R","?","?","M","B",null],"character_chosen":"SLIMEBOUND","items_purchased":["Pantograph","testmod-LifeArmor","Guardian:BlockOnCardUsePotion","Block Potion","Fire Potion","Chrysalis","Jack Of All Trades","Slimebound:GoopTackle","Slimebound:Chomp","testmod-Antiphasic","testmod-BlackFramedGlasses","testmod-IWantAll","FearPotion","Slimebound:GoopTackle","Slimebound:SamplingLick","Sundial","Kunai","Slimebound:Chomp","Slimebound:MegaLick","Vajra","Nunchaku","Frozen Eye","Slimebound:Chomp","testmod-SpacePotion","SmokeBomb","ColorlessPotion","testmod-Alchemist","Slimebound:SelfDamagePreventRelic","testmod-FatalChain","Letter Opener","testmod-ThousandKnives","testmod-Charity","DuplicationPotion","Guardian:BlockOnCardUsePotion","vexMod:Dragonfruit","testmod-ConstraintPeriapt","Medical Kit"],"campfire_rested":0,"item_purchase_floors":[5,5,5,5,5,5,5,5,5,12,12,12,12,12,12,14,14,14,14,27,27,27,27,27,27,27,29,29,29,39,39,39,39,39,45,45,45],"current_hp_per_floor":[66,64,64,64,63,66,66,66,63,66,66,66,66,64,65,56,66,66,67,44,48,61,70,70,70,71,71,68,68,68,73,74,76,80,80,81,82,83,83,83,83,85,85,85,90,90,101,101,102,103],"gold":6505,"neow_bonus":"TEN_PERCENT_HP_BONUS","is_daily":false,"chose_seed":false,"campfire_upgraded":9,"win_rate":0.0,"timestamp":1609316789,"path_taken":["R","M","?","M","$","E","T","R","M","M","?","$","R","$","M","BOSS","R","M","?","M","M","M","T","?","E","$","M","?","R","E","M","BOSS","R","M","M","M","$","R","T","E","?","R","$","R","?","?","M","BOSS"],"items_purchased_type":["Relic","Relic","Potion","Potion","Potion","Card","Card","Card","Card","Relic","Relic","Relic","Potion","Card","Card","Relic","Relic","Card","Card","Relic","Relic","Relic","Card","Potion","Potion","Potion","Relic","Relic","Relic","Relic","Relic","Relic","Potion","Potion","Relic","Relic","Relic"],"build_version":"2020-12-22","purchased_purges":7,"victory":true,"max_hp_per_floor":[66,66,66,66,66,66,66,66,66,66,66,66,66,66,66,66,66,66,67,67,68,69,70,70,70,71,71,72,72,72,73,74,80,80,80,81,82,83,83,83,83,85,85,85,90,90,101,101,102,103],"relic_stats":{"Nunchaku":[6],"counters":[26,65],"Sundial":[0],"Pantograph":0,"MealTicket":0,"Juzu Bracelet":0,"Kunai":[22],"Letter Opener":[19],"Medical Kit":[0],"obtain_stats":[{"Vajra":27,"testmod-LifeArmor":5,"testmod-IWantAll":12,"testmod-NegativeEmotionEnhancer":17,"Juzu Bracelet":26,"Bottled Tornado":24,"testmod-BlackFramedGlasses":12,"testmod-Charity":39,"vexMod:InvisibilityCloak":6,"Frozen Eye":27,"Nunchaku":27,"testmod-InjuryResistance":0,"testmod-Alchemist":29,"Sundial":14,"Pantograph":5,"testmod-ThousandKnives":39,"Philosopher\u0027s Stone":34,"MealTicket":42,"Kunai":14,"testmod-ArcanaOfDestiny":7,"testmod-TestBox":0,"Slimebound:SelfDamagePreventRelic":29,"testmod-FatalChain":29,"Letter Opener":39,"testmod-ConstraintPeriapt":45,"Medical Kit":45,"vexMod:Dragonfruit":45,"testmod-Antiphasic":12,"vexMod:BarristanHead":31,"Slimebound:AbsorbEndCombat":0,"Bottled Lightning":41},{"Vajra":16,"testmod-LifeArmor":3,"testmod-IWantAll":8,"testmod-NegativeEmotionEnhancer":11,"Juzu Bracelet":16,"Bottled Tornado":15,"testmod-BlackFramedGlasses":8,"testmod-Charity":23,"vexMod:InvisibilityCloak":4,"Frozen Eye":16,"Nunchaku":16,"testmod-InjuryResistance":0,"testmod-Alchemist":17,"Sundial":9,"Pantograph":3,"testmod-ThousandKnives":23,"Philosopher\u0027s Stone":20,"MealTicket":24,"Kunai":9,"testmod-ArcanaOfDestiny":4,"testmod-TestBox":0,"Slimebound:SelfDamagePreventRelic":17,"testmod-FatalChain":17,"Letter Opener":23,"testmod-ConstraintPeriapt":24,"Medical Kit":24,"vexMod:Dragonfruit":24,"testmod-Antiphasic":8,"vexMod:BarristanHead":18,"Slimebound:AbsorbEndCombat":0,"Bottled Lightning":23},{"Vajra":46,"testmod-LifeArmor":10,"testmod-IWantAll":26,"testmod-NegativeEmotionEnhancer":33,"Juzu Bracelet":46,"Bottled Tornado":43,"testmod-BlackFramedGlasses":26,"testmod-Charity":59,"vexMod:InvisibilityCloak":14,"Frozen Eye":46,"Nunchaku":46,"testmod-InjuryResistance":0,"testmod-Alchemist":47,"Sundial":28,"Pantograph":10,"testmod-ThousandKnives":59,"Philosopher\u0027s Stone":56,"MealTicket":62,"Kunai":28,"testmod-ArcanaOfDestiny":14,"testmod-TestBox":0,"Slimebound:SelfDamagePreventRelic":47,"testmod-FatalChain":47,"Letter Opener":59,"testmod-ConstraintPeriapt":62,"Medical Kit":62,"vexMod:Dragonfruit":62,"testmod-Antiphasic":26,"vexMod:BarristanHead":50,"Slimebound:AbsorbEndCombat":0,"Bottled Lightning":59}]},"card_choices":[{"not_picked":["Slimebound:ForwardTackle","Slimebound:SplitMire","Slimebound:SplitLeeching"],"picked":"SKIP","floor":2},{"not_picked":["Slimebound:DivideAndConquer","Slimebound:LevelUp"],"picked":"Slimebound:FlameTackle","floor":4},{"not_picked":["Slimebound:GoopTackle","Slimebound:SlimeBrawl"],"picked":"Slimebound:Gluttony","floor":5},{"not_picked":["Slimebound:AcidTongue","Slimebound:ViciousTackle"],"picked":"Slimebound:SamplingLick","floor":6},{"not_picked":["Slimebound:ComboTackle","Slimebound:Prepare"],"picked":"Slimebound:GoopTackle","floor":9},{"not_picked":["Slimebound:RollThrough","Slimebound:TongueLash","Slimebound:LeechEnergy"],"picked":"SKIP","floor":10},{"not_picked":["Slimebound:ServeAndProtect","Slimebound:LeechingTouch","Slimebound:PressTheAttack"],"picked":"SKIP","floor":11},{"not_picked":["Slimebound:LeechingTouch","Slimebound:Prepare"],"picked":"Slimebound:Recollect","floor":12},{"not_picked":["Slimebound:GoopTackle","Slimebound:MassFeed","Slimebound:Equalize"],"picked":"SKIP","floor":14},{"not_picked":["Slimebound:FinishingTackle","Slimebound:Grow"],"picked":"Slimebound:ComboTackle","floor":15},{"not_picked":["Slimebound:ForwardTackle","Slimebound:Equalize","Slimebound:Repurpose"],"picked":"SKIP","floor":19},{"not_picked":["Slimebound:SlimeBrawl","Slimebound:ProtectTheBoss+1"],"picked":"Slimebound:HauntingLick","floor":21},{"not_picked":["Slimebound:ServeAndProtect+1","Slimebound:SlimeBrawl"],"picked":"Slimebound:ComboTackle+1","floor":22},{"not_picked":["Slimebound:PressTheAttack+1","Slimebound:SplitAcid"],"picked":"Slimebound:FinishingTackle+1","floor":23},{"not_picked":["Slimebound:LeadByExample+1","Slimebound:SpikyOuterGoop","Slimebound:SlimeSpikes"],"picked":"SKIP","floor":26},{"not_picked":["Slimebound:AcidTongue","Slimebound:LeechEnergy"],"picked":"Slimebound:Chomp+1","floor":28},{"not_picked":["Slimebound:SplitAcid","Slimebound:Prepare","Slimebound:SplitBruiser"],"picked":"SKIP","floor":31},{"not_picked":["Slimebound:CheckThePlaybook","Slimebound:SplitLeeching","Slimebound:SplitMire"],"picked":"SKIP","floor":32},{"not_picked":["Slimebound:ServeAndProtect+1","Slimebound:SplitSpecialist","Slimebound:Repurpose+1"],"picked":"SKIP","floor":36},{"not_picked":["Slimebound:FormOfPuddle+1","Slimebound:PressTheAttack+1"],"picked":"Slimebound:SamplingLick+1","floor":37},{"not_picked":["Slimebound:FinishingTackle","Slimebound:FormOfPuddle+1","Slimebound:FirmFortitude+1"],"picked":"SKIP","floor":38},{"not_picked":["Slimebound:DivideAndConquer","Slimebound:RollThrough+1","Slimebound:LeechEnergy"],"picked":"SKIP","floor":42},{"not_picked":["Slimebound:SamplingLick","Slimebound:RollThrough","Slimebound:GoopSpray"],"picked":"SKIP","floor":49}],"player_experience":5339,"relics_obtained":[{"floor":6,"key":"vexMod:InvisibilityCloak"},{"floor":7,"key":"testmod-ArcanaOfDestiny"},{"floor":24,"key":"Bottled Tornado"},{"floor":26,"key":"Juzu Bracelet"},{"floor":31,"key":"vexMod:BarristanHead"},{"floor":41,"key":"Bottled Lightning"},{"floor":42,"key":"MealTicket"}],"event_choices":[{"damage_healed":0,"gold_gain":0,"cards_transformed":["Slimebound:Defend_Slimebound"],"player_choice":"Transformed","damage_taken":0,"max_hp_gain":0,"max_hp_loss":0,"event_name":"Transmorgrifier","floor":3,"gold_loss":0,"cards_obtained":["Slimebound:FormOfPuddle"]},{"damage_healed":0,"gold_gain":0,"player_choice":"Swap Relic","damage_taken":0,"relics_obtained":["testmod-TestBox"],"max_hp_gain":0,"max_hp_loss":0,"event_name":"给自己的盒子","floor":48,"relics_lost":["testmod-Charity"],"gold_loss":0}],"is_beta":false,"boss_relics":[{"not_picked":["testmod-Recursion","Velvet Choker"],"picked":"testmod-NegativeEmotionEnhancer"},{"not_picked":["SacredBark","vexMod:TanglingVine"],"picked":"Philosopher\u0027s Stone"}],"items_purged_floors":[5,12,14,27,29,39,45],"is_endless":false,"potions_floor_spawned":[2,9,11,15,21,22,28,32,33,36,38,42],"ascension_level":0}}