{"host":"sav7uxregyirlf69","time":1609318378,"event":{"mods":["AchievementEnabler","BaseMod","Colored Map","DeckTracker","Keyboard Shortcuts","Minty Spire (QoL Compilation)","READ ME - Guardian Mod","StSLib","SuperFastMode"],"gold_per_floor":[114,129,144,159,84,114,129,129,429,459,489,504,504,534,534,634,634,649,498,498,305,320,320,335,350,350,350,380,380,395,410,410,510,510,525,528,238,253,268,298,298,298,298,298,348,378,393,423,423,423],"floor_reached":51,"playtime":1208,"items_purged":["Strike_B","Strike_B","Strike_B","LessonLearned"],"score":1087,"play_id":"5f914693-ffe1-4720-98da-0d4dbb35f592","local_time":"20201230175258","daily_mods":["Cursed Run","Diverse","DeadlyEvents"],"is_ascension_mode":false,"campfire_choices":[{"data":"Malaise","floor":8,"key":"SMITH"},{"data":"Dualcast","floor":15,"key":"SMITH"},{"data":"Barricade","floor":23,"key":"SMITH"},{"data":"Fire Breathing","floor":27,"key":"SMITH"},{"data":"Noxious Fumes","floor":32,"key":"SMITH"},{"data":"Apotheosis","floor":42,"key":"SMITH"},{"data":"1","floor":44,"key":"LIFT"},{"data":"2","floor":49,"key":"LIFT"}],"circlet_count":0,"master_deck":["Defend_B","Defend_B","Defend_B","Dualcast+1","Doom and Gloom","Fire Breathing+1","Shrug It Off","Malaise+1","Parasite","Hologram","Die Die Die","Clumsy","Barricade+1","Coolheaded","Backflip","Capacitor","Compile Driver","Noxious Fumes+1","Parasite","Electrodynamics","Doubt","Loop","True Grit+1","Writhe","Tantrum+1","Melter+1","Shrug It Off+1","Battle Trance+1","Meteor Strike","Parasite","Glacier+1","Apotheosis+1","Doubt","Blur+1","Blade Dance","Pain"],"relics":["Cursed Key","Darkstone Periapt","Du-Vu Doll","Meat on the Bone","Old Coin","Bottled Tornado","Pear","Philosopher\u0027s Stone","Eternal Feather","Letter Opener","StrikeDummy","Astrolabe","Girya","Lantern","HornCleat","Ice Cream","Anchor","Vajra"],"acts_visited":["Exordium","TheCity","TheBeyond"],"potions_floor_usage":[11,16,22,22,33,50,50,50],"damage_taken":[{"damage":1,"enemies":"Cultist","floor":1,"turns":4},{"damage":0,"enemies":"Small Slimes","floor":2,"turns":4},{"damage":1,"enemies":"Jaw Worm","floor":3,"turns":2},{"damage":21,"enemies":"Exordium Thugs","floor":4,"turns":5},{"damage":16,"enemies":"3 Sentries","floor":6,"turns":4},{"damage":18,"enemies":"2 Fungi Beasts","floor":7,"turns":3},{"damage":19,"enemies":"Gremlin Nob","floor":10,"turns":6},{"damage":0,"enemies":"Lagavulin","floor":11,"turns":5},{"damage":1,"enemies":"Looter","floor":12,"turns":3},{"damage":14,"enemies":"Gremlin Nob","floor":14,"turns":4},{"damage":0,"enemies":"Hexaghost","floor":16,"turns":8},{"damage":1,"enemies":"Shell Parasite","floor":18,"turns":6},{"damage":21,"enemies":"3 Byrds","floor":22,"turns":5},{"damage":0,"enemies":"Snecko","floor":24,"turns":7},{"damage":24,"enemies":"Sentry and Sphere","floor":25,"turns":6},{"damage":7,"enemies":"Book of Stabbing","floor":28,"turns":6},{"damage":3,"enemies":"Snake Plant","floor":30,"turns":3},{"damage":9,"enemies":"Snecko","floor":31,"turns":5},{"damage":13,"enemies":"Collector","floor":33,"turns":8},{"damage":0,"enemies":"3 Shapes","floor":35,"turns":4},{"damage":61,"enemies":"2 Orb Walkers","floor":36,"turns":4},{"damage":8,"enemies":"Orb Walker","floor":38,"turns":3},{"damage":24,"enemies":"Writhing Mass","floor":39,"turns":7},{"damage":8,"enemies":"Nemesis","floor":40,"turns":7},{"damage":0,"enemies":"Mind Bloom Boss Battle","floor":45,"turns":6},{"damage":5,"enemies":"Reptomancer","floor":46,"turns":6},{"damage":10,"enemies":"4 Shapes","floor":47,"turns":2},{"damage":0,"enemies":"Giant Head","floor":48,"turns":9},{"damage":12,"enemies":"Donu and Deca","floor":50,"turns":7}],"seed_played":"9091901603564859836","potions_obtained":[{"floor":4,"key":"EssenceOfSteel"},{"floor":6,"key":"FocusPotion"},{"floor":7,"key":"Block Potion"},{"floor":11,"key":"PotionOfCapacity"},{"floor":16,"key":"DuplicationPotion"},{"floor":22,"key":"BlessingOfTheForge"},{"floor":28,"key":"PotionOfCapacity"},{"floor":36,"key":"Swift Potion"},{"floor":47,"key":"FocusPotion"}],"is_trial":false,"path_per_floor":["M","M","M","M","$","E","M","R","T","E","E","M","?","E","R","B",null,"M","$","?","$","M","R","M","M","T","R","E","T","M","M","R","B",null,"M","?","$","M","M","E","?","R","T","R","?","E","M","E","R","B",null],"character_chosen":"DEFECT","items_purchased":["Backflip","Capacitor","Meteor Strike"],"campfire_rested":0,"item_purchase_floors":[19,21,37],"current_hp_per_floor":[74,74,73,52,52,36,30,30,36,29,41,52,52,60,60,66,97,96,96,96,96,75,75,75,51,57,69,62,68,65,56,71,64,115,115,66,66,58,52,56,56,74,80,98,98,93,83,83,104,98],"gold":423,"neow_bonus":"","is_daily":true,"chose_seed":false,"campfire_upgraded":6,"win_rate":0.0,"timestamp":1609318378,"path_taken":["M","M","?","?","$","E","M","R","T","?","E","M","?","?","R","BOSS","M","$","?","$","M","R","M","M","T","R","E","?","M","M","R","BOSS","M","?","$","M","M","E","?","R","T","R","?","E","?","E","R","BOSS"],"items_purchased_type":["Card","Card","Card"],"build_version":"2020-12-22","purchased_purges":4,"victory":true,"max_hp_per_floor":[75,75,75,75,75,75,75,75,81,81,81,81,81,91,91,97,97,97,97,97,97,97,97,97,97,103,103,103,109,109,109,109,115,115,115,115,115,115,121,121,121,121,127,127,127,127,127,127,127,133],"card_choices":[{"not_picked":["Compile Driver","PiercingWail"],"picked":"Poisoned Stab","floor":1},{"not_picked":["EmptyFist","Havoc"],"picked":"Doom and Gloom","floor":2},{"not_picked":["Outmaneuver","Melter"],"picked":"Fire Breathing","floor":3},{"not_picked":["Redo","PathToVictory","FlyingSleeves"],"picked":"SKIP","floor":4},{"not_picked":["Skewer","Halt"],"picked":"Shrug It Off","floor":6},{"not_picked":["Quick Slash","Whirlwind"],"picked":"Malaise","floor":7},{"not_picked":["Slice","Quick Slash","Twin Strike"],"picked":"SKIP","floor":10},{"not_picked":["FearNoEvil","Feel No Pain"],"picked":"Hologram","floor":11},{"not_picked":["Stack","Gash","Sucker Punch"],"picked":"SKIP","floor":12},{"not_picked":["Shrug It Off","Melter"],"picked":"Die Die Die","floor":14},{"not_picked":["Rainbow","Brutality"],"picked":"Barricade","floor":16},{"not_picked":["Prostrate","Carnage+1"],"picked":"Coolheaded","floor":18},{"not_picked":["Melter","Deflect"],"picked":"Compile Driver","floor":22},{"not_picked":["Genetic Algorithm","MentalFortress"],"picked":"Noxious Fumes","floor":24},{"not_picked":["Cold Snap","Rebound","Fasting2"],"picked":"SKIP","floor":25},{"not_picked":["Go for the Eyes","Wallop+1"],"picked":"Electrodynamics","floor":28},{"not_picked":["Deflect","Clash"],"picked":"Loop","floor":30},{"not_picked":["Dash","Poisoned Stab"],"picked":"True Grit+1","floor":31},{"not_picked":["Rainbow","Venomology"],"picked":"LessonLearned","floor":33},{"not_picked":["Clothesline","JustLucky","Warcry"],"picked":"SKIP","floor":35},{"not_picked":["Bane+1","Sucker Punch+1"],"picked":"Battle Trance+1","floor":36},{"not_picked":["PiercingWail+1","Flechettes+1","Barrage"],"picked":"SKIP","floor":38},{"not_picked":["Fire Breathing+1","Barrage+1"],"picked":"Glacier+1","floor":39},{"not_picked":["Force Field","Bullet Time","Compile Driver"],"picked":"SKIP","floor":40},{"not_picked":["Mayhem","Violence"],"picked":"Apotheosis","floor":41},{"not_picked":["Battle Trance","Darkness"],"picked":"Blur+1","floor":46},{"not_picked":["Poisoned Stab+1","Iron Wave","Leap+1"],"picked":"SKIP","floor":47},{"not_picked":["Prepared","Endless Agony+1"],"picked":"Blade Dance","floor":48}],"player_experience":1069495,"relics_obtained":[{"floor":6,"key":"Meat on the Bone"},{"floor":9,"key":"Old Coin"},{"floor":11,"key":"Bottled Tornado"},{"floor":14,"key":"Pear"},{"floor":26,"key":"Eternal Feather"},{"floor":28,"key":"Letter Opener"},{"floor":29,"key":"StrikeDummy"},{"floor":36,"key":"Girya"},{"floor":40,"key":"Lantern"},{"floor":43,"key":"HornCleat"},{"floor":45,"key":"Ice Cream"},{"floor":46,"key":"Anchor"},{"floor":48,"key":"Vajra"}],"event_choices":[{"cards_removed":["Strike_B"],"damage_healed":0,"gold_gain":0,"player_choice":"Card Removal","damage_taken":0,"max_hp_gain":0,"max_hp_loss":0,"event_name":"Wheel of Change","floor":13,"gold_loss":0},{"damage_healed":0,"gold_gain":0,"player_choice":"Ignored","damage_taken":0,"max_hp_gain":0,"max_hp_loss":0,"event_name":"Ghosts","floor":20,"gold_loss":0},{"damage_healed":0,"gold_gain":0,"player_choice":"Fight","damage_taken":0,"max_hp_gain":0,"max_hp_loss":0,"event_name":"Mysterious Sphere","floor":36,"gold_loss":0},{"damage_healed":0,"gold_gain":0,"player_choice":"Memory 1","damage_taken":0,"max_hp_gain":0,"max_hp_loss":0,"event_name":"SensoryStone","floor":41,"gold_loss":0},{"damage_healed":0,"gold_gain":0,"player_choice":"Fight","damage_taken":0,"max_hp_gain":0,"max_hp_loss":0,"event_name":"MindBloom","floor":45,"gold_loss":0}],"is_beta":false,"boss_relics":[{"not_picked":["Calling Bell","Empty Cage"],"picked":"Philosopher\u0027s Stone"},{"not_picked":["Runic Dome","Inserter"],"picked":"Astrolabe"}],"items_purged_floors":[5,19,21,37],"is_endless":false,"potions_floor_spawned":[4,6,7,11,14,16,22,28,31,36,40,47],"ascension_level":0}}