{"host":"qwttrqaysb380yri","time":1609332076,"event":{"mods":["BaseMod","Custom Start","Minty Spire (QoL Compilation)","Permanent Neow","Puzzle Mod","Relic Stats","StSLib","The Cursed","The Hierophant"],"gold_per_floor":[110,185,37,37,87,101,101,116,116,141,175,190,229,23,23,23,23],"floor_reached":16,"playtime":578,"items_purged":["hierophant:Strike_Hierophant"],"score":207,"play_id":"3f90a797-69dc-4dfc-93f1-0e2e72beea01","local_time":"20201230134116","is_ascension_mode":true,"campfire_choices":[{"floor":7,"key":"REST"},{"data":"hierophant:Upheaval","floor":15,"key":"SMITH"}],"circlet_count":0,"master_deck":["AscendersBane","hierophant:Strike_Hierophant","hierophant:Strike_Hierophant","hierophant:Strike_Hierophant","hierophant:Punish","hierophant:Defend_Hierophant","hierophant:Defend_Hierophant","hierophant:Defend_Hierophant","hierophant:Defend_Hierophant","hierophant:ChurchCoffers","hierophant:PassingBell","hierophant:Upheaval+1","hierophant:ThreeLashes","hierophant:HolyVerse","hierophant:PassingBell","hierophant:Chorus","hierophant:Rebuild","hierophant:PassingBell","hierophant:Zeal","Blind"],"relics":["hierophant:PropheticMaskRelic","Blood Vial","Golden Idol","TungstenRod","Matryoshka","Lizard Tail","Pen Nib"],"acts_visited":["Exordium"],"potions_floor_usage":[6,11,13,16,16],"damage_taken":[{"damage":7,"enemies":"Jaw Worm","floor":1,"turns":3},{"damage":39,"enemies":"Gremlin Nob","floor":6,"turns":5},{"damage":0,"enemies":"2 Louse","floor":8,"turns":2},{"damage":0,"enemies":"Cultist","floor":10,"turns":3},{"damage":21,"enemies":"3 Sentries","floor":11,"turns":7},{"damage":0,"enemies":"3 Louse","floor":12,"turns":2},{"damage":53,"enemies":"Gremlin Nob","floor":13,"turns":6},{"damage":5,"enemies":"Hexaghost","floor":16,"turns":9}],"seed_played":"7191203910865648217","potions_obtained":[{"floor":6,"key":"SkillPotion"},{"floor":12,"key":"PowerPotion"},{"floor":13,"key":"BlessingOfTheForge"}],"is_trial":false,"path_per_floor":["M","?","$","?","?","E","R","M","T","M","E","M","E","$","R","B"],"character_chosen":"HIEROPHANT","items_purchased":["hierophant:Upheaval","hierophant:ThreeLashes","Weak Potion","Blind","Block Potion"],"campfire_rested":1,"item_purchase_floors":[3,3,3,14,14],"current_hp_per_floor":[63,52,52,52,52,15,35,37,37,39,20,22,23,23,23,20,20],"gold":23,"neow_bonus":"RANDOM_COMMON_RELIC","is_daily":false,"chose_seed":false,"campfire_upgraded":1,"win_rate":0.0,"timestamp":1609332076,"path_taken":["M","?","$","?","?","E","R","M","T","M","E","M","E","$","R","BOSS"],"items_purchased_type":["Card","Card","Potion","Card","Potion"],"build_version":"2020-12-22","purchased_purges":1,"victory":false,"max_hp_per_floor":[75,75,75,68,68,68,68,68,68,68,68,68,68,68,68,68,68],"relic_stats":{"Blood Vial":16,"Lizard Tail":34,"counters":[8,37],"Golden Idol":33,"Pen Nib":[2],"obtain_stats":[{"Blood Vial":0,"Lizard Tail":11,"Matryoshka":9,"Golden Idol":4,"hierophant:PropheticMaskRelic":0,"Pen Nib":13,"TungstenRod":6},{"Blood Vial":0,"Lizard Tail":5,"Matryoshka":3,"Golden Idol":1,"hierophant:PropheticMaskRelic":0,"Pen Nib":7,"TungstenRod":2},{"Blood Vial":0,"Lizard Tail":20,"Matryoshka":10,"Golden Idol":3,"hierophant:PropheticMaskRelic":0,"Pen Nib":28,"TungstenRod":8}],"TungstenRod":13},"card_choices":[{"not_picked":["hierophant:Glossolalia","hierophant:Encroach"],"picked":"hierophant:PassingBell","floor":1},{"not_picked":["hierophant:DisplayOfPower","hierophant:Dazzle"],"picked":"hierophant:HolyVerse","floor":6},{"not_picked":["hierophant:Purify","hierophant:MintersHammer"],"picked":"hierophant:PassingBell","floor":8},{"not_picked":["hierophant:OrnateBuckler","hierophant:Refuge"],"picked":"hierophant:Chorus","floor":10},{"not_picked":["hierophant:Zeal","hierophant:MirrorShield"],"picked":"hierophant:Rebuild","floor":11},{"not_picked":["hierophant:FieryStrike","hierophant:Mercenaries"],"picked":"hierophant:PassingBell","floor":12},{"not_picked":["hierophant:Repentance","hierophant:Blessing"],"picked":"hierophant:Zeal","floor":13}],"player_experience":1956412,"relics_obtained":[{"floor":6,"key":"TungstenRod"},{"floor":9,"key":"Matryoshka"},{"floor":11,"key":"Lizard Tail"},{"floor":13,"key":"Pen Nib"}],"event_choices":[{"damage_healed":0,"gold_gain":75,"player_choice":"Gather Gold","damage_taken":11,"max_hp_gain":0,"max_hp_loss":0,"event_name":"World of Goop","floor":2,"gold_loss":0},{"damage_healed":0,"gold_gain":0,"player_choice":"Lose Max HP","damage_taken":0,"relics_obtained":["Golden Idol"],"max_hp_gain":0,"max_hp_loss":7,"event_name":"Golden Idol","floor":4,"gold_loss":0},{"damage_healed":0,"gold_gain":50,"player_choice":"Pray","damage_taken":0,"max_hp_gain":0,"max_hp_loss":0,"event_name":"Golden Shrine","floor":5,"gold_loss":0}],"is_beta":false,"boss_relics":[],"items_purged_floors":[14],"is_endless":false,"potions_floor_spawned":[6,12,13],"killed_by":"Hexaghost","ascension_level":15}}