{"host":"u3zhfyeznnb1kiy1","time":1609292374,"event":{"mods":["BaseMod","Colored Map","Colored Powertips","Downfall","GifTheSpireLib","Highlight Path","Minty Spire (QoL Compilation)","StSLib"],"gold_per_floor":[99,110,210,385,385,414,467,0,10,29,29,39,39,57,77,181,181,106,117,117,117,117,117,144,155,80,113,133,164,3,37,54,150,150,75,91,109,109,159,159,159,178,212,238,238,266,403,453,472,472,472,506,30,30,30],"floor_reached":56,"playtime":6304,"items_purged":["Doubt","Slimebound:Defend_Slimebound","Slimebound:Defend_Slimebound","Slimebound:Defend_Slimebound"],"score":1391,"play_id":"983ab85b-741d-427b-aeb9-47550ccda727","local_time":"20201229203934","is_ascension_mode":true,"campfire_choices":[{"data":"expansioncontent:QuickStudy","floor":1.0,"key":"SMITH"},{"data":"Slimebound:MassFeed","floor":11.0,"key":"SMITH"},{"floor":13.0,"key":"RECALL"},{"data":"Slimebound:CheckThePlaybook","floor":18.0,"key":"SMITH"},{"data":"Slimebound:Split","floor":23.0,"key":"SMITH"},{"data":"expansioncontent:DefensiveStance","floor":26.0,"key":"SMITH"},{"data":"Slimebound:DuplicatedForm","floor":35,"key":"SMITH"},{"data":"Slimebound:SamplingLick","floor":45,"key":"SMITH"},{"data":"Apotheosis","floor":54,"key":"SMITH"}],"circlet_count":0,"master_deck":["Slimebound:Tackle","Slimebound:Split+1","Slimebound:CorrosiveSpit","expansioncontent:QuickStudy+1","Slimebound:Equalize","Slimebound:Prepare","Slimebound:SplitMire","Slimebound:MassFeed+1","expansioncontent:DefensiveStance+1","Slimebound:LeechEnergy","Slimebound:GoopSpray","Slimebound:RollThrough","Slimebound:Recollect","Slimebound:CheckThePlaybook+1","Slimebound:FormOfPuddle+1","Slimebound:FinishingTackle+1","Slimebound:OozeBath+1","Slimebound:Schlurp+1","Slimebound:Tackle+1","Slimebound:Tackle+1","Slimebound:Tackle+1","Slimebound:CheckThePlaybook+1","Slimebound:SamplingLick+1","Slimebound:DuplicatedForm+1","Slimebound:Schlurp+1","Slimebound:SamplingLick","Slimebound:AcidTongue","Slimebound:SamplingLick+1","Slimebound:PrepareCrush","Slimebound:Nibble+1","Slimebound:Nibble+1","Slimebound:SamplingLick+1","Slimebound:SpikyOuterGoop+1","Slimebound:Grow","Slimebound:Prepare","Apotheosis+1","expansioncontent:DecasProtection","Slimebound:ComboTackle"],"relics":["Slimebound:AbsorbEndCombat","Kunai","Happy Flower","Vajra","Astrolabe","downfall:HeartBlessingRed","downfall:HeartBlessingBlue","Bronze Scales","Lantern","Boot","Slimebound:TarBlob","downfall:HeartBlessingGreen","WingedGreaves","Pocketwatch","Blue Candle","Strawberry","Eternal Feather","Toy Ornithopter","CaptainsWheel","Oddly Smooth Stone"],"acts_visited":["Exordium","TheCity","TheBeyond","TheEnding"],"potions_floor_usage":[30,30,31,44,55,55],"damage_taken":[{"damage":7.0,"enemies":"2 Louse","floor":2.0,"turns":3.0},{"damage":11.0,"enemies":"Gremlin Nob","floor":6.0,"turns":4.0},{"damage":6.0,"enemies":"downfall:FleeingMerchant","floor":8.0,"turns":4.0},{"damage":4.0,"enemies":"Small Slimes","floor":9.0,"turns":2.0},{"damage":4.0,"enemies":"Cultist","floor":10.0,"turns":3.0},{"damage":0.0,"enemies":"3 Louse","floor":12.0,"turns":1.0},{"damage":10.0,"enemies":"Large Slime","floor":14.0,"turns":4.0},{"damage":8.0,"enemies":"2 Fungi Beasts","floor":15.0,"turns":2.0},{"damage":61.0,"enemies":"downfall:Defect","floor":16.0,"turns":8.0},{"damage":7.0,"enemies":"Chosen","floor":19.0,"turns":4.0},{"damage":26.0,"enemies":"3 Byrds","floor":25.0,"turns":6.0},{"damage":44.0,"enemies":"Slavers","floor":27.0,"turns":8.0},{"damage":32.0,"enemies":"Shelled Parasite and Fungi","floor":28.0,"turns":3.0},{"damage":27,"enemies":"Book of Stabbing","floor":29,"turns":4},{"damage":36,"enemies":"downfall:FleeingMerchant","floor":30,"turns":4},{"damage":44,"enemies":"Slavers","floor":31,"turns":4},{"damage":28,"enemies":"Centurion and Healer","floor":32,"turns":5},{"damage":58,"enemies":"downfall:Silent","floor":33,"turns":7},{"damage":6,"enemies":"Orb Walker","floor":36,"turns":3},{"damage":13,"enemies":"3 Shapes","floor":37,"turns":2},{"damage":30,"enemies":"3 Shapes","floor":38,"turns":5},{"damage":27,"enemies":"Mind Bloom Boss Battle","floor":39,"turns":4},{"damage":55,"enemies":"Maw","floor":42,"turns":5},{"damage":15,"enemies":"Nemesis","floor":43,"turns":3},{"damage":66,"enemies":"Reptomancer","floor":44,"turns":4},{"damage":55,"enemies":"Nemesis","floor":46,"turns":5},{"damage":42,"enemies":"downfall:FleeingMerchant","floor":47,"turns":4},{"damage":25,"enemies":"2 Orb Walkers","floor":48,"turns":5},{"damage":11,"enemies":"Writhing Mass","floor":49,"turns":4},{"damage":56,"enemies":"downfall:Ironclad","floor":50,"turns":9},{"damage":75,"enemies":"downfall:CharBossMerchant","floor":52,"turns":6},{"damage":114,"enemies":"downfall:NeowBoss","floor":55,"turns":18}],"seed_played":"6394674088122110564","potions_obtained":[{"floor":2.0,"key":"Slimebound:SlimedPotion"},{"floor":5.0,"key":"DuplicationPotion"},{"floor":5.0,"key":"Block Potion"},{"floor":10.0,"key":"champ:CounterPotion"},{"floor":14.0,"key":"Swift Potion"},{"floor":15.0,"key":"SneckoOil"},{"floor":27.0,"key":"PowerPotion"},{"floor":31,"key":"FearPotion"},{"floor":33,"key":"LiquidBronze"},{"floor":36,"key":"Guardian:BlockOnCardUsePotion"},{"floor":37,"key":"Swift Potion"},{"floor":48,"key":"Ancient Potion"}],"is_trial":false,"path_per_floor":["R","M","?","?","?","E","T","$","M","M","R","M","R","M","M","B",null,"R","M","?","?","?","R","T","M","R","E","M","E","$","E","M","B",null,"R","M","M","?","?","T","T","M","E","E","R","E","$","?","M","B",null,"E","$","R","B",null],"character_chosen":"SLIMEBOUND","items_purchased":["Slimebound:MassFeed","Vajra","expansioncontent:DefensiveStance","Slimebound:SamplingLick","Slimebound:Grow","Apotheosis","expansioncontent:DecasProtection","Slimebound:ComboTackle"],"campfire_rested":0,"item_purchase_floors":[8,8,8,30,47,53,53,53],"current_hp_per_floor":[42,41,41,41,41,32,32,42,49,56,56,70,70,80,92,65,98,98,98,98,98,98,98,98,106,116,94,94,87,75,55,45,27,128,128,128,131,140,148,148,148,148,154,119,140,132,129,134,145,149,155,155,155,155,155],"gold":30,"neow_bonus":"RANDOM_COLORLESS_2","is_daily":false,"chose_seed":false,"campfire_upgraded":8,"win_rate":0.0,"timestamp":1609292374,"path_taken":["R","M","?","?","?","E","T","$","?","M","R","M","R","M","M","BOSS","R","M","?","?","?","R","T","?","R","E","M","E","$","E","M","BOSS","R","M","M","?","?","?","T","?","E","E","R","E","$","?","M","BOSS","E","$","R","BOSS"],"items_purchased_type":["Card","Relic","Card","Card","Card","Card","Card","Card"],"build_version":"2020-12-22","purchased_purges":4,"victory":true,"max_hp_per_floor":[60,60,60,60,60,60,60,60,63,66,66,78,78,86,94,98,98,98,98,98,98,98,98,98,106,116,116,120,120,120,128,128,128,128,128,128,136,140,148,148,148,148,155,155,155,155,155,155,155,155,155,155,155,155,155],"card_choices":[{"not_picked":["Secret Weapon","expansioncontent:Corrupt"],"picked":"expansioncontent:QuickStudy","floor":0.0},{"not_picked":["Slimebound:SlimeBarrage","Slimebound:SlimeSpikes"],"picked":"Slimebound:Equalize","floor":2.0},{"not_picked":["Slimebound:CheckThePlaybook","Slimebound:Nibble"],"picked":"Slimebound:Prepare","floor":6.0},{"not_picked":["Slimebound:FormOfPuddle","Slimebound:ViciousTackle"],"picked":"Slimebound:SplitMire","floor":8.0},{"not_picked":["Slimebound:PressTheAttack","Slimebound:SlimeBarrage"],"picked":"Slimebound:LeechEnergy","floor":9.0},{"not_picked":["Slimebound:RainOfGoop","Slimebound:LeechEnergy"],"picked":"Slimebound:GoopSpray","floor":10.0},{"not_picked":["Slimebound:TongueLash","Slimebound:LeechEnergy","Slimebound:SplitLeeching"],"picked":"SKIP","floor":12.0},{"not_picked":["Slimebound:SplitAcid","Slimebound:ItLooksTasty"],"picked":"Slimebound:RollThrough","floor":14.0},{"not_picked":["Slimebound:SplitMire","Slimebound:Repurpose"],"picked":"Slimebound:Recollect","floor":15.0},{"not_picked":["Slimebound:DouseInSlime","Slimebound:LeechLife"],"picked":"Slimebound:CheckThePlaybook","floor":16.0},{"not_picked":["Slimebound:ViciousTackle+1","Slimebound:SplitLeeching"],"picked":"Slimebound:Schlurp+1","floor":19.0},{"not_picked":["Slimebound:GrowthPunch+1","Slimebound:SplitLeeching","Slimebound:ComboTackle"],"picked":"SKIP","floor":25.0},{"not_picked":["Slimebound:SplitBruiser","Slimebound:SlimeSpikes"],"picked":"Slimebound:SamplingLick+1","floor":27.0},{"not_picked":["Slimebound:SplitLeeching","Slimebound:SplitAcid+1","Slimebound:FinishingTackle"],"picked":"SKIP","floor":28.0},{"not_picked":["Slimebound:LeechEnergy+1","Slimebound:Repurpose"],"picked":"Slimebound:DuplicatedForm","floor":29},{"not_picked":["Slimebound:FinishingTackle+1","Slimebound:SplitSpecialist"],"picked":"Slimebound:Schlurp+1","floor":30},{"not_picked":["Slimebound:SlimeTap","Slimebound:Grow"],"picked":"Slimebound:AcidTongue","floor":31},{"not_picked":["Slimebound:GrowthPunch","Slimebound:SlimeTap+1"],"picked":"Slimebound:SamplingLick","floor":32},{"not_picked":["Slimebound:Teamwork","Slimebound:SelfFormingGoo"],"picked":"Slimebound:PrepareCrush","floor":33},{"not_picked":["Slimebound:Schlurp","Slimebound:PressTheAttack+1","Slimebound:SplitAcid+1"],"picked":"SKIP","floor":36},{"not_picked":["Slimebound:Schlurp","Slimebound:LeechEnergy","Slimebound:ViciousTackle+1"],"picked":"SKIP","floor":37},{"not_picked":["Slimebound:CheckThePlaybook","Slimebound:GoopTackle"],"picked":"Slimebound:Nibble+1","floor":39},{"not_picked":["Slimebound:PressTheAttack+1","Slimebound:SplitMire+1"],"picked":"Slimebound:Nibble+1","floor":42},{"not_picked":["Slimebound:SplitLeeching+1","Slimebound:LeechingTouch+1"],"picked":"Slimebound:SamplingLick+1","floor":43},{"not_picked":["Slimebound:SplitMire","Slimebound:Recollect"],"picked":"Slimebound:SpikyOuterGoop+1","floor":44},{"not_picked":["Slimebound:LivingWall+1","Slimebound:Nibble","Slimebound:ProtectTheBoss+1"],"picked":"SKIP","floor":46},{"not_picked":["Slimebound:SamplingLick","Slimebound:FinishingTackle","Slimebound:SplitAcid"],"picked":"SKIP","floor":47},{"not_picked":["Slimebound:FlameTackle+1","Slimebound:RallyTheTroops","Slimebound:ViciousTackle"],"picked":"SKIP","floor":49},{"not_picked":["Slimebound:Schlurp+1","Slimebound:SplitLeeching+1"],"picked":"Slimebound:Prepare","floor":52}],"player_experience":1176161,"relics_obtained":[{"floor":6.0,"key":"Kunai"},{"floor":7.0,"key":"Happy Flower"},{"floor":27.0,"key":"Bronze Scales"},{"floor":29,"key":"Lantern"},{"floor":31,"key":"Boot"},{"floor":39,"key":"WingedGreaves"},{"floor":40,"key":"Pocketwatch"},{"floor":41,"key":"Blue Candle"},{"floor":43,"key":"Strawberry"},{"floor":44,"key":"Eternal Feather"},{"floor":46,"key":"Toy Ornithopter"},{"floor":48,"key":"CaptainsWheel"},{"floor":52,"key":"Oddly Smooth Stone"}],"event_choices":[{"damage_healed":0.0,"max_hp_gain":0.0,"max_hp_loss":0.0,"gold_gain":0.0,"event_name":"Lab","player_choice":"Got Potions","floor":5.0,"gold_loss":0.0,"damage_taken":0.0},{"damage_healed":0.0,"max_hp_gain":0.0,"max_hp_loss":0.0,"gold_gain":0.0,"event_name":"Vampires","player_choice":"Ignored","floor":20.0,"gold_loss":0.0,"damage_taken":0.0},{"damage_healed":0.0,"max_hp_gain":0.0,"max_hp_loss":0.0,"gold_gain":0.0,"event_name":"Duplicator","player_choice":"Copied","floor":22.0,"gold_loss":0.0,"damage_taken":0.0,"cards_obtained":["Slimebound:CheckThePlaybook"]},{"damage_healed":0,"gold_gain":0,"player_choice":"Fight","damage_taken":0,"max_hp_gain":0,"max_hp_loss":0,"event_name":"Mysterious Sphere","floor":48,"gold_loss":0}],"is_beta":false,"boss_relics":[{"not_picked":["Snecko Eye","SacredBark"],"picked":"Astrolabe"},{"not_picked":["Busted Crown","Runic Dome"],"picked":"Slimebound:TarBlob"}],"items_purged_floors":[8,30,47,53],"is_endless":false,"potions_floor_spawned":[2,10,14,15,27,31,33,36,37,42,48],"ascension_level":1}}