{"host":"9vk21r6l9dtkpvh9","time":1609365056,"event":{"mods":["2.2 Compatiblity","AchievementEnabler","Act Like it!","Astrologer","Bard","Bartender","BaseMod","Better Altar","Better Match","Better Note","Better Sensory Stone","Better Skull","Better Third Choice","BetterRewards","CapriCore","CatGirl Mod","Colored Map","Colored Powertips","Conspire","DeckTracker","Downfall","Energized Spire","Fiend Mod","Gensokyo","GifTheSpireLib","Hermit","Hubris","Infinite Spire","Jorbs\u0027s Wanderer Trilogy","Koishi","LagranYue(???·?)","Luminous","Mad Scientist","Marisa????????","Mimic Mod","Minty Spire (QoL Compilation)","Potionbrewer","Rare Cards Sparkle","Relic Stats","Replay The Spire","SOS???????","Shade Mod","Spicy Shops","StSLib","SuperFastMode","Td1madao Mod","The Animator","The Construct","The Forsaken","The Gatherer","The Hayseed","The Hierophant","The Immortal","The Jungle","The Mystic","The Necromancer","The Runesmith","The Senshi","The Servant 0.9.4","The Trickster","The Valiant","The Wild Card","TheBandit","TheSwordswoman","TheWitcher","WarShipGirlsR/????R mod","vexMod","???Mod??????Boss"],"gold_per_floor":[111,124,139,156,169,169,169],"floor_reached":6,"playtime":624,"items_purged":[],"score":40,"play_id":"4dbef413-c5fc-468b-a7ac-2c9d48813278","local_time":"20201230165056","is_ascension_mode":false,"campfire_choices":[],"circlet_count":0,"master_deck":["theCatGirl:Strike","theCatGirl:Strike","theCatGirl:Strike","theCatGirl:Defend","theCatGirl:Defend","theCatGirl:Defend","theCatGirl:Defend","theCatGirl:ClawStrike","theCatGirl:Evasion","theCatGirl:AccidentalHeadbutt","theCatGirl:SpinningStrike","theCatGirl:RageClaws","theCatGirl:DefensiveStance","theCatGirl:FumblingBlow","theCatGirl:TwoStep"],"relics":["theCatGirl:TrainedRelic","LagranYue:RandomDrawCardRelic"],"acts_visited":["Exordium"],"potions_floor_usage":[3,5],"damage_taken":[{"damage":2,"enemies":"2 Louse","floor":1,"turns":5},{"damage":0,"enemies":"Cultist","floor":2,"turns":5},{"damage":0,"enemies":"Small Slimes","floor":3,"turns":2},{"damage":5,"enemies":"2 Fungi Beasts","floor":4,"turns":6},{"damage":11,"enemies":"Large Slime","floor":5,"turns":9},{"damage":11,"enemies":"Replay:BlueRogue","floor":6,"turns":7}],"seed_played":"6931726913568651825","potions_obtained":[{"floor":1,"key":"Explosive Potion"},{"floor":4,"key":"Toxic Potion"},{"floor":5,"key":"Energy Potion"}],"is_trial":false,"path_per_floor":["M","M","M","M","M","E"],"character_chosen":"THE_CATGIRL","items_purchased":[],"campfire_rested":0,"item_purchase_floors":[],"current_hp_per_floor":[68,68,68,63,52,41,41],"gold":169,"neow_bonus":"TRANSFORM_CARD","is_daily":false,"chose_seed":false,"campfire_upgraded":0,"win_rate":0.0,"timestamp":1609365056,"path_taken":["M","M","M","M","M","E"],"items_purchased_type":[],"build_version":"2020-12-22","purchased_purges":0,"victory":false,"max_hp_per_floor":[70,70,70,70,70,70,70],"relic_stats":{"counters":[6,34],"obtain_stats":[{"theCatGirl:TrainedRelic":0,"LagranYue:RandomDrawCardRelic":0},{"theCatGirl:TrainedRelic":0,"LagranYue:RandomDrawCardRelic":0},{"theCatGirl:TrainedRelic":0,"LagranYue:RandomDrawCardRelic":0}]},"card_choices":[{"not_picked":["theCatGirl:RunningWithDaggers","theCatGirl:DecliningDefenses"],"picked":"theCatGirl:SpinningStrike","floor":1},{"not_picked":["theCatGirl:ElegantStrike","theCatGirl:EmergencyParry"],"picked":"theCatGirl:RageClaws","floor":2},{"not_picked":["theCatGirl:ChangeOfPlans","theCatGirl:KeepAlert"],"picked":"theCatGirl:DefensiveStance","floor":3},{"not_picked":["theCatGirl:LearnByMistake","theCatGirl:FinishingMove"],"picked":"theCatGirl:FumblingBlow","floor":4},{"not_picked":["theCatGirl:RageClaws","theCatGirl:DefensiveStance"],"picked":"theCatGirl:TwoStep","floor":5}],"player_experience":627603,"relics_obtained":[],"event_choices":[],"is_beta":false,"boss_relics":[],"items_purged_floors":[],"is_endless":false,"potions_floor_spawned":[1,4,5],"killed_by":"Replay:BlueRogue","ascension_level":0}}