{"host":"7xrfhfoo16q2v8hj","time":1609317004,"event":{"mods":["Aspiration","BaseMod","BetterRewards","Colored Map","Colored Powertips","Conspire","DeckTracker","Highlight Path","Infinite Spire","Minty Spire (QoL Compilation)","Shop Mod","StSLib","SuperFastMode"],"gold_per_floor":[119,130,130,130,130,158,158,178,223,257,332,359,359,127,127,229,229,239,439,458,458,478,478,497,42,115,11,45,59,0,20,20,121,121,139,157,157,170,186,186,214,214,266,266,266,276,276,276],"floor_reached":47,"playtime":1476,"items_purged":[],"score":644,"play_id":"958f9df3-89bc-4d85-86ff-1a7e7dbcf5c0","local_time":"20201230023004","is_ascension_mode":true,"campfire_choices":[{"data":"Bane","floor":7,"key":"SMITH"},{"floor":13,"key":"REST"},{"floor":15,"key":"REST"},{"floor":23,"key":"REST"},{"floor":32,"key":"REST"},{"floor":40,"key":"REST"},{"data":"Noxious Fumes","floor":42,"key":"SMITH"}],"circlet_count":0,"master_deck":["Strike_G","Strike_G","Strike_G","Strike_G","Strike_G","Defend_G","Defend_G","Defend_G","Defend_G","Defend_G","Survivor","Neutralize","Well Laid Plans+1","Bane+1","Venomology+1","Outmaneuver+1","Dagger Spray","Prepared+1","Skewer","Well Laid Plans","Corpse Explosion+1","Outmaneuver+1","Noxious Fumes+1","Terror+1","Crippling Poison+1","Bouncing Flask+1","Envenom","Noxious Fumes","Crippling Poison+1","Deadly Poison+1","Crippling Poison+1","Catalyst+1","infinitespire:Neurotoxin+1","Noxious Fumes+1","Decay","Prepared+1","Outmaneuver+1","Poisoned Stab+1"],"relics":["Ring of the Snake","NeowsBlessing","Toxic Egg 2","Spirit Poop","aspiration:HatOfInfinitePower","Snake Skull","MerchantsRug","HoveringKite","CaptainsWheel","conspire:DeflatedDodgeball","Nunchaku","Runic Pyramid","Tingsha","conspire:TopHat"],"acts_visited":["Exordium","TheCity","TheBeyond"],"potions_floor_usage":[10,10,12,12,16,18,18,20,28,29,29,31,33,33,33,36,46,46,47,47],"damage_taken":[{"damage":0,"enemies":"Cultist","floor":1,"turns":1},{"damage":0,"enemies":"2 Louse","floor":2,"turns":1},{"damage":0,"enemies":"3 Sentries","floor":6,"turns":1},{"damage":2,"enemies":"Small Slimes","floor":8,"turns":4},{"damage":26,"enemies":"Gremlin Nob","floor":10,"turns":5},{"damage":18,"enemies":"3 Sentries","floor":12,"turns":8},{"damage":46,"enemies":"Hexaghost","floor":16,"turns":13},{"damage":32,"enemies":"2 Thieves","floor":18,"turns":3},{"damage":28,"enemies":"Spheric Guardian","floor":20,"turns":8},{"damage":0,"enemies":"3 Cultists","floor":22,"turns":2},{"damage":27,"enemies":"Snake Plant","floor":24,"turns":5},{"damage":8,"enemies":"Book of Stabbing","floor":28,"turns":4},{"damage":0,"enemies":"Snecko","floor":29,"turns":4},{"damage":3,"enemies":"Sentry and Sphere","floor":31,"turns":3},{"damage":27,"enemies":"Collector","floor":33,"turns":5},{"damage":14,"enemies":"3 Shapes","floor":35,"turns":3},{"damage":9,"enemies":"3 Darklings","floor":36,"turns":3},{"damage":2,"enemies":"Maw","floor":38,"turns":4},{"damage":10,"enemies":"Jaw Worm Horde","floor":39,"turns":2},{"damage":6,"enemies":"Nightmare","floor":41,"turns":5},{"damage":11,"enemies":"4 Shapes","floor":46,"turns":3},{"damage":40,"enemies":"Reptomancer","floor":47,"turns":2}],"seed_played":"-5203667738365709140","potions_obtained":[{"floor":2,"key":"EssenceOfSteel"},{"floor":12,"key":"EssenceOfSteel"},{"floor":16,"key":"BlessingOfTheForge"},{"floor":22,"key":"CunningPotion"},{"floor":24,"key":"DistilledChaos"},{"floor":28,"key":"GamblersBrew"},{"floor":31,"key":"BlessingOfTheForge"},{"floor":41,"key":"CunningPotion"},{"floor":46,"key":"LiquidBronze"}],"is_trial":false,"path_per_floor":["M","M","?","?","?","E","R","M","T","E","?","E","R","$","R","B",null,"M","?","M","?","M","R","M","$","T","$","E","M","?","M","R","B",null,"M","M","?","M","M","R","NM","R","T","?","?","M","E"],"character_chosen":"THE_SILENT","items_purchased":["MerchantsRug","Skewer","Well Laid Plans","Bouncing Flask+1","Envenom","CaptainsWheel","Noxious Fumes","Crippling Poison+1","Deadly Poison+1"],"campfire_rested":5,"item_purchase_floors":[14,14,14,25,25,25,27,27,27],"current_hp_per_floor":[70,70,70,70,70,70,70,68,68,42,31,13,34,34,55,9,70,38,38,10,33,33,54,27,27,27,27,19,19,19,16,37,10,70,56,47,47,45,35,56,50,50,50,50,50,39,0,0],"gold":276,"neow_bonus":"THREE_ENEMY_KILL","is_daily":false,"chose_seed":false,"campfire_upgraded":2,"win_rate":0.0,"timestamp":1609317004,"path_taken":["M","M","?","?","?","E","R","?","T","E","?","E","R","$","R","BOSS","M","?","?","?","M","R","M","$","T","?","E","M","?","M","R","BOSS","M","M","?","M","?","R","NM","R","T","?","?","?","E"],"items_purchased_type":["Relic","Card","Card","Card","Card","Relic","Card","Card","Card"],"build_version":"2020-12-22","purchased_purges":0,"victory":false,"max_hp_per_floor":[70,70,70,70,70,70,70,70,70,70,70,70,70,70,70,70,70,70,70,70,70,70,70,70,70,70,70,70,70,70,70,70,70,70,70,70,70,70,70,70,70,70,70,70,70,70,70,70],"card_choices":[{"not_picked":["Dodge and Roll","Sucker Punch"],"picked":"Well Laid Plans","floor":1},{"not_picked":["Dodge and Roll","PiercingWail"],"picked":"Bane","floor":2},{"not_picked":["Escape Plan+1","Accuracy"],"picked":"Venomology+1","floor":6},{"not_picked":["Acrobatics+1","Cloak And Dagger+1"],"picked":"Outmaneuver+1","floor":8},{"not_picked":["Concentrate+1","Finisher"],"picked":"Dagger Spray","floor":10},{"not_picked":["Dagger Throw","Finisher"],"picked":"Prepared+1","floor":12},{"not_picked":["After Image","Doppelganger+1"],"picked":"Corpse Explosion+1","floor":16},{"not_picked":["Dagger Spray","Quick Slash+1"],"picked":"Outmaneuver+1","floor":18},{"not_picked":["Eviscerate","Dash"],"picked":"Noxious Fumes","floor":20},{"not_picked":["Slice+1","PiercingWail+1"],"picked":"Terror+1","floor":22},{"not_picked":["Sucker Punch","Flechettes+1"],"picked":"Crippling Poison+1","floor":24},{"not_picked":["Quick Slash+1","Slice","Acrobatics+1"],"picked":"SKIP","floor":28},{"not_picked":["PiercingWail+1","Poisoned Stab"],"picked":"Crippling Poison+1","floor":29},{"not_picked":["Flying Knee+1","Bane"],"picked":"Catalyst+1","floor":31},{"not_picked":["A Thousand Cuts","Grand Finale"],"picked":"infinitespire:Neurotoxin+1","floor":33},{"not_picked":["Dagger Throw+1","Flying Knee+1","Blade Dance+1"],"picked":"SKIP","floor":35},{"not_picked":["Backflip+1","Eviscerate"],"picked":"Noxious Fumes+1","floor":36},{"not_picked":["Cloak And Dagger+1","Riddle With Holes+1","Flying Knee+1"],"picked":"SKIP","floor":38},{"not_picked":["conspire:PoisonWeapons+1","PiercingWail+1"],"picked":"Prepared+1","floor":39},{"not_picked":["Predator+1","Calculated Gamble+1"],"picked":"Outmaneuver+1","floor":41},{"not_picked":["Leg Sweep+1","Terror+1"],"picked":"Poisoned Stab+1","floor":46}],"player_experience":544522,"relics_obtained":[{"floor":6,"key":"aspiration:HatOfInfinitePower"},{"floor":9,"key":"Omamori"},{"floor":10,"key":"Bottled Tornado"},{"floor":12,"key":"Snake Skull"},{"floor":26,"key":"conspire:DeflatedDodgeball"},{"floor":28,"key":"Nunchaku"},{"floor":41,"key":"Tingsha"},{"floor":43,"key":"conspire:TopHat"}],"event_choices":[{"damage_healed":0,"gold_gain":0,"player_choice":"Grow","damage_taken":0,"max_hp_gain":0,"max_hp_loss":0,"event_name":"Living Wall","floor":3,"gold_loss":0,"cards_upgraded":["Well Laid Plans"]},{"cards_removed":["Injury"],"damage_healed":0,"gold_gain":0,"player_choice":"Offered Curse","damage_taken":0,"relics_obtained":["Spirit Poop"],"max_hp_gain":0,"max_hp_loss":0,"event_name":"Bonfire Elementals","floor":5,"gold_loss":0},{"damage_healed":0,"gold_gain":75,"player_choice":"Gather Gold","damage_taken":11,"max_hp_gain":0,"max_hp_loss":0,"event_name":"World of Goop","floor":11,"gold_loss":0},{"damage_healed":0,"gold_gain":200,"player_choice":"Gold","damage_taken":0,"max_hp_gain":0,"max_hp_loss":0,"event_name":"Wheel of Change","floor":19,"gold_loss":0},{"damage_healed":23,"gold_gain":0,"player_choice":"Heal","damage_taken":0,"max_hp_gain":0,"max_hp_loss":0,"event_name":"The Library","floor":21,"gold_loss":0},{"damage_healed":0,"gold_gain":0,"player_choice":"Paid Fearfully","damage_taken":0,"max_hp_gain":0,"max_hp_loss":0,"event_name":"Masked Bandits","floor":30,"gold_loss":59},{"damage_healed":0,"gold_gain":0,"player_choice":"Cursed","damage_taken":0,"max_hp_gain":0,"max_hp_loss":0,"event_name":"Wheel of Change","floor":37,"gold_loss":0,"cards_obtained":["Decay"]},{"damage_healed":0,"gold_gain":0,"player_choice":"Ignored","damage_taken":0,"max_hp_gain":0,"max_hp_loss":0,"event_name":"Mysterious Sphere","floor":44,"gold_loss":0}],"is_beta":false,"boss_relics":[{"not_picked":["Fusion Hammer","Black Star"],"picked":"HoveringKite"},{"not_picked":["infinitespire:Cupcake","Ring of the Serpent"],"picked":"Runic Pyramid"}],"items_purged_floors":[],"is_endless":true,"potions_floor_spawned":[2,12,16,22,24,28,31,41,46],"killed_by":"Reptomancer","ascension_level":1}}