{"host":"l017gercouzhorma","time":1609292152,"event":{"mods":["AchievementEnabler","Aspiration","BaseMod","Challenge The Spire","Conspire","Downfall","Halation","Hermit","Hubris","Infinite Spire","Jorbs\u0027s Wanderer Trilogy","Mad Scientist","Marisa????????","Mimic Mod","Minty Spire (QoL Compilation)","Random Character Button","Rare Cards Sparkle","Relic Stats","Replay The Spire","Shade Mod","StSLib","The Cursed","The Disciple","The Hierophant","The Jungle","The Runesmith","The Servant 0.9.4"],"gold_per_floor":[118,130,150,169,189,222,222,222,290,333,357,371,371,371,371,491,491,484,341,364,385,399,399,142,181,181,206,206,206],"floor_reached":28,"playtime":2452,"items_purged":["Shade:Strike_Shade","Shade:Strike_Shade"],"score":304,"play_id":"d009de21-b889-4f8e-b454-dfbbf137eeff","local_time":"20201229183552","is_ascension_mode":false,"campfire_choices":[{"data":"Shade:FreshBones","floor":8,"key":"SMITH"},{"data":"Shade:FleshOffering","floor":13,"key":"SMITH"},{"data":"Shade:OpenGraves","floor":23,"key":"SMITH"}],"circlet_count":0,"master_deck":["Shade:Strike_Shade","Shade:Defend_Shade","Shade:Defend_Shade","Shade:Defend_Shade","Shade:Defend_Shade","Shade:AnimateDead","Shade:CarefulCut","Shade:FreshBones+1","Shade:CoffinDance","Shade:AuraOfUnlife","Shade:GraveStillness","Shade:FleshToFlesh","Shade:Excise","Shade:FleshOffering+1","Shade:CommandSoldier","Shade:WallOfFlesh","Shade:LichForm","Shade:Trample","Shade:OpenGraves+1","Shade:Carnophage","Shade:Brains+1","Shade:FleshToFlesh+1","Shade:SensePrey"],"relics":["Shade:YorickSkull","Replay:WaspNest","Golden Idol","Runesmith:Nanobots","Ginger","halation:EternalFortune","conspire:SpecialSausage","OrangePellets","Kunai","hubris:PeanutButter"],"acts_visited":["Exordium","TheCity"],"potions_floor_usage":[6,6,16,16,22,27],"damage_taken":[{"damage":1,"enemies":"Jaw Worm","floor":1,"turns":4},{"damage":2,"enemies":"2 Louse","floor":2,"turns":2},{"damage":0,"enemies":"conspire:RoseBush","floor":3,"turns":2},{"damage":16,"enemies":"Large Slime","floor":4,"turns":6},{"damage":4,"enemies":"Red Slaver","floor":5,"turns":5},{"damage":0,"enemies":"Gremlin Nob","floor":6,"turns":3},{"damage":0,"enemies":"Lagavulin","floor":10,"turns":6},{"damage":0,"enemies":"Blue Slaver","floor":11,"turns":4},{"damage":0,"enemies":"3 Louse","floor":12,"turns":4},{"damage":26,"enemies":"Slime Boss","floor":16,"turns":10},{"damage":20,"enemies":"2 Thieves","floor":18,"turns":4},{"damage":5,"enemies":"Spheric Guardian","floor":20,"turns":6},{"damage":23,"enemies":"Centurion and Healer","floor":21,"turns":6},{"damage":11,"enemies":"Cultist and Chosen","floor":22,"turns":5},{"damage":15,"enemies":"conspire:Head Lice","floor":25,"turns":5},{"damage":0,"enemies":"Sentry and Sphere","floor":27,"turns":5},{"damage":12,"enemies":"Snecko","floor":28,"turns":5}],"seed_played":"2413249603019129379","potions_obtained":[{"floor":1,"key":"Toxic Potion"},{"floor":5,"key":"EssenceOfSteel"},{"floor":10,"key":"Adrenaline Potion"},{"floor":12,"key":"Languid Potion"},{"floor":21,"key":"hexamod:EctoCoolerPotion"},{"floor":22,"key":"DuplicationPotion"},{"floor":25,"key":"LiquidMemories"}],"is_trial":false,"path_per_floor":["M","M","M","M","M","E","?","R","T","E","M","M","R","?","R","B",null,"M","$","M","M","M","R","$","E","T","M","M"],"character_chosen":"SHADE","items_purchased":["Shade:OpenGraves","OrangePellets"],"campfire_rested":0,"item_purchase_floors":[19,24],"current_hp_per_floor":[70,68,68,52,48,48,31,31,31,31,31,31,31,34,34,11,77,57,57,52,29,18,18,18,3,3,3,0,0],"gold":206,"neow_bonus":"TEN_PERCENT_HP_BONUS","is_daily":false,"chose_seed":false,"campfire_upgraded":3,"win_rate":0.0,"timestamp":1609292152,"path_taken":["M","M","M","M","M","E","?","R","T","E","M","M","R","?","R","BOSS","M","$","M","M","M","R","$","E","T","M","M"],"items_purchased_type":["Card","Relic"],"build_version":"2020-12-22","purchased_purges":2,"victory":false,"max_hp_per_floor":[71,71,71,71,71,71,71,71,71,71,71,71,71,74,74,77,77,77,77,77,77,77,77,77,77,77,77,77,77],"relic_stats":{"OrangePellets":[1],"counters":[17,80],"Golden Idol":71,"Ginger":[10],"Kunai":[0],"obtain_stats":[{"OrangePellets":24,"Runesmith:Nanobots":9,"Shade:YorickSkull":0,"Golden Idol":7,"halation:EternalFortune":14,"conspire:SpecialSausage":17,"hubris:PeanutButter":26,"Replay:WaspNest":6,"Ginger":10,"Kunai":25},{"OrangePellets":14,"Runesmith:Nanobots":6,"Shade:YorickSkull":0,"Golden Idol":6,"halation:EternalFortune":9,"conspire:SpecialSausage":10,"hubris:PeanutButter":15,"Replay:WaspNest":6,"Ginger":7,"Kunai":15},{"OrangePellets":65,"Runesmith:Nanobots":22,"Shade:YorickSkull":0,"Golden Idol":22,"halation:EternalFortune":35,"conspire:SpecialSausage":44,"hubris:PeanutButter":70,"Replay:WaspNest":22,"Ginger":28,"Kunai":70}]},"card_choices":[{"not_picked":["Shade:GraveStillness","Shade:AncientSpear"],"picked":"Shade:FreshBones","floor":1},{"not_picked":["Shade:FingerOfDeath","Shade:WallOfFlesh"],"picked":"Shade:CoffinDance","floor":2},{"not_picked":["Shade:BoneShards","Shade:FleshLikeOak"],"picked":"Shade:AuraOfUnlife","floor":3},{"not_picked":["Shade:FeralStrike","Shade:Frenzy","Shade:FleshLikeOak"],"picked":"SKIP","floor":4},{"not_picked":["Shade:Frenzy","Shade:GreyBargain"],"picked":"Shade:GraveStillness","floor":5},{"not_picked":["Shade:Premonition","Shade:ScuttlingHand"],"picked":"Shade:FleshToFlesh","floor":6},{"not_picked":["Shade:GreyBargain","Shade:ExtraLimbs"],"picked":"Shade:Excise","floor":10},{"not_picked":["Shade:GraveStillness","Shade:LastGasp"],"picked":"Shade:FleshOffering","floor":11},{"not_picked":["Shade:Frenzy","Shade:ClawBack"],"picked":"Shade:CommandSoldier","floor":12},{"not_picked":["Shade:Consume","Shade:SelfBurial"],"picked":"Shade:LichForm","floor":16},{"not_picked":["Shade:Frenzy+1","Shade:FleshOffering"],"picked":"Shade:Trample","floor":18},{"not_picked":["Shade:PotionOfRestlessness","Shade:Frenzy+1"],"picked":"Shade:Carnophage","floor":20},{"not_picked":["Shade:RavenousHorde+1","Shade:GreyBargain"],"picked":"Shade:Brains+1","floor":21},{"not_picked":["Shade:BoneShards+1","Shade:FleshLikeOak"],"picked":"Shade:FleshToFlesh+1","floor":22},{"not_picked":["Shade:SpectralStrikes","Shade:PressTheAttack+1"],"picked":"Shade:SensePrey","floor":25},{"not_picked":["Shade:CloudOfShrapnel+1","Shade:FleshToFlesh","Shade:CoffinDance"],"picked":"SKIP","floor":27}],"player_experience":817152,"relics_obtained":[{"floor":6,"key":"Replay:WaspNest"},{"floor":9,"key":"Runesmith:Nanobots"},{"floor":10,"key":"Ginger"},{"floor":16,"key":"halation:EternalFortune"},{"floor":25,"key":"Kunai"},{"floor":26,"key":"hubris:PeanutButter"}],"event_choices":[{"damage_healed":0,"gold_gain":0,"player_choice":"Take Damage","damage_taken":17,"relics_obtained":["Golden Idol"],"max_hp_gain":0,"max_hp_loss":0,"event_name":"Golden Idol","floor":7,"gold_loss":0}],"is_beta":false,"boss_relics":[{"not_picked":["infinitespire:Cupcake","halation:PinkAlligatorPlush"],"picked":"conspire:SpecialSausage"}],"items_purged_floors":[19,24],"is_endless":false,"potions_floor_spawned":[1,5,10,12,21,22,25],"killed_by":"Snecko","ascension_level":0}}