{"host":"94aus4jnk6thj94q","time":1609317105,"event":{"mods":["BaseMod","Minty Spire (QoL Compilation)","Quick Restart","StSLib"],"gold_per_floor":[111,89,102,102,117,146,146,111,111,128,128,139,156,173,173,173,173],"floor_reached":16,"playtime":854,"items_purged":[],"score":104,"play_id":"2f67ad6c-bbbd-43b8-86fa-fc4daed9593b","local_time":"20201230103145","is_ascension_mode":false,"campfire_choices":[{"floor":7,"key":"REST"},{"floor":11,"key":"REST"},{"floor":15,"key":"REST"}],"circlet_count":0,"master_deck":["Strike_G","Strike_G","Strike_G","Strike_G","Strike_G","Defend_G","Defend_G","Defend_G","Defend_G","Defend_G","Survivor","Neutralize","Well Laid Plans","Blade Dance","Choke","Catalyst"],"relics":["Ring of the Snake","Snake Skull","Gambling Chip","Matryoshka"],"acts_visited":["Exordium"],"potions_floor_usage":[6,16],"damage_taken":[{"damage":3,"enemies":"Jaw Worm","floor":1,"turns":4},{"damage":5,"enemies":"2 Louse","floor":3,"turns":4},{"damage":2,"enemies":"Small Slimes","floor":5,"turns":3},{"damage":33,"enemies":"Lagavulin","floor":6,"turns":7},{"damage":9,"enemies":"Blue Slaver","floor":10,"turns":2},{"damage":2,"enemies":"Large Slime","floor":12,"turns":7},{"damage":8,"enemies":"3 Louse","floor":13,"turns":4},{"damage":0,"enemies":"2 Fungi Beasts","floor":14,"turns":3},{"damage":38,"enemies":"Hexaghost","floor":16,"turns":7}],"seed_played":"-5629091750275583235","potions_obtained":[{"floor":3,"key":"ColorlessPotion"},{"floor":12,"key":"Strength Potion"},{"floor":13,"key":"Energy Potion"}],"is_trial":false,"path_per_floor":["M","?","M","?","M","E","R","?","T","M","R","M","M","M","R","B"],"character_chosen":"THE_SILENT","items_purchased":[],"campfire_rested":3,"item_purchase_floors":[],"current_hp_per_floor":[67,67,62,70,68,35,56,70,70,61,70,68,60,60,70,32,32],"gold":173,"neow_bonus":"RANDOM_COMMON_RELIC","is_daily":false,"chose_seed":false,"campfire_upgraded":0,"win_rate":0.0,"timestamp":1609317105,"path_taken":["M","?","M","?","M","E","R","?","T","M","R","M","M","M","R","BOSS"],"items_purchased_type":[],"build_version":"2020-12-22","purchased_purges":0,"victory":false,"max_hp_per_floor":[70,70,70,70,70,70,70,70,70,70,70,70,70,70,70,70,70],"card_choices":[{"not_picked":["Sucker Punch","Outmaneuver"],"picked":"Well Laid Plans","floor":1},{"not_picked":["Bane","Acrobatics"],"picked":"Blade Dance","floor":3},{"not_picked":["Prepared","Calculated Gamble"],"picked":"Choke","floor":5},{"not_picked":["Backflip","Dagger Spray","All Out Attack"],"picked":"SKIP","floor":6},{"not_picked":["Dagger Spray","Calculated Gamble","Backflip"],"picked":"SKIP","floor":10},{"not_picked":["Underhanded Strike","Eviscerate"],"picked":"Catalyst","floor":12},{"not_picked":["Dagger Throw","Deflect","Acrobatics"],"picked":"SKIP","floor":13},{"not_picked":["Reflex","Bane","Prepared"],"picked":"SKIP","floor":14}],"player_experience":5650418,"relics_obtained":[{"floor":6,"key":"Gambling Chip"},{"floor":9,"key":"Matryoshka"}],"event_choices":[{"damage_healed":0,"gold_gain":0,"player_choice":"Left Gold","damage_taken":0,"max_hp_gain":0,"max_hp_loss":0,"event_name":"World of Goop","floor":2,"gold_loss":22},{"damage_healed":23,"gold_gain":0,"player_choice":"Banana","damage_taken":0,"max_hp_gain":0,"max_hp_loss":0,"event_name":"Big Fish","floor":4,"gold_loss":0},{"damage_healed":17,"gold_gain":0,"player_choice":"Healed","damage_taken":0,"max_hp_gain":0,"max_hp_loss":0,"event_name":"The Cleric","floor":8,"gold_loss":35}],"is_beta":false,"boss_relics":[],"items_purged_floors":[],"is_endless":false,"potions_floor_spawned":[3,12,13],"killed_by":"Hexaghost","ascension_level":0}}