{"host":"9aouhnb60t5456d9","time":1609341915,"event":{"mods":["Arknights The Spire","BaseMod","Colored Map","Custom Start","Minty Spire (QoL Compilation)","StSLib","SuperFastMode"],"gold_per_floor":[111,128,143,155,172,199,199,199,199,213,213,213,213,226,226,328,328,347,197,213,312,322,352,352,371,371,391,424,424,181,192,192,289,289,308,325,339,350,400,431,431,446,473,535,564,576,588,617,629,641,641],"floor_reached":50,"playtime":5988,"items_purged":["ats:Strike C","ats:Strike S"],"score":545,"play_id":"d08626f4-ba10-4225-b86d-e5c4eb7891e0","local_time":"20201231002515","is_ascension_mode":false,"campfire_choices":[{"data":"ats:Emotion Absorption","floor":7,"key":"SMITH"},{"data":"ats:Part Time Job","floor":11,"key":"SMITH"},{"data":"ats:Apocalypse","floor":13,"key":"SMITH"},{"data":"ats:Assault Order","floor":15,"key":"SMITH"},{"data":"ats:Healing Strengthening","floor":24,"key":"SMITH"},{"data":"ats:Roar Of Ursus","floor":32,"key":"SMITH"},{"data":"ats:Part Time Job","floor":41,"key":"SMITH"},{"floor":49,"key":"RECALL"}],"circlet_count":0,"master_deck":["ats:Armor Crushing Shot","ats:Defend","ats:Defend","ats:Defend","ats:Defend","ats:Emotion Absorption+1","ats:Cat Scratch","ats:Blood Oath","ats:Composite Medical Shells+1","ats:Chain Hook","ats:Apocalypse+1","ats:Assault Order+1","ats:Part Time Job+1","ats:Shell Defense","ats:Healing Strengthening+1","ats:Part Time Job+1","ats:Charging Defense","ats:Roar Of Ursus+1","ats:Composite Medical Shells"],"relics":["ats:Sanity","ats:Originium","Bottled Lightning","ats:Tactical Delivery","Question Card","ats:Industrial Water Cannon","ats:Berate","Runic Pyramid","Pocketwatch","Nunchaku","MawBank","Ice Cream"],"acts_visited":["Exordium","TheCity","TheBeyond"],"potions_floor_usage":[16,28,28,31,39],"damage_taken":[{"damage":1,"enemies":"Cultist","floor":1,"turns":3},{"damage":2,"enemies":"2 Louse","floor":2,"turns":3},{"damage":15,"enemies":"Jaw Worm","floor":3,"turns":4},{"damage":26,"enemies":"Large Slime","floor":4,"turns":8},{"damage":12,"enemies":"3 Louse","floor":5,"turns":4},{"damage":43,"enemies":"3 Sentries","floor":6,"turns":9},{"damage":6,"enemies":"2 Fungi Beasts","floor":10,"turns":5},{"damage":9,"enemies":"Exordium Wildlife","floor":14,"turns":7},{"damage":65,"enemies":"The Guardian","floor":16,"turns":17},{"damage":24,"enemies":"Chosen","floor":18,"turns":6},{"damage":45,"enemies":"2 Thieves","floor":20,"turns":4},{"damage":35,"enemies":"Snecko","floor":22,"turns":6},{"damage":119,"enemies":"Gremlin Leader","floor":23,"turns":7},{"damage":63,"enemies":"Snake Plant","floor":25,"turns":6},{"damage":49,"enemies":"Sentry and Sphere","floor":27,"turns":6},{"damage":174,"enemies":"Book of Stabbing","floor":28,"turns":9},{"damage":68,"enemies":"Shelled Parasite and Fungi","floor":31,"turns":5},{"damage":115,"enemies":"Automaton","floor":33,"turns":15},{"damage":60,"enemies":"3 Darklings","floor":35,"turns":5},{"damage":22,"enemies":"3 Shapes","floor":36,"turns":4},{"damage":110,"enemies":"Spire Growth","floor":37,"turns":8},{"damage":52,"enemies":"Writhing Mass","floor":38,"turns":9},{"damage":119,"enemies":"2 Orb Walkers","floor":39,"turns":6},{"damage":60,"enemies":"Giant Head","floor":40,"turns":17},{"damage":44,"enemies":"4 Shapes","floor":42,"turns":6},{"damage":0,"enemies":"Mind Bloom Boss Battle","floor":44,"turns":8},{"damage":64,"enemies":"3 Darklings","floor":45,"turns":4},{"damage":38,"enemies":"Sphere and 2 Shapes","floor":48,"turns":7},{"damage":67,"enemies":"Time Eater","floor":50,"turns":7}],"seed_played":"7531792975439267464","potions_obtained":[{"floor":1,"key":"SmokeBomb"},{"floor":4,"key":"Fire Potion"},{"floor":5,"key":"SpeedPotion"},{"floor":10,"key":"Dexterity Potion"},{"floor":18,"key":"ats:Top Emergency Sanity Potion"},{"floor":31,"key":"PowerPotion"},{"floor":36,"key":"DistilledChaos"},{"floor":40,"key":"PowerPotion"},{"floor":42,"key":"LiquidBronze"},{"floor":48,"key":"BlessingOfTheForge"}],"is_trial":false,"path_per_floor":["M","M","M","M","M","E","R","?","T","M","R","?","R","M","R","B",null,"M","$","M","?","M","E","R","M","T","M","E","?","$","M","R","B",null,"M","M","M","M","?","E","R","M","T","?","M","?","?","M","R","B"],"character_chosen":"DOCTOR_CLASS","items_purchased":["ats:Healing Strengthening","ats:Roar Of Ursus"],"campfire_rested":0,"item_purchase_floors":[19,30],"current_hp_per_floor":[78,76,67,50,41,16,16,16,16,21,21,21,21,33,33,39,79,76,76,66,66,79,35,35,68,68,79,29,29,29,41,41,79,79,79,79,79,79,58,79,79,79,79,79,79,79,79,79,79,79,79],"gold":641,"neow_bonus":"TEN_PERCENT_HP_BONUS","is_daily":false,"chose_seed":false,"campfire_upgraded":7,"win_rate":0.0,"timestamp":1609341915,"path_taken":["M","M","M","M","M","E","R","?","T","?","R","?","R","M","R","BOSS","M","$","M","?","M","E","R","M","T","M","E","?","$","?","R","BOSS","M","M","M","M","?","E","R","M","T","?","M","?","?","?","R","BOSS"],"items_purchased_type":["Card","Card"],"build_version":"2020-12-22","purchased_purges":2,"victory":false,"max_hp_per_floor":[79,79,79,79,79,79,79,79,79,79,79,79,79,79,79,79,79,79,79,79,79,79,79,79,79,79,79,79,79,79,79,79,79,79,79,79,79,79,79,79,79,79,79,79,79,79,79,79,79,79,79],"card_choices":[{"not_picked":["ats:Childhood Dance","ats:Healing Strengthening"],"picked":"ats:Cat Scratch","floor":1},{"not_picked":["ats:Thorns","ats:Leaping Hammer"],"picked":"ats:Blood Oath","floor":2},{"not_picked":["ats:Automatic Cover","ats:Flexible Camouflage"],"picked":"ats:Composite Medical Shells","floor":3},{"not_picked":["ats:Cat Scratch","ats:Assault Order"],"picked":"ats:Chain Hook","floor":4},{"not_picked":["ats:Counter Healing Mode","ats:Charging Defense"],"picked":"ats:Apocalypse","floor":5},{"not_picked":["ats:Apocalypse","ats:Neurotoxin"],"picked":"ats:Assault Order","floor":6},{"not_picked":["ats:Assault Order","ats:Leaping Hammer"],"picked":"ats:Part Time Job","floor":10},{"not_picked":["ats:Shell Defense","ats:Defend Order","ats:Curse Doll"],"picked":"SKIP","floor":14},{"not_picked":["ats:True Silver Slash","ats:Shadow Assault"],"picked":"ats:Dogmatic Field","floor":16},{"not_picked":["ats:Revitalization","ats:Ignite+1"],"picked":"ats:Shell Defense","floor":18},{"not_picked":["ats:Leaping Hammer+1","ats:Explosion Area Strengthen","ats:Flexible Camouflage"],"picked":"SKIP","floor":20},{"not_picked":["ats:Ambush","ats:Curse Doll+1","ats:Consecutive Shot Auto"],"picked":"SKIP","floor":22},{"not_picked":["ats:LN2 Cannon+1","ats:Poison Spread"],"picked":"ats:Part Time Job","floor":23},{"not_picked":["ats:Blood Oath","ats:Explosion Area Strengthen","ats:Poison Spread+1","ats:Consecutive Shot Auto"],"picked":"SKIP","floor":25},{"not_picked":["ats:Magnetic Hammer+1","ats:Apocalypse","ats:Poison Spread","ats:Overload+1"],"picked":"SKIP","floor":27},{"not_picked":["ats:Shell Defense","ats:Healing Drone","ats:Poison Spread"],"picked":"ats:Charging Defense","floor":28},{"not_picked":["ats:Poison Spread","ats:Spore Proliferation+1","ats:Beaten Up","ats:Leaping Hammer"],"picked":"SKIP","floor":31},{"not_picked":["ats:Poison Spread","ats:Charging Defense","ats:Powerful Strike+1","ats:Explosion Area Strengthen+1"],"picked":"SKIP","floor":35},{"not_picked":["ats:Cat Scratch","ats:Defend Order","ats:Composite Medical Shells+1","ats:Flexible Camouflage"],"picked":"SKIP","floor":36},{"not_picked":["ats:Spore Proliferation","ats:Rapid Magazine","ats:Guardian Obelisk","ats:Cat Scratch"],"picked":"SKIP","floor":37},{"not_picked":["ats:Ignite+1","ats:Shell Defense","ats:Blood Oath+1","ats:Consecutive Shot Auto+1"],"picked":"SKIP","floor":38},{"not_picked":["ats:Mental Burst","ats:Curse Doll","ats:Beaten Up+1","ats:Very Hot Blade+1"],"picked":"SKIP","floor":40},{"not_picked":["ats:Healing Drone","ats:Hammer On","ats:Apocalypse+1"],"picked":"ats:Composite Medical Shells","floor":42},{"not_picked":["ats:Beaten Up+1","ats:Red Shift","ats:True Silver Slash","ats:Demon Strength"],"picked":"SKIP","floor":45},{"not_picked":["ats:Flexible Camouflage","ats:Powerful Strike+1","ats:Burning Ground","ats:Hammer On"],"picked":"SKIP","floor":48}],"player_experience":760942,"relics_obtained":[{"floor":6,"key":"ats:Originium"},{"floor":6,"key":"Bottled Lightning"},{"floor":23,"key":"Question Card"},{"floor":26,"key":"ats:Industrial Water Cannon"},{"floor":28,"key":"ats:Berate"},{"floor":39,"key":"Pocketwatch"},{"floor":40,"key":"Nunchaku"},{"floor":43,"key":"MawBank"},{"floor":44,"key":"Ice Cream"}],"event_choices":[{"damage_healed":0,"gold_gain":0,"player_choice":"Upgraded","damage_taken":0,"max_hp_gain":0,"max_hp_loss":0,"event_name":"Upgrade Shrine","floor":8,"gold_loss":0,"cards_upgraded":["ats:Composite Medical Shells"]},{"cards_removed":["ats:Strike V"],"damage_healed":0,"gold_gain":0,"player_choice":"Forget","damage_taken":0,"max_hp_gain":0,"max_hp_loss":0,"event_name":"Living Wall","floor":12,"gold_loss":0},{"damage_healed":0,"gold_gain":99,"player_choice":"Stole From Cult","damage_taken":0,"max_hp_gain":0,"max_hp_loss":0,"event_name":"Nest","floor":21,"gold_loss":0},{"cards_removed":["ats:Strike G"],"damage_healed":0,"gold_gain":0,"player_choice":"Purged","damage_taken":0,"max_hp_gain":0,"max_hp_loss":0,"event_name":"Purifier","floor":29,"gold_loss":0},{"damage_healed":0,"gold_gain":0,"player_choice":"Fight","damage_taken":0,"max_hp_gain":0,"max_hp_loss":0,"event_name":"Mysterious Sphere","floor":39,"gold_loss":0},{"damage_healed":0,"gold_gain":0,"player_choice":"Fight","damage_taken":0,"max_hp_gain":0,"max_hp_loss":0,"event_name":"MindBloom","floor":44,"gold_loss":0},{"cards_removed":["ats:Dogmatic Field"],"damage_healed":0,"gold_gain":0,"player_choice":"Removed Power","damage_taken":0,"max_hp_gain":0,"max_hp_loss":0,"event_name":"Falling","floor":46,"gold_loss":0},{"damage_healed":0,"gold_gain":0,"player_choice":"Ignored","damage_taken":0,"max_hp_gain":0,"max_hp_loss":0,"event_name":"Tomb of Lord Red Mask","floor":47,"gold_loss":0}],"is_beta":false,"boss_relics":[{"not_picked":["Velvet Choker","Calling Bell"],"picked":"ats:Tactical Delivery"},{"not_picked":["ats:Sanity Plus","Coffee Dripper"],"picked":"Runic Pyramid"}],"items_purged_floors":[19,30],"is_endless":false,"potions_floor_spawned":[1,4,5,10,14,18,22,31,36,40,42,45,48],"killed_by":"Time Eater","ascension_level":0}}