{"host":"jewdtr7eremy7cl3","time":1609334315,"event":{"mods":["ATMod(阿瑾Mod)","Act Like it!","Arknights The Spire","BaseMod","Dota2Spire","Gensokyo","Lobotomy","LobotomyExtend","Minty Spire (QoL Compilation)","Remilia（蕾米莉亚）","Spicy Shops","StSLib","The Alterego","The Forsaken","The Servant 0.9.4","TheWitcher","WarShipGirlsR/战舰少女R mod","Yakumo Yukari mod","【遗物卡牌】REMEMod","残留之物"],"gold_per_floor":[125,125,155,2,2,52,52,82,155,86,86,101,203,123,123,197,197,212,235,108,135,119,119],"floor_reached":22,"playtime":2743,"items_purged":[],"score":188,"play_id":"4af76991-20f5-4632-8791-9bdf9735d702","local_time":"20201230211835","is_ascension_mode":false,"campfire_choices":[{"floor":11.0,"key":"REST"},{"floor":15.0,"key":"REST"}],"circlet_count":0,"master_deck":["SnafuTest:DefaultCommonAttack","SnafuTest:DefaultCommonAttack","SnafuTest:DefaultCommonAttack","SnafuTest:BountyHunt","SnafuTest:DefaultCommonSkill","SnafuTest:DefaultCommonSkill","SnafuTest:SignQuen","OldLady","SnafuTest:SpellBitingFrost","WallGazer","Freischutz","SnafuTest:SpellArcaneDomain","UniverseFragment","SnafuTest:PowerAlwaysOnRoads","SnafuTest:AncestralRitual","SnafuTest:Shooting","Wellcheers","SnafuTest:PayArmorSmith","ShyLook","SnafuTest:SignIgni","SnafuTest:PayArmorSmith","SingingMachine","SnafuTest:LeadingCharge","BodiesMountain","SnafuTest:PowerProbingFeint","Rudolta","SnafuTest:SpellDispellingPush+1","Gensokyo:LockedMedkit","Gensokyo:Shovel","MHz","SnafuTest:CareTaker"],"relics":["SnafuTest:UnstableMutagenRelic","AT_ATBox","REME_ComplimentaryCards","CogitoBucket","LetterFromLob","ats:Originium","Dota2Spire:BladeMail","Gensokyo:CelestialsFlawlessClothing","Bottled Lightning","MealTicket","Unceasing Top","Theresia","WantedRequest","REME_ChargedStone","SkinProphecy"],"acts_visited":["Gensokyo:Gensokyo","Gensokyo:Gensokyoer"],"potions_floor_usage":[],"damage_taken":[{"damage":9.0,"enemies":"Gensokyo:Python","floor":1.0,"turns":5.0},{"damage":0.0,"enemies":"Gensokyo:3_Fairies","floor":3.0,"turns":2.0},{"damage":39.0,"enemies":"Gensokyo:Mamizou","floor":6.0,"turns":10.0},{"damage":6.0,"enemies":"Gensokyo:Gryphon","floor":8.0,"turns":3.0},{"damage":25.0,"enemies":"Gensokyo:LivingMonolith","floor":12.0,"turns":4.0},{"damage":32.0,"enemies":"Gensokyo:Gryphon_and_Rabbit","floor":13.0,"turns":4.0},{"damage":26.0,"enemies":"Gensokyo:CorruptedTreant","floor":14.0,"turns":3.0},{"damage":95.0,"enemies":"Gensokyo:Kokoro","floor":16.0,"turns":16.0},{"damage":41.0,"enemies":"Gensokyo:3_Dogs","floor":18.0,"turns":6.0},{"damage":14.0,"enemies":"Gensokyo:Chomper","floor":19.0,"turns":5.0},{"damage":75,"enemies":"Gensokyo:Slime_Group","floor":21,"turns":9},{"damage":175,"enemies":"Gensokyo:Swordslinger","floor":22,"turns":8}],"seed_played":"-4678842375755197466","potions_obtained":[{"floor":1.0,"key":"DistilledChaos"},{"floor":8.0,"key":"Dota2Spire:HealingSalve"},{"floor":14.0,"key":"EssenceOfSteel"},{"floor":16.0,"key":"Dota2Spire:Clarity"},{"floor":18.0,"key":"ColorlessPotion"}],"is_trial":false,"path_per_floor":["M","?","M","COS","?","E","?","M","T","$","R","M","M","M","R","B",null,"M","M","COS","M","M"],"character_chosen":"THE_WITCHER","items_purchased":["SnafuTest:AncestralRitual","SnafuTest:Shooting"],"campfire_rested":2,"item_purchase_floors":[10,10],"current_hp_per_floor":[66,74,74,74,74,35,17,11,11,11,33,8,3,57,75,59,75,37,30,30,40,0,0],"gold":119,"neow_bonus":"","is_daily":false,"chose_seed":false,"campfire_upgraded":0,"win_rate":0.0,"timestamp":1609334315,"path_taken":["M","?","M","COS","?","E","?","?","T","$","R","M","M","M","R","BOSS","M","?","COS","M","M"],"items_purchased_type":["Card","Card"],"build_version":"2020-12-22","purchased_purges":0,"victory":false,"max_hp_per_floor":[75,75,75,75,75,75,75,75,75,75,75,75,75,75,75,75,75,75,75,75,75,77,77],"card_choices":[{"not_picked":["VoidDream","Variant","CrumblingArmor"],"picked":"Singing Bowl","floor":1.0},{"not_picked":["CrumblingArmor","PunishingBird"],"picked":"OldLady","floor":1.0},{"not_picked":["SnafuTest:SwiftAssault","SnafuTest:MCSongOfPeace"],"picked":"SnafuTest:SpellBitingFrost","floor":1.0},{"not_picked":["BeautyBeast","QueenOfHatred"],"picked":"WallGazer","floor":3.0},{"not_picked":["SnafuTest:ShoulderSlam","SnafuTest:DesperateRemediation"],"picked":"SnafuTest:GetPaid","floor":3.0},{"not_picked":["MHz","PunishingBird"],"picked":"Freischutz","floor":6.0},{"not_picked":["SnafuTest:ShoulderSlam","SnafuTest:SwiftAssault"],"picked":"SnafuTest:SpellArcaneDomain","floor":6.0},{"not_picked":["LaLuna","Wellcheers"],"picked":"UniverseFragment","floor":8.0},{"not_picked":["SnafuTest:PowerVainGlory","SnafuTest:SpellTortoise"],"picked":"SnafuTest:PowerAlwaysOnRoads","floor":8.0},{"not_picked":["SnowQueen","PunishingBird"],"picked":"Wellcheers","floor":12.0},{"not_picked":["SnafuTest:PowerVainGlory","SnafuTest:SpellBitingFrost"],"picked":"SnafuTest:PayArmorSmith","floor":12.0},{"not_picked":["MeatLantern","PunishingBird"],"picked":"ShyLook","floor":13.0},{"not_picked":["SnafuTest:Shooting","SnafuTest:SwiftAssault"],"picked":"SnafuTest:SignIgni","floor":13.0},{"not_picked":["Variant","SnowQueen"],"picked":"Mercenary","floor":14.0},{"not_picked":["SnafuTest:ExcessiveLevies","SnafuTest:ArmoredSortie"],"picked":"SnafuTest:PayArmorSmith","floor":14.0},{"not_picked":["Murderer","BlueStar"],"picked":"SingingMachine","floor":16.0},{"not_picked":["SnafuTest:DecisiveOpportunity","SnafuTest:OtherWorld"],"picked":"SnafuTest:LeadingCharge","floor":16.0},{"not_picked":["BeautyBeast","SpiderBud"],"picked":"BodiesMountain","floor":18.0},{"not_picked":["SnafuTest:Oriole","SnafuTest:BombMoonDust"],"picked":"SnafuTest:PowerProbingFeint","floor":18.0},{"not_picked":["FairyFestival","MHz"],"picked":"Rudolta","floor":19.0},{"not_picked":["SnafuTest:DesperateRemediation","SnafuTest:Portal"],"picked":"SnafuTest:SpellDispellingPush+1","floor":19.0},{"not_picked":["Variant","Murderer"],"picked":"MHz","floor":21},{"not_picked":["SnafuTest:SpellBlindFury","SnafuTest:PowerAlwaysAWay"],"picked":"SnafuTest:CareTaker","floor":21}],"player_experience":141766,"relics_obtained":[{"floor":1.0,"key":"LetterFromLob"},{"floor":6.0,"key":"ats:Originium"},{"floor":6.0,"key":"Dota2Spire:BladeMail"},{"floor":9.0,"key":"Bottled Lightning"}],"event_choices":[],"is_beta":false,"boss_relics":[{"not_picked":["SacredBark","Runic Pyramid"],"picked":"REME_ChargedStone"}],"items_purged_floors":[],"is_endless":false,"potions_floor_spawned":[1,8,14,16,18],"killed_by":"Gensokyo:Swordslinger","ascension_level":0}}