{"host":"ffqn1azj9urswy62","time":1609351630,"event":{"mods":["BaseMod","Better Third Choice","Minty Spire (QoL Compilation)","StSLib"],"gold_per_floor":[114,44,54,54,54,54,66,95,150,150,164,164,14,14,14,117,117,136,154,166,178,224,224,251,350,429,429,440,453,453,453],"floor_reached":30,"playtime":1339,"items_purged":["Strike_G"],"score":289,"play_id":"0c0d8b87-f6e7-49de-88e6-786ba610d486","local_time":"20201230130710","is_ascension_mode":true,"campfire_choices":[{"data":"Footwork","floor":6,"key":"SMITH"},{"data":"Deadly Poison","floor":10,"key":"SMITH"},{"data":"Survivor","floor":12,"key":"SMITH"},{"data":"Calculated Gamble","floor":15,"key":"SMITH"},{"data":"Blur","floor":23,"key":"SMITH"},{"data":"Corpse Explosion","floor":27,"key":"SMITH"}],"circlet_count":0,"master_deck":["Strike_G+1","Strike_G","Defend_G","Defend_G","Defend_G","Defend_G","Defend_G","Survivor+1","Neutralize","Deadly Poison+1","Footwork+1","Bane+1","Calculated Gamble+1","Footwork+1","Blur+1","Corpse Explosion+1","Deadly Poison"],"relics":["Ring of the Serpent","Centennial Puzzle","Whetstone","Blood Vial","Omamori","Singing Bowl"],"acts_visited":["Exordium","TheCity"],"potions_floor_usage":[8,20,21,29],"damage_taken":[{"damage":0,"enemies":"2 Louse","floor":1,"turns":4},{"damage":0,"enemies":"Cultist","floor":3,"turns":4},{"damage":0,"enemies":"Small Slimes","floor":7,"turns":5},{"damage":4,"enemies":"Lagavulin","floor":8,"turns":4},{"damage":0,"enemies":"Blue Slaver","floor":11,"turns":4},{"damage":13,"enemies":"Slime Boss","floor":16,"turns":9},{"damage":0,"enemies":"Spheric Guardian","floor":18,"turns":5},{"damage":0,"enemies":"Shell Parasite","floor":19,"turns":5},{"damage":0,"enemies":"Snake Plant","floor":20,"turns":4},{"damage":34,"enemies":"3 Cultists","floor":21,"turns":5},{"damage":17,"enemies":"Book of Stabbing","floor":24,"turns":10},{"damage":1,"enemies":"Centurion and Healer","floor":28,"turns":6},{"damage":14,"enemies":"Sentry and Sphere","floor":29,"turns":6}],"seed_played":"8862788717265506843","potions_obtained":[{"floor":7,"key":"SkillPotion"},{"floor":11,"key":"EssenceOfSteel"},{"floor":20,"key":"AttackPotion"},{"floor":21,"key":"Fire Potion"},{"floor":29,"key":"SteroidPotion"}],"is_trial":false,"path_per_floor":["M","$","M","?","?","R","M","E","T","R","M","R","$","?","R","B",null,"M","M","M","M","T","R","E","?","T","R","M","M","?"],"character_chosen":"THE_SILENT","items_purchased":["Footwork","Footwork"],"campfire_rested":0,"item_purchase_floors":[2,13],"current_hp_per_floor":[70,70,70,58,58,58,58,54,54,54,56,56,56,56,56,45,70,70,70,70,36,36,36,21,21,21,21,24,12,0,0],"gold":453,"neow_bonus":"REMOVE_CARD","is_daily":false,"chose_seed":false,"campfire_upgraded":6,"win_rate":0.0,"timestamp":1609351630,"path_taken":["M","$","M","?","?","R","M","E","T","R","M","R","$","?","R","BOSS","M","M","?","M","?","R","E","?","T","R","M","M","?"],"items_purchased_type":["Card","Card"],"build_version":"2020-12-22","purchased_purges":1,"victory":false,"max_hp_per_floor":[70,70,70,70,70,70,70,70,70,70,70,70,70,70,70,70,70,70,70,70,70,70,70,70,70,70,70,72,72,77,77],"card_choices":[{"not_picked":["Expertise","Flying Knee"],"picked":"Deadly Poison","floor":1},{"not_picked":["Deflect","Poisoned Stab"],"picked":"Bane","floor":3},{"not_picked":["Prepared","Slice"],"picked":"Calculated Gamble","floor":7},{"not_picked":["Concentrate","Infinite Blades","Masterful Stab"],"picked":"SKIP","floor":8},{"not_picked":["Endless Agony","Skewer","Underhanded Strike"],"picked":"SKIP","floor":11},{"not_picked":["PiercingWail","Acrobatics","Deflect"],"picked":"SKIP","floor":18},{"not_picked":["Blade Dance","Slice","PiercingWail"],"picked":"SKIP","floor":19},{"not_picked":["Underhanded Strike","Dagger Throw","Slice+1"],"picked":"SKIP","floor":20},{"not_picked":["Sucker Punch+1","Flying Knee"],"picked":"Blur","floor":21},{"not_picked":["Deflect","Flying Knee"],"picked":"Corpse Explosion","floor":24},{"not_picked":["PiercingWail","Bane","Calculated Gamble"],"picked":"Singing Bowl","floor":28},{"not_picked":["Deflect","Outmaneuver"],"picked":"Deadly Poison","floor":29}],"player_experience":605038,"relics_obtained":[{"floor":8,"key":"Whetstone"},{"floor":9,"key":"Blood Vial"},{"floor":24,"key":"Omamori"},{"floor":26,"key":"Singing Bowl"}],"event_choices":[{"damage_healed":0,"gold_gain":0,"player_choice":"Relic ","damage_taken":12,"max_hp_gain":0,"max_hp_loss":0,"event_name":"betterThird:BetterScrap","floor":4,"gold_loss":0,"cards_obtained":["Dark Embrace"]},{"cards_removed":["Strike_G"],"damage_healed":0,"gold_gain":0,"player_choice":"Forget","damage_taken":0,"max_hp_gain":0,"max_hp_loss":0,"event_name":"Living Wall","floor":5,"gold_loss":0},{"damage_healed":0,"gold_gain":0,"player_choice":"Upgraded","damage_taken":0,"max_hp_gain":0,"max_hp_loss":0,"event_name":"Upgrade Shrine","floor":14,"gold_loss":0,"cards_upgraded":["Footwork"]},{"damage_healed":0,"gold_gain":99,"player_choice":"Steal","damage_taken":0,"max_hp_gain":0,"max_hp_loss":0,"event_name":"betterThird:BetterNest","floor":25,"gold_loss":0}],"is_beta":false,"boss_relics":[{"not_picked":["Velvet Choker","Coffee Dripper"],"picked":"Ring of the Serpent"}],"items_purged_floors":[13],"is_endless":false,"potions_floor_spawned":[7,11,20,21,29],"ascension_level":1}}