{"host":"x5anfo2w8aotfuta","time":1609363937,"event":{"mods":["AchievementEnabler","BaseMod","Bestiary","Block Reminder","Colored Map","Colored Powertips","DeckTracker","Highlight Path","Minty Spire (QoL Compilation)","Quick Restart","Rare Cards Sparkle","Relic Stats","StSLib"],"gold_per_floor":[99,99,99,99,99,99,27,27,27,3,3,3,3,3,3,3,3,3,3,3,3,3,3,3,3,3,3,3,3,3,3,3,3,3],"floor_reached":33,"playtime":5794,"items_purged":[],"score":530,"play_id":"cba4828a-ab3b-4ad6-bf51-14d909d00d65","local_time":"20201230133217","is_ascension_mode":true,"campfire_choices":[{"data":"Tantrum","floor":6,"key":"SMITH"},{"data":"EmptyBody","floor":11,"key":"SMITH"},{"data":"Vigilance","floor":15,"key":"SMITH"},{"floor":24,"key":"REST"},{"floor":28,"key":"REST"},{"data":"EmptyMind","floor":32,"key":"SMITH"}],"circlet_count":0,"master_deck":["Strike_P+1","Strike_P+1","Strike_P+1","Strike_P+1","Defend_P+1","Defend_P+1","Defend_P+1","Defend_P+1","Eruption","Vigilance+1","Conclude+1","Protect","Crescendo","Tantrum+1","EmptyBody+1","Wireheading","EmptyMind+1","Blasphemy","ThirdEye","FlurryOfBlows","DeceiveReality","ReachHeaven+1","FearNoEvil","SandsOfTime+1"],"relics":["Ectoplasm","MawBank","Odd Mushroom","Whetstone","Philosopher\u0027s Stone","Bronze Scales","Happy Flower","Pear","Prayer Wheel"],"acts_visited":["Exordium","TheCity"],"potions_floor_usage":[12,14,16,19,23,25,25,25,29,33,33,33,33,33],"damage_taken":[{"damage":0,"enemies":"Jaw Worm","floor":1,"turns":4},{"damage":0,"enemies":"Small Slimes","floor":2,"turns":3},{"damage":0,"enemies":"2 Louse","floor":3,"turns":2},{"damage":0,"enemies":"Exordium Wildlife","floor":4,"turns":1},{"damage":0,"enemies":"Red Slaver","floor":5,"turns":3},{"damage":0,"enemies":"Gremlin Nob","floor":8,"turns":2},{"damage":6,"enemies":"Exordium Thugs","floor":12,"turns":3},{"damage":0,"enemies":"The Mushroom Lair","floor":13,"turns":2},{"damage":0,"enemies":"3 Sentries","floor":14,"turns":4},{"damage":0,"enemies":"Slime Boss","floor":16,"turns":4},{"damage":31,"enemies":"3 Byrds","floor":18,"turns":4},{"damage":4,"enemies":"Shell Parasite","floor":19,"turns":4},{"damage":4,"enemies":"Centurion and Healer","floor":21,"turns":4},{"damage":10,"enemies":"Slavers","floor":23,"turns":4},{"damage":28,"enemies":"Book of Stabbing","floor":25,"turns":6},{"damage":0,"enemies":"Sentry and Sphere","floor":27,"turns":2},{"damage":0,"enemies":"Gremlin Leader","floor":29,"turns":4},{"damage":3,"enemies":"Snecko","floor":31,"turns":3},{"damage":48,"enemies":"Champ","floor":33,"turns":10}],"seed_played":"-927056385373647599","potions_obtained":[{"floor":3,"key":"EssenceOfSteel"},{"floor":4,"key":"SpeedPotion"},{"floor":12,"key":"PowerPotion"},{"floor":13,"key":"SkillPotion"},{"floor":14,"key":"Ancient Potion"},{"floor":18,"key":"LiquidBronze"},{"floor":19,"key":"EntropicBrew"},{"floor":27,"key":"Dexterity Potion"},{"floor":29,"key":"Ambrosia"}],"is_trial":false,"path_per_floor":["M","M","M","M","M","R","$","E","T","?","R","M","?","E","R","B",null,"M","M","?","M","?","E","R","E","T","M","R","E","$","M","R","B"],"character_chosen":"WATCHER","items_purchased":["Wireheading"],"campfire_rested":2,"item_purchase_floors":[7],"current_hp_per_floor":[72,72,72,72,72,72,72,72,72,72,72,66,66,66,66,66,72,41,37,37,33,33,23,44,16,26,26,50,50,50,47,47,0,0],"gold":3,"neow_bonus":"BOSS_RELIC","is_daily":false,"chose_seed":false,"campfire_upgraded":4,"win_rate":0.0,"timestamp":1609363937,"path_taken":["M","M","M","M","M","R","$","E","T","?","R","M","?","E","R","BOSS","M","M","?","M","?","E","R","E","T","M","R","E","?","M","R","BOSS"],"items_purchased_type":["Card"],"build_version":"2020-12-22","purchased_purges":0,"victory":false,"max_hp_per_floor":[72,72,72,72,72,72,72,72,72,72,72,72,72,72,72,72,72,72,72,72,72,72,72,72,72,82,82,82,82,82,82,82,82,82],"relic_stats":{"Happy Flower":[6],"counters":[19,69],"Bronze Scales":[78],"Prayer Wheel":1,"Ectoplasm":825,"Whetstone":["Conclude","Strike_P"],"MawBank":0,"obtain_stats":[{"Pear":26,"Happy Flower":25,"Bronze Scales":23,"Philosopher\u0027s Stone":17,"Prayer Wheel":29,"Ectoplasm":0,"Whetstone":14,"PureWater":0,"Odd Mushroom":13,"MawBank":8},{"Pear":15,"Happy Flower":15,"Bronze Scales":14,"Philosopher\u0027s Stone":10,"Prayer Wheel":17,"Ectoplasm":0,"Whetstone":9,"PureWater":0,"Odd Mushroom":8,"MawBank":6},{"Pear":50,"Happy Flower":50,"Bronze Scales":44,"Philosopher\u0027s Stone":28,"Prayer Wheel":56,"Ectoplasm":0,"Whetstone":24,"PureWater":0,"Odd Mushroom":20,"MawBank":15}]},"card_choices":[{"not_picked":["ThirdEye","Sanctity"],"picked":"Conclude","floor":1},{"not_picked":["Prostrate","ThirdEye"],"picked":"Protect","floor":2},{"not_picked":["Sanctity","ClearTheMind"],"picked":"Crescendo","floor":3},{"not_picked":["Halt","SandsOfTime"],"picked":"Tantrum","floor":4},{"not_picked":["FollowUp","Worship"],"picked":"EmptyBody","floor":5},{"not_picked":["CrushJoints","Alpha","Prostrate"],"picked":"SKIP","floor":8},{"not_picked":["Protect","Crescendo"],"picked":"EmptyMind","floor":12},{"not_picked":["JustLucky","WaveOfTheHand","MasterReality"],"picked":"SKIP","floor":14},{"not_picked":["Establishment","DeusExMachina"],"picked":"Blasphemy","floor":16},{"not_picked":["Crescendo+1","CrushJoints+1"],"picked":"ThirdEye","floor":18},{"not_picked":["JustLucky","EmptyFist+1"],"picked":"FlurryOfBlows","floor":19},{"not_picked":["SandsOfTime","SashWhip"],"picked":"DeceiveReality","floor":21},{"not_picked":["BattleHymn+1","EmptyBody"],"picked":"ReachHeaven+1","floor":23},{"not_picked":["Study+1","Consecrate+1"],"picked":"FearNoEvil","floor":25},{"not_picked":["ThirdEye","Consecrate","FlyingSleeves"],"picked":"SKIP","floor":27},{"not_picked":["WreathOfFlame","BowlingBash","FlyingSleeves"],"picked":"SKIP","floor":29},{"not_picked":["PathToVictory","EmptyFist+1"],"picked":"SandsOfTime+1","floor":31},{"not_picked":["Wireheading","Crescendo","Protect"],"picked":"SKIP","floor":31}],"player_experience":413850,"relics_obtained":[{"floor":8,"key":"MawBank"},{"floor":13,"key":"Odd Mushroom"},{"floor":14,"key":"Whetstone"},{"floor":23,"key":"Bronze Scales"},{"floor":25,"key":"Happy Flower"},{"floor":26,"key":"Pear"},{"floor":29,"key":"Prayer Wheel"}],"event_choices":[{"damage_healed":0,"gold_gain":0,"player_choice":"Left Gold","damage_taken":0,"max_hp_gain":0,"max_hp_loss":0,"event_name":"World of Goop","floor":10,"gold_loss":24},{"damage_healed":0,"gold_gain":0,"player_choice":"Fought Mushrooms","damage_taken":0,"max_hp_gain":0,"max_hp_loss":0,"event_name":"Mushrooms","floor":13,"gold_loss":0},{"damage_healed":0,"gold_gain":0,"player_choice":"Simplicity","damage_taken":0,"max_hp_gain":0,"max_hp_loss":0,"event_name":"Back to Basics","floor":20,"gold_loss":0,"cards_upgraded":["Strike_P","Strike_P","Strike_P","Defend_P","Defend_P","Defend_P","Defend_P"]},{"damage_healed":0,"gold_gain":0,"player_choice":"Ignored","damage_taken":0,"max_hp_gain":0,"max_hp_loss":0,"event_name":"The Mausoleum","floor":22,"gold_loss":0}],"is_beta":false,"boss_relics":[{"not_picked":["Calling Bell","Snecko Eye"],"picked":"Philosopher\u0027s Stone"}],"items_purged_floors":[],"is_endless":false,"potions_floor_spawned":[3,4,12,13,14,18,19,27,29],"killed_by":"Champ","ascension_level":4}}