{"host":"4jrpzl06hw66hx43","time":1609351217,"event":{"mods":["BaseMod","Bestiary","Colored Map","Colored Powertips","Minty Spire (QoL Compilation)","Quick Restart","Relic Sorter","Relic Stats","Spicy Shops","StSLib","??????REMEMod"],"gold_per_floor":[110,210,222,234,248,248,2,33,59,88,137,137,137,150,150,150,150],"floor_reached":16,"playtime":665,"items_purged":[],"score":112,"play_id":"d2c2a34e-1034-4141-8d20-08ba5080058a","local_time":"20201230100017","daily_mods":["Draft","Red Cards","Green Cards","Blue Cards","Heirloom"],"is_ascension_mode":false,"campfire_choices":[{"data":"Sweeping Beam","floor":6,"key":"SMITH"},{"floor":13,"key":"REST"},{"floor":15,"key":"REST"}],"circlet_count":0,"master_deck":["Second Wind","Bloodletting","Quick Slash","Dagger Throw","PiercingWail","Compile Driver","Clothesline","Finisher","Deadly Poison","Reinforced Body","Turbo","Deadly Poison","Bloodletting","Capacitor","Carnage","Sweeping Beam+1","Underhanded Strike","Thunderclap","Corpse Explosion","Sunder","All Out Attack","Outmaneuver"],"relics":["Burning Blood","REME_ComplimentaryCards","Torii","REME_LimitBreaker","Pen Nib","Bag of Marbles","Boot"],"acts_visited":["Exordium"],"potions_floor_usage":[11,11],"damage_taken":[{"damage":23,"enemies":"Small Slimes","floor":1,"turns":4},{"damage":3,"enemies":"Cultist","floor":3,"turns":2},{"damage":4,"enemies":"Jaw Worm","floor":4,"turns":2},{"damage":9,"enemies":"Lots of Slimes","floor":5,"turns":3},{"damage":34,"enemies":"3 Sentries","floor":8,"turns":5},{"damage":33,"enemies":"Gremlin Nob","floor":10,"turns":4},{"damage":3,"enemies":"Exordium Thugs","floor":11,"turns":2},{"damage":13,"enemies":"Red Slaver","floor":14,"turns":3},{"damage":61,"enemies":"Hexaghost","floor":16,"turns":9}],"seed_played":"-1618937918628135934","potions_obtained":[{"floor":4,"key":"REME_GoldPotion"},{"floor":10,"key":"Fruit Juice"},{"floor":14,"key":"LiquidMemories"}],"is_trial":true,"path_per_floor":["M","?","M","M","M","R","$","E","T","E","M","?","R","M","R","B"],"character_chosen":"IRONCLAD","items_purchased":["REME_LimitBreaker"],"campfire_rested":2,"item_purchase_floors":[7],"current_hp_per_floor":[63,63,66,68,65,65,65,37,37,10,18,18,43,36,61,0,0],"gold":150,"neow_bonus":"","is_daily":false,"chose_seed":false,"campfire_upgraded":1,"win_rate":0.0,"timestamp":1609351217,"path_taken":["M","?","M","M","?","R","$","E","T","E","M","?","R","?","R","BOSS"],"items_purchased_type":["Relic"],"build_version":"2020-12-22","purchased_purges":0,"victory":false,"max_hp_per_floor":[80,80,80,80,80,80,80,80,80,80,85,85,85,85,85,85,85],"relic_stats":{"Torii":45,"counters":[9,34],"Pen Nib":[2],"Boot":[3],"obtain_stats":[{"Torii":0,"Pen Nib":8,"Bag of Marbles":9,"REME_LimitBreaker":7,"Boot":10,"Burning Blood":0,"REME_ComplimentaryCards":0},{"Torii":0,"Pen Nib":5,"Bag of Marbles":5,"REME_LimitBreaker":4,"Boot":6,"Burning Blood":0,"REME_ComplimentaryCards":0},{"Torii":0,"Pen Nib":16,"Bag of Marbles":16,"REME_LimitBreaker":11,"Boot":20,"Burning Blood":0,"REME_ComplimentaryCards":0}],"Burning Blood":48},"card_choices":[{"not_picked":["Stack","Shrug It Off"],"picked":"Second Wind","floor":0},{"not_picked":["Noxious Fumes","Coolheaded"],"picked":"Bloodletting","floor":0},{"not_picked":["Pummel","Cold Snap"],"picked":"Quick Slash","floor":0},{"not_picked":["Force Field","Conserve Battery"],"picked":"Dagger Throw","floor":0},{"not_picked":["REME_Scribble","Leap"],"picked":"PiercingWail","floor":0},{"not_picked":["Prepared","Inflame"],"picked":"Compile Driver","floor":0},{"not_picked":["Pummel","Backflip"],"picked":"Clothesline","floor":0},{"not_picked":["Sunder","Dodge and Roll"],"picked":"Sever Soul","floor":0},{"not_picked":["Conserve Battery","Flying Knee"],"picked":"Finisher","floor":0},{"not_picked":["Dual Wield","Dodge and Roll"],"picked":"Deadly Poison","floor":0},{"not_picked":["Defragment","Cleave"],"picked":"Reinforced Body","floor":0},{"not_picked":["Warcry","Sucker Punch"],"picked":"Turbo","floor":0},{"not_picked":["Headbutt","Loop"],"picked":"Deadly Poison","floor":0},{"not_picked":["Compile Driver","Deflect"],"picked":"Bloodletting","floor":0},{"not_picked":["Body Slam","All Out Attack"],"picked":"Capacitor","floor":0},{"not_picked":["Bane","Leg Sweep"],"picked":"Carnage","floor":1},{"not_picked":["Steam","Bane"],"picked":"Sweeping Beam","floor":3},{"not_picked":["Rampage","Aggregate"],"picked":"Underhanded Strike","floor":4},{"not_picked":["Dual Wield","Endless Agony"],"picked":"Thunderclap","floor":5},{"not_picked":["Blur","Warcry"],"picked":"Corpse Explosion","floor":8},{"not_picked":["Bouncing Flask","Glacier"],"picked":"Sunder","floor":10},{"not_picked":["Warcry","Scrape"],"picked":"All Out Attack","floor":11},{"not_picked":["REME_SingleHolding","Dual Wield"],"picked":"Outmaneuver","floor":14}],"player_experience":3254,"relics_obtained":[{"floor":8,"key":"Pen Nib"},{"floor":9,"key":"Bag of Marbles"},{"floor":10,"key":"Boot"}],"event_choices":[{"damage_healed":0,"gold_gain":100,"player_choice":"Pray","damage_taken":0,"max_hp_gain":0,"max_hp_loss":0,"event_name":"Golden Shrine","floor":2,"gold_loss":0},{"cards_removed":["Sever Soul"],"damage_healed":0,"gold_gain":0,"player_choice":"Purged","damage_taken":0,"max_hp_gain":0,"max_hp_loss":0,"event_name":"Purifier","floor":12,"gold_loss":0}],"is_beta":false,"boss_relics":[],"items_purged_floors":[],"is_endless":false,"potions_floor_spawned":[4,10,14],"killed_by":"Hexaghost","ascension_level":0}}