{"host":"f6tqpspb2ou2a4h5","time":1609318603,"event":{"mods":["2.2 Compatiblity","Ascension Unlocker","BaseMod","Colored Map","DeckTracker","Hermit","Highlight Path","KOR Keyword Fix","Keyboard Shortcuts","Minty Spire (QoL Compilation)","Permanent Neow","Quick Restart","Random Character Button","StSLib","SuperFastMode","The Poker Player","everything is the same but u backflip on backflip"],"gold_per_floor":[118,118,131,148,148,148,164,178,178,213,32,32,50,84,84,186,186,203,221,233,248,40,74,74,74,155,171,171,200,200,228,228,327,327,342,360,40,52,67,67,80,80,80,80,108,122,136,36,36,36],"floor_reached":51,"playtime":2900,"items_purged":["Strike_B","Defend_B","Gash"],"score":1227,"play_id":"0e2c3b12-e78a-4d37-ab6f-03791c5bbb02","local_time":"20201230175643","is_ascension_mode":true,"campfire_choices":[{"data":"Recycle","floor":6.0,"key":"SMITH"},{"floor":12.0,"key":"REST"},{"data":"Consume","floor":15.0,"key":"SMITH"},{"data":"Apotheosis","floor":25.0,"key":"SMITH"},{"data":"Zap","floor":28.0,"key":"SMITH"},{"data":"Defend_B","floor":30.0,"key":"PURGE"},{"data":"Defend_B","floor":32.0,"key":"PURGE"},{"data":"Skim+1","floor":40.0,"key":"PURGE"},{"data":"Dualcast","floor":42.0,"key":"PURGE"},{"data":"Sunder","floor":44.0,"key":"SMITH"},{"data":"Gash+1","floor":49.0,"key":"PURGE"}],"circlet_count":0,"master_deck":["AscendersBane","Zap+1","Steam","Consume+1","Sweeping Beam","Recycle+1","BootSequence+1","Beam Cell","Undo","Ball Lightning","Ball Lightning","Ball Lightning+1","Electrodynamics","Coolheaded+1","Undo","Glacier","Capacitor","Apotheosis+1","Reinforced Body","Sunder+1","Thunder Strike","Compile Driver+1","Barrage","Loop+1","Turbo+1","Aggregate+1","Steam+1","Hologram+1"],"relics":["Cracked Core","Meat on the Bone","MealTicket","Membership Card","FossilizedHelix","Coffee Dripper","Omamori","Peace Pipe","Toxic Egg 2","Frozen Egg 2","War Paint","Runic Pyramid","Bottled Flame","Runic Capacitor","Regal Pillow","Whetstone"],"acts_visited":["Exordium","TheCity","TheBeyond"],"potions_floor_usage":[50,50,50],"damage_taken":[{"damage":7.0,"enemies":"Jaw Worm","floor":1.0,"turns":3.0},{"damage":8.0,"enemies":"2 Louse","floor":3.0,"turns":3.0},{"damage":0.0,"enemies":"Cultist","floor":4.0,"turns":3.0},{"damage":4.0,"enemies":"Large Slime","floor":7.0,"turns":6.0},{"damage":10.0,"enemies":"Gremlin Gang","floor":8.0,"turns":4.0},{"damage":25.0,"enemies":"3 Sentries","floor":10.0,"turns":6.0},{"damage":4.0,"enemies":"Red Slaver","floor":13.0,"turns":3.0},{"damage":6.0,"enemies":"Gremlin Nob","floor":14.0,"turns":3.0},{"damage":28.0,"enemies":"Slime Boss","floor":16.0,"turns":9.0},{"damage":14.0,"enemies":"Shell Parasite","floor":18.0,"turns":4.0},{"damage":0.0,"enemies":"2 Thieves","floor":19.0,"turns":3.0},{"damage":0.0,"enemies":"Centurion and Healer","floor":20.0,"turns":7.0},{"damage":0.0,"enemies":"Snecko","floor":21.0,"turns":4.0},{"damage":9.0,"enemies":"Gremlin Leader","floor":23.0,"turns":6.0},{"damage":0.0,"enemies":"3 Cultists","floor":27.0,"turns":3.0},{"damage":5.0,"enemies":"Slavers","floor":29.0,"turns":5.0},{"damage":0.0,"enemies":"Gremlin Leader","floor":31.0,"turns":6.0},{"damage":0.0,"enemies":"Champ","floor":33.0,"turns":11.0},{"damage":0.0,"enemies":"Orb Walker","floor":35.0,"turns":4.0},{"damage":0.0,"enemies":"3 Darklings","floor":36.0,"turns":4.0},{"damage":9.0,"enemies":"Spire Growth","floor":38.0,"turns":6.0},{"damage":24.0,"enemies":"Jaw Worm Horde","floor":39.0,"turns":4.0},{"damage":6.0,"enemies":"3 Darklings","floor":41.0,"turns":4.0},{"damage":0.0,"enemies":"Nemesis","floor":45.0,"turns":5.0},{"damage":28.0,"enemies":"Sphere and 2 Shapes","floor":46.0,"turns":5.0},{"damage":24.0,"enemies":"Writhing Mass","floor":47.0,"turns":6.0},{"damage":25,"enemies":"Awakened One","floor":50,"turns":9}],"seed_played":"-5090784459849340856","potions_obtained":[{"floor":5.0,"key":"SpeedPotion"},{"floor":5.0,"key":"Dexterity Potion"},{"floor":5.0,"key":"SpeedPotion"},{"floor":10.0,"key":"Fire Potion"},{"floor":13.0,"key":"Block Potion"},{"floor":14.0,"key":"CultistPotion"},{"floor":16.0,"key":"SpeedPotion"},{"floor":19.0,"key":"DuplicationPotion"},{"floor":36.0,"key":"Dexterity Potion"},{"floor":38.0,"key":"SpeedPotion"},{"floor":47.0,"key":"Weak Potion"}],"is_trial":false,"path_per_floor":["M","?","M","M","?","R","M","M","T","E","$","R","M","E","R","B",null,"M","M","M","M","$","E","?","R","T","M","R","E","R","E","R","B",null,"M","M","$","M","M","R","M","R","T","R","E","M","M","$","R","B",null],"character_chosen":"DEFECT","items_purchased":["Membership Card","Ball Lightning","Omamori","Apotheosis","Loop+1","Bottled Flame","Runic Capacitor","Turbo+1","DuplicationPotion"],"campfire_rested":1,"item_purchase_floors":[11,11,22,22,37,37,37,37,48],"current_hp_per_floor":[61,54,46,46,46,46,42,32,32,19,34,54,50,44,44,28,58,44,44,44,44,59,50,50,50,50,50,50,45,45,45,45,45,62,62,62,68,59,35,35,41,41,41,41,41,25,13,28,28,15],"gold":36,"neow_bonus":"TRANSFORM_TWO_CARDS","is_daily":false,"chose_seed":false,"campfire_upgraded":5,"win_rate":0.0,"timestamp":1609318603,"path_taken":["M","?","M","M","?","R","M","?","T","E","$","R","M","E","R","BOSS","M","M","M","M","$","E","?","R","T","M","R","E","R","E","R","BOSS","M","?","?","M","M","R","M","R","T","R","E","M","M","$","R","BOSS"],"items_purchased_type":["Relic","Card","Relic","Card","Card","Relic","Relic","Card","Potion"],"build_version":"2020-12-22","purchased_purges":3,"victory":true,"max_hp_per_floor":[68,68,68,68,68,68,68,68,68,68,68,68,68,68,68,68,68,68,68,68,68,68,68,68,68,68,68,68,68,68,68,68,68,68,68,68,68,68,68,68,68,68,68,68,68,68,68,68,68,68],"card_choices":[{"not_picked":["Barrage","Compile Driver"],"picked":"Sweeping Beam","floor":1.0},{"not_picked":["Go for the Eyes","Darkness"],"picked":"Recycle","floor":3.0},{"not_picked":["Melter","Barrage"],"picked":"Gash","floor":4.0},{"not_picked":["Go for the Eyes","Rip and Tear"],"picked":"BootSequence","floor":7.0},{"not_picked":["Double Energy","Stack"],"picked":"Beam Cell","floor":8.0},{"not_picked":["Chill","Thunder Strike"],"picked":"Undo","floor":10.0},{"not_picked":["Darkness","Hello World"],"picked":"Ball Lightning","floor":13.0},{"not_picked":["Recycle","Redo"],"picked":"Ball Lightning","floor":14.0},{"not_picked":["Amplify","Reboot"],"picked":"Electrodynamics","floor":16.0},{"not_picked":["Leap","Double Energy"],"picked":"Coolheaded","floor":18.0},{"not_picked":["Hologram","Storm"],"picked":"Undo","floor":19.0},{"not_picked":["Tempest","Steam"],"picked":"Glacier","floor":20.0},{"not_picked":["Go for the Eyes","Redo"],"picked":"Capacitor","floor":21.0},{"not_picked":["Ball Lightning","FTL"],"picked":"Reinforced Body","floor":23.0},{"not_picked":["Redo+1","Ball Lightning"],"picked":"Skim+1","floor":27.0},{"not_picked":["Meteor Strike","Go for the Eyes"],"picked":"Gash","floor":29.0},{"not_picked":["Rebound","Redo+1"],"picked":"Sunder","floor":31.0},{"not_picked":["Creative AI+1","Amplify+1"],"picked":"Thunder Strike","floor":33.0},{"not_picked":["Recycle+1","Stack+1"],"picked":"Compile Driver+1","floor":35.0},{"not_picked":["Lockon+1","Reprogram+1"],"picked":"Barrage","floor":36.0},{"not_picked":["Rebound","Coolheaded+1","Compile Driver+1"],"picked":"SKIP","floor":38.0},{"not_picked":["Stack+1","Leap+1","Undo+1"],"picked":"SKIP","floor":39.0},{"not_picked":["Leap+1","Hello World+1"],"picked":"Aggregate+1","floor":41.0},{"not_picked":["Beam Cell","Streamline"],"picked":"Steam+1","floor":45.0},{"not_picked":["Echo Form+1","Doom and Gloom"],"picked":"Hologram+1","floor":46.0},{"not_picked":["Gash+1","Ball Lightning+1","Capacitor+1"],"picked":"SKIP","floor":47.0}],"player_experience":101726,"relics_obtained":[{"floor":9.0,"key":"Meat on the Bone"},{"floor":10.0,"key":"MealTicket"},{"floor":14.0,"key":"FossilizedHelix"},{"floor":23.0,"key":"Peace Pipe"},{"floor":26.0,"key":"Toxic Egg 2"},{"floor":29.0,"key":"Frozen Egg 2"},{"floor":31.0,"key":"War Paint"},{"floor":43.0,"key":"Regal Pillow"},{"floor":45.0,"key":"Whetstone"}],"event_choices":[{"cards_removed":["Defend_B"],"damage_healed":0.0,"max_hp_gain":0.0,"max_hp_loss":0.0,"gold_gain":0.0,"event_name":"Golden Wing","player_choice":"Card Removal","floor":2.0,"gold_loss":0.0,"damage_taken":7.0},{"damage_healed":0.0,"max_hp_gain":0.0,"max_hp_loss":0.0,"gold_gain":0.0,"event_name":"Lab","player_choice":"Got Potions","floor":5.0,"gold_loss":0.0,"damage_taken":0.0},{"cards_removed":["Strike_B"],"damage_healed":0.0,"max_hp_gain":0.0,"max_hp_loss":0.0,"gold_gain":0.0,"event_name":"Bonfire Elementals","player_choice":"Offered Basic","floor":24.0,"gold_loss":0.0,"damage_taken":0.0}],"is_beta":false,"boss_relics":[{"not_picked":["SlaversCollar","SacredBark"],"picked":"Coffee Dripper"},{"not_picked":["FrozenCore","Pandora\u0027s Box"],"picked":"Runic Pyramid"}],"items_purged_floors":[22,37,48],"is_endless":false,"potions_floor_spawned":[10,13,14,16,19,21,23,27,36,38,47],"ascension_level":10}}