{"host":"appz8zkad29u9482","time":1609319843,"event":{"mods":["2.2 Compatiblity","Act Like it!","Aspiration","BaseMod","Better Altar","Better Match","Better Note","Better Skull","Better Third Choice","BetterRewards","CapriCore","Chen","Conspire","Disable Question Mark Monsters","Energized Spire","Gensokyo","GifTheSpireLib","Gold Saver","Halation","Hermit","Hubris","Infinite Spire","Jedi Mod","Marisa????????","Minty Spire (QoL Compilation)","Permanent Neow","Reimu??????","Replay The Spire","Spicy Shops","StSLib","Strawberry Spire","Stuff the Spire","The Immortal","The Servant 0.9.4","Yakumo Yukari mod","yUi"],"gold_per_floor":[226,37,95,195,208,208,233,244,244,271,271,286,318,318,318,418,418,418,418,418,418,418,418,162,162,162,196,208,243,243,259,259,354,354,367,34,34,34,34,61,61,79,79,79,89,89,120,135,135,135],"floor_reached":51,"playtime":3935,"items_purged":["MokouMod:Strike"],"score":927,"play_id":"37b9c777-5e36-4f6b-b334-204e52878cfe","local_time":"20201229231723","is_ascension_mode":true,"campfire_choices":[{"data":"MokouMod:DanceofFlames","floor":6,"key":"SMITH"},{"data":"StuffTheSpire:Ambrosia","floor":15,"key":"SMITH"},{"data":"MokouMod:ResonanceReactor","floor":23,"key":"SMITH"},{"data":"MokouMod:BurningDraft","floor":25,"key":"SMITH"},{"floor":30,"key":"REST"},{"floor":32,"key":"REST"},{"data":"MokouMod:HeatTransfer","floor":41,"key":"SMITH"},{"data":"MokouMod:ProfanedFlare","floor":46,"key":"SMITH"},{"floor":49,"key":"REST"}],"circlet_count":0,"master_deck":["MokouMod:Strike","MokouMod:Strike","MokouMod:Strike","MokouMod:Defend","MokouMod:Defend","MokouMod:Defend","MokouMod:HeatSpark","MokouMod:ResoluteFlare","MokouMod:DanceofFlames+1","MokouMod:IgnitionBarrier","MokouMod:FlickeringFlame","MokouMod:ResonanceReactor+1","MokouMod:BurningDraft+1","MokouMod:ResonanceReactor+1","MokouMod:FujiyamaVolcano+1","MokouMod:PhoenixForm+1","StuffTheSpire:Ambrosia+1","MokouMod:Rebirth+1","MokouMod:HeatTransfer+1","MokouMod:HeartofFire+1","MokouMod:ScorchedEarth+1","MokouMod:Ember+1","MokouMod:ScorchingColumn+1","MokouMod:Sear+1","MokouMod:SubterraneanCore+1","MokouMod:ImperishableFlame","MokouMod:ResoluteFlare+1","MokouMod:Rebirth+1","MokouMod:IgnitionBlast+1","MokouMod:Meltdown+1","MokouMod:ResonanceReactor+1","MokouMod:WarmUp+1","MokouMod:ProfanedFlare+1","MokouMod:Wildfire+1","MokouMod:Stoke+1","MokouMod:IgnitionBlast+1","MokouMod:AdaptivePyromancy+1"],"relics":["MokouMod:PhoenixFeather","halation:LettersToHer","Frozen Eye","Dream Catcher","StuffTheSpire:NeowsTribute","Frozen Egg 2","infinitespire:Broken Mirror","Replay:Grab Bag","energizedSpire:EnergizedDie","conspire:SeveredTorchhead","halation:Yufonium","conspire:SpecialSausage","hubris:Towel","strawberrySpire:GlyphStone","StuffTheSpire:Experiment12","ReplayTheSpireMod:Shallot","Replay:Rubber Ducky","energizedSpire:OgreHead","Ice Cream","infinitespire:ShieldingShard","Gensokyo:EmptyGrave","jedi:gremlinknob","jedi:matchstick","conspire:TopHat"],"acts_visited":["Gensokyo:Gensokyo","Gensokyo:Gensokyoer","Gensokyo:Gensokyoest"],"potions_floor_usage":[16,16,16,33,33,35],"damage_taken":[{"damage":6,"enemies":"Gensokyo:3_Fairies","floor":1,"turns":4},{"damage":0,"enemies":"Gensokyo:Python","floor":5,"turns":3},{"damage":47,"enemies":"Gensokyo:Cirno","floor":7,"turns":7},{"damage":0,"enemies":"Gensokyo:2_Kodama","floor":8,"turns":3},{"damage":31,"enemies":"Gensokyo:Aya","floor":10,"turns":5},{"damage":10,"enemies":"Gensokyo:Kitsune","floor":12,"turns":4},{"damage":9,"enemies":"Gensokyo:Cirno","floor":13,"turns":7},{"damage":25,"enemies":"Gensokyo:Yukari","floor":16,"turns":9},{"damage":28,"enemies":"Gensokyo:CosmicMonolith","floor":18,"turns":6},{"damage":35,"enemies":"Gensokyo:Koishi","floor":27,"turns":6},{"damage":17,"enemies":"Gensokyo:AngelMirror","floor":28,"turns":6},{"damage":9,"enemies":"Gensokyo:Tenshi","floor":29,"turns":3},{"damage":15,"enemies":"Gensokyo:3_Gloops","floor":31,"turns":4},{"damage":0,"enemies":"Gensokyo:Eiki","floor":33,"turns":3},{"damage":0,"enemies":"Gensokyo:3_Bats","floor":35,"turns":4},{"damage":0,"enemies":"Gensokyo:AncientGuardian","floor":39,"turns":5},{"damage":45,"enemies":"Gensokyo:Kasen","floor":40,"turns":6},{"damage":0,"enemies":"Gensokyo:3_Boulders","floor":42,"turns":6},{"damage":34,"enemies":"Gensokyo:AtlasGolem","floor":44,"turns":7},{"damage":0,"enemies":"Gensokyo:SeedOfUnknown","floor":45,"turns":4},{"damage":4,"enemies":"Gensokyo:Doremy","floor":47,"turns":5},{"damage":0,"enemies":"Gensokyo:Dusk_and_Dawn","floor":48,"turns":3},{"damage":9,"enemies":"Gensokyo:Yuyuko","floor":50,"turns":6}],"seed_played":"-217269047038313165","potions_obtained":[{"floor":3,"key":"Venom Potion"},{"floor":3,"key":"Strength Potion"},{"floor":12,"key":"Ancient Potion"},{"floor":13,"key":"BlessingOfTheForge"},{"floor":27,"key":"Adrenaline Potion"},{"floor":28,"key":"Elixir"},{"floor":29,"key":"PowerPotion"},{"floor":33,"key":"Fire Potion"},{"floor":40,"key":"Dexterity Potion"}],"is_trial":false,"path_per_floor":["M","$","?","?","M","R","E","M","T","E","?","M","E","?","R","B",null,"M","?","?","?","?","R","$","R","T","E","M","E","R","M","R","B",null,"M","$","T","?","M","E","R","M","T","M","M","R","E","M","R","B",null],"character_chosen":"MKU","items_purchased":["Frozen Eye","MokouMod:DanceofFlames","MokouMod:ScorchedEarth+1","strawberrySpire:GlyphStone","Ice Cream","MokouMod:IgnitionBlast+1"],"campfire_rested":3,"item_purchase_floors":[2,2,24,24,36,36],"current_hp_per_floor":[69,69,69,69,69,69,22,22,22,18,41,31,22,22,22,19,77,51,51,59,59,59,59,59,59,59,26,11,4,29,16,42,44,89,91,91,91,84,86,43,87,89,89,57,59,59,57,59,88,88],"gold":135,"neow_bonus":"RANDOM_COMMON_RELIC","is_daily":false,"chose_seed":false,"campfire_upgraded":6,"win_rate":0.0,"timestamp":1609319843,"path_taken":["M","$","?","?","M","R","E","?","T","E","?","?","E","?","R","BOSS","M","?","?","?","?","R","$","R","T","E","?","E","R","M","R","BOSS","M","?","?","?","?","E","R","?","T","M","?","R","E","M","R","BOSS"],"items_purchased_type":["Relic","Card","Card","Relic","Relic","Card"],"build_version":"2020-12-22","purchased_purges":1,"victory":true,"max_hp_per_floor":[75,75,75,75,75,75,75,75,75,75,75,75,75,75,75,77,77,79,79,79,79,79,79,79,79,79,81,83,85,85,87,87,89,89,91,91,91,84,86,88,88,90,90,92,94,94,96,98,98,100],"card_choices":[{"not_picked":["MokouMod:FlareStarter","MokouMod:Sear"],"picked":"MokouMod:ResoluteFlare","floor":1},{"not_picked":["MokouMod:IndiscriminateIgnition","MokouMod:BlazingComet"],"picked":"MokouMod:IgnitionBarrier","floor":3},{"not_picked":["MokouMod:UncontrollableSolarReaction","MokouMod:BlazingComet"],"picked":"MokouMod:FlickeringFlame","floor":5},{"not_picked":["MokouMod:FujiyamaVolcano","MokouMod:IcarusDive"],"picked":"MokouMod:ResonanceReactor","floor":7},{"not_picked":["MokouMod:TemporalFireSeal","MokouMod:RoaringFlare"],"picked":"MokouMod:BurningDraft","floor":8},{"not_picked":["MokouMod:EternalBurstReactor","MokouMod:ShiftIgnition"],"picked":"MokouMod:ResonanceReactor+1","floor":10},{"not_picked":["MokouMod:IgneousBlow","MokouMod:HeatCyclone"],"picked":"MokouMod:FujiyamaVolcano","floor":12},{"not_picked":["MokouMod:GuidingSmoke","MokouMod:IgnitionBarrier"],"picked":"MokouMod:PhoenixForm+1","floor":13},{"not_picked":["StuffTheSpire:Harmony","StuffTheSpire:Rapture"],"picked":"StuffTheSpire:Ambrosia","floor":14},{"not_picked":["MokouMod:ProfanedFlare","MokouMod:SacredFire"],"picked":"MokouMod:Rebirth+1","floor":16},{"not_picked":["MokouMod:Stoke","MokouMod:Sear"],"picked":"MokouMod:HeatTransfer","floor":18},{"not_picked":["MokouMod:RoaringFlare","MokouMod:WarmUp"],"picked":"MokouMod:Sear+1","floor":27},{"not_picked":["MokouMod:Firecracker","MokouMod:AdaptivePyromancy+1"],"picked":"MokouMod:SubterraneanCore+1","floor":28},{"not_picked":["MokouMod:Ember+1","MokouMod:Overheat+1"],"picked":"MokouMod:ImperishableFlame","floor":29},{"not_picked":["MokouMod:Stoke","MokouMod:TemporalFireSeal"],"picked":"MokouMod:ResoluteFlare+1","floor":31},{"not_picked":["MokouMod:Rekindle","MokouMod:BurningHiddenBullet"],"picked":"MokouMod:Rebirth+1","floor":33},{"not_picked":["MokouMod:ResoluteFlare","MokouMod:AdaptivePyromancy+1"],"picked":"MokouMod:HeartofFire+1","floor":35},{"not_picked":["MokouMod:FlickeringFlame+1","MokouMod:AdaptivePyromancy+1"],"picked":"MokouMod:Meltdown+1","floor":39},{"not_picked":["MokouMod:Trailblazer+1","MokouMod:Fireball"],"picked":"MokouMod:ResonanceReactor+1","floor":40},{"not_picked":["MokouMod:BlazingComet","MokouMod:PhoenixFeathers"],"picked":"MokouMod:WarmUp+1","floor":42},{"not_picked":["MokouMod:IcarusDive+1","MokouMod:FlareStarter+1"],"picked":"MokouMod:ProfanedFlare","floor":44},{"not_picked":["MokouMod:SearingShot","MokouMod:IndiscriminateIgnition"],"picked":"MokouMod:Wildfire+1","floor":45},{"not_picked":["MokouMod:EnchantingBambooForest+1","MokouMod:SubterraneanCore+1"],"picked":"MokouMod:Stoke+1","floor":47},{"not_picked":["MokouMod:ScorchingColumn+1","MokouMod:EternalBurstReactor+1"],"picked":"MokouMod:IgnitionBlast+1","floor":48},{"not_picked":["MokouMod:WarmUp","MokouMod:ControlledCombustion"],"picked":"MokouMod:AdaptivePyromancy+1","floor":49}],"player_experience":388182,"relics_obtained":[{"floor":3,"key":"Dream Catcher"},{"floor":7,"key":"StuffTheSpire:NeowsTribute"},{"floor":9,"key":"halation:LettersToHer"},{"floor":9,"key":"Frozen Egg 2"},{"floor":10,"key":"infinitespire:Broken Mirror"},{"floor":13,"key":"Toy Ornithopter"},{"floor":26,"key":"halation:LettersToHer"},{"floor":26,"key":"StuffTheSpire:Experiment12"},{"floor":27,"key":"ReplayTheSpireMod:Shallot"},{"floor":29,"key":"Replay:Rubber Ducky"},{"floor":37,"key":"halation:LettersToHer"},{"floor":37,"key":"infinitespire:ShieldingShard"},{"floor":40,"key":"jedi:gremlinknob"},{"floor":43,"key":"halation:LettersToHer"},{"floor":43,"key":"jedi:matchstick"},{"floor":47,"key":"conspire:TopHat"}],"event_choices":[],"is_beta":false,"boss_relics":[{"not_picked":["Honey Jar","energizedSpire:NeverEndingSparkler"],"picked":"Replay:Grab Bag"},{"not_picked":["strawberrySpire:RottenAvocado","Abe\u0027s Treasure"],"picked":"energizedSpire:EnergizedDie"},{"not_picked":["Coffee Dripper","StuffTheSpire:ModemDavis"],"picked":"conspire:SeveredTorchhead"},{"not_picked":["halation:Risk","Pandora\u0027s Box"],"picked":"halation:Yufonium"},{"not_picked":["hubris:ScarierMask","Kintsugi"],"picked":"conspire:SpecialSausage"},{"not_picked":["Empty Cage","energizedSpire:MagnifyingGlass"],"picked":"energizedSpire:OgreHead"}],"items_purged_floors":[2],"is_endless":false,"potions_floor_spawned":[12,13,27,28,29,33,40,45,47,48],"ascension_level":2}}