{"host":"kiauivt48syq9iz6","time":1609341163,"event":{"mods":["BaseMod","Conspire","Downfall","Hermit","Minty Spire (QoL Compilation)","Replay The Spire","SIMod","StSLib","The Animator","The Construct","The Cursed","The Runesmith","The Servant 0.9.4"],"gold_per_floor":[99,114,124,224,243,243,243,262,278,278,728,653,673,52,66,171,171,171,188,204,217,236,254,331,7,107,1,19,33,66,82,102,202,202,202,214,64,79,79,90,90,110,128,27,46,75,75,3,15,15],"floor_reached":51,"playtime":4624,"items_purged":["sneckomod:Strike"],"score":926,"play_id":"5f3a76fe-5ca0-441f-81dd-c71b1dc61730","local_time":"20201230081243","is_ascension_mode":false,"campfire_choices":[{"floor":1,"key":"RECALL"},{"data":"sneckomod:SerpentMind","floor":6,"key":"SMITH"},{"floor":12,"key":"REST"},{"data":"sneckomod:MasterEye","floor":18,"key":"SMITH"}],"circlet_count":0,"master_deck":["sneckomod:Defend","sneckomod:Defend","sneckomod:Defend","sneckomod:TailWhip","sneckomod:SnekBite","sneckomod:Unknown","sneckomod:Unknown","sneckomod:Unknown0Cost","sneckomod:SerpentMind+1","sneckomod:WideSting","sneckomod:IronFang","sneckomod:QuickBite","Slimebound:Icky","Slimebound:Icky","Slimebound:Icky","sneckomod:DiceCrush","sneckomod:UnknownUncommonSkill","sneckomod:MasterEye+1","sneckomod:UnknownVulnerable","sneckomod:UnknownCommonSkill","sneckomod:DiceBoulder","sneckomod:WideSting","Panacea","ReplayTheSpireMod:Brewmster","sneckomod:QuickMove","sneckomod:UnlimitedRolls","TheCursedMod:Dregs","CurseOfTheBell","TheCursedMod:Dregs","sneckomod:UnknownClassRAINBOW_COLOR","sneckomod:SoulRoll","sneckomod:QuickMove+1","sneckomod:UnknownVulnerable","sneckomod:SoulDraw+1","sneckomod:UnlimitedRolls+1","sneckomod:DangerNoodle","sneckomod:UnknownUncommonAttack","J.A.X.","sneckomod:ImprovisedAttack+1","sneckomod:SoulCleanse+1","Looming Evil","ReplayTheSpireMod:Brewmster+1","sneckomod:MasterEye+1","sneckomod:UnknownStrike+1","sneckomod:Nope","sneckomod:CheapStock+1","sneckomod:UnknownEthereal+1","sneckomod:Restock","sneckomod:MorePower+1","CurseOfTheBell","sneckomod:UnknownUncommonPower+1","sneckomod:UnknownClassBLUE+1","sneckomod:UnknownClassTWILIGHT_COLOR+1","Parasite","sneckomod:UnknownDexterity+1","sneckomod:UnknownUncommonSkill+1","sneckomod:UnknownRareAttack+1","sneckomod:QuickMove+1","sneckomod:UnknownCommonSkill+1","sneckomod:UnknownStrength+1","sneckomod:UnknownClassRED+1","Discovery+1","sneckomod:UnknownCommonAttack+1","sneckomod:UnknownUncommonPower+1","sneckomod:UnknownRarePower+1","sneckomod:UnknownRarePower+1","sneckomod:SlitherStrike+1","Specialist+1","sneckomod:UnknownExhaust+1"],"relics":["sneckomod:SneckoSoul","Regal Pillow","ReplayFunnel","downfall:HeartBlessingRed","BargainBundle","Gambling Chip","Replay:Ancient Bell","Toy Ornithopter","Frozen Egg 2","TungstenRod","Bottled Flame","Bird Faced Urn","MutagenicStrength","ReplayTheSpireMod:CursedCoin","ReplayTheSpireMod:Ninjato","Replay:Grab Bag","Coffee Dripper","Fusion Hammer","Calling Bell","SacredBark","Replay:Baseball","Golden Egg","Thread and Needle","Sundial","conspire:DeflatedDodgeball","Strawberry","Strange Spoon"],"acts_visited":["Exordium","TheCity","TheBeyond"],"potions_floor_usage":[16,16,16,16,20,20,20,20,20,20,20,20,20,21,21,21,21,22,22,22,22,22,23,23,23,23,25,25,25,25,26,26,26,26,26,26,27,28,28,28,28,28,28,28,29,29,29,29,29,29,29,30,30,30,30,30,31,31,31,32,33,33,33,33,33,33,33,33,33,33,33,36,36,36,36,36,38,38,40,40,40,40,42,43,43,43,43,45,45,45,46,46,46,46,46,46,48,48,49,49,49,50,50,50,50,50,50,50,50],"damage_taken":[{"damage":0,"enemies":"2 Louse","floor":2,"turns":3},{"damage":1,"enemies":"conspire:RoseBush","floor":3,"turns":3},{"damage":0,"enemies":"Small Slimes","floor":5,"turns":3},{"damage":9,"enemies":"2 Fungi Beasts","floor":8,"turns":4},{"damage":22,"enemies":"Large Slime","floor":9,"turns":8},{"damage":23,"enemies":"Lots of Slimes","floor":13,"turns":5},{"damage":0,"enemies":"downfall:FleeingMerchant","floor":14,"turns":4},{"damage":0,"enemies":"3 Louse","floor":15,"turns":5},{"damage":54,"enemies":"downfall:Ironclad","floor":16,"turns":6},{"damage":58,"enemies":"Spheric Guardian","floor":19,"turns":8},{"damage":22,"enemies":"3 Byrds","floor":20,"turns":8},{"damage":60,"enemies":"Snake Plant","floor":21,"turns":8},{"damage":27,"enemies":"Shelled Parasite and Fungi","floor":22,"turns":6},{"damage":14,"enemies":"Centurion and Healer","floor":23,"turns":8},{"damage":1,"enemies":"downfall:FleeingMerchant","floor":25,"turns":4},{"damage":28,"enemies":"downfall:Augmenter","floor":26,"turns":7},{"damage":3,"enemies":"downfall:FleeingMerchant","floor":27,"turns":4},{"damage":44,"enemies":"Chosen and Byrds","floor":28,"turns":9},{"damage":46,"enemies":"Shelled Parasite and Fungi","floor":29,"turns":8},{"damage":18,"enemies":"Book of Stabbing","floor":30,"turns":4},{"damage":23,"enemies":"Centurion and Healer","floor":31,"turns":7},{"damage":7,"enemies":"Snake Plant","floor":32,"turns":4},{"damage":51,"enemies":"downfall:Silent","floor":33,"turns":7},{"damage":6,"enemies":"3 Darklings","floor":36,"turns":5},{"damage":11,"enemies":"Orb Walker","floor":38,"turns":4},{"damage":30,"enemies":"Writhing Mass","floor":40,"turns":7},{"damage":20,"enemies":"4 Shapes","floor":42,"turns":6},{"damage":30,"enemies":"Sphere and 2 Shapes","floor":43,"turns":5},{"damage":2,"enemies":"downfall:FleeingMerchant","floor":44,"turns":5},{"damage":13,"enemies":"3 Darklings","floor":45,"turns":8},{"damage":36,"enemies":"Nemesis","floor":46,"turns":9},{"damage":17,"enemies":"downfall:FleeingMerchant","floor":48,"turns":3},{"damage":14,"enemies":"4 Shapes","floor":49,"turns":11},{"damage":56,"enemies":"downfall:Defect","floor":50,"turns":10}],"seed_played":"-2934050612429011397","potions_obtained":[{"floor":3,"key":"Weak Potion"},{"floor":21,"key":"PowerPotion"},{"floor":23,"key":"sneckomod:CheatPotion"},{"floor":28,"key":"Weak Potion"},{"floor":29,"key":"AttackPotion"},{"floor":31,"key":"DuplicationPotion"},{"floor":32,"key":"Doom Potion"},{"floor":33,"key":"LiquidBronze"},{"floor":36,"key":"Adrenaline Potion"},{"floor":42,"key":"sneckomod:MuddlingPotion"},{"floor":45,"key":"AttackPotion"},{"floor":46,"key":"Weak Potion"}],"is_trial":false,"path_per_floor":["R","M","M","?","M","R","T","M","M","?","?","R","M","$","M","B",null,"R","M","M","M","M","M","T","$","?","$","M","M","E","M","M","B",null,"R","M","?","M","?","M","T","M","M","$","M","E","R","$","M","B",null],"character_chosen":"THE_SNECKO","items_purchased":["BargainBundle","Gambling Chip","sneckomod:MasterEye","sneckomod:UnknownVulnerable","sneckomod:UnknownCommonSkill","sneckomod:DiceBoulder","sneckomod:WideSting","Panacea","ReplayTheSpireMod:Brewmster","sneckomod:DiceRollPotion","Energy Potion","Dexterity Potion","Bird Faced Urn","ReplayTheSpireMod:CursedCoin","ReplayTheSpireMod:Brewmster+1","sneckomod:MasterEye+1","Discovery","Specialist+1","Strawberry","Strange Spoon","SkillPotion"],"campfire_rested":1,"item_purchase_floors":[14,14,14,14,14,14,14,14,14,14,14,14,25,27,27,27,44,48,48,48,48],"current_hp_per_floor":[90,91,90,90,90,90,90,81,59,71,71,91,68,71,71,17,94,94,39,77,37,36,42,42,61,80,88,96,94,94,99,92,99,99,99,101,111,112,112,103,103,109,102,118,120,122,122,125,116,111],"gold":15,"neow_bonus":"RANDOM_COMMON_RELIC","is_daily":false,"chose_seed":false,"campfire_upgraded":2,"win_rate":0.0,"timestamp":1609341163,"path_taken":["R","M","M","?","M","R","T","?","M","?","?","R","M","$","M","BOSS","R","M","M","M","M","M","T","$","?","$","M","M","E","M","M","BOSS","R","M","?","?","?","M","T","?","M","$","M","E","R","?","M","BOSS"],"items_purchased_type":["Relic","Relic","Card","Card","Card","Card","Card","Card","Card","Potion","Potion","Potion","Relic","Relic","Card","Card","Card","Card","Relic","Relic","Potion"],"build_version":"2020-12-22","purchased_purges":1,"victory":true,"max_hp_per_floor":[90,91,91,91,91,91,91,91,91,91,91,91,91,94,94,94,94,94,95,95,95,96,96,96,96,97,97,98,98,98,99,99,99,99,99,101,111,112,112,114,114,115,116,118,120,122,122,129,130,130],"card_choices":[{"not_picked":["sneckomod:Unknown1Cost","sneckomod:UnknownWeak"],"picked":"sneckomod:Unknown0Cost","floor":2},{"not_picked":["sneckomod:Unknown1Cost","sneckomod:UnknownClassSILVER"],"picked":"sneckomod:SerpentMind","floor":3},{"not_picked":["sneckomod:UnknownClassTHE_CURSED_PURPLE","sneckomod:RainOfDice"],"picked":"sneckomod:WideSting","floor":5},{"not_picked":["sneckomod:DiceCrush","sneckomod:SlitherStrike"],"picked":"sneckomod:IronFang","floor":8},{"not_picked":["sneckomod:IronFang","sneckomod:UnknownX"],"picked":"sneckomod:QuickBite","floor":9},{"not_picked":["sneckomod:Unknown0Cost","sneckomod:UnknownVulnerable"],"picked":"sneckomod:DiceCrush","floor":13},{"not_picked":["sneckomod:UnknownWeak","sneckomod:QuickBite"],"picked":"sneckomod:UnknownUncommonSkill","floor":14},{"not_picked":["sneckomod:UnknownExhaust","sneckomod:UnknownStrike"],"picked":"sneckomod:QuickMove","floor":15},{"not_picked":["sneckomod:DangerNoodle","sneckomod:SerpentMind"],"picked":"sneckomod:UnlimitedRolls","floor":16},{"not_picked":["Voices","Injury"],"picked":"TheCursedMod:Dregs","floor":17},{"not_picked":["Shame","AbeCurse"],"picked":"CurseOfTheBell","floor":17},{"not_picked":["ReplayTheSpireMod:IOU","Overencumbered"],"picked":"TheCursedMod:Dregs","floor":17},{"not_picked":["sneckomod:UnknownCommonSkill","sneckomod:UnknownCommonAttack"],"picked":"sneckomod:UnknownClassRAINBOW_COLOR","floor":19},{"not_picked":["sneckomod:WideSting+1","sneckomod:UnknownWeak"],"picked":"sneckomod:SoulRoll","floor":20},{"not_picked":["sneckomod:RainOfDice","sneckomod:UnknownVulnerable"],"picked":"sneckomod:QuickMove+1","floor":21},{"not_picked":["sneckomod:UnknownClassTHE_CHAMP_GRAY","sneckomod:UnknownCommonSkill"],"picked":"sneckomod:UnknownVulnerable","floor":22},{"not_picked":["sneckomod:QuickBite+1","sneckomod:DiceBlock+1"],"picked":"sneckomod:SoulDraw+1","floor":23},{"not_picked":["sneckomod:QuickBite","sneckomod:QuickMove"],"picked":"sneckomod:UnlimitedRolls+1","floor":25},{"not_picked":[],"picked":"J.A.X.","floor":26},{"not_picked":["sneckomod:UnknownWeak","sneckomod:RainOfDice"],"picked":"sneckomod:ImprovisedAttack+1","floor":26},{"not_picked":["sneckomod:UnknownStrike","sneckomod:DiceBlock"],"picked":"sneckomod:SoulCleanse+1","floor":27},{"not_picked":["sneckomod:UnknownClassFLUTTERSHY_COLOR","sneckomod:UnknownClassGREEN"],"picked":"sneckomod:UnknownStrike+1","floor":28},{"not_picked":["sneckomod:UnknownWeak","sneckomod:Unknown1Cost"],"picked":"sneckomod:Nope","floor":29},{"not_picked":["sneckomod:UnknownWeak+1","sneckomod:UnknownVulnerable"],"picked":"sneckomod:CheapStock+1","floor":30},{"not_picked":["sneckomod:UnknownExhaust+1","sneckomod:Unknown2Cost"],"picked":"sneckomod:UnknownEthereal+1","floor":31},{"not_picked":["sneckomod:Unknown1Cost+1","sneckomod:UnknownClassFLUTTERSHY_COLOR+1"],"picked":"sneckomod:Restock","floor":32},{"not_picked":["sneckomod:UnknownRareSkill","sneckomod:UnknownRarePower+1"],"picked":"sneckomod:MorePower+1","floor":33},{"not_picked":["sneckomod:UnknownClassSILVER+1","sneckomod:UnknownCommonAttack+1"],"picked":"sneckomod:UnknownUncommonPower+1","floor":36},{"not_picked":["sneckomod:RainOfDice","sneckomod:SoulRoll+1"],"picked":"sneckomod:UnknownClassBLUE+1","floor":36},{"not_picked":["sneckomod:CheapStock+1","sneckomod:UnknownUncommonSkill"],"picked":"sneckomod:UnknownClassTWILIGHT_COLOR+1","floor":38},{"not_picked":["sneckomod:UnknownClassRARITYBELL_COLOR+1","sneckomod:UnknownEthereal+1"],"picked":"sneckomod:UnknownDexterity+1","floor":40},{"not_picked":["sneckomod:UnknownWeak","sneckomod:SoulDraw"],"picked":"sneckomod:UnknownUncommonSkill+1","floor":40},{"not_picked":["sneckomod:UnknownClassAPPLEJACK_COLOR+1","sneckomod:UnknownClassTHE_CURSED_PURPLE+1"],"picked":"sneckomod:UnknownRareAttack+1","floor":42},{"not_picked":["sneckomod:RainOfDice","sneckomod:WideSting"],"picked":"sneckomod:QuickMove+1","floor":42},{"not_picked":["sneckomod:DiceCrush","sneckomod:WideSting+1"],"picked":"sneckomod:UnknownCommonSkill+1","floor":43},{"not_picked":["sneckomod:UnknownEthereal+1","sneckomod:UnknownX+1"],"picked":"sneckomod:UnknownStrength+1","floor":44},{"not_picked":["sneckomod:SoulRoll","sneckomod:UnknownExhaust+1"],"picked":"sneckomod:UnknownClassRED+1","floor":44},{"not_picked":["sneckomod:UnknownClassSLIMEBOUND+1","sneckomod:UnknownWeak+1"],"picked":"sneckomod:UnknownCommonAttack+1","floor":45},{"not_picked":["sneckomod:ImprovisedAttack","sneckomod:SerpentMind+1"],"picked":"sneckomod:UnknownUncommonPower+1","floor":45},{"not_picked":["sneckomod:UnknownClassRED+1","sneckomod:UnknownClassHEXA_GHOST_PURPLE+1"],"picked":"sneckomod:UnknownRarePower+1","floor":46},{"not_picked":["sneckomod:SlitherStrike","sneckomod:UnknownX+1"],"picked":"sneckomod:UnknownRarePower+1","floor":46},{"not_picked":["sneckomod:QuickBite+1","sneckomod:UnknownCommonSkill"],"picked":"sneckomod:SlitherStrike+1","floor":48},{"not_picked":["sneckomod:RainOfDice","sneckomod:QuickBite+1"],"picked":"sneckomod:UnknownExhaust+1","floor":49}],"player_experience":118936,"relics_obtained":[{"floor":7,"key":"ReplayFunnel"},{"floor":24,"key":"Bottled Flame"},{"floor":26,"key":"MutagenicStrength"},{"floor":30,"key":"ReplayTheSpireMod:Ninjato"},{"floor":34,"key":"Replay:Baseball"},{"floor":34,"key":"Golden Egg"},{"floor":34,"key":"Thread and Needle"},{"floor":41,"key":"Sundial"},{"floor":46,"key":"conspire:DeflatedDodgeball"}],"event_choices":[{"damage_healed":0,"gold_gain":0,"player_choice":"Ignored","damage_taken":0,"max_hp_gain":0,"max_hp_loss":0,"event_name":"NoteForYourself","floor":39,"gold_loss":0}],"is_beta":false,"boss_relics":[{"not_picked":["Busted Crown","conspire:RunicOctahedron"],"picked":"Replay:Ancient Bell"},{"not_picked":["ReplayTheSpireMod:TigerMarble","Oddly Smooth Stone"],"picked":"Toy Ornithopter"},{"not_picked":["Letter Opener","Onion Ring"],"picked":"Frozen Egg 2"},{"not_picked":["Replay:Kaleidoscope","WingedGreaves"],"picked":"TungstenRod"},{"not_picked":["conspire:SeveredTorchhead","SlaversCollar"],"picked":"Replay:Grab Bag"},{"not_picked":["Replay:Wanted Poster","conspire:SlowCooker"],"picked":"Coffee Dripper"},{"not_picked":["Runesmith:UraniumAnvil","ReplayTheSpireMod:DimensionalGlitch"],"picked":"Fusion Hammer"},{"not_picked":["conspire:SpecialSausage","Kintsugi"],"picked":"Calling Bell"},{"not_picked":["Ring of Chaos","Replay:Drink Me"],"picked":"SacredBark"}],"items_purged_floors":[14],"is_endless":false,"potions_floor_spawned":[3,15,19,21,23,28,29,31,32,33,36,42,45,46],"ascension_level":0}}