{"host":"h4lp0eeso8a0ssq0","time":1609332916,"event":{"mods":["2.2 Compatiblity","AchievementEnabler","Astrologer","BaseMod","CapriCore","Colored Map","Downfall","Hermit","Lobotomy","Marisa£¨Ùöéë¡¡Øª×âÞÞ£©","Minty Spire (QoL Compilation)","StSLib","SuperFastMode","The Cursed","The Hierophant","The Immortal"],"gold_per_floor":[120,120,155,155,192,234,247,247,247,220,118,153,153,188,188,292,292,340,340,439,354,92,92,114,114],"floor_reached":24,"playtime":1137,"items_purged":[],"score":196,"play_id":"01637dfa-bc79-48f1-b8e8-1c951465d6fa","local_time":"20201230215516","is_ascension_mode":false,"campfire_choices":[{"data":"hierophant:RepressedViolence","floor":8.0,"key":"SMITH"},{"data":"hierophant:EyeForCoin","floor":13.0,"key":"SMITH"},{"data":"hierophant:Purify","floor":15.0,"key":"SMITH"},{"data":"hierophant:Repentance","floor":23.0,"key":"SMITH"}],"circlet_count":0,"master_deck":["hierophant:Punish","hierophant:ChurchCoffers","hierophant:Zeal","hierophant:Embezzle","hierophant:HolyVerse","hierophant:CursedGold","hierophant:Anathema","hierophant:Sermon","hierophant:Purify+1","hierophant:Flagellation","hierophant:Doubloon","hierophant:Doubloon","hierophant:Invocation","hierophant:MorningPrayer","hierophant:RepressedViolence+1","hierophant:EyeForCoin+1","hierophant:MorningPrayer","hierophant:Doubloon+1","hierophant:LocustPlague","CurseOfTheBell","hierophant:Determination","hierophant:Repentance+1"],"relics":["Pandora\u0027s Box","Golden Idol","Bag of Marbles","Question Card","Calling Bell","Toy Ornithopter","Letter Opener","CaptainsWheel","Ginger","HornCleat"],"acts_visited":["Exordium","TheCity"],"potions_floor_usage":[],"damage_taken":[{"damage":11.0,"enemies":"Jaw Worm","floor":1.0,"turns":2.0},{"damage":0.0,"enemies":"2 Louse","floor":3.0,"turns":1.0},{"damage":0.0,"enemies":"Cultist","floor":5.0,"turns":2.0},{"damage":30.0,"enemies":"3 Sentries","floor":6.0,"turns":6.0},{"damage":5.0,"enemies":"3 Louse","floor":7.0,"turns":2.0},{"damage":0.0,"enemies":"Looter","floor":10.0,"turns":2.0},{"damage":0.0,"enemies":"2 Fungi Beasts","floor":12.0,"turns":2.0},{"damage":0.0,"enemies":"Exordium Wildlife","floor":14.0,"turns":2.0},{"damage":37.0,"enemies":"The Guardian","floor":16.0,"turns":13.0},{"damage":0.0,"enemies":"3 Byrds","floor":18.0,"turns":1.0},{"damage":54,"enemies":"Book of Stabbing","floor":24,"turns":7}],"seed_played":"-4082323055992210472","potions_obtained":[{"floor":3.0,"key":"BlessingOfTheForge"},{"floor":5.0,"key":"Weak Potion"},{"floor":6.0,"key":"Regen Potion"},{"floor":14.0,"key":"SkillPotion"}],"is_trial":false,"path_per_floor":["M","?","M","?","M","E","M","R","T","M","$","M","R","M","R","B",null,"M","?","?","?","$","R","E"],"character_chosen":"HIEROPHANT","items_purchased":["Fruit Juice","HornCleat"],"campfire_rested":0,"item_purchase_floors":[11,22],"current_hp_per_floor":[64,64,64,64,64,34,29,29,29,29,34,34,34,34,34,12,74,74,74,74,74,74,74,20,20],"gold":114,"neow_bonus":"BOSS_RELIC","is_daily":false,"chose_seed":false,"campfire_upgraded":4,"win_rate":0.0,"timestamp":1609332916,"path_taken":["M","?","M","?","M","E","M","R","T","?","$","M","R","M","R","BOSS","M","?","?","?","$","R","E"],"items_purchased_type":["Potion","Relic"],"build_version":"2020-12-22","purchased_purges":0,"victory":false,"max_hp_per_floor":[75,69,69,69,69,69,69,69,69,69,74,74,74,74,74,74,74,74,74,74,74,74,74,74,74],"card_choices":[{"not_picked":["hierophant:Zeal","hierophant:Glossolalia"],"picked":"hierophant:Doubloon","floor":1.0},{"not_picked":["hierophant:DisplayOfPower","hierophant:CoinFling"],"picked":"hierophant:Invocation","floor":3.0},{"not_picked":["hierophant:Encroach","hierophant:Doubloon"],"picked":"hierophant:MorningPrayer","floor":5.0},{"not_picked":["hierophant:PassingBell","hierophant:Flagellation","hierophant:FlamingChariot"],"picked":"SKIP","floor":6.0},{"not_picked":["hierophant:SecretStash","hierophant:Community"],"picked":"hierophant:RepressedViolence","floor":7.0},{"not_picked":["hierophant:DisplayOfPower","hierophant:Shelter","hierophant:Glossolalia"],"picked":"hierophant:EyeForCoin","floor":10.0},{"not_picked":["hierophant:AuricBeam","hierophant:RepressedViolence","hierophant:Flagellation"],"picked":"hierophant:MorningPrayer","floor":12.0},{"not_picked":["hierophant:AuricShield","hierophant:Purify","hierophant:Zeal","hierophant:Doubloon"],"picked":"SKIP","floor":14.0},{"not_picked":["hierophant:Invocation","hierophant:Generosity","hierophant:BulkyChest"],"picked":"hierophant:LocustPlague","floor":16.0},{"not_picked":["hierophant:MirrorShield","hierophant:OrnateBuckler","hierophant:SealAway+1"],"picked":"hierophant:Determination","floor":18.0}],"player_experience":45211,"relics_obtained":[{"floor":6.0,"key":"Bag of Marbles"},{"floor":9.0,"key":"Question Card"},{"floor":17.0,"key":"Toy Ornithopter"},{"floor":17.0,"key":"Letter Opener"},{"floor":17.0,"key":"CaptainsWheel"}],"event_choices":[{"damage_healed":0.0,"max_hp_gain":0.0,"max_hp_loss":6.0,"gold_gain":0.0,"event_name":"Golden Idol","player_choice":"Lose Max HP","floor":2.0,"gold_loss":0.0,"damage_taken":0.0,"relics_obtained":["Golden Idol"]},{"damage_healed":0.0,"max_hp_gain":0.0,"max_hp_loss":0.0,"gold_gain":0.0,"event_name":"Match and Keep!","player_choice":"0 cards matched","floor":4.0,"gold_loss":0.0,"damage_taken":0.0,"cards_obtained":[]},{"damage_healed":0.0,"max_hp_gain":0.0,"max_hp_loss":0.0,"gold_gain":0.0,"event_name":"The Library","player_choice":"Read","floor":19.0,"gold_loss":0.0,"damage_taken":0.0,"cards_obtained":["hierophant:Repentance"]},{"damage_healed":0.0,"max_hp_gain":0.0,"max_hp_loss":0.0,"gold_gain":99.0,"event_name":"Nest","player_choice":"Stole From Cult","floor":20.0,"gold_loss":0.0,"damage_taken":0.0},{"damage_healed":0.0,"max_hp_gain":0.0,"max_hp_loss":0.0,"gold_gain":0.0,"event_name":"Addict","player_choice":"Obtained Relic","floor":21.0,"gold_loss":85.0,"damage_taken":0.0,"relics_obtained":["Ginger"]}],"is_beta":false,"boss_relics":[{"not_picked":["Astrolabe","Snecko Eye"],"picked":"Calling Bell"}],"items_purged_floors":[],"is_endless":false,"potions_floor_spawned":[3,5,6,14],"killed_by":"Book of Stabbing","ascension_level":0}}