{"host":"2htowdb5wria0zm7","time":1609358188,"event":{"mods":["BaseMod","Better Third Choice","BetterRewards","Googly Eyes","Hyrulean Relics","Minty Spire (QoL Compilation)","StSLib"],"gold_per_floor":[214,214,214,214,234,234,234,254,277,289,328,356,382,404,416,523,535,567,579,156,175,194,222,222,240,240,265,280,360,360,360,360,458,458,473,473,473],"floor_reached":36,"playtime":1690,"items_purged":["Strike_B"],"score":404,"play_id":"7bf24585-a0a2-4b50-9990-630783d1c767","local_time":"20201230145628","is_ascension_mode":false,"campfire_choices":[{"data":"Zap","floor":6,"key":"SMITH"},{"data":"Core Surge","floor":10,"key":"SMITH"},{"floor":15,"key":"REST"},{"floor":24,"key":"REST"},{"floor":32,"key":"REST"}],"circlet_count":0,"master_deck":["Strike_B","Strike_B","Defend_B","Defend_B","Defend_B","Defend_B","Zap+1","Conserve Battery","Beam Cell","Storm","Core Surge+1","Sweeping Beam","Ball Lightning","Conserve Battery","Double Energy","Thunder Strike","Loop+1","Capacitor","Redo","Dark Shackles","Self Repair","Electrodynamics","Doom and Gloom+1","Ball Lightning+1"],"relics":["Cracked Core","MawBank","Question Card","Nuclear Battery","Membership Card","Strawberry","Bronze Scales","Bottled Flame","Bottled Lightning","Pen Nib","The Courier","Omamori","SlaversCollar"],"acts_visited":["Exordium","TheCity","TheBeyond"],"potions_floor_usage":[16,16,22,25,33,33],"damage_taken":[{"damage":4,"enemies":"Jaw Worm","floor":1,"turns":4},{"damage":8,"enemies":"2 Louse","floor":5,"turns":3},{"damage":9,"enemies":"Cultist","floor":8,"turns":4},{"damage":21,"enemies":"Gremlin Nob","floor":11,"turns":4},{"damage":0,"enemies":"Exordium Wildlife","floor":12,"turns":3},{"damage":9,"enemies":"Lots of Slimes","floor":13,"turns":2},{"damage":0,"enemies":"Looter","floor":14,"turns":2},{"damage":16,"enemies":"Slime Boss","floor":16,"turns":7},{"damage":0,"enemies":"Chosen","floor":18,"turns":4},{"damage":18,"enemies":"Spheric Guardian","floor":21,"turns":5},{"damage":11,"enemies":"Snake Plant","floor":22,"turns":3},{"damage":43,"enemies":"Slavers","floor":23,"turns":4},{"damage":8,"enemies":"Snecko","floor":25,"turns":3},{"damage":18,"enemies":"Gremlin Leader","floor":27,"turns":6},{"damage":5,"enemies":"Cultist and Chosen","floor":28,"turns":4},{"damage":55,"enemies":"Champ","floor":33,"turns":8},{"damage":23,"enemies":"3 Darklings","floor":35,"turns":4},{"damage":106,"enemies":"2 Orb Walkers","floor":36,"turns":4}],"seed_played":"9031955972043601471","potions_obtained":[{"floor":1,"key":"DuplicationPotion"},{"floor":8,"key":"DistilledChaos"},{"floor":12,"key":"FairyPotion"},{"floor":21,"key":"PowerPotion"},{"floor":23,"key":"BlessingOfTheForge"},{"floor":25,"key":"Strength Potion"},{"floor":28,"key":"ColorlessPotion"}],"is_trial":false,"path_per_floor":["M","?","?","?","M","R","?","M","T","R","E","M","M","M","R","B",null,"M","?","$","M","M","E","R","M","T","E","M","T","?","?","R","B",null,"M","?"],"character_chosen":"DEFECT","items_purchased":["Membership Card","Strawberry","Bronze Scales","Capacitor","Redo","Dark Shackles"],"campfire_rested":3,"item_purchase_floors":[20,20,20,20,20,20],"current_hp_per_floor":[71,71,71,71,63,63,63,54,54,54,33,33,24,24,46,30,75,75,75,82,64,60,24,48,47,47,36,38,38,38,38,62,14,82,66,0,0],"gold":473,"neow_bonus":"HUNDRED_GOLD","is_daily":false,"chose_seed":false,"campfire_upgraded":2,"win_rate":0.0,"timestamp":1609358188,"path_taken":["M","?","?","?","?","R","?","?","T","R","E","M","M","M","R","BOSS","M","?","$","M","M","E","R","?","T","E","?","?","?","?","R","BOSS","M","?"],"items_purchased_type":["Relic","Relic","Relic","Card","Card","Card"],"build_version":"2020-12-22","purchased_purges":1,"victory":false,"max_hp_per_floor":[75,75,75,75,75,75,75,75,75,75,75,75,75,75,75,75,75,75,75,82,82,82,82,82,82,82,82,82,82,82,82,82,82,82,82,82,82],"card_choices":[{"not_picked":["Reprogram","Consume"],"picked":"Conserve Battery","floor":1},{"not_picked":["Gash","Go for the Eyes"],"picked":"Beam Cell","floor":5},{"not_picked":["Steam","Auto Shields"],"picked":"Core Surge","floor":8},{"not_picked":["Reprogram","Go for the Eyes"],"picked":"Sweeping Beam","floor":11},{"not_picked":["Double Energy","Beam Cell","Consume"],"picked":"Ball Lightning","floor":12},{"not_picked":["Force Field","Rebound","Storm"],"picked":"Conserve Battery","floor":13},{"not_picked":["Blizzard","Cold Snap","Go for the Eyes"],"picked":"Double Energy","floor":14},{"not_picked":["Reboot","Multi-Cast","Core Surge"],"picked":"Thunder Strike","floor":16},{"not_picked":["Leap+1","Auto Shields","Sweeping Beam"],"picked":"Loop+1","floor":18},{"not_picked":["Skim","Sunder","Sweeping Beam"],"picked":"Self Repair","floor":21},{"not_picked":["Hologram","Turbo","Leap","Reinforced Body+1"],"picked":"SKIP","floor":22},{"not_picked":["Go for the Eyes","Scrape","Reboot"],"picked":"Electrodynamics","floor":23},{"not_picked":["Turbo","Go for the Eyes+1","FTL"],"picked":"Doom and Gloom+1","floor":25},{"not_picked":["Compile Driver","Rip and Tear+1","Steam+1","Go for the Eyes"],"picked":"SKIP","floor":27},{"not_picked":["Consume+1","Beam Cell","Conserve Battery"],"picked":"Ball Lightning+1","floor":28},{"not_picked":["Glacier+1","Gash","Doom and Gloom+1","Hologram"],"picked":"SKIP","floor":35}],"player_experience":488642,"relics_obtained":[{"floor":9,"key":"MawBank"},{"floor":11,"key":"Question Card"},{"floor":23,"key":"Bottled Flame"},{"floor":26,"key":"Bottled Lightning"},{"floor":27,"key":"Pen Nib"},{"floor":29,"key":"The Courier"}],"event_choices":[{"damage_healed":0,"gold_gain":0,"player_choice":"Leave","damage_taken":0,"max_hp_gain":0,"max_hp_loss":0,"event_name":"The Cleric","floor":2,"gold_loss":0},{"damage_healed":0,"gold_gain":0,"player_choice":"Ignored","damage_taken":0,"max_hp_gain":0,"max_hp_loss":0,"event_name":"Golden Wing","floor":3,"gold_loss":0},{"damage_healed":0,"gold_gain":0,"player_choice":"Ignored","damage_taken":0,"max_hp_gain":0,"max_hp_loss":0,"event_name":"Purifier","floor":4,"gold_loss":0},{"damage_healed":0,"gold_gain":0,"cards_transformed":["Dualcast"],"player_choice":"Transformed","damage_taken":0,"max_hp_gain":0,"max_hp_loss":0,"event_name":"Transmorgrifier","floor":7,"gold_loss":0,"cards_obtained":["Storm"]},{"cards_removed":["Strike_B"],"damage_healed":0,"gold_gain":0,"player_choice":"Purged","damage_taken":0,"max_hp_gain":0,"max_hp_loss":0,"event_name":"Purifier","floor":19,"gold_loss":0},{"damage_healed":0,"gold_gain":0,"player_choice":"Ignored","damage_taken":0,"max_hp_gain":0,"max_hp_loss":0,"event_name":"Ghosts","floor":30,"gold_loss":0},{"damage_healed":0,"gold_gain":0,"player_choice":"Opened","damage_taken":0,"relics_obtained":["Omamori"],"max_hp_gain":0,"max_hp_loss":0,"event_name":"The Mausoleum","floor":31,"gold_loss":0},{"damage_healed":0,"gold_gain":0,"player_choice":"Fight","damage_taken":0,"max_hp_gain":0,"max_hp_loss":0,"event_name":"Mysterious Sphere","floor":36,"gold_loss":0}],"is_beta":false,"boss_relics":[{"not_picked":["Calling Bell","Philosopher\u0027s Stone"],"picked":"Nuclear Battery"},{"not_picked":["Snecko Eye","FrozenCore"],"picked":"SlaversCollar"}],"items_purged_floors":[20],"is_endless":false,"potions_floor_spawned":[1,5,8,12,14,21,23,25,28],"killed_by":"2 Orb Walkers","ascension_level":0}}