{"host":"w11d5xug8ost5klq","time":1609358700,"event":{"mods":["2.2 Compatiblity","BaseMod","Better Third Choice","ChefMod","Emptier Cage","Highlight Path","Minty Spire (QoL Compilation)","Quick Restart","Railgun Mod","SIMod","Shade Mod","Spicy Shops","StSLib","The Alterego","The Animator","The Disciple","The Exalted","The Hayseed","The Marked","The Poker Player","The Servant 0.9.4","The Spell Scribe","TheArtist","TheBandit","TheFirefly"],"gold_per_floor":[114,114,127,147,72,72,98,98,147,180,198,230,249,249,249,353,353,365,290,306,14,33,64,64,89,115,115,215,226,226,2,2,102,102,114,114,114,164,176,202,0,27,81,113,13,13,13,25,25,25],"floor_reached":51,"playtime":2242,"items_purged":["Pain","Writhe","theMarked:Overcharge","theMarked:Strike","theMarked:Strike"],"score":978,"play_id":"d8fd426e-25a3-4cdc-a3e2-21a474917e92","local_time":"20201230140500","is_ascension_mode":true,"campfire_choices":[{"data":"theMarked:SoldierOfQuellstein","floor":6,"key":"SMITH"},{"floor":8,"key":"REST"},{"floor":15,"key":"REST"},{"data":"theMarked:EternalStudent","floor":24,"key":"SMITH"},{"floor":27,"key":"REST"},{"floor":32,"key":"REST"},{"data":"theMarked:EmpowerWeapon","floor":46,"key":"SMITH"},{"floor":49,"key":"REST"}],"circlet_count":0,"master_deck":["theMarked:Strike+1","theMarked:Strike+1","theMarked:Defend","theMarked:Defend","theMarked:Defend","theMarked:Defend","theMarked:SoldierOfQuellstein+1","theMarked:Improvise","theMarked:EmpowerWeapon+1","theMarked:Abjuration","theMarked:EternalStudent+1","theMarked:GodGivenPower","theMarked:ElementalBlade+1","theMarked:Parry"],"relics":["theMarked:ArtifactOfAir","WarpedTongs","Bag of Marbles","Toy Ornithopter","Bromod:ArcaneDeflection","Kunai","Pyrelight","SlaversCollar","Bromod:ArcaneFury","Letter Opener","Bottled Lightning","Smiling Mask","theMarked:VonisonLock","Bottled Flame","alterego_mod:SomeoneToFightFor","TungstenRod","SacredBark","Mango","Prayer Wheel","Red Mask","Bromod:ArcaneTempo","Whetstone","Potion Belt"],"acts_visited":["Exordium","TheCity","TheBeyond"],"potions_floor_usage":[20,20,28,35],"damage_taken":[{"damage":0,"enemies":"Cultist","floor":1,"turns":4},{"damage":3,"enemies":"Jaw Worm","floor":3,"turns":3},{"damage":1,"enemies":"2 Louse","floor":4,"turns":3},{"damage":13,"enemies":"Lagavulin","floor":7,"turns":5},{"damage":13,"enemies":"3 Sentries","floor":10,"turns":6},{"damage":6,"enemies":"Large Slime","floor":11,"turns":4},{"damage":22,"enemies":"Lagavulin","floor":12,"turns":4},{"damage":7,"enemies":"Blue Slaver","floor":13,"turns":3},{"damage":6,"enemies":"Slime Boss","floor":16,"turns":7},{"damage":9,"enemies":"Chosen","floor":18,"turns":5},{"damage":13,"enemies":"2 Thieves","floor":20,"turns":4},{"damage":11,"enemies":"Cultist and Chosen","floor":22,"turns":6},{"damage":0,"enemies":"Gremlin Leader","floor":23,"turns":4},{"damage":31,"enemies":"Book of Stabbing","floor":25,"turns":5},{"damage":5,"enemies":"Colosseum Slavers","floor":28,"turns":3},{"damage":9,"enemies":"Colosseum Nobs","floor":28,"turns":3},{"damage":2,"enemies":"3 Cultists","floor":29,"turns":4},{"damage":18,"enemies":"Collector","floor":33,"turns":4},{"damage":15,"enemies":"3 Darklings","floor":35,"turns":5},{"damage":7,"enemies":"Mind Bloom Boss Battle","floor":38,"turns":4},{"damage":9,"enemies":"3 Shapes","floor":39,"turns":3},{"damage":19,"enemies":"Reptomancer","floor":40,"turns":3},{"damage":13,"enemies":"Giant Head","floor":42,"turns":4},{"damage":0,"enemies":"Reptomancer","floor":44,"turns":3},{"damage":3,"enemies":"Spire Growth","floor":48,"turns":2},{"damage":36,"enemies":"Time Eater","floor":50,"turns":3}],"seed_played":"-7672250712185740525","potions_obtained":[{"floor":4,"key":"FearPotion"},{"floor":10,"key":"ColorlessPotion"},{"floor":12,"key":"ColorlessPotion"},{"floor":13,"key":"Fire Potion"},{"floor":22,"key":"Fire Potion"},{"floor":28,"key":"theMarked:SummonPotion"},{"floor":35,"key":"SkillPotion"},{"floor":38,"key":"SkillPotion"},{"floor":42,"key":"Swift Potion"}],"is_trial":false,"path_per_floor":["M","?","M","M","$","R","E","R","T","E","M","E","M","?","R","B",null,"M","?","M","$","M","E","R","E","T","R","?","M","?","$","R","B",null,"M","?","?","?","M","E","?","E","T","E","$","R","?","M","R","B",null],"character_chosen":"THE_DEFAULT","items_purchased":["Bromod:ArcaneFury","TungstenRod"],"campfire_rested":5,"item_purchase_floors":[21,31],"current_hp_per_floor":[70,70,67,66,66,66,53,70,70,57,51,29,22,22,43,37,70,61,61,58,58,47,47,47,16,16,37,28,26,26,26,47,50,70,56,56,56,63,75,56,56,43,43,43,43,43,43,40,65,29],"gold":25,"neow_bonus":"REMOVE_CARD","is_daily":false,"chose_seed":false,"campfire_upgraded":3,"win_rate":0.0,"timestamp":1609358700,"path_taken":["M","?","M","M","$","R","E","R","T","E","M","E","?","?","R","BOSS","M","?","M","$","M","E","R","E","T","R","?","M","?","$","R","BOSS","M","?","?","?","?","E","?","E","T","E","$","R","?","?","R","BOSS"],"items_purchased_type":["Relic","Relic"],"build_version":"2020-12-22","purchased_purges":5,"victory":true,"max_hp_per_floor":[70,70,70,70,70,70,70,70,70,70,70,70,70,70,70,70,70,70,70,70,70,70,70,70,70,70,70,70,70,70,70,70,70,70,70,70,70,84,84,84,84,84,84,84,84,84,84,84,84,84],"card_choices":[{"not_picked":["theMarked:RepellingDischarge","theMarked:BanishingStrike"],"picked":"theMarked:Improvise","floor":1},{"not_picked":["theMarked:HeightenedSenses","theMarked:Frustration"],"picked":"theMarked:EmpowerWeapon","floor":3},{"not_picked":["theMarked:ResourceFulStrike","theMarked:BanishingStrike","theMarked:ContemptForTheProud"],"picked":"SKIP","floor":4},{"not_picked":["theMarked:RepellingDischarge","theMarked:BanishingStrike"],"picked":"theMarked:Electrify","floor":7},{"not_picked":["theMarked:Parkour","theMarked:WastefulAttack"],"picked":"theMarked:Abjuration","floor":10},{"not_picked":["theMarked:SelfDefenseTraining","theMarked:Reabsorb"],"picked":"theMarked:Overcharge","floor":11},{"not_picked":["theMarked:Overthink","theMarked:MaelstromOfLightning","theMarked:HeightenedSenses"],"picked":"SKIP","floor":12},{"not_picked":["theMarked:Improvise","theMarked:HeritageOfTheMarked","theMarked:Frustration"],"picked":"SKIP","floor":13},{"not_picked":["theMarked:ChannelForce","theMarked:Defy"],"picked":"theMarked:EternalStudent","floor":16},{"not_picked":["theMarked:ResourceFulStrike","theMarked:Convert","theMarked:SwordAndMagic"],"picked":"SKIP","floor":18},{"not_picked":["theMarked:ChainLightning","theMarked:WardOff","theMarked:DeterminationOfTheMarked+1"],"picked":"SKIP","floor":20},{"not_picked":["theMarked:Generate","theMarked:WastefulAttack","theMarked:Electrocute"],"picked":"SKIP","floor":22},{"not_picked":["theMarked:WastefulDefense","theMarked:Snap","theMarked:AttractMetal+1"],"picked":"SKIP","floor":23},{"not_picked":["theMarked:Convert+1","theMarked:Frustration","theMarked:ShockingTouch+1"],"picked":"SKIP","floor":25},{"not_picked":["theMarked:Parkour","theMarked:WastefulDefense"],"picked":"theMarked:GodGivenPower","floor":28},{"not_picked":["theMarked:MysticalArsenal","theMarked:SwordAndMagic"],"picked":"theMarked:ElementalBlade+1","floor":29},{"not_picked":["theMarked:DispelDoubt","theMarked:Vacuum"],"picked":"theMarked:SummonStrength","floor":33},{"not_picked":["theMarked:BanishingStrike","theMarked:MysticalArsenal+1","theMarked:Aftermath"],"picked":"SKIP","floor":35},{"not_picked":["theMarked:HeightenedSenses+1","theMarked:TakeOffHeels","theMarked:Parkour"],"picked":"SKIP","floor":39},{"not_picked":["theMarked:Frustration+1","theMarked:Static+1","theMarked:ResourceFulStrike"],"picked":"SKIP","floor":40},{"not_picked":["theMarked:ResourceFulStrike","theMarked:WastefulDefense"],"picked":"theMarked:Parry","floor":42},{"not_picked":["theMarked:ResourceFulStrike","theMarked:TwofoldDefense+1","theMarked:Panic+1"],"picked":"SKIP","floor":44},{"not_picked":["theMarked:Aftermath+1","theMarked:LightningStrikesTwice","theMarked:ElectricStrings+1"],"picked":"SKIP","floor":48},{"not_picked":["theMarked:TakeCover","theMarked:EmpowerWeapon+1","theMarked:Standoff+1"],"picked":"SKIP","floor":48}],"player_experience":337376,"relics_obtained":[{"floor":7,"key":"Bag of Marbles"},{"floor":9,"key":"Toy Ornithopter"},{"floor":10,"key":"Bromod:ArcaneDeflection"},{"floor":12,"key":"Kunai"},{"floor":23,"key":"Letter Opener"},{"floor":25,"key":"Bottled Lightning"},{"floor":26,"key":"Smiling Mask"},{"floor":28,"key":"theMarked:VonisonLock"},{"floor":28,"key":"Bottled Flame"},{"floor":38,"key":"Mango"},{"floor":40,"key":"Prayer Wheel"},{"floor":42,"key":"Bromod:ArcaneTempo"},{"floor":43,"key":"Whetstone"},{"floor":44,"key":"Potion Belt"}],"event_choices":[{"damage_healed":0,"gold_gain":0,"player_choice":"Rummage","damage_taken":0,"relics_obtained":["WarpedTongs"],"max_hp_gain":0,"max_hp_loss":0,"event_name":"Accursed Blacksmith","floor":2,"gold_loss":0,"cards_obtained":["Pain"]},{"cards_removed":["theMarked:Electrify"],"damage_healed":0,"gold_gain":0,"player_choice":"Gave Gold","damage_taken":0,"max_hp_gain":0,"max_hp_loss":0,"event_name":"Beggar","floor":19,"gold_loss":75},{"damage_healed":0,"gold_gain":0,"player_choice":"Fight","damage_taken":0,"max_hp_gain":0,"max_hp_loss":0,"event_name":"Colosseum","floor":28,"gold_loss":0},{"damage_healed":0,"gold_gain":0,"player_choice":"Fought Nobs","damage_taken":0,"max_hp_gain":0,"max_hp_loss":0,"event_name":"Colosseum","floor":28,"gold_loss":0},{"damage_healed":0,"gold_gain":0,"player_choice":"Choice 2","damage_taken":0,"relics_obtained":["alterego_mod:SomeoneToFightFor"],"max_hp_gain":0,"max_hp_loss":0,"event_name":"Secret Garden","floor":30,"gold_loss":0},{"cards_removed":["theMarked:SummonStrength"],"damage_healed":0,"gold_gain":0,"player_choice":"Removed Power","damage_taken":0,"max_hp_gain":0,"max_hp_loss":0,"event_name":"Falling","floor":37,"gold_loss":0},{"damage_healed":0,"gold_gain":0,"player_choice":"Fight","damage_taken":0,"max_hp_gain":0,"max_hp_loss":0,"event_name":"MindBloom","floor":38,"gold_loss":0},{"damage_healed":0,"gold_gain":0,"player_choice":"Paid","damage_taken":0,"relics_obtained":["Red Mask"],"max_hp_gain":0,"max_hp_loss":0,"event_name":"Tomb of Lord Red Mask","floor":41,"gold_loss":202},{"damage_healed":0,"gold_gain":0,"player_choice":"Memory 1","damage_taken":0,"max_hp_gain":0,"max_hp_loss":0,"event_name":"SensoryStone","floor":47,"gold_loss":0}],"is_beta":false,"boss_relics":[{"not_picked":["Astrolabe","Tiny House"],"picked":"SlaversCollar"},{"not_picked":["Empty Cage","Coffee Dripper"],"picked":"SacredBark"}],"items_purged_floors":[5,31,31,45,45],"is_endless":false,"potions_floor_spawned":[4,10,12,13,18,22,28,35,38,40,42],"ascension_level":1}}