{"host":"31s8hzukbhz1k6i6","time":1609356797,"event":{"mods":["AchievementEnabler","BaseMod","Bestiary","Colored Map","Filter the Spire","Minty Spire (QoL Compilation)","Relic Stats","UnlockEverythingMod","ojb\u0027s Info Mod"],"gold_per_floor":[111,128,98,108,121,121,134,161,161,161,189,189,217,230,230,325,325,343,355,374,374,374,182,182,193,265,20,31,64,64,97,97,97,97],"floor_reached":33,"playtime":2572,"items_purged":["Strike_G+1","Strike_G+1"],"score":611,"play_id":"d99a3027-4bb1-408c-976a-1d35f5b23c10","local_time":"20201230113317","is_ascension_mode":true,"campfire_choices":[{"data":"Terror","floor":6,"key":"SMITH"},{"floor":12,"key":"REST"},{"data":"Deadly Poison","floor":15,"key":"SMITH"},{"data":"Noxious Fumes","floor":24,"key":"SMITH"},{"floor":32,"key":"REST"}],"circlet_count":0,"master_deck":["AscendersBane","Defend_G+1","Defend_G+1","Defend_G+1","Defend_G+1","Survivor+1","Neutralize","Terror+1","Deadly Poison+1","Catalyst+1","Blade Dance","Noxious Fumes+1","Blur","Phantasmal Killer","Acrobatics","Outmaneuver+1","Crippling Poison+1","Malaise+1","Cloak And Dagger+1","Reflex+1","Acrobatics+1","Tactician+1","Dodge and Roll+1","Acrobatics+1","Backflip+1","Concentrate+1","Bullet Time+1","Adrenaline+1","Dodge and Roll+1","Calculated Gamble+1"],"relics":["Ring of the Snake","Tiny Chest","War Paint","Centennial Puzzle","Toxic Egg 2","Philosopher\u0027s Stone","Unceasing Top","HornCleat","TwistedFunnel","Dream Catcher","Shuriken"],"acts_visited":["Exordium","TheCity"],"potions_floor_usage":[8,11,13,13,13,19,25,28,29],"damage_taken":[{"damage":0,"enemies":"Small Slimes","floor":1,"turns":3},{"damage":0,"enemies":"Cultist","floor":2,"turns":4},{"damage":2,"enemies":"Jaw Worm","floor":4,"turns":4},{"damage":5,"enemies":"Gremlin Gang","floor":5,"turns":5},{"damage":12,"enemies":"3 Louse","floor":7,"turns":4},{"damage":35,"enemies":"Gremlin Nob","floor":8,"turns":4},{"damage":0,"enemies":"Lagavulin","floor":11,"turns":4},{"damage":6,"enemies":"3 Sentries","floor":13,"turns":8},{"damage":9,"enemies":"Exordium Wildlife","floor":14,"turns":4},{"damage":8,"enemies":"Hexaghost","floor":16,"turns":7},{"damage":2,"enemies":"Shell Parasite","floor":18,"turns":6},{"damage":14,"enemies":"2 Thieves","floor":19,"turns":4},{"damage":1,"enemies":"Snake Plant","floor":20,"turns":5},{"damage":11,"enemies":"Shelled Parasite and Fungi","floor":25,"turns":5},{"damage":6,"enemies":"Chosen and Byrds","floor":28,"turns":3},{"damage":0,"enemies":"Book of Stabbing","floor":29,"turns":7},{"damage":0,"enemies":"Gremlin Leader","floor":31,"turns":4},{"damage":35,"enemies":"Champ","floor":33,"turns":10}],"seed_played":"-4588483095084357357","potions_obtained":[{"floor":2,"key":"DistilledChaos"},{"floor":3,"key":"DistilledChaos"},{"floor":3,"key":"DistilledChaos"},{"floor":8,"key":"EntropicBrew"},{"floor":13,"key":"LiquidBronze"},{"floor":14,"key":"Strength Potion"},{"floor":20,"key":"DuplicationPotion"},{"floor":25,"key":"SkillPotion"},{"floor":28,"key":"PowerPotion"}],"is_trial":false,"path_per_floor":["M","M","?","M","M","R","M","E","T","?","E","R","E","M","R","B",null,"M","M","M","?","T","$","R","M","T","$","M","E","?","E","R","B"],"character_chosen":"THE_SILENT","items_purchased":["Tactician+1","Dodge and Roll+1","TwistedFunnel"],"campfire_rested":2,"item_purchase_floors":[23,23,27],"current_hp_per_floor":[63,63,63,61,56,56,44,9,9,9,9,27,21,12,12,4,48,46,32,31,31,31,31,31,20,20,20,14,14,14,14,32,0,0],"gold":97,"neow_bonus":"TRANSFORM_TWO_CARDS","is_daily":false,"chose_seed":false,"campfire_upgraded":3,"win_rate":0.0,"timestamp":1609356797,"path_taken":["M","M","?","M","M","R","?","E","T","?","E","R","E","M","R","BOSS","M","?","M","?","?","?","R","M","T","$","?","E","?","E","R","BOSS"],"items_purchased_type":["Card","Card","Relic"],"build_version":"2020-12-22","purchased_purges":2,"victory":false,"max_hp_per_floor":[63,63,63,63,63,63,63,63,63,63,63,63,63,63,63,63,63,63,63,63,63,63,63,63,63,63,63,63,63,63,63,63,63,63],"relic_stats":{"Centennial Puzzle":[27],"Dream Catcher":1,"counters":[18,91],"Shuriken":[4],"Tiny Chest":1,"War Paint":["Catalyst","Survivor"],"obtain_stats":[{"TwistedFunnel":27,"Centennial Puzzle":11,"Dream Catcher":29,"HornCleat":26,"Shuriken":31,"Tiny Chest":8,"Philosopher\u0027s Stone":17,"War Paint":9,"Toxic Egg 2":13,"Unceasing Top":22,"Ring of the Snake":0},{"TwistedFunnel":14,"Centennial Puzzle":7,"Dream Catcher":16,"HornCleat":14,"Shuriken":17,"Tiny Chest":6,"Philosopher\u0027s Stone":10,"War Paint":6,"Toxic Egg 2":8,"Unceasing Top":13,"Ring of the Snake":0},{"TwistedFunnel":67,"Centennial Puzzle":28,"Dream Catcher":77,"HornCleat":67,"Shuriken":81,"Tiny Chest":24,"Philosopher\u0027s Stone":47,"War Paint":24,"Toxic Egg 2":36,"Unceasing Top":62,"Ring of the Snake":0}],"Unceasing Top":[11],"Ring of the Snake":[36]},"card_choices":[{"not_picked":["Slice","Dodge and Roll"],"picked":"Deadly Poison","floor":1},{"not_picked":["PiercingWail","Setup"],"picked":"Catalyst","floor":2},{"not_picked":["Terror","Quick Slash"],"picked":"Blade Dance","floor":4},{"not_picked":["Terror","Reflex"],"picked":"Noxious Fumes","floor":5},{"not_picked":["Noxious Fumes","Dagger Spray"],"picked":"Blur","floor":7},{"not_picked":["All Out Attack","Outmaneuver"],"picked":"Phantasmal Killer","floor":8},{"not_picked":["Dodge and Roll","Flying Knee"],"picked":"Acrobatics","floor":11},{"not_picked":["Envenom","Reflex+1"],"picked":"Outmaneuver+1","floor":13},{"not_picked":["Sucker Punch","Quick Slash"],"picked":"Crippling Poison+1","floor":14},{"not_picked":["Venomology+1","Wraith Form v2"],"picked":"Malaise+1","floor":16},{"not_picked":["Backstab","Flechettes"],"picked":"Cloak And Dagger+1","floor":18},{"not_picked":["Prepared+1","Flying Knee"],"picked":"Reflex+1","floor":19},{"not_picked":["Crippling Poison+1","Dagger Spray+1"],"picked":"Acrobatics+1","floor":20},{"not_picked":["Reflex+1","Backstab"],"picked":"Acrobatics+1","floor":25},{"not_picked":["Infinite Blades","Dagger Spray"],"picked":"Backflip+1","floor":28},{"not_picked":["Masterful Stab+1","After Image"],"picked":"Concentrate+1","floor":29},{"not_picked":["Expertise+1","Distraction+1"],"picked":"Dodge and Roll+1","floor":31},{"not_picked":["Outmaneuver+1","Terror+1"],"picked":"Calculated Gamble+1","floor":32}],"player_experience":98556,"relics_obtained":[{"floor":8,"key":"Tiny Chest"},{"floor":9,"key":"War Paint"},{"floor":11,"key":"Centennial Puzzle"},{"floor":13,"key":"Toxic Egg 2"},{"floor":22,"key":"Unceasing Top"},{"floor":26,"key":"HornCleat"},{"floor":29,"key":"Dream Catcher"},{"floor":31,"key":"Shuriken"}],"event_choices":[{"damage_healed":0,"gold_gain":0,"player_choice":"Bought 2 Potions","damage_taken":0,"max_hp_gain":0,"max_hp_loss":0,"event_name":"The Woman in Blue","floor":3,"gold_loss":0},{"cards_removed":["Strike_G"],"damage_healed":0,"gold_gain":0,"player_choice":"Card Removal","damage_taken":0,"max_hp_gain":0,"max_hp_loss":0,"event_name":"Wheel of Change","floor":10,"gold_loss":0},{"damage_healed":0,"gold_gain":0,"player_choice":"Simplicity","damage_taken":0,"max_hp_gain":0,"max_hp_loss":0,"event_name":"Back to Basics","floor":21,"gold_loss":0,"cards_upgraded":["Strike_G","Strike_G","Strike_G","Defend_G","Defend_G","Defend_G","Defend_G"]},{"damage_healed":0,"gold_gain":0,"cards_transformed":["Strike_G","Sucker Punch"],"player_choice":"Became Test Subject","damage_taken":0,"max_hp_gain":0,"max_hp_loss":0,"event_name":"Drug Dealer","floor":30,"gold_loss":0,"cards_obtained":["Bullet Time","Adrenaline"]}],"is_beta":false,"boss_relics":[{"not_picked":["Busted Crown","Calling Bell"],"picked":"Philosopher\u0027s Stone"}],"items_purged_floors":[23,27],"is_endless":false,"potions_floor_spawned":[2,4,7,8,13,14,20,25,28],"killed_by":"Champ","ascension_level":10}}