{"host":"d7b3eqpbli5gspou","time":1609346034,"event":{"mods":["2.2 Compatiblity","BaseMod","Colored Map","Colored Powertips","Downfall","Minty Spire (QoL Compilation)","Quick Restart","Random Character Button","Random Character Mod","Relic Sorter","StSLib"],"gold_per_floor":[99,113,123,140,140,154,181,181,181,209,114,128,156,167,184,286,286,286,306,323,423,373,383,383,17,43,61,78,78,96,22,34,139,139,64,75,85,85,85,85,85,10,41,56,84,9,9,22,39,39,39,70,21,21,21,21,21],"floor_reached":55,"playtime":6224,"items_purged":["champ:Strike"],"score":788,"play_id":"88aa7e5c-0b06-4271-b2f2-72639c435e6a","local_time":"20201230113354","is_ascension_mode":false,"campfire_choices":[{"data":"champ:Taunt","floor":1,"key":"SMITH"},{"data":"champ:FanOfKnives","floor":8,"key":"SMITH"},{"data":"champ:GladiatorStyle","floor":18,"key":"SMITH"},{"data":"champ:FlashCut","floor":35,"key":"SMITH"},{"floor":40,"key":"RECALL"},{"data":"champ:RisingSlash","floor":42,"key":"SMITH"},{"floor":46,"key":"REST"},{"floor":54,"key":"REST"}],"circlet_count":0,"master_deck":["champ:Strike","champ:Strike","champ:Strike","champ:Defend","champ:Defend","champ:Defend","champ:Defend","champ:Execute","champ:Taunt+1","champ:FanOfKnives+1","champ:BringItOn","champ:FlashCut+1","champ:GladiatorsShout","champ:FaceSlap","champ:GladiatorStyle+1","champ:SteelEdge","champ:StanceDance+1","champ:RisingSlash+1","champ:LastStand+1","champ:StanceDance","champ:CalledShot+1","champ:BringItOn+1"],"relics":["champ:ChampionCrown","downfall:ShatteredFragment","Art of War","champ:LiftRelic","Oddly Smooth Stone","Frozen Egg 2","Unceasing Top","Singing Bowl","Blood Vial","Bottled Tornado","champ:BerserkersGuideToSlaughter","Orichalcum","SlaversCollar","downfall:HeartBlessingBlue","Du-Vu Doll","Bag of Marbles","downfall:HeartBlessingRed","Lantern","champ:FightingForDummies","downfall:HeartBlessingGreen","Sundial"],"acts_visited":["Exordium","TheCity","TheBeyond","TheEnding"],"potions_floor_usage":[10,16,16,16,26,45,50,55,55],"damage_taken":[{"damage":5,"enemies":"Cultist","floor":2,"turns":3},{"damage":6,"enemies":"Jaw Worm","floor":3,"turns":6},{"damage":5,"enemies":"Small Slimes","floor":4,"turns":3},{"damage":27,"enemies":"Exordium Wildlife","floor":6,"turns":5},{"damage":21,"enemies":"Gremlin Nob","floor":10,"turns":2},{"damage":5,"enemies":"downfall:FleeingMerchant","floor":11,"turns":4},{"damage":0,"enemies":"Red Slaver","floor":12,"turns":2},{"damage":5,"enemies":"Lagavulin","floor":13,"turns":5},{"damage":0,"enemies":"3 Louse","floor":14,"turns":1},{"damage":0,"enemies":"Blue Slaver","floor":15,"turns":2},{"damage":20,"enemies":"downfall:Ironclad","floor":16,"turns":6},{"damage":10,"enemies":"3 Byrds","floor":19,"turns":3},{"damage":29,"enemies":"Centurion and Healer","floor":20,"turns":4},{"damage":22,"enemies":"downfall:CharBossIronclad","floor":21,"turns":5},{"damage":25,"enemies":"Shelled Parasite and Fungi","floor":23,"turns":5},{"damage":3,"enemies":"downfall:FleeingMerchant","floor":25,"turns":4},{"damage":18,"enemies":"Book of Stabbing","floor":26,"turns":3},{"damage":12,"enemies":"Snake Plant","floor":27,"turns":4},{"damage":9,"enemies":"3 Cultists","floor":28,"turns":4},{"damage":18,"enemies":"Centurion and Healer","floor":30,"turns":4},{"damage":11,"enemies":"downfall:FleeingMerchant","floor":31,"turns":4},{"damage":15,"enemies":"Snake Plant","floor":32,"turns":2},{"damage":25,"enemies":"downfall:Silent","floor":33,"turns":6},{"damage":24,"enemies":"3 Darklings","floor":36,"turns":4},{"damage":7,"enemies":"Orb Walker","floor":37,"turns":3},{"damage":38,"enemies":"Giant Head","floor":43,"turns":6},{"damage":31,"enemies":"Maw","floor":44,"turns":6},{"damage":24,"enemies":"Reptomancer","floor":45,"turns":3},{"damage":34,"enemies":"Transient","floor":48,"turns":5},{"damage":10,"enemies":"Spire Growth","floor":49,"turns":3},{"damage":5,"enemies":"downfall:Defect","floor":50,"turns":4},{"damage":163,"enemies":"downfall:CharBossMerchant","floor":52,"turns":10},{"damage":133,"enemies":"downfall:NeowBoss","floor":55,"turns":27}],"seed_played":"-4529770859802777642","potions_obtained":[{"floor":2,"key":"PowerPotion"},{"floor":4,"key":"champ:CounterPotion"},{"floor":10,"key":"sneckomod:MuddlingPotion"},{"floor":13,"key":"LiquidMemories"},{"floor":15,"key":"champ:CounterPotion"},{"floor":19,"key":"ColorlessPotion"},{"floor":20,"key":"BlessingOfTheForge"},{"floor":26,"key":"champ:CounterPotion"},{"floor":27,"key":"FearPotion"},{"floor":28,"key":"ColorlessPotion"},{"floor":29,"key":"CultistPotion"},{"floor":45,"key":"Fruit Juice"},{"floor":52,"key":"Strength Potion"}],"is_trial":false,"path_per_floor":["R","M","M","M","?","M","T","R","?","E","$","M","E","M","M","B",null,"R","M","M","?","?","M","T","$","E","M","M","?","M","$","M","B",null,"R","M","M","?","T","R","T","R","E","M","E","R","?","M","M","B",null,"E","$","R","B"],"character_chosen":"THE_CHAMP","items_purchased":["champ:FaceSlap","champ:LastStand+1","champ:StanceDance","Blood Vial","champ:BerserkersGuideToSlaughter","Orichalcum","FairyPotion","champ:OpenerPotion"],"campfire_rested":2,"item_purchase_floors":[11,25,25,25,31,31,31,53],"current_hp_per_floor":[99,99,96,96,69,47,47,47,47,31,31,31,26,26,26,17,99,99,94,70,58,93,76,76,78,64,61,56,56,48,52,44,23,117,127,110,110,110,110,110,110,110,74,50,35,77,79,50,44,41,144,53,53,96,0,0,0],"gold":21,"neow_bonus":"TEN_PERCENT_HP_BONUS","is_daily":false,"chose_seed":false,"campfire_upgraded":5,"win_rate":0.0,"timestamp":1609346034,"path_taken":["R","M","M","?","?","M","T","R","?","E","?","M","E","?","M","BOSS","R","M","M","?","?","M","T","$","E","M","M","?","M","?","M","BOSS","R","M","?","?","?","R","T","R","E","?","E","R","?","M","M","BOSS","E","$","R","BOSS"],"items_purchased_type":["Card","Card","Card","Relic","Relic","Relic","Potion","Potion"],"build_version":"2020-12-22","purchased_purges":1,"victory":false,"max_hp_per_floor":[99,99,99,99,99,99,99,99,99,99,99,99,99,99,99,99,99,99,99,99,101,101,101,101,103,105,107,109,109,111,113,115,117,117,127,129,131,131,131,131,131,131,131,133,140,140,142,142,144,144,144,146,146,146,146,146,146],"card_choices":[{"not_picked":["champ:Haymaker","champ:PerfectedStrike"],"picked":"champ:FanOfKnives","floor":2},{"not_picked":["champ:DefensiveShout","champ:EnGarde"],"picked":"champ:BringItOn","floor":3},{"not_picked":["champ:ArenaPreparation","champ:CrookedStrike"],"picked":"champ:FlashCut","floor":4},{"not_picked":["champ:FlashCut","champ:PerfectedStrike"],"picked":"champ:GladiatorsShout","floor":6},{"not_picked":["champ:CrookedStrike","champ:Haymaker","champ:EnGarde"],"picked":"SKIP","floor":10},{"not_picked":["champ:TornadoPunch","champ:EnragedBash","champ:AdrenalArmor"],"picked":"SKIP","floor":11},{"not_picked":["champ:HoldFirm","champ:SkillfulDodge"],"picked":"champ:GladiatorStyle","floor":12},{"not_picked":["champ:IgnorePain","champ:TornadoPunch","champ:SkillfulDodge"],"picked":"SKIP","floor":13},{"not_picked":["champ:DefensiveShout","champ:Backstep","champ:EndlessRage+1"],"picked":"SKIP","floor":14},{"not_picked":["champ:AdrenalArmor","champ:FightOn","champ:TornadoPunch"],"picked":"SKIP","floor":15},{"not_picked":["champ:Devastate","champ:CrownThrow"],"picked":"champ:SteelEdge","floor":16},{"not_picked":["champ:GladiatorStyle+1","champ:CrookedStrike"],"picked":"champ:StanceDance+1","floor":19},{"not_picked":["champ:BladeFlurry","champ:GladiatorStyle+1","champ:GutPunch+1"],"picked":"SKIP","floor":20},{"not_picked":["champ:BringItOn","champ:Circumvent","champ:FaceSlap"],"picked":"Singing Bowl","floor":21},{"not_picked":["champ:FocusedGladiator","champ:FaceSlap"],"picked":"champ:RisingSlash","floor":23},{"not_picked":["champ:BerserkerStyle+1","champ:TornadoPunch","champ:CrookedStrike"],"picked":"Singing Bowl","floor":25},{"not_picked":["champ:SkillfulDodge","champ:FanOfKnives","champ:BladeFlurry"],"picked":"Singing Bowl","floor":26},{"not_picked":["champ:BladeFlurry","champ:Haymaker","champ:PerfectedStrike"],"picked":"Singing Bowl","floor":27},{"not_picked":["champ:HeavySlash","champ:Haymaker+1","champ:CalledShot+1"],"picked":"Singing Bowl","floor":28},{"not_picked":["champ:FightOn","champ:Circumvent","champ:Haymaker"],"picked":"Singing Bowl","floor":30},{"not_picked":["champ:PreciseThrust+1","champ:FocusedGladiator","champ:FanOfKnives+1"],"picked":"Singing Bowl","floor":31},{"not_picked":["champ:FanOfKnives+1","champ:RisingSlash+1","champ:PerfectedStrike+1"],"picked":"Singing Bowl","floor":32},{"not_picked":["champ:IgnorePain","champ:Devastate","champ:VampiricStrike"],"picked":"Singing Bowl","floor":33},{"not_picked":["champ:Backstep","champ:BerserkersShout","champ:PerfectedStrike+1"],"picked":"Singing Bowl","floor":36},{"not_picked":["champ:Backstep+1","champ:SteelEdge","champ:EnGarde+1"],"picked":"Singing Bowl","floor":37},{"not_picked":["champ:StanceDance+1","champ:GutPunch"],"picked":"champ:CalledShot+1","floor":43},{"not_picked":["champ:HeartStrike+1","champ:PerfectedStrike","champ:FlashCut+1"],"picked":"Singing Bowl","floor":44},{"not_picked":["champ:FocusedBerserking","champ:Haymaker+1","champ:EnGarde"],"picked":"Singing Bowl","floor":45},{"not_picked":["expansioncontent:DefensiveMode+1","expansioncontent:Hexaburn","expansioncontent:ManipulateTime"],"picked":"Singing Bowl","floor":47},{"not_picked":["champ:CrookedStrike","champ:HeartStrike+1"],"picked":"champ:BringItOn+1","floor":48},{"not_picked":["champ:FlashCut","champ:DefensiveShout","champ:CrookedStrike"],"picked":"Singing Bowl","floor":49},{"not_picked":["champ:Circumvent","champ:GladiatorsShout+1","champ:ArenaPreparation"],"picked":"Singing Bowl","floor":52}],"player_experience":76287,"relics_obtained":[{"floor":7,"key":"Art of War"},{"floor":10,"key":"Oddly Smooth Stone"},{"floor":13,"key":"Frozen Egg 2"},{"floor":21,"key":"Unceasing Top"},{"floor":21,"key":"Singing Bowl"},{"floor":26,"key":"Bottled Tornado"},{"floor":39,"key":"Du-Vu Doll"},{"floor":41,"key":"Bag of Marbles"},{"floor":43,"key":"Lantern"},{"floor":45,"key":"champ:FightingForDummies"},{"floor":52,"key":"Sundial"}],"event_choices":[],"is_beta":false,"boss_relics":[{"not_picked":["Pandora\u0027s Box","Cursed Key","Runic Dome"]},{"not_picked":["Busted Crown","Astrolabe"],"picked":"SlaversCollar"}],"items_purged_floors":[25],"is_endless":false,"potions_floor_spawned":[2,4,10,13,15,19,20,26,27,28,43,45,52],"killed_by":"downfall:NeowBoss","ascension_level":0}}