{"host":"52zmxm0oht7x0uft","time":1609360484,"event":{"mods":["AchievementEnabler","BaseMod","Minty Spire (QoL Compilation)","Quick Restart"],"gold_per_floor":[109,34,54,54,72,72,98,112,112,130,146,159,192,92,92,194,194,210,55,44,44,58,85,104,104,104,104,119,119,119,119,119,119,119],"floor_reached":33,"playtime":1815,"items_purged":["Bash","Strike_R"],"score":335,"play_id":"bfe2d0ac-ba5a-424a-b831-bf8aaf3c0812","local_time":"20201230213444","is_ascension_mode":true,"campfire_choices":[{"data":"Perfected Strike","floor":6.0,"key":"SMITH"},{"data":"Rage","floor":15.0,"key":"SMITH"},{"floor":25.0,"key":"REST"},{"data":"Metallicize","floor":27.0,"key":"SMITH"},{"data":"Disarm","floor":29.0,"key":"SMITH"},{"floor":32,"key":"REST"}],"circlet_count":0,"master_deck":["Strike_R","Strike_R","Strike_R","Strike_R","Defend_R","Defend_R","Defend_R","Perfected Strike+1","Metallicize+1","Disarm+1","Wild Strike","Pommel Strike","Disarm","Rage+1","Shrug It Off","Reaper","True Grit+1","Beam Cell"],"relics":["Burning Blood","Ice Cream","Thread and Needle","Charon\u0027s Ashes","Runic Cube","PrismaticShard","Nunchaku","Kunai","MutagenicStrength"],"acts_visited":["Exordium","TheCity"],"potions_floor_usage":[31],"damage_taken":[{"damage":6.0,"enemies":"Cultist","floor":1.0,"turns":3.0},{"damage":1.0,"enemies":"2 Louse","floor":3.0,"turns":2.0},{"damage":8.0,"enemies":"Jaw Worm","floor":5.0,"turns":4.0},{"damage":41.0,"enemies":"Lagavulin","floor":7.0,"turns":8.0},{"damage":0.0,"enemies":"Large Slime","floor":8.0,"turns":5.0},{"damage":2.0,"enemies":"Looter","floor":10.0,"turns":4.0},{"damage":0.0,"enemies":"3 Louse","floor":11.0,"turns":3.0},{"damage":17.0,"enemies":"Exordium Thugs","floor":12.0,"turns":4.0},{"damage":15.0,"enemies":"3 Sentries","floor":13.0,"turns":7.0},{"damage":36.0,"enemies":"Slime Boss","floor":16.0,"turns":11.0},{"damage":0.0,"enemies":"Chosen","floor":18.0,"turns":5.0},{"damage":12.0,"enemies":"2 Thieves","floor":20.0,"turns":4.0},{"damage":17.0,"enemies":"Chosen and Byrds","floor":22.0,"turns":8.0},{"damage":54.0,"enemies":"Slavers","floor":23.0,"turns":9.0},{"damage":7.0,"enemies":"Snecko","floor":24.0,"turns":7.0},{"damage":17.0,"enemies":"Centurion and Healer","floor":28.0,"turns":8.0},{"damage":2,"enemies":"Colosseum Slavers","floor":31,"turns":5},{"damage":157,"enemies":"Automaton","floor":33,"turns":12}],"seed_played":"2851562081868404641","potions_obtained":[{"floor":3.0,"key":"Swift Potion"},{"floor":5.0,"key":"EssenceOfSteel"},{"floor":7.0,"key":"Explosive Potion"},{"floor":8.0,"key":"FairyPotion"},{"floor":22.0,"key":"SkillPotion"},{"floor":24.0,"key":"SteroidPotion"},{"floor":28.0,"key":"PowerPotion"}],"is_trial":false,"path_per_floor":["M","$","M","?","M","R","E","M","T","M","M","M","E","$","R","B",null,"M","$","M","?","M","E","M","R","T","R","M","R","?","?","R","B"],"character_chosen":"IRONCLAD","items_purchased":["PrismaticShard"],"campfire_rested":2,"item_purchase_floors":[19],"current_hp_per_floor":[88,88,88,81,79,79,44,50,50,54,60,49,40,40,40,10,88,88,88,82,65,57,9,14,41,41,41,38,38,38,42,69,0,0],"gold":119,"neow_bonus":"TEN_PERCENT_HP_BONUS","is_daily":false,"chose_seed":false,"campfire_upgraded":4,"win_rate":0.0,"timestamp":1609360484,"path_taken":["M","?","M","?","M","R","E","M","T","M","M","M","E","$","R","BOSS","M","$","M","?","M","E","M","R","T","R","M","R","?","?","R","BOSS"],"items_purchased_type":["Relic"],"build_version":"2020-12-22","purchased_purges":2,"victory":false,"max_hp_per_floor":[88,88,88,88,88,88,88,88,88,88,88,88,88,88,88,88,88,88,88,88,93,93,93,93,93,93,93,93,93,93,93,93,93,93],"card_choices":[{"not_picked":["True Grit","Body Slam"],"picked":"Perfected Strike","floor":1.0},{"not_picked":["Warcry","Dark Embrace"],"picked":"Metallicize","floor":3.0},{"not_picked":["Twin Strike","Body Slam"],"picked":"Disarm","floor":5.0},{"not_picked":["Anger","Twin Strike","Battle Trance"],"picked":"SKIP","floor":7.0},{"not_picked":["Body Slam","Warcry"],"picked":"Wild Strike","floor":8.0},{"not_picked":["Dual Wield","Sever Soul"],"picked":"Pommel Strike","floor":10.0},{"not_picked":["Cleave","Intimidate"],"picked":"Disarm","floor":11.0},{"not_picked":["Infernal Blade","Burning Pact"],"picked":"Rage","floor":12.0},{"not_picked":["Warcry","Limit Break"],"picked":"Shrug It Off","floor":13.0},{"not_picked":["Berserk","Fiend Fire"],"picked":"Reaper","floor":16.0},{"not_picked":["Anger","Body Slam"],"picked":"True Grit+1","floor":18.0},{"not_picked":["Headbutt","JustLucky"],"picked":"Beam Cell","floor":20.0},{"not_picked":["Dodge and Roll","Blade Dance","Adaptation+1"],"picked":"SKIP","floor":22.0},{"not_picked":["Havoc","WreathOfFlame","Crescendo"],"picked":"SKIP","floor":23.0},{"not_picked":["Clash","Trip","Dagger Spray"],"picked":"SKIP","floor":24.0},{"not_picked":["Setup","Heel Hook+1","Bouncing Flask+1"],"picked":"SKIP","floor":28.0}],"player_experience":334237,"relics_obtained":[{"floor":7.0,"key":"Ice Cream"},{"floor":9.0,"key":"Thread and Needle"},{"floor":13.0,"key":"Charon\u0027s Ashes"},{"floor":23.0,"key":"Nunchaku"},{"floor":26.0,"key":"Kunai"}],"event_choices":[{"cards_removed":["Defend_R"],"damage_healed":0.0,"max_hp_gain":0.0,"max_hp_loss":0.0,"gold_gain":0.0,"event_name":"Golden Wing","player_choice":"Card Removal","floor":4.0,"gold_loss":0.0,"damage_taken":7.0},{"damage_healed":0.0,"max_hp_gain":5.0,"max_hp_loss":0.0,"gold_gain":0.0,"event_name":"Forgotten Altar","player_choice":"Shed Blood","floor":21.0,"gold_loss":0.0,"damage_taken":22.0},{"damage_healed":0.0,"max_hp_gain":0.0,"max_hp_loss":0.0,"gold_gain":0.0,"event_name":"Drug Dealer","player_choice":"Inject Mutagens","floor":30.0,"gold_loss":0.0,"damage_taken":0.0,"relics_obtained":["MutagenicStrength"]},{"damage_healed":0,"gold_gain":0,"player_choice":"Fight","damage_taken":0,"max_hp_gain":0,"max_hp_loss":0,"event_name":"Colosseum","floor":31,"gold_loss":0},{"damage_healed":0,"gold_gain":0,"player_choice":"Fled From Nobs","damage_taken":0,"max_hp_gain":0,"max_hp_loss":0,"event_name":"Colosseum","floor":31,"gold_loss":0}],"is_beta":false,"boss_relics":[{"not_picked":["Coffee Dripper","Ectoplasm"],"picked":"Runic Cube"}],"items_purged_floors":[2,14],"is_endless":false,"potions_floor_spawned":[3,5,7,8,13,22,24,28,31],"killed_by":"Automaton","ascension_level":4}}