{"host":"y8wac9ql2zokztpr","time":1609359234,"event":{"mods":["Bartender","BaseMod","Curses Come First","Downfall","Gremlin Mod","Minty Spire (QoL Compilation)","Replay The Spire","Spicy Shops","StSLib","The Hierophant","TheHero"],"gold_per_floor":[99,115,128,128,138,149,173,173,23,34,66,83,20,33,52,155,155,80,98,98,98,118,132,150,150,223,223,6,6,6,0,29,44,55,160,160,160,179,179,198,298,298,323,15,26,45,65,11,11,37,49,49,49,82,33,33,33],"floor_reached":58,"playtime":6348,"items_purged":[],"score":1210,"play_id":"27365ccc-6bf7-4857-bf8b-1a29562482e4","local_time":"20201230151354","is_ascension_mode":false,"campfire_choices":[{"floor":1,"key":"RECALL"},{"data":"Gremlin:TagTeam","floor":9,"key":"SMITH"},{"floor":27,"key":"REST"},{"floor":29,"key":"REST"},{"data":"Gremlin:ShadowShiv","floor":37,"key":"SMITH"}],"circlet_count":0,"master_deck":["Gremlin:Defend","Gremlin:Defend","Gremlin:Defend","Gremlin:Defend","Gremlin:TagTeam+1","Gremlin:GremlinDance","Gremlin:Tricksy","Gremlin:Scatter+1","Gremlin:Erupt","Gremlin:Changeo","Gremlin:Stupend","Gremlin:Changeo","Gremlin:GremlinArms","Gremlin:Presto","Gremlin:Pinprick","Gremlin:Enthusiasm","Gremlin:Wizardry","Gremlin:Encore","Gremlin:Revel","Gremlin:Patsy","Gremlin:Wizardry+1","Gremlin:ShankStone","Gremlin:Dazzle","Bite","Bite","Bite","Bite","Bite","Gremlin:DaggerDance+1","Gremlin:Revel+1","Gremlin:Rhythm+1","Gremlin:Enthusiasm+1","Gremlin:ShadowShiv+1","Gremlin:ShowOfHands+1","Replay:SS_hec_2","Gremlin:PinNeedle+1","Gremlin:Pinprick+1","Gremlin:AggressiveDefense+1","Panache","Gremlin:TwistTheKnife","Gremlin:InfiniteBlocks+1","Gremlin:Jeer+1","Gremlin:BulkUp","Gremlin:Whiz","Gremlin:GremlinToss+1"],"relics":["Gremlin:GremlinKnob","downfall:HeartBlessingRed","downfall:HeartBlessingBlue","Lantern","Black Star","downfall:HeartBlessingGreen","Darkstone Periapt","PreservedInsect","Bronze Scales","Ginger","Replay:Bronze Core","Toy Ornithopter","Dream Catcher","Replay:Rubber Ducky","Gremlin:WizardStaff","Replay:Baseball","Gremlin Food","Happy Flower","Pantograph"],"acts_visited":["Exordium","TheCity","TheBeyond","TheEnding"],"potions_floor_usage":[6,16,16,28,32,34,35,40,44,51,52,52,57,57],"damage_taken":[{"damage":0,"enemies":"Cultist","floor":2,"turns":4},{"damage":8,"enemies":"Jaw Worm","floor":3,"turns":4},{"damage":0,"enemies":"Small Slimes","floor":5,"turns":3},{"damage":5,"enemies":"Exordium Wildlife","floor":6,"turns":5},{"damage":12,"enemies":"Exordium Thugs","floor":10,"turns":4},{"damage":19,"enemies":"3 Sentries","floor":11,"turns":7},{"damage":0,"enemies":"3 Louse","floor":12,"turns":1},{"damage":0,"enemies":"downfall:FleeingMerchant","floor":13,"turns":4},{"damage":0,"enemies":"Gremlin Gang","floor":14,"turns":4},{"damage":0,"enemies":"Red Slaver","floor":15,"turns":4},{"damage":46,"enemies":"downfall:Silent","floor":16,"turns":20},{"damage":11,"enemies":"Shell Parasite","floor":19,"turns":8},{"damage":15,"enemies":"Spheric Guardian","floor":22,"turns":4},{"damage":29,"enemies":"3 Cultists","floor":23,"turns":7},{"damage":10,"enemies":"Centurion and Healer","floor":24,"turns":7},{"damage":0,"enemies":"downfall:FleeingMerchant","floor":28,"turns":4},{"damage":0,"enemies":"downfall:FleeingMerchant","floor":31,"turns":4},{"damage":12,"enemies":"Slavers","floor":32,"turns":3},{"damage":1,"enemies":"Chosen and Byrds","floor":33,"turns":4},{"damage":15,"enemies":"Shelled Parasite and Fungi","floor":34,"turns":4},{"damage":8,"enemies":"downfall:Defect","floor":35,"turns":9},{"damage":37,"enemies":"3 Shapes","floor":38,"turns":4},{"damage":0,"enemies":"Orb Walker","floor":40,"turns":3},{"damage":0,"enemies":"downfall:LadyInBlue","floor":41,"turns":4},{"damage":15,"enemies":"downfall:FleeingMerchant","floor":44,"turns":3},{"damage":11,"enemies":"Spire Growth","floor":45,"turns":4},{"damage":0,"enemies":"3 Darklings","floor":46,"turns":5},{"damage":11,"enemies":"4 Shapes","floor":47,"turns":3},{"damage":18,"enemies":"Transient","floor":51,"turns":5},{"damage":2,"enemies":"downfall:Ironclad","floor":52,"turns":10},{"damage":13,"enemies":"downfall:CharBossMerchant","floor":54,"turns":7},{"damage":6,"enemies":"downfall:NeowBoss","floor":57,"turns":32}],"seed_played":"-53716632563264063","potions_obtained":[{"floor":2,"key":"GamblersBrew"},{"floor":5,"key":"PowerPotion"},{"floor":14,"key":"Languid Potion"},{"floor":15,"key":"AttackPotion"},{"floor":24,"key":"Block Potion"},{"floor":34,"key":"DuplicationPotion"},{"floor":35,"key":"Milkshake"},{"floor":38,"key":"Block Potion"},{"floor":41,"key":"champ:CounterPotion"},{"floor":41,"key":"Doom Potion"},{"floor":46,"key":"FearPotion"},{"floor":54,"key":"LiquidBronze"}],"is_trial":false,"path_per_floor":["R","M","M","?","M","M","T","?","R","M","E","M","$","M","M","B",null,"R","M","PTL","PTL","M","M","M","?","T","R","$","R","?","$","E","M","M","B",null,"R","M","?","M","?","R","T","$","M","M","M","$","R","T","M","B",null,"E","$","R","B",null],"character_chosen":"GREMLIN","items_purchased":["Gremlin:Pinprick","PreservedInsect","BlessingOfTheForge","Replay:Rubber Ducky","Panache","Gremlin:WizardStaff","Replay:Baseball","Gremlin:BulkUp","PowerPotion"],"campfire_rested":2,"item_purchase_floors":[13,28,28,44,44,44,44,48,55],"current_hp_per_floor":[21,21,13,13,21,20,20,20,22,23,23,12,23,23,22,14,23,22,22,22,22,11,21,7,7,7,13,12,18,18,20,20,20,20,20,20,20,20,20,18,20,19,19,19,19,12,17,17,17,17,18,18,18,11,11,11,17],"gold":33,"neow_bonus":"TEN_PERCENT_HP_BONUS","is_daily":false,"chose_seed":false,"campfire_upgraded":2,"win_rate":0.0,"timestamp":1609359234,"path_taken":["R","M","M","?","?","M","T","?","R","M","E","M","?","M","M","BOSS","R","M","PTL","PTL","M","M","M","?","T","R","$","R","?","?","E","?","M","BOSS","R","M","?","M","?","R","T","$","?","M","M","?","R","?","M","BOSS","E","$","R","BOSS"],"items_purchased_type":["Card","Relic","Potion","Relic","Card","Relic","Relic","Card","Potion"],"build_version":"2020-12-22","purchased_purges":0,"victory":true,"max_hp_per_floor":[21,21,21,21,21,21,21,21,23,23,23,23,23,23,23,23,23,22,22,22,22,22,22,22,22,22,22,22,22,20,20,20,20,20,20,20,20,20,20,20,20,19,19,19,19,19,19,19,18,18,18,18,18,18,18,17,17],"card_choices":[{"not_picked":["Gremlin:PourSalt","Gremlin:MakeshiftArmor"],"picked":"Gremlin:Tricksy","floor":2},{"not_picked":["Gremlin:Irritability","Gremlin:Flurry"],"picked":"Gremlin:Scatter","floor":3},{"not_picked":["Gremlin:Changeo","Gremlin:TwistTheKnife"],"picked":"Gremlin:Erupt","floor":5},{"not_picked":["Gremlin:Presto","Gremlin:GremlinArms"],"picked":"Gremlin:Changeo","floor":6},{"not_picked":["Gremlin:IrksomeBlow","Gremlin:Irritability"],"picked":"Gremlin:Stupend","floor":10},{"not_picked":["Gremlin:Pinprick","Gremlin:RageBreak"],"picked":"Gremlin:Changeo","floor":11},{"not_picked":["Gremlin:Erupt","Gremlin:Tricksy"],"picked":"Gremlin:GremlinArms","floor":12},{"not_picked":["Gremlin:Tricksy","Gremlin:ToeStub"],"picked":"Gremlin:Presto","floor":13},{"not_picked":["Gremlin:BulkUp","Gremlin:GremlinMeal"],"picked":"Gremlin:Enthusiasm","floor":14},{"not_picked":["Gremlin:GremlinMeal","Gremlin:Tadah"],"picked":"Gremlin:Wizardry","floor":15},{"not_picked":["Gremlin:BrokenShin","Gremlin:Duplicate"],"picked":"Gremlin:Encore","floor":16},{"not_picked":["Gremlin:BulkUp","Gremlin:Scatter"],"picked":"Gremlin:Revel","floor":19},{"not_picked":["Gremlin:GremlinMeal","Gremlin:Irritability"],"picked":"Gremlin:Patsy","floor":22},{"not_picked":["Gremlin:ToeStub","Gremlin:AggressiveDefense"],"picked":"Gremlin:Wizardry+1","floor":23},{"not_picked":["Gremlin:Pretaliation","Gremlin:Whiz"],"picked":"Gremlin:ShankStone","floor":24},{"not_picked":["Gremlin:TwistTheKnife","Gremlin:Changeo"],"picked":"Gremlin:Dazzle","floor":28},{"not_picked":["Gremlin:BulkUp","Gremlin:Pretaliation+1"],"picked":"Gremlin:DaggerDance+1","floor":31},{"not_picked":["Gremlin:ProperTools","Gremlin:CongaLine"],"picked":"Gremlin:Revel+1","floor":32},{"not_picked":["Gremlin:Astound","Gremlin:Presto"],"picked":"Gremlin:Rhythm+1","floor":33},{"not_picked":["Gremlin:BurlyBlow","Gremlin:Presto"],"picked":"Gremlin:Enthusiasm+1","floor":34},{"not_picked":["Gremlin:Encore","Gremlin:ShowStopper"],"picked":"Gremlin:ShadowShiv","floor":35},{"not_picked":["Gremlin:GlitterGuard+1","Gremlin:GremlinMeal+1"],"picked":"Gremlin:ShowOfHands+1","floor":38},{"not_picked":["expansioncontent:ChargeUp","expansioncontent:ManipulateTime"],"picked":"Replay:SS_hec_2","floor":39},{"not_picked":["Gremlin:Tricksy","Gremlin:BubbleBarrier"],"picked":"Gremlin:PinNeedle+1","floor":40},{"not_picked":["Gremlin:Enthusiasm","Gremlin:Tadah"],"picked":"Gremlin:Pinprick+1","floor":41},{"not_picked":["Gremlin:ToeStub+1","Gremlin:Tricksy"],"picked":"Gremlin:AggressiveDefense+1","floor":44},{"not_picked":["Gremlin:GremlinArms","Gremlin:ShadowShiv"],"picked":"Gremlin:TwistTheKnife","floor":45},{"not_picked":["Gremlin:ToeStub+1","Gremlin:BulkUp"],"picked":"Gremlin:InfiniteBlocks+1","floor":46},{"not_picked":["Gremlin:Changeo+1","Gremlin:Stupend"],"picked":"Gremlin:Jeer+1","floor":47},{"not_picked":["Gremlin:Changeo+1","Gremlin:Duplicate"],"picked":"Gremlin:Whiz","floor":51},{"not_picked":["Gremlin:ProperTools+1","Gremlin:BubbleBarrier"],"picked":"Gremlin:GremlinToss+1","floor":54}],"player_experience":238696,"relics_obtained":[{"floor":11,"key":"Lantern"},{"floor":26,"key":"Darkstone Periapt"},{"floor":32,"key":"Bronze Scales"},{"floor":32,"key":"Ginger"},{"floor":41,"key":"Toy Ornithopter"},{"floor":43,"key":"Dream Catcher"},{"floor":50,"key":"Gremlin Food"},{"floor":54,"key":"Happy Flower"},{"floor":54,"key":"Pantograph"}],"event_choices":[{"damage_healed":0,"gold_gain":0,"player_choice":"Upgraded","damage_taken":0,"max_hp_gain":0,"max_hp_loss":0,"event_name":"Upgrade Shrine","floor":4,"gold_loss":0,"cards_upgraded":["Gremlin:Scatter"]},{"damage_healed":0,"gold_gain":0,"player_choice":"Fled","damage_taken":0,"max_hp_gain":0,"max_hp_loss":0,"event_name":"Scrap Ooze","floor":8,"gold_loss":0},{"damage_healed":0,"gold_gain":0,"player_choice":"Became a vampire","damage_taken":0,"max_hp_gain":0,"max_hp_loss":7,"event_name":"Vampires","floor":30,"gold_loss":0,"cards_obtained":["Bite","Bite","Bite","Bite","Bite"]}],"is_beta":false,"boss_relics":[{"not_picked":["Philosopher\u0027s Stone","Runic Dome"],"picked":"Black Star"},{"not_picked":["Replay:Ancient Bell","ReplayTheSpireMod:DimensionalGlitch"],"picked":"Replay:Bronze Core"}],"items_purged_floors":[],"is_endless":false,"potions_floor_spawned":[2,5,14,15,24,34,35,38,46,47,54],"ascension_level":0}}