{"host":"sav7uxregyirlf69","time":1609302853,"event":{"mods":["AchievementEnabler","BaseMod","Colored Map","DeckTracker","Keyboard Shortcuts","Minty Spire (QoL Compilation)","READ ME - Guardian Mod","StSLib","SuperFastMode"],"gold_per_floor":[115,134,94,112,112,112,124,124,170,170,186,186,217,89,89,166,166,180,70,83,83,83],"floor_reached":21,"playtime":442,"items_purged":["Strike_G"],"score":358,"play_id":"7f8ac2f3-d8d7-4406-acf6-fd041b3c49d4","local_time":"20201230133413","is_ascension_mode":true,"campfire_choices":[{"data":"Concentrate","floor":6,"key":"SMITH"},{"data":"Skewer","floor":8,"key":"SMITH"},{"floor":12,"key":"REST"},{"data":"Neutralize","floor":15,"key":"SMITH"}],"circlet_count":0,"master_deck":["AscendersBane","Survivor","Neutralize+1","Setup+1","Concentrate+1","Flying Knee","Skewer+1","Acrobatics","Envenom","Dodge and Roll","Dagger Throw","Escape Plan","Poisoned Stab","Prepared","Eviscerate+1","Escape Plan"],"relics":["Ring of the Snake","Bag of Marbles","MealTicket","War Paint","Pandora\u0027s Box"],"acts_visited":["Exordium","TheCity"],"potions_floor_usage":[11,13,16,16,21],"damage_taken":[{"damage":12,"enemies":"Cultist","floor":1,"turns":5},{"damage":7,"enemies":"Small Slimes","floor":2,"turns":4},{"damage":0,"enemies":"2 Louse","floor":4,"turns":3},{"damage":0,"enemies":"Exordium Wildlife","floor":7,"turns":3},{"damage":0,"enemies":"3 Louse","floor":11,"turns":1},{"damage":27,"enemies":"3 Sentries","floor":13,"turns":9},{"damage":24,"enemies":"Hexaghost","floor":16,"turns":8},{"damage":16,"enemies":"Shell Parasite","floor":18,"turns":3},{"damage":13,"enemies":"3 Byrds","floor":20,"turns":5},{"damage":29,"enemies":"Sentry and Sphere","floor":21,"turns":3}],"seed_played":"-1643008042523227392","potions_obtained":[{"floor":1,"key":"DuplicationPotion"},{"floor":3,"key":"Explosive Potion"},{"floor":7,"key":"Energy Potion"},{"floor":11,"key":"Strength Potion"},{"floor":20,"key":"EssenceOfSteel"}],"is_trial":false,"path_per_floor":["M","M","?","M","?","R","M","R","T","?","M","R","E","$","R","B",null,"M","?","M","M"],"character_chosen":"THE_SILENT","items_purchased":["FearPotion"],"campfire_rested":1,"item_purchase_floors":[14],"current_hp_per_floor":[32,25,25,25,25,25,25,25,25,20,20,39,12,27,27,3,50,34,34,21,0,0],"gold":83,"neow_bonus":"TRANSFORM_TWO_CARDS","is_daily":false,"chose_seed":false,"campfire_upgraded":3,"win_rate":0.0,"timestamp":1609302853,"path_taken":["M","M","?","?","?","R","?","R","T","?","M","R","E","$","R","BOSS","M","?","?","M"],"items_purchased_type":["Potion"],"build_version":"2020-12-22","purchased_purges":1,"victory":false,"max_hp_per_floor":[66,66,66,66,66,66,66,66,66,66,66,66,66,66,66,66,66,66,66,66,66,66],"card_choices":[{"not_picked":["Endless Agony","Deflect"],"picked":"Flying Knee","floor":1},{"not_picked":["Concentrate","Flying Knee"],"picked":"Poisoned Stab","floor":2},{"not_picked":["Setup","Flying Knee"],"picked":"Skewer","floor":4},{"not_picked":["Outmaneuver","Dagger Spray","Dodge and Roll"],"picked":"SKIP","floor":7},{"not_picked":["Quick Slash","Underhanded Strike","Poisoned Stab"],"picked":"SKIP","floor":11},{"not_picked":["Skewer","Burst"],"picked":"Acrobatics","floor":13},{"not_picked":["Storm of Steel","Wraith Form v2"],"picked":"Envenom","floor":16},{"not_picked":["Blade Dance","Finisher","All Out Attack"],"picked":"SKIP","floor":18},{"not_picked":["Eviscerate","Flying Knee","Distraction"],"picked":"SKIP","floor":20}],"player_experience":1065832,"relics_obtained":[{"floor":9,"key":"Bag of Marbles"},{"floor":13,"key":"War Paint"}],"event_choices":[{"damage_healed":0,"gold_gain":0,"player_choice":"Bought 3 Potions","damage_taken":0,"max_hp_gain":0,"max_hp_loss":0,"event_name":"The Woman in Blue","floor":3,"gold_loss":0},{"damage_healed":0,"gold_gain":0,"player_choice":"0 cards matched","damage_taken":0,"max_hp_gain":0,"max_hp_loss":0,"event_name":"Match and Keep!","floor":5,"gold_loss":0,"cards_obtained":[]},{"damage_healed":0,"gold_gain":0,"player_choice":"Success","damage_taken":5,"relics_obtained":["MealTicket"],"max_hp_gain":0,"max_hp_loss":0,"event_name":"Scrap Ooze","floor":10,"gold_loss":0},{"cards_removed":["Poisoned Stab"],"damage_healed":0,"gold_gain":0,"player_choice":"Upgrade and Remove","damage_taken":0,"max_hp_gain":0,"max_hp_loss":0,"event_name":"Designer","floor":19,"gold_loss":110,"cards_upgraded":["Eviscerate"]}],"is_beta":false,"boss_relics":[{"not_picked":["Velvet Choker","Black Star"],"picked":"Pandora\u0027s Box"}],"items_purged_floors":[14],"is_endless":false,"potions_floor_spawned":[1,4,7,11,20],"killed_by":"Sentry and Sphere","ascension_level":20}}