{"host":"2no1vwhhkhf0ohz3","time":1609314777,"event":{"mods":["AchievementEnabler","BaseMod","Colored Map","DeckTracker","Keyboard Shortcuts","Minty Spire (QoL Compilation)","Relic Stats","SuperFastMode"],"gold_per_floor":[109,109,126,144,157,157,189,189,215,215,229,241,241,96,96,96,96],"floor_reached":16,"playtime":306,"items_purged":[],"score":107,"play_id":"f75cbf0a-c58a-49f1-aefe-039af805ca9a","local_time":"20201230165257","is_ascension_mode":true,"campfire_choices":[{"data":"Vigilance","floor":6,"key":"SMITH"},{"floor":8,"key":"REST"},{"data":"CrushJoints","floor":10,"key":"SMITH"},{"floor":13,"key":"REST"},{"data":"MentalFortress","floor":15,"key":"SMITH"}],"circlet_count":0,"master_deck":["Strike_P","Strike_P","Strike_P","Strike_P","Defend_P","Defend_P","Defend_P","Defend_P","Eruption+1","Vigilance+1","FollowUp","CrushJoints+1","Tantrum","MentalFortress+1","TalkToTheHand"],"relics":["PureWater","Happy Flower","Ancient Tea Set","Toy Ornithopter","Orrery"],"acts_visited":["Exordium"],"potions_floor_usage":[16,16],"damage_taken":[{"damage":2,"enemies":"Jaw Worm","floor":1,"turns":4},{"damage":4,"enemies":"Small Slimes","floor":3,"turns":3},{"damage":0,"enemies":"2 Louse","floor":4,"turns":3},{"damage":12,"enemies":"Exordium Wildlife","floor":5,"turns":3},{"damage":28,"enemies":"Gremlin Nob","floor":7,"turns":3},{"damage":6,"enemies":"Large Slime","floor":11,"turns":6},{"damage":5,"enemies":"3 Louse","floor":12,"turns":3},{"damage":60,"enemies":"The Guardian","floor":16,"turns":5}],"seed_played":"4879035926250173842","potions_obtained":[{"floor":4,"key":"ColorlessPotion"},{"floor":7,"key":"SkillPotion"}],"is_trial":false,"path_per_floor":["M","?","M","M","M","R","E","R","T","R","M","M","R","$","R","B"],"character_chosen":"WATCHER","items_purchased":["Orrery"],"campfire_rested":2,"item_purchase_floors":[14],"current_hp_per_floor":[70,58,54,54,42,42,14,35,35,35,29,24,45,45,45,0,0],"gold":96,"neow_bonus":"UPGRADE_CARD","is_daily":false,"chose_seed":false,"campfire_upgraded":3,"win_rate":0.0,"timestamp":1609314777,"path_taken":["M","?","M","M","M","R","E","R","T","R","M","M","R","$","R","BOSS"],"items_purchased_type":["Relic"],"build_version":"2020-12-22","purchased_purges":0,"victory":false,"max_hp_per_floor":[72,72,72,72,72,72,72,72,72,72,72,72,72,72,72,72,72],"relic_stats":{"Happy Flower":[8],"counters":[8,30],"obtain_stats":[{"Happy Flower":2,"Orrery":14,"PureWater":0,"Ancient Tea Set":7,"Toy Ornithopter":9},{"Happy Flower":1,"Orrery":7,"PureWater":0,"Ancient Tea Set":5,"Toy Ornithopter":5},{"Happy Flower":4,"Orrery":25,"PureWater":0,"Ancient Tea Set":16,"Toy Ornithopter":16}],"Toy Ornithopter":10},"card_choices":[{"not_picked":["FlyingSleeves","Indignation"],"picked":"FollowUp","floor":1},{"not_picked":["Crescendo","PathToVictory","EmptyBody"],"picked":"SKIP","floor":3},{"not_picked":["Crescendo","EmptyBody","Nirvana"],"picked":"SKIP","floor":4},{"not_picked":["ClearTheMind","Prostrate","Crescendo"],"picked":"SKIP","floor":5},{"not_picked":["FlurryOfBlows","Omniscience"],"picked":"CrushJoints","floor":7},{"not_picked":["JustLucky","FollowUp","Prostrate"],"picked":"SKIP","floor":11},{"not_picked":["Consecrate","LikeWater","SandsOfTime"],"picked":"SKIP","floor":12},{"not_picked":["LikeWater","EmptyMind"],"picked":"Tantrum","floor":14},{"not_picked":["CrushJoints","JustLucky"],"picked":"MentalFortress","floor":14},{"not_picked":["EmptyFist","BowlingBash"],"picked":"TalkToTheHand","floor":14}],"player_experience":270357,"relics_obtained":[{"floor":7,"key":"Ancient Tea Set"},{"floor":9,"key":"Toy Ornithopter"}],"event_choices":[{"damage_healed":0,"gold_gain":0,"player_choice":"Success","damage_taken":12,"relics_obtained":["Happy Flower"],"max_hp_gain":0,"max_hp_loss":0,"event_name":"Scrap Ooze","floor":2,"gold_loss":0}],"is_beta":false,"boss_relics":[],"items_purged_floors":[],"is_endless":false,"potions_floor_spawned":[4,7],"killed_by":"The Guardian","ascension_level":1}}