{"host":"9l1knhxfturzliqa","time":1609317351,"event":{"mods":["BaseMod","Colored Map","Colored Powertips","DeckTracker","Highlight Path","Keyboard Shortcuts","Minty Spire (QoL Compilation)","Random Character Button"],"gold_per_floor":[109,129,142,159,175,175,30,30,56,56,23,42,42,76,76,181,181,161,181,181,197,212,212,239,251,263,275,386,432,444,468,480,597,609,632,644,669,697,486,486,86,86,86,101,101,101,101],"floor_reached":46,"playtime":4876,"items_purged":["Strike_G"],"score":582,"play_id":"e8bfe89e-28a0-468c-b22e-db12cda8c459","local_time":"20201230173551","is_ascension_mode":true,"campfire_choices":[{"data":"Footwork","floor":6.0,"key":"SMITH"},{"data":"Backflip","floor":8.0,"key":"SMITH"},{"data":"Deflect","floor":10.0,"key":"SMITH"},{"data":"Dodge and Roll","floor":13.0,"key":"SMITH"},{"data":"Survivor","floor":15.0,"key":"SMITH"},{"data":"Adrenaline","floor":23.0,"key":"SMITH"},{"data":"Malaise","floor":25.0,"key":"SMITH"},{"data":"Caltrops","floor":27.0,"key":"SMITH"},{"floor":32.0,"key":"REST"},{"floor":40.0,"key":"REST"},{"floor":42.0,"key":"RECALL"}],"circlet_count":0,"master_deck":["Strike_G","Strike_G","Defend_G","Defend_G","Defend_G","Defend_G","Survivor+1","Neutralize","Unload","Caltrops","Footwork+1","Escape Plan","Dagger Throw","Backflip+1","Deflect+1","Well Laid Plans","Dodge and Roll+1","Adrenaline+1","Caltrops+1","Leg Sweep+1","Malaise+1","Blur","Noxious Fumes","Night Terror","Tactician+1"],"relics":["Ring of the Serpent","Bag of Preparation","Blood Vial","Anchor","MawBank","StrikeDummy","Turnip","SlaversCollar","TheAbacus","Art of War","Mercury Hourglass","Calipers"],"acts_visited":["Exordium","TheCity","TheBeyond"],"potions_floor_usage":[],"damage_taken":[{"damage":1.0,"enemies":"Cultist","floor":1.0,"turns":4.0},{"damage":1.0,"enemies":"Small Slimes","floor":2.0,"turns":4.0},{"damage":1.0,"enemies":"2 Louse","floor":3.0,"turns":3.0},{"damage":0.0,"enemies":"2 Fungi Beasts","floor":4.0,"turns":5.0},{"damage":9.0,"enemies":"Exordium Thugs","floor":5.0,"turns":5.0},{"damage":0.0,"enemies":"Looter","floor":12.0,"turns":3.0},{"damage":0.0,"enemies":"Lagavulin","floor":14.0,"turns":11.0},{"damage":18.0,"enemies":"Slime Boss","floor":16.0,"turns":17.0},{"damage":11.0,"enemies":"2 Thieves","floor":18.0,"turns":4.0},{"damage":6.0,"enemies":"Chosen","floor":19.0,"turns":6.0},{"damage":0.0,"enemies":"Shelled Parasite and Fungi","floor":21.0,"turns":8.0},{"damage":4.0,"enemies":"Snake Plant","floor":22.0,"turns":4.0},{"damage":17.0,"enemies":"Gremlin Leader","floor":24.0,"turns":12.0},{"damage":29.0,"enemies":"Slavers","floor":29.0,"turns":7.0},{"damage":3.0,"enemies":"Cultist and Chosen","floor":31.0,"turns":8.0},{"damage":29.0,"enemies":"Automaton","floor":33.0,"turns":17.0},{"damage":27.0,"enemies":"3 Darklings","floor":35.0,"turns":6.0},{"damage":9.0,"enemies":"3 Shapes","floor":37.0,"turns":7.0},{"damage":19.0,"enemies":"Transient","floor":38.0,"turns":5.0},{"damage":12.0,"enemies":"Sphere and 2 Shapes","floor":44.0,"turns":8.0},{"damage":42,"enemies":"Reptomancer","floor":46,"turns":2}],"seed_played":"-180183077228109621","potions_obtained":[{"floor":3.0,"key":"Block Potion"},{"floor":5.0,"key":"SpeedPotion"},{"floor":12.0,"key":"Weak Potion"},{"floor":14.0,"key":"PowerPotion"},{"floor":18.0,"key":"Strength Potion"},{"floor":21.0,"key":"LiquidBronze"},{"floor":29.0,"key":"Ancient Potion"},{"floor":35.0,"key":"AttackPotion"}],"is_trial":false,"path_per_floor":["M","M","M","M","M","R","$","R","T","R","$","M","R","E","R","B",null,"M","M","?","M","M","R","E","R","T","R","?","E","?","M","R","B",null,"M","?","M","M","$","R","$","R","T","M","?","E"],"character_chosen":"THE_SILENT","items_purchased":["Bag of Preparation","Well Laid Plans","TheAbacus","Art of War","Mercury Hourglass"],"campfire_rested":2,"item_purchase_floors":[7,11,39,41,41],"current_hp_per_floor":[48,47,46,46,37,37,37,37,37,37,37,39,39,41,41,25,70,59,55,55,57,55,55,40,40,40,40,40,13,13,12,33,6,70,43,43,36,19,19,40,40,40,40,30,30,0,0],"gold":101,"neow_bonus":"TRANSFORM_TWO_CARDS","is_daily":false,"chose_seed":false,"campfire_upgraded":8,"win_rate":0.0,"timestamp":1609317351,"path_taken":["M","?","?","M","M","R","?","R","T","R","$","M","R","E","R","BOSS","M","?","?","M","M","R","E","R","T","R","?","E","?","M","R","BOSS","M","?","?","M","$","R","$","R","T","M","?","E"],"items_purchased_type":["Relic","Card","Relic","Relic","Relic"],"build_version":"2020-12-22","purchased_purges":1,"victory":false,"max_hp_per_floor":[70,70,70,70,70,70,70,70,70,70,70,70,70,70,70,70,70,70,70,70,70,70,70,70,70,70,70,70,70,70,70,70,70,70,70,70,70,70,70,70,70,70,70,70,70,70,70],"card_choices":[{"not_picked":["Deadly Poison","Poisoned Stab"],"picked":"Footwork","floor":1.0},{"not_picked":["Skewer","Heel Hook"],"picked":"Escape Plan","floor":2.0},{"not_picked":["Prepared","Dagger Spray"],"picked":"Dagger Throw","floor":3.0},{"not_picked":["Dagger Throw","Slice"],"picked":"Backflip","floor":4.0},{"not_picked":["Flying Knee","Sucker Punch"],"picked":"Deflect","floor":5.0},{"not_picked":["Heel Hook","Backflip"],"picked":"Dodge and Roll","floor":12.0},{"not_picked":["Phantasmal Killer","Dodge and Roll","Cloak And Dagger"],"picked":"SKIP","floor":14.0},{"not_picked":["Grand Finale","Unload"],"picked":"Adrenaline","floor":16.0},{"not_picked":["Quick Slash+1","Flying Knee","Crippling Poison"],"picked":"SKIP","floor":18.0},{"not_picked":["Terror","Well Laid Plans","Caltrops"],"picked":"SKIP","floor":19.0},{"not_picked":["Terror","Well Laid Plans"],"picked":"Caltrops","floor":19.0},{"not_picked":["PiercingWail","Well Laid Plans"],"picked":"Leg Sweep+1","floor":21.0},{"not_picked":["Terror","Footwork","Sucker Punch"],"picked":"SKIP","floor":22.0},{"not_picked":["Riddle With Holes","Night Terror"],"picked":"Malaise","floor":24.0},{"not_picked":["Dagger Spray","Dodge and Roll"],"picked":"Blur","floor":29.0},{"not_picked":["Deadly Poison","Malaise","Dodge and Roll"],"picked":"SKIP","floor":31.0},{"not_picked":["Wraith Form v2","Malaise"],"picked":"Night Terror","floor":33.0},{"not_picked":["Outmaneuver+1","Well Laid Plans+1","Eviscerate+1"],"picked":"SKIP","floor":35.0},{"not_picked":["Flying Knee","Leg Sweep+1"],"picked":"Tactician+1","floor":37.0},{"not_picked":["Cloak And Dagger","Blade Dance","Outmaneuver"],"picked":"SKIP","floor":38.0},{"not_picked":["Terror","Quick Slash","Crippling Poison"],"picked":"SKIP","floor":44.0}],"player_experience":272587,"relics_obtained":[{"floor":9.0,"key":"Blood Vial"},{"floor":14.0,"key":"Anchor"},{"floor":24.0,"key":"MawBank"},{"floor":26.0,"key":"StrikeDummy"},{"floor":29.0,"key":"Turnip"},{"floor":43.0,"key":"Calipers"}],"event_choices":[{"damage_healed":0.0,"max_hp_gain":0.0,"max_hp_loss":0.0,"gold_gain":0.0,"event_name":"Vampires","player_choice":"Ignored","floor":20.0,"gold_loss":0.0,"damage_taken":0.0},{"damage_healed":0.0,"max_hp_gain":0.0,"max_hp_loss":0.0,"gold_gain":99.0,"event_name":"Nest","player_choice":"Stole From Cult","floor":28.0,"gold_loss":0.0,"damage_taken":0.0},{"damage_healed":0.0,"max_hp_gain":0.0,"max_hp_loss":0.0,"gold_gain":0.0,"event_name":"The Library","player_choice":"Read","floor":30.0,"gold_loss":0.0,"damage_taken":0.0,"cards_obtained":["Noxious Fumes"]},{"cards_removed":["Defend_G"],"damage_healed":0.0,"max_hp_gain":0.0,"max_hp_loss":0.0,"gold_gain":0.0,"event_name":"Purifier","player_choice":"Purged","floor":36.0,"gold_loss":0.0,"damage_taken":0.0},{"damage_healed":0.0,"max_hp_gain":0.0,"max_hp_loss":0.0,"gold_gain":0.0,"event_name":"Mysterious Sphere","player_choice":"Ignored","floor":45.0,"gold_loss":0.0,"damage_taken":0.0}],"is_beta":false,"boss_relics":[{"not_picked":["Ectoplasm","Snecko Eye"],"picked":"Ring of the Serpent"},{"not_picked":["SacredBark","Astrolabe"],"picked":"SlaversCollar"}],"items_purged_floors":[39],"is_endless":false,"potions_floor_spawned":[3,5,12,14,18,21,29,35],"killed_by":"Reptomancer","ascension_level":4}}