{"host":"r5cycnjhcbwgkpkf","time":1609355592,"event":{"mods":["2.2 Compatiblity","AchievementEnabler","BaseMod","Bestiary","Better Match","Better Note","Better Skull","Better Third Choice","BetterRewards","Colored Map","Colored Powertips","Downfall","Infinite Spire","Minty Spire (QoL Compilation)","Replay The Spire","Spicy Shops","StSLib"],"gold_per_floor":[109,109,27,0,0,0,12,24,24,24,24,56,56,72,72,172,172,182,182,199,217,230,257,257,257],"floor_reached":24,"playtime":1200,"items_purged":[],"score":442,"play_id":"1d1e31b3-dd3c-4873-b95a-d2a2f99260b7","local_time":"20201230111312","is_ascension_mode":true,"campfire_choices":[{"data":"ReplayTheSpireMod:Calculation Training","floor":6,"key":"SMITH"},{"data":"Ball Lightning","floor":11,"key":"SMITH"},{"data":"Redo","floor":13,"key":"SMITH"},{"floor":15,"key":"REST"}],"circlet_count":0,"master_deck":["Strike_B","Strike_B","Strike_B","Strike_B","Defend_B","Defend_B","Defend_B","Defend_B","Dualcast","Ball Lightning","ReplayTheSpireMod:Calculation Training+1","Enlightenment","FTL+1","Ball Lightning+1","Coolheaded","Redo+1","Creative AI","BootSequence+1","Fusion"],"relics":["Cracked Core","DataDisk","Carrot","Replay:Bottled Flurry","Toy Ornithopter","Vajra","Painkiller Herb","Raider\u0027s Mask","infinitespire:Magic Flask"],"acts_visited":["Exordium","TheCity"],"potions_floor_usage":[21],"damage_taken":[{"damage":3,"enemies":"2 Louse","floor":1,"turns":2},{"damage":7,"enemies":"Small Slimes","floor":7,"turns":2},{"damage":2,"enemies":"Jaw Worm","floor":8,"turns":2},{"damage":13,"enemies":"Gremlin Nob","floor":12,"turns":3},{"damage":8,"enemies":"Exordium Wildlife","floor":14,"turns":2},{"damage":39,"enemies":"Fading Forest","floor":16,"turns":11},{"damage":2,"enemies":"Chosen","floor":18,"turns":3},{"damage":10,"enemies":"2 Thieves","floor":20,"turns":4},{"damage":2,"enemies":"3 Cultists","floor":21,"turns":4},{"damage":15,"enemies":"Snake Plant","floor":22,"turns":3},{"damage":29,"enemies":"Gremlin Leader","floor":23,"turns":6},{"damage":17,"enemies":"Centurion and Healer","floor":24,"turns":4}],"seed_played":"-1166355221583118044","potions_obtained":[{"floor":7,"key":"Death Potion"},{"floor":16,"key":"Reflective Coating"},{"floor":18,"key":"Explosive Potion"},{"floor":23,"key":"Ancient Potion"}],"is_trial":false,"path_per_floor":["M","?","$","?","?","R","M","M","T","?","R","E","R","M","R","B",null,"?","AVR","?","?","?","E","?"],"character_chosen":"DEFECT","items_purchased":["DataDisk","Carrot","Replay:Bottled Flurry","Ball Lightning","ReplayTheSpireMod:Calculation Training"],"campfire_rested":1,"item_purchase_floors":[0,0,0,3,3],"current_hp_per_floor":[45,45,45,51,51,51,44,42,42,66,66,53,53,45,69,38,70,68,68,58,61,46,17,0,0],"gold":257,"neow_bonus":"","is_daily":false,"chose_seed":false,"campfire_upgraded":3,"win_rate":0.0,"timestamp":1609355592,"path_taken":["M","?","$","?","?","R","M","?","T","?","R","E","R","M","R","BOSS","?","AVR","?","?","?","E","?"],"items_purchased_type":["Relic","Relic","Relic","Card","Card"],"build_version":"2020-12-22","purchased_purges":0,"victory":false,"max_hp_per_floor":[75,75,75,81,81,81,81,81,81,81,81,81,81,81,81,81,81,81,81,81,81,81,81,81,81],"card_choices":[{"not_picked":["Compile Driver","Blizzard","Stack"],"picked":"SKIP","floor":1},{"not_picked":["Aggregate","Steam"],"picked":"Ball Lightning","floor":7},{"not_picked":["Meteor Strike","Aggregate"],"picked":"Coolheaded","floor":8},{"not_picked":["ReplayTheSpireMod:System Scan","Leap"],"picked":"Redo","floor":12},{"not_picked":["Leap","Skim","BasicCrystalCard"],"picked":"SKIP","floor":14},{"not_picked":["Mirror Shield","ReplayRNGCard"],"picked":"Creative AI","floor":16},{"not_picked":["ReplayTheSpireMod:Calculation Training","Recycle+1"],"picked":"BootSequence+1","floor":18},{"not_picked":["ReplayTheSpireMod:Reroute Power+1","Beam Cell","Hologram"],"picked":"SKIP","floor":20},{"not_picked":["Gash","Hello World+1"],"picked":"Fusion","floor":21},{"not_picked":["Turbo","ReplayTheSpireMod:Repulse+1","FIFO Queue+1"],"picked":"SKIP","floor":22},{"not_picked":["FTL","Skim","Force Field"],"picked":"SKIP","floor":23}],"player_experience":395093,"relics_obtained":[{"floor":9,"key":"Toy Ornithopter"},{"floor":12,"key":"Vajra"},{"floor":23,"key":"infinitespire:Magic Flask"}],"event_choices":[{"damage_healed":0,"gold_gain":0,"player_choice":"RENOUNCE","damage_taken":27,"max_hp_gain":0,"max_hp_loss":0,"event_name":"betterThird:BetterSerpent","floor":4,"gold_loss":27,"cards_obtained":["Enlightenment"]}],"is_beta":false,"boss_relics":[{"not_picked":["Runic Pyramid","ChewingGum"],"picked":"Painkiller Herb"}],"items_purged_floors":[],"is_endless":false,"potions_floor_spawned":[7,16,18,23],"killed_by":"Centurion and Healer","ascension_level":8}}