{"host":"t7mx8yfj1no5p62f","time":1609348380,"event":{"mods":["BaseMod","Colored Map","Colored Powertips","Minty Spire (QoL Compilation)","Relic Stats","StSLib"],"gold_per_floor":[99,99,99,99,24,24,24,24,24,24,24,24,24,24,24,24,24,24,24,0,0,0,0,0,0,0,0,0,0,0,0,0,0,0,0,0,0,0,0,0,0,0,0,0,0,0,0,0,0,0,0,0,0,0,0,0,0],"floor_reached":56,"playtime":5045,"items_purged":["Strike_G"],"score":2521,"play_id":"5f782ef7-c6e4-4213-9069-e8f5a34ef118","local_time":"20201230121300","is_ascension_mode":true,"campfire_choices":[{"floor":7.0,"key":"REST"},{"data":"All Out Attack","floor":11.0,"key":"SMITH"},{"data":"Crippling Poison","floor":15.0,"key":"SMITH"},{"data":"Adrenaline","floor":23.0,"key":"SMITH"},{"data":"Doppelganger","floor":25.0,"key":"SMITH"},{"data":"Phantasmal Killer","floor":27.0,"key":"SMITH"},{"data":"Expertise","floor":32.0,"key":"SMITH"},{"data":"Acrobatics","floor":40.0,"key":"SMITH"},{"data":"Tactician","floor":42.0,"key":"SMITH"},{"floor":49.0,"key":"RECALL"},{"data":"Tactician","floor":53,"key":"SMITH"}],"circlet_count":0,"master_deck":["AscendersBane","Survivor","Neutralize","Dagger Throw","Acrobatics+1","Quick Slash","Phantasmal Killer+1","All Out Attack+1","Well Laid Plans+1","Crippling Poison+1","After Image","Adrenaline+1","Expertise+1","Blur","Backflip","Masterful Stab","Doppelganger+1","Escape Plan","Reflex","Deflect+1","Escape Plan+1","Eviscerate+1","PiercingWail+1","Corpse Explosion+1","After Image+1","PiercingWail+1","Terror+1","Calculated Gamble+1","Backflip+1","Acrobatics","Tactician+1","Tactician+1","Blade Dance+1","Outmaneuver","Setup+1"],"relics":["Ectoplasm","Vajra","Ancient Tea Set","Gremlin Horn","Nunchaku","Pandora\u0027s Box","Regal Pillow","Lantern","Dream Catcher","Astrolabe","Omamori","Boot","Centennial Puzzle","War Paint","Bottled Tornado"],"acts_visited":["Exordium","TheCity","TheBeyond","TheEnding"],"potions_floor_usage":[50,51],"damage_taken":[{"damage":2.0,"enemies":"2 Louse","floor":1.0,"turns":4.0},{"damage":7.0,"enemies":"Jaw Worm","floor":2.0,"turns":4.0},{"damage":0.0,"enemies":"Cultist","floor":3.0,"turns":4.0},{"damage":42.0,"enemies":"Lagavulin","floor":6.0,"turns":8.0},{"damage":0.0,"enemies":"Blue Slaver","floor":8.0,"turns":3.0},{"damage":12.0,"enemies":"Large Slime","floor":10.0,"turns":4.0},{"damage":0.0,"enemies":"Gremlin Nob","floor":12.0,"turns":2.0},{"damage":0.0,"enemies":"3 Louse","floor":13.0,"turns":2.0},{"damage":5.0,"enemies":"3 Sentries","floor":14.0,"turns":6.0},{"damage":4.0,"enemies":"Hexaghost","floor":16.0,"turns":8.0},{"damage":7.0,"enemies":"Shell Parasite","floor":18.0,"turns":4.0},{"damage":0.0,"enemies":"2 Thieves","floor":20.0,"turns":3.0},{"damage":7.0,"enemies":"Centurion and Healer","floor":21.0,"turns":4.0},{"damage":3.0,"enemies":"3 Cultists","floor":22.0,"turns":3.0},{"damage":4.0,"enemies":"Slavers","floor":24.0,"turns":3.0},{"damage":0.0,"enemies":"Gremlin Leader","floor":28.0,"turns":4.0},{"damage":0.0,"enemies":"Cultist and Chosen","floor":29.0,"turns":2.0},{"damage":0.0,"enemies":"Slavers","floor":30.0,"turns":2.0},{"damage":0.0,"enemies":"Chosen and Byrds","floor":31.0,"turns":3.0},{"damage":0.0,"enemies":"Collector","floor":33.0,"turns":5.0},{"damage":0.0,"enemies":"3 Darklings","floor":35.0,"turns":2.0},{"damage":0.0,"enemies":"3 Shapes","floor":36.0,"turns":4.0},{"damage":0.0,"enemies":"Writhing Mass","floor":37.0,"turns":3.0},{"damage":15.0,"enemies":"Jaw Worm Horde","floor":39.0,"turns":2.0},{"damage":0.0,"enemies":"Reptomancer","floor":41.0,"turns":3.0},{"damage":0.0,"enemies":"Giant Head","floor":44.0,"turns":5.0},{"damage":0.0,"enemies":"4 Shapes","floor":45.0,"turns":2.0},{"damage":0.0,"enemies":"Writhing Mass","floor":46.0,"turns":5.0},{"damage":0.0,"enemies":"Nemesis","floor":47.0,"turns":3.0},{"damage":0.0,"enemies":"Sphere and 2 Shapes","floor":48.0,"turns":4.0},{"damage":2,"enemies":"Time Eater","floor":50,"turns":11},{"damage":18,"enemies":"Donu and Deca","floor":51,"turns":5},{"damage":10,"enemies":"Shield and Spear","floor":55,"turns":3},{"damage":51,"enemies":"The Heart","floor":56,"turns":9}],"seed_played":"2058914655997985603","potions_obtained":[{"floor":2.0,"key":"Explosive Potion"},{"floor":3.0,"key":"LiquidBronze"},{"floor":10.0,"key":"DistilledChaos"},{"floor":12.0,"key":"Fire Potion"},{"floor":14.0,"key":"Energy Potion"},{"floor":18.0,"key":"Poison Potion"},{"floor":20.0,"key":"FearPotion"},{"floor":29.0,"key":"CunningPotion"},{"floor":31.0,"key":"LiquidMemories"},{"floor":35.0,"key":"ColorlessPotion"},{"floor":37.0,"key":"LiquidMemories"},{"floor":41.0,"key":"CultistPotion"}],"is_trial":false,"path_per_floor":["M","M","M","?","$","E","R","M","T","M","R","E","M","E","R","B",null,"M","?","M","M","M","R","E","R","T","R","E","M","E","M","R","B",null,"M","M","M","?","M","R","E","R","T","E","M","M","E","M","R","B","B",null,"R","$","E","B"],"character_chosen":"THE_SILENT","items_purchased":[],"campfire_rested":1,"item_purchase_floors":[],"current_hp_per_floor":[57,50,50,50,50,8,27,27,27,15,15,15,15,10,10,6,51,44,44,44,37,34,34,30,30,30,30,30,30,30,30,30,30,57,57,57,57,57,42,42,42,42,42,42,42,42,42,42,42,40,22,55,55,55,45,0,0],"gold":0,"neow_bonus":"BOSS_RELIC","is_daily":false,"chose_seed":false,"campfire_upgraded":9,"win_rate":0.0,"timestamp":1609348380,"path_taken":["M","M","M","?","$","E","R","M","T","M","R","E","M","E","R","BOSS","M","?","M","M","M","R","E","R","T","R","E","?","E","M","R","BOSS","M","M","M","?","M","R","E","R","T","E","M","M","E","M","R","BOSS","BOSS","R","$","E","BOSS"],"items_purchased_type":[],"build_version":"2020-12-22","purchased_purges":1,"victory":false,"max_hp_per_floor":[66,66,66,66,66,66,66,66,66,66,66,66,66,66,66,66,66,66,66,66,66,66,66,66,66,66,66,66,66,66,66,66,66,66,66,66,66,66,66,66,66,66,66,66,66,66,66,66,66,66,66,66,66,66,66,66,66],"relic_stats":{"Nunchaku":[27],"Regal Pillow":0,"Dream Catcher":0,"Centennial Puzzle":[12],"Gremlin Horn":[26,26],"counters":[34,139],"Astrolabe":["After Image","PiercingWail","Terror"],"Pandora\u0027s Box":["Expertise","Blur","Backflip","Masterful Stab","All Out Attack","Doppelganger","Escape Plan","Reflex"],"Ectoplasm":832,"War Paint":["PiercingWail","Corpse Explosion"],"Boot":[20],"obtain_stats":[{"Regal Pillow":24,"Lantern":28,"Gremlin Horn":12,"Astrolabe":34,"Vajra":6,"Omamori":41,"War Paint":47,"Bottled Tornado":55,"Ancient Tea Set":9,"Boot":43,"Nunchaku":14,"Dream Catcher":30,"Centennial Puzzle":44,"Pandora\u0027s Box":17,"Ectoplasm":0,"Ring of the Snake":0},{"Regal Pillow":15,"Lantern":16,"Gremlin Horn":7,"Astrolabe":20,"Vajra":4,"Omamori":25,"War Paint":29,"Bottled Tornado":33,"Ancient Tea Set":5,"Boot":25,"Nunchaku":9,"Dream Catcher":18,"Centennial Puzzle":26,"Pandora\u0027s Box":10,"Ectoplasm":0,"Ring of the Snake":0},{"Regal Pillow":62,"Lantern":66,"Gremlin Horn":29,"Astrolabe":78,"Vajra":20,"Omamori":92,"War Paint":107,"Bottled Tornado":130,"Ancient Tea Set":23,"Boot":92,"Nunchaku":37,"Dream Catcher":70,"Centennial Puzzle":97,"Pandora\u0027s Box":45,"Ectoplasm":0,"Ring of the Snake":0}]},"card_choices":[{"not_picked":["Quick Slash","Poisoned Stab"],"picked":"Dagger Throw","floor":1.0},{"not_picked":["Footwork","Heel Hook"],"picked":"Acrobatics","floor":2.0},{"not_picked":["Dagger Throw","Poisoned Stab"],"picked":"Quick Slash","floor":3.0},{"not_picked":["Concentrate","Heel Hook"],"picked":"Flechettes","floor":6.0},{"not_picked":["Slice","Backstab"],"picked":"Phantasmal Killer","floor":8.0},{"not_picked":["Poisoned Stab","Prepared"],"picked":"All Out Attack","floor":10.0},{"not_picked":["Endless Agony","Dagger Throw"],"picked":"Well Laid Plans","floor":12.0},{"not_picked":["Slice","Choke"],"picked":"Crippling Poison","floor":13.0},{"not_picked":["Flying Knee","Outmaneuver"],"picked":"After Image","floor":14.0},{"not_picked":["Glass Knife","Phantasmal Killer"],"picked":"Adrenaline","floor":16.0},{"not_picked":["Underhanded Strike","Expertise"],"picked":"Deflect+1","floor":18.0},{"not_picked":["Dagger Throw","Poisoned Stab"],"picked":"Escape Plan+1","floor":20.0},{"not_picked":["Skewer","Bouncing Flask"],"picked":"Eviscerate+1","floor":21.0},{"not_picked":["Poisoned Stab","Heel Hook","Bane+1"],"picked":"SKIP","floor":22.0},{"not_picked":["Caltrops","Masterful Stab","Concentrate"],"picked":"SKIP","floor":24.0},{"not_picked":["Wraith Form v2","Flechettes"],"picked":"PiercingWail","floor":28.0},{"not_picked":["Noxious Fumes","Sucker Punch","Masterful Stab"],"picked":"SKIP","floor":29.0},{"not_picked":["Underhanded Strike","Dagger Spray+1"],"picked":"Choke","floor":30.0},{"not_picked":["Prepared","Poisoned Stab","Deadly Poison+1"],"picked":"SKIP","floor":31.0},{"not_picked":["A Thousand Cuts","Phantasmal Killer"],"picked":"Corpse Explosion","floor":33.0},{"not_picked":["Dodge and Roll+1","Dagger Throw+1"],"picked":"Calculated Gamble+1","floor":35.0},{"not_picked":["Quick Slash+1","Poisoned Stab+1"],"picked":"Backflip+1","floor":36.0},{"not_picked":["Underhanded Strike","Caltrops+1","Deadly Poison"],"picked":"SKIP","floor":37.0},{"not_picked":["Cloak And Dagger","Prepared"],"picked":"Acrobatics","floor":39.0},{"not_picked":["Cloak And Dagger+1","Heel Hook+1"],"picked":"Tactician","floor":41.0},{"not_picked":["Caltrops","Sucker Punch"],"picked":"Tactician","floor":44.0},{"not_picked":["Bane","Quick Slash","Terror"],"picked":"SKIP","floor":45.0},{"not_picked":["Underhanded Strike","A Thousand Cuts"],"picked":"Blade Dance+1","floor":46.0},{"not_picked":["Bouncing Flask","PiercingWail+1"],"picked":"Outmaneuver","floor":47.0},{"not_picked":["Catalyst+1","Slice","Dodge and Roll+1"],"picked":"SKIP","floor":48.0},{"not_picked":["Infinite Blades+1","Distraction+1"],"picked":"Setup+1","floor":55}],"player_experience":1609428,"relics_obtained":[{"floor":6.0,"key":"Vajra"},{"floor":9.0,"key":"Ancient Tea Set"},{"floor":12.0,"key":"Gremlin Horn"},{"floor":14.0,"key":"Nunchaku"},{"floor":24.0,"key":"Regal Pillow"},{"floor":28.0,"key":"Lantern"},{"floor":30.0,"key":"Dream Catcher"},{"floor":41.0,"key":"Omamori"},{"floor":43.0,"key":"Boot"},{"floor":44.0,"key":"Centennial Puzzle"},{"floor":47.0,"key":"War Paint"},{"floor":55,"key":"Bottled Tornado"}],"event_choices":[{"damage_healed":0.0,"max_hp_gain":0.0,"max_hp_loss":0.0,"gold_gain":0.0,"cards_transformed":["Strike_G"],"event_name":"Living Wall","player_choice":"Change","floor":4.0,"gold_loss":0.0,"damage_taken":0.0,"cards_obtained":["Prepared"]},{"damage_healed":0.0,"max_hp_gain":0.0,"max_hp_loss":0.0,"gold_gain":0.0,"event_name":"Accursed Blacksmith","player_choice":"Forge","floor":19.0,"gold_loss":0.0,"damage_taken":0.0,"cards_upgraded":["Well Laid Plans"]},{"cards_removed":["Choke"],"damage_healed":0.0,"max_hp_gain":0.0,"max_hp_loss":0.0,"gold_gain":0.0,"event_name":"Falling","player_choice":"Removed Attack","floor":38.0,"gold_loss":0.0,"damage_taken":0.0}],"is_beta":false,"boss_relics":[{"not_picked":["WristBlade","SlaversCollar"],"picked":"Pandora\u0027s Box"},{"not_picked":["Velvet Choker","Black Star"],"picked":"Astrolabe"}],"items_purged_floors":[5],"is_endless":false,"potions_floor_spawned":[2,3,10,12,13,14,18,20,22,29,31,35,37,41,47,48],"killed_by":"The Heart","ascension_level":20}}