{"host":"597bhbb8x3urrkc4","time":1609288625,"event":{"mods":["Aspiration","Astrologer","Bard","BaseMod","Beaked The Cultist","Better Altar","Better Match","Better Sensory Stone","Better Skull","Better Third Choice","Challenge The Spire","Clockwork Mod","Conspire","DeckTracker","GifTheSpireLib","GungeonMod","Hermit","HexUI Lib","Highlight Path","Hubris","Infinite Spire","Mad Scientist","Minty Spire (QoL Compilation)","Random Character Button","Replay The Spire","Reworked Bosses","Shade Mod","Somnambulant","StSLib","The Blackbeard","The Construct","The Cursed","The Disciple","The Forsaken","The Gatherer","The Hayseed","The Hierophant","The Judge","The Jungle","The Problem Sleuth","The Runesmith","The Servant 0.9.4","The Spell Scribe","The Valiant","TheArtist","TheBandit","TheFirefly","Wandering Minibosses","thorton"],"gold_per_floor":[111,123,169,180,180,207,207,207,207,226,257,532,551,567,567,687,787,830,830,503,778,791,822,822,853,877,898,898,921,921,1013,1013,1136,1136,1181,1206,520,520,599,599,474,474,474,489,604,193,117,117,117,117,117,117,117,156,0,0],"floor_reached":55,"playtime":9496,"items_purged":["Spreading Infection","hermit:Defend_Hermit","hermit:FinalCanter","Regret","Regret"],"score":794,"play_id":"7805802a-bbc1-452e-adf7-f84f7996b21c","local_time":"20201229183705","is_ascension_mode":false,"campfire_choices":[{"data":"hermit:Vantage","floor":7,"key":"SMITH"},{"data":"hermit:TakeAim","floor":15,"key":"SMITH"},{"floor":24,"key":"REST"},{"data":"hermit:Manifest","floor":28,"key":"SMITH"},{"floor":32,"key":"RECALL"},{"data":"infinitespire:UltimateForm","floor":40,"key":"SMITH"},{"data":"hermit:Dive","floor":42,"key":"SMITH"},{"data":"hermit:Maintenance","floor":52,"key":"SMITH"}],"circlet_count":0,"master_deck":["hermit:Strike_Hermit","hermit:Strike_Hermit","hermit:Strike_Hermit","hermit:Strike_Hermit","hermit:Defend_Hermit","hermit:Defend_Hermit","hermit:Snapshot","hermit:Covet","hermit:Manifest+1","hermit:Dive","hermit:Glare","hermit:Vantage+1","Injury","hermit:Deadeye","hermit:BigShot","hermit:TakeAim+1","hermit:Dive","hermit:Ricochet","hermit:Dive+1","hermit:ItchyTrigger+1","hermit:Snipe","infinitespire:UltimateForm+1","hermit:ItchyTrigger+1","Forethought","hermit:Maintenance+1"],"relics":["hermit:Momento","aspiration:Nostalgia","Cracked Core","Ring of Searing","aspiration:ChemicalBlood","Golden Idol","hubris:BundleOfHerbs","infinitespire:Satchel","Replay:Wanted Poster","theJungle:BirthdayCakeSlice","hubris:PeanutButter","Happy Flower","Omamori","construct:ClawGrip","Strange Spoon","Busted Crown","hermit:Spyglass","beaked:ShinyBauble","construct:FoamFinger","wanderingMiniBosses:LockLocket","Bottled Lightning","BranchBurnRelic","Sundial"],"acts_visited":["Exordium","Exordium","TheBeyond","TheEnding"],"potions_floor_usage":[6,11,16,16,16,22,23,25,29,33,35,35,39,45,47,47,50,50,50,54,55,55,55,55,55,55],"damage_taken":[{"damage":1,"enemies":"Cultist","floor":1,"turns":3},{"damage":0,"enemies":"Small Slimes","floor":2,"turns":3},{"damage":0,"enemies":"2 Louse","floor":3,"turns":4},{"damage":0,"enemies":"Looter","floor":4,"turns":4},{"damage":26,"enemies":"3 Sentries","floor":6,"turns":12},{"damage":3,"enemies":"Lots of Slimes","floor":10,"turns":5},{"damage":10,"enemies":"Gremlin Nob","floor":11,"turns":4},{"damage":9,"enemies":"Exordium Thugs","floor":13,"turns":5},{"damage":10,"enemies":"Looter","floor":14,"turns":3},{"damage":12,"enemies":"The Guardian","floor":16,"turns":9},{"damage":20,"enemies":"theJungle:Flameango_and_Byrd","floor":18,"turns":6},{"damage":4,"enemies":"Shell Parasite","floor":22,"turns":4},{"damage":31,"enemies":"theJungle:2_Phrogs","floor":23,"turns":7},{"damage":0,"enemies":"theJungle:MamaSnecko","floor":25,"turns":7},{"damage":0,"enemies":"theJungle:Snecko_Cultist_And_Trap","floor":27,"turns":5},{"damage":0,"enemies":"theJungle:2_Flameangoes","floor":29,"turns":7},{"damage":25,"enemies":"theJungle:JungleHuntersEncounter","floor":31,"turns":7},{"damage":0,"enemies":"theJungle:QueenSpyder","floor":33,"turns":8},{"damage":26,"enemies":"3 Darklings","floor":35,"turns":7},{"damage":1,"enemies":"3 Shapes","floor":36,"turns":4},{"damage":9,"enemies":"Sphere and 2 Shapes","floor":39,"turns":8},{"damage":19,"enemies":"Spire Growth","floor":44,"turns":5},{"damage":0,"enemies":"Mind Bloom Boss Battle","floor":45,"turns":7},{"damage":54,"enemies":"Writhing Mass","floor":47,"turns":7},{"damage":11,"enemies":"bossMod:newShapes","floor":50,"turns":7},{"damage":67,"enemies":"Shield and Spear","floor":54,"turns":8},{"damage":110,"enemies":"The Heart","floor":55,"turns":5}],"seed_played":"3785502815605971536","potions_obtained":[{"floor":4,"key":"Block Potion"},{"floor":6,"key":"AttackPotion"},{"floor":10,"key":"FearPotion"},{"floor":11,"key":"EssenceOfSteel"},{"floor":16,"key":"Dexterity Potion"},{"floor":16,"key":"SpeedPotion"},{"floor":22,"key":"Strength Potion"},{"floor":27,"key":"Block Potion"},{"floor":31,"key":"PowerPotion"},{"floor":33,"key":"Energy Potion"},{"floor":36,"key":"ColorlessPotion"},{"floor":44,"key":"hermit:Tonic"},{"floor":45,"key":"BlessingOfTheForge"},{"floor":47,"key":"DemoMod:LeadSkinPotion"},{"floor":47,"key":"Swift Potion"}],"is_trial":false,"path_per_floor":["M","M","M","M","?","E","R","?","T","M","E","?","M","M","R","B",null,"M","?","$","?","M","E","R","E","T","M","R","M","AVR","M","R","B",null,"M","M","$","?","M","R","$","R","T","M","?","$","M","?","R","B",null,"R","$","E","B"],"character_chosen":"HERMIT","items_purchased":["hubris:PeanutButter","hermit:Spyglass","beaked:ShinyBauble","Forethought","Bottled Lightning"],"campfire_rested":1,"item_purchase_floors":[20,37,37,37,46],"current_hp_per_floor":[74,74,74,74,74,48,48,48,48,45,50,50,41,31,31,19,75,55,60,60,60,56,25,49,49,49,49,49,49,49,24,24,24,80,54,53,53,53,44,44,44,44,44,25,25,25,52,52,52,56,80,80,80,19,0,0],"gold":0,"neow_bonus":"NOSTALGIA","is_daily":false,"chose_seed":false,"campfire_upgraded":6,"win_rate":0.0,"timestamp":1609288625,"path_taken":["M","?","M","?","?","E","R","?","T","M","E","?","M","?","R","BOSS","M","?","?","?","M","E","R","E","T","M","R","M","AVR","M","R","BOSS","M","M","?","?","M","R","$","R","T","M","?","?","?","?","R","BOSS","R","$","E","BOSS"],"items_purchased_type":["Relic","Relic","Relic","Card","Relic"],"build_version":"2020-12-22","purchased_purges":5,"victory":false,"max_hp_per_floor":[75,75,75,75,75,75,75,75,75,75,75,75,75,75,75,75,75,75,80,80,80,80,80,80,80,80,80,80,80,80,80,80,80,80,80,80,80,80,80,80,80,80,80,80,80,80,80,80,80,80,80,80,80,80,80,80],"card_choices":[{"not_picked":["hermit:TrackingShot","hermit:HighCaliber"],"picked":"hermit:Manifest","floor":1},{"not_picked":["hermit:CalledShot","hermit:BodyArmor"],"picked":"hermit:Dive","floor":2},{"not_picked":["hermit:BodyArmor","hermit:ItchyTrigger","hermit:Desperado"],"picked":"SKIP","floor":3},{"not_picked":["hermit:NoHoldsBarred","hermit:DeadOrAlive"],"picked":"hermit:Glare","floor":4},{"not_picked":["hermit:HoleUp","hermit:Feint"],"picked":"hermit:Vantage","floor":6},{"not_picked":["hermit:HighCaliber","hermit:Quickdraw"],"picked":"hermit:Deadeye","floor":10},{"not_picked":["hermit:BodyArmor","hermit:Scavenge"],"picked":"hermit:BigShot","floor":11},{"not_picked":["hermit:Glare","hermit:Snipe"],"picked":"hermit:TakeAim","floor":13},{"not_picked":["hermit:ShadowCloak","hermit:CalledShot"],"picked":"hermit:Dive","floor":14},{"not_picked":["hermit:Dissolve","hermit:EternalForm"],"picked":"hermit:FinalCanter","floor":16},{"not_picked":["hermit:NoHoldsBarred","hermit:Glare"],"picked":"hermit:Ricochet","floor":18},{"not_picked":["hermit:Feint","hermit:DeadOrAlive"],"picked":"hermit:Dive","floor":22},{"not_picked":["hermit:Horror","hermit:Desperado","hermit:Glare"],"picked":"SKIP","floor":23},{"not_picked":["hermit:Feint+1","hermit:HoleUp","hermit:WideOpen"],"picked":"SKIP","floor":25},{"not_picked":["hermit:Roulette","hermit:WideOpen+1"],"picked":"hermit:ItchyTrigger+1","floor":27},{"not_picked":["hermit:NoHoldsBarred","hermit:Virtue"],"picked":"hermit:Snipe","floor":29},{"not_picked":["hermit:SprayPray+1","hermit:Headshot"],"picked":"hermit:ItchyTrigger+1","floor":31},{"not_picked":["hermit:TrackingShot+1"],"picked":"SKIP","floor":35},{"not_picked":["hermit:Shortfuse"],"picked":"SKIP","floor":36},{"not_picked":["hermit:Roulette+1"],"picked":"SKIP","floor":39},{"not_picked":["hermit:Cheat+1"],"picked":"SKIP","floor":44},{"not_picked":["hermit:Glare+1"],"picked":"SKIP","floor":47},{"not_picked":["hermit:Headshot+1"],"picked":"SKIP","floor":54}],"player_experience":1058873,"relics_obtained":[{"floor":5,"key":"Ring of Searing"},{"floor":6,"key":"aspiration:ChemicalBlood"},{"floor":9,"key":"hubris:BundleOfHerbs"},{"floor":11,"key":"infinitespire:Satchel"},{"floor":23,"key":"Happy Flower"},{"floor":25,"key":"Omamori"},{"floor":43,"key":"construct:FoamFinger"},{"floor":45,"key":"Dead Branch"},{"floor":45,"key":"wanderingMiniBosses:LockLocket"},{"floor":54,"key":"Sundial"}],"event_choices":[{"damage_healed":0,"gold_gain":0,"player_choice":"Take Wound","damage_taken":0,"relics_obtained":["Golden Idol"],"max_hp_gain":0,"max_hp_loss":0,"event_name":"Golden Idol","floor":8,"gold_loss":0,"cards_obtained":["Injury"]},{"damage_healed":0,"gold_gain":275,"player_choice":"Desecrate","damage_taken":0,"max_hp_gain":0,"max_hp_loss":0,"event_name":"Golden Shrine","floor":12,"gold_loss":0,"cards_obtained":["Regret"]},{"damage_healed":0,"gold_gain":275,"player_choice":"Desecrate","damage_taken":0,"max_hp_gain":0,"max_hp_loss":0,"event_name":"Golden Shrine","floor":21,"gold_loss":0,"cards_obtained":["Regret"]},{"damage_healed":0,"gold_gain":0,"player_choice":"Leave","damage_taken":0,"max_hp_gain":0,"max_hp_loss":0,"event_name":"conspire:Investor","floor":38,"gold_loss":0},{"damage_healed":0,"gold_gain":0,"player_choice":"Fight","damage_taken":0,"max_hp_gain":0,"max_hp_loss":0,"event_name":"MindBloom","floor":45,"gold_loss":0}],"is_beta":false,"boss_relics":[{"not_picked":["Pandora\u0027s Box","ReplayTheSpireMod:DimensionalGlitch"],"picked":"Replay:Wanted Poster"},{"not_picked":["hermit:DentedPlate","hubris:BlackHole"],"picked":"Busted Crown"}],"items_purged_floors":[20,30,37,41,46],"is_endless":false,"potions_floor_spawned":[4,6,10,11,16,22,27,31,33,36,45,47],"killed_by":"The Heart","ascension_level":0}}