{"host":"0luxfixkkfk9wck3","time":1609367671,"event":{"mods":["BaseMod","Downfall","Highlight Path","Minty Spire (QoL Compilation)","StSLib"],"gold_per_floor":[0,19,34,19,30,30,30,30,30,58,58,71,71,81,95,193,193,193,193,193,193,34,34,34,34,34,34,34,34,34,34],"floor_reached":29,"playtime":1996,"items_purged":[],"score":316,"play_id":"4ad14b11-54e3-4b11-ac7b-81ccc65b1734","local_time":"20201230163431","is_ascension_mode":true,"campfire_choices":[{"data":"hexamod:Sear","floor":1,"key":"SMITH"},{"data":"hexamod:RadiantFlame","floor":9,"key":"SMITH"},{"floor":13,"key":"REST"},{"floor":18,"key":"RECALL"},{"floor":25,"key":"REST"},{"data":"hexamod:ThermalTransfer","floor":26,"key":"SMITH"}],"circlet_count":0,"master_deck":["hexamod:Strike+1","hexamod:Strike","hexamod:Strike","hexamod:Defend+1","hexamod:Defend","hexamod:Defend+1","hexamod:Defend","hexamod:Sear+1","hexamod:Float","hexamod:ThermalTransfer+1","hexamod:HauntingEcho","hexamod:ThermalTransfer+1","hexamod:RadiantFlame+1","Regret","hexamod:NightmareGuise","hexamod:ExtraCrispy","hexamod:AdvancingGuard","hexamod:EtherealExpedition","hexamod:ApocalypticArmor","hexamod:FlamesFromBeyond","hexamod:RetreatToShadows","hexamod:SixthSeal","hexamod:StepThrough+1","hexamod:Hexaguard+1"],"relics":["hexamod:SpiritBrand","WingedGreaves","Sundial","MealTicket","downfall:Hecktoplasm","downfall:CloakOfManyFaces","CultistMask","FaceOfCleric","NlothsMask","GremlinMask","SsserpentHead","OrangePellets","downfall:HeartBlessingRed"],"acts_visited":["Exordium","TheCity"],"potions_floor_usage":[14,16,27,29,29],"damage_taken":[{"damage":0,"enemies":"Small Slimes","floor":2,"turns":3},{"damage":0,"enemies":"Cultist","floor":3,"turns":3},{"damage":0,"enemies":"downfall:FleeingMerchant","floor":4,"turns":4},{"damage":1,"enemies":"Jaw Worm","floor":5,"turns":2},{"damage":14,"enemies":"Lagavulin","floor":10,"turns":5},{"damage":21,"enemies":"Exordium Thugs","floor":12,"turns":5},{"damage":3,"enemies":"Gremlin Gang","floor":14,"turns":4},{"damage":2,"enemies":"2 Fungi Beasts","floor":15,"turns":4},{"damage":3,"enemies":"downfall:Silent","floor":16,"turns":6},{"damage":25,"enemies":"Chosen","floor":19,"turns":7},{"damage":5,"enemies":"Shell Parasite","floor":20,"turns":6},{"damage":6,"enemies":"downfall:FaceTrader","floor":21,"turns":7},{"damage":10,"enemies":"downfall:FleeingMerchant","floor":22,"turns":4},{"damage":14,"enemies":"Snecko","floor":23,"turns":6},{"damage":12,"enemies":"3 Cultists","floor":27,"turns":6},{"damage":62,"enemies":"Gremlin Leader","floor":29,"turns":8}],"seed_played":"-6870649617429997927","potions_obtained":[{"floor":5,"key":"Fire Potion"},{"floor":11,"key":"downfall:CursedFountainPotion"},{"floor":15,"key":"BlessingOfTheForge"},{"floor":16,"key":"Dexterity Potion"},{"floor":21,"key":"Block Potion"},{"floor":23,"key":"Regen Potion"},{"floor":27,"key":"Regen Potion"}],"is_trial":false,"path_per_floor":["R","M","M","$","M","?","T","?","R","E","?","M","R","M","M","B",null,"R","M","M","?","$","M","T","R","R","M","?","E"],"character_chosen":"THE_SPIRIT","items_purchased":["OrangePellets"],"campfire_rested":2,"item_purchase_floors":[22],"current_hp_per_floor":[70,70,70,70,69,69,69,69,69,55,55,34,55,52,50,47,70,70,45,40,34,40,27,27,48,48,52,45,0,0,0],"gold":34,"neow_bonus":"ONE_RARE_RELIC","is_daily":false,"chose_seed":false,"campfire_upgraded":3,"win_rate":0.0,"timestamp":1609367671,"path_taken":["R","M","M","$","M","?","T","?","R","E","?","?","R","M","M","BOSS","R","M","M","?","$","?","T","R","R","M","?","E"],"items_purchased_type":["Relic"],"build_version":"2020-12-22","purchased_purges":0,"victory":false,"max_hp_per_floor":[70,70,70,70,70,70,70,70,70,70,70,70,70,70,70,70,70,70,70,70,70,71,72,72,72,72,73,73,73,73,73],"card_choices":[{"not_picked":["hexamod:NightmareStrike","hexamod:SwordOfDarkness"],"picked":"hexamod:ThermalTransfer","floor":2},{"not_picked":["hexamod:GhostShield","hexamod:BurningTouch"],"picked":"hexamod:HauntingEcho","floor":3},{"not_picked":["hexamod:GhostOfSpirePast","hexamod:BurningTouch"],"picked":"hexamod:ThermalTransfer","floor":4},{"not_picked":["hexamod:GhostLash","hexamod:ThermalTransfer"],"picked":"hexamod:RadiantFlame","floor":5},{"not_picked":["hexamod:ThermalTransfer","hexamod:SecondSeal"],"picked":"hexamod:NightmareGuise","floor":10},{"not_picked":["hexamod:SpectersWail","hexamod:NightmareStrike"],"picked":"hexamod:ExtraCrispy","floor":12},{"not_picked":["hexamod:HeatMetal","hexamod:GhostShield"],"picked":"hexamod:AdvancingGuard","floor":14},{"not_picked":["hexamod:RainOfEmbers","hexamod:SpectersWail"],"picked":"hexamod:EtherealExpedition","floor":15},{"not_picked":["hexamod:Toasty","hexamod:HexaLevel"],"picked":"hexamod:ApocalypticArmor","floor":16},{"not_picked":["hexamod:FastForward","hexamod:InspiringFlames"],"picked":"hexamod:FlamesFromBeyond","floor":19},{"not_picked":["hexamod:NightmareGuise","hexamod:PowerFromBeyond"],"picked":"hexamod:RetreatToShadows","floor":20},{"not_picked":["hexamod:SwordOfDarkness","hexamod:InspiringFlames"],"picked":"hexamod:SixthSeal","floor":22},{"not_picked":["hexamod:FastForward+1","hexamod:BacktrackSmack+1"],"picked":"hexamod:StepThrough","floor":23},{"not_picked":["hexamod:NightmareGuise+1","hexamod:FastForward+1"],"picked":"hexamod:Hexaguard+1","floor":27}],"player_experience":10780558,"relics_obtained":[{"floor":7,"key":"Sundial"},{"floor":10,"key":"MealTicket"},{"floor":21,"key":"downfall:CloakOfManyFaces"}],"event_choices":[{"cards_removed":["hexamod:Strike"],"damage_healed":0,"gold_gain":0,"player_choice":"Card Removal","damage_taken":0,"max_hp_gain":0,"max_hp_loss":0,"event_name":"The Cleric","floor":6,"gold_loss":0},{"damage_healed":0,"gold_gain":0,"player_choice":"Damaged","damage_taken":7,"max_hp_gain":0,"max_hp_loss":0,"event_name":"Wheel of Change","floor":28,"gold_loss":0}],"is_beta":false,"boss_relics":[{"not_picked":["Empty Cage","SlaversCollar"],"picked":"downfall:Hecktoplasm"}],"items_purged_floors":[],"is_endless":false,"potions_floor_spawned":[5,15,16,21,23,27],"killed_by":"Gremlin Leader","ascension_level":3}}