{"host":"873t0y8ybyo38pfq","time":1609291921,"event":{"mods":["BaseMod","Bestiary","Colored Map","Colored Powertips","Highlight Path","Minty Spire (QoL Compilation)","Quick Restart","RNG Fix","Rare Cards Sparkle","Relic Stats","StSLib"],"gold_per_floor":[19,35,35,48,62,62,118,118,118,118,137,137,154,171,171,171,171],"floor_reached":16,"playtime":504,"items_purged":[],"score":188,"play_id":"491a572e-ba10-4bad-8b68-4c9482348719","local_time":"20201229203201","is_ascension_mode":true,"campfire_choices":[{"data":"A Thousand Cuts","floor":6,"key":"SMITH"},{"data":"Neutralize","floor":8,"key":"SMITH"},{"data":"Predator","floor":10,"key":"SMITH"},{"floor":15,"key":"REST"}],"circlet_count":0,"master_deck":["AscendersBane","Strike_G","Strike_G","Defend_G","Defend_G","Defend_G","Defend_G","Defend_G","Survivor","Neutralize+1","A Thousand Cuts+1","Escape Plan","Deadly Poison","Deflect","Riddle With Holes","Calculated Gamble","Predator+1","Blur","Flying Knee","PiercingWail"],"relics":["Ring of the Snake","Bottled Flame"],"acts_visited":["Exordium"],"potions_floor_usage":[5,16,16],"damage_taken":[{"damage":0,"enemies":"2 Louse","floor":1,"turns":3},{"damage":1,"enemies":"Jaw Worm","floor":2,"turns":5},{"damage":0,"enemies":"Small Slimes","floor":4,"turns":3},{"damage":13,"enemies":"Exordium Thugs","floor":5,"turns":6},{"damage":3,"enemies":"Blue Slaver","floor":11,"turns":8},{"damage":1,"enemies":"Large Slime","floor":13,"turns":4},{"damage":0,"enemies":"3 Louse","floor":14,"turns":4},{"damage":64,"enemies":"Slime Boss","floor":16,"turns":12}],"seed_played":"6094820394820643371","potions_obtained":[{"floor":1,"key":"Weak Potion"},{"floor":2,"key":"Dexterity Potion"},{"floor":11,"key":"ColorlessPotion"},{"floor":14,"key":"SpeedPotion"}],"is_trial":false,"path_per_floor":["M","M","?","M","M","R","?","R","T","R","M","?","M","M","R","B"],"character_chosen":"THE_SILENT","items_purchased":[],"campfire_rested":1,"item_purchase_floors":[],"current_hp_per_floor":[59,58,58,58,45,45,45,45,45,45,42,42,41,41,60,0,0],"gold":171,"neow_bonus":"TRANSFORM_TWO_CARDS","is_daily":false,"chose_seed":false,"campfire_upgraded":3,"win_rate":0.0,"timestamp":1609291921,"path_taken":["M","M","?","M","M","R","?","R","T","R","M","?","M","M","R","BOSS"],"items_purchased_type":[],"build_version":"2020-12-22","purchased_purges":0,"victory":false,"max_hp_per_floor":[66,66,66,66,66,66,66,66,66,66,66,66,66,66,66,66,66],"relic_stats":{"counters":[8,45],"obtain_stats":[{"Bottled Flame":9,"Ring of the Snake":0},{"Bottled Flame":4,"Ring of the Snake":0},{"Bottled Flame":17,"Ring of the Snake":0}],"Ring of the Snake":[16]},"card_choices":[{"not_picked":["Outmaneuver","Heel Hook"],"picked":"Deadly Poison","floor":1},{"not_picked":["Poisoned Stab","Masterful Stab"],"picked":"Deflect","floor":2},{"not_picked":["Dagger Spray","Dagger Throw"],"picked":"Calculated Gamble","floor":4},{"not_picked":["Quick Slash","Skewer"],"picked":"Predator","floor":5},{"not_picked":["Underhanded Strike","Doppelganger"],"picked":"Blur","floor":11},{"not_picked":["Bane","Dagger Spray"],"picked":"Flying Knee","floor":13},{"not_picked":["Deadly Poison","Well Laid Plans"],"picked":"PiercingWail","floor":14}],"player_experience":1407345,"relics_obtained":[{"floor":9,"key":"Bottled Flame"}],"event_choices":[{"damage_healed":0,"gold_gain":0,"cards_transformed":["Strike_G"],"player_choice":"Change","damage_taken":0,"max_hp_gain":0,"max_hp_loss":0,"event_name":"Living Wall","floor":3,"gold_loss":0,"cards_obtained":["Riddle With Holes"]},{"damage_healed":0,"gold_gain":56,"player_choice":"Gained Gold","damage_taken":0,"max_hp_gain":0,"max_hp_loss":0,"event_name":"Golden Wing","floor":7,"gold_loss":0},{"damage_healed":0,"gold_gain":0,"player_choice":"Ignored","damage_taken":0,"max_hp_gain":0,"max_hp_loss":0,"event_name":"Liars Game","floor":12,"gold_loss":0}],"is_beta":false,"boss_relics":[],"items_purged_floors":[],"is_endless":false,"potions_floor_spawned":[1,2,11,14],"killed_by":"Slime Boss","ascension_level":20}}