{"host":"jt62yzdgnrkmwwqv","time":1609342391,"event":{"mods":["AchievementEnabler","Arknights The Spire","BaseMod","CapriCore","Colored Map","Colored Powertips","GungeonMod","Lobotomy","LobotomyExtend","Minty Spire (QoL Compilation)","StSLib","SuperFastMode"],"gold_per_floor":[118,73,90,15,35,63,63,73,73,86,86,96,96,96],"floor_reached":13,"playtime":312,"items_purged":["ats:Strike C"],"score":87,"play_id":"9bdf6e66-28a7-4608-a665-177cd779a273","local_time":"20201231003311","is_ascension_mode":false,"campfire_choices":[{"floor":7,"key":"REST"},{"data":"ats:Rapid Magazine","floor":11,"key":"SMITH"}],"circlet_count":0,"master_deck":["ats:Strike G","ats:Strike S","ats:Strike V","ats:Armor Crushing Shot","ats:Defend","ats:Defend","ats:Defend","ats:Defend","ats:Emotion Absorption","ats:Consecutive Shot Auto","ats:Consecutive Shot Auto","ats:Powerful Strike","ats:Wolf Pack","ats:Rapid Magazine+1"],"relics":["ats:Sanity","LetterFromLob","ats:Originium","DemoMod:Antibody","DemoMod:PoisonVial"],"acts_visited":["Exordium"],"potions_floor_usage":[13],"damage_taken":[{"damage":7,"enemies":"Cultist","floor":1,"turns":5},{"damage":5,"enemies":"2 Louse","floor":3,"turns":2},{"damage":0,"enemies":"Jaw Worm","floor":5,"turns":2},{"damage":30,"enemies":"Lagavulin","floor":6,"turns":7},{"damage":0,"enemies":"Large Slime","floor":8,"turns":4},{"damage":16,"enemies":"2 Fungi Beasts","floor":10,"turns":4},{"damage":10,"enemies":"Red Slaver","floor":12,"turns":4},{"damage":29,"enemies":"3 Sentries","floor":13,"turns":5}],"seed_played":"8272004834761718992","potions_obtained":[{"floor":10,"key":"ats:Top Emergency Sanity Potion"},{"floor":12,"key":"SkillPotion"}],"is_trial":false,"path_per_floor":["M","$","M","$","M","E","R","M","T","M","R","M","E"],"character_chosen":"DOCTOR_CLASS","items_purchased":["ats:Consecutive Shot Auto"],"campfire_rested":1,"item_purchase_floors":[2],"current_hp_per_floor":[65,65,60,60,60,30,51,51,51,35,35,25,0,0],"gold":96,"neow_bonus":"THREE_CARDS","is_daily":false,"chose_seed":false,"campfire_upgraded":1,"win_rate":0.0,"timestamp":1609342391,"path_taken":["M","?","M","$","M","E","R","M","T","?","R","M","E"],"items_purchased_type":["Card"],"build_version":"2020-12-22","purchased_purges":1,"victory":false,"max_hp_per_floor":[72,72,72,72,72,72,72,72,72,72,72,72,72,72],"card_choices":[{"not_picked":["ats:Revitalization","ats:Mental Burst"],"picked":"ats:Consecutive Shot Auto","floor":0},{"not_picked":["ats:Cat Scratch","ats:Childhood Dance","ats:Ignite"],"picked":"SKIP","floor":1},{"not_picked":["ats:Assault Order","ats:Defend Order"],"picked":"ats:Powerful Strike","floor":3},{"not_picked":["ats:Shell Defense","ats:Apocalypse"],"picked":"ats:Wolf Pack","floor":5},{"not_picked":["ats:Leaping Hammer","ats:Automatic Cover"],"picked":"ats:Rapid Magazine","floor":6},{"not_picked":["ats:Consecutive Shot Auto","ats:Childhood Dance","ats:Burning Ground"],"picked":"SKIP","floor":8},{"not_picked":["ats:Leaping Hammer","ats:Composite Medical Shells","ats:Hammer On"],"picked":"SKIP","floor":10},{"not_picked":["ats:Cat Scratch","ats:Red Shift","ats:Mental Burst"],"picked":"SKIP","floor":12}],"player_experience":170543,"relics_obtained":[{"floor":1,"key":"LetterFromLob"},{"floor":6,"key":"ats:Originium"},{"floor":6,"key":"DemoMod:Antibody"},{"floor":9,"key":"DemoMod:PoisonVial"}],"event_choices":[],"is_beta":false,"boss_relics":[],"items_purged_floors":[4],"is_endless":false,"potions_floor_spawned":[10,12],"killed_by":"3 Sentries","ascension_level":0}}