{"host":"hhk99zdwe8tkcyq7","time":1609311762,"event":{"mods":["AchievementEnabler","BaseMod","Minty Spire (QoL Compilation)"],"gold_per_floor":[113,129,129,144,66,66,100,100,123,123,134,153,170,120,120,222,222,233,247,258,358,371,397,397,410,434,434,450,450,450,461,461,461,461],"floor_reached":33,"playtime":1482,"items_purged":[],"score":271,"play_id":"3ca7ee1a-ebc5-49a4-a8ea-c315c7f81f0d","local_time":"20201230010242","is_ascension_mode":false,"campfire_choices":[{"data":"Deadly Poison","floor":6,"key":"SMITH"},{"floor":10,"key":"REST"},{"floor":15,"key":"REST"},{"floor":24,"key":"REST"},{"floor":27,"key":"REST"},{"floor":32,"key":"REST"}],"circlet_count":0,"master_deck":["Strike_G","Strike_G","Strike_G+1","Strike_G","Defend_G","Defend_G","Defend_G","Defend_G+1","Survivor","Neutralize","CurseOfTheBell","Deadly Poison+1","Noxious Fumes+1","Doppelganger","Deadly Poison","Terror","Bullet Time","Noxious Fumes+1","Bouncing Flask","Catalyst"],"relics":["Calling Bell","Snake Skull","Frozen Egg 2","Thread and Needle","Lantern","Anchor","Velvet Choker","Blood Vial","Vajra","MutagenicStrength"],"acts_visited":["Exordium","TheCity"],"potions_floor_usage":[23,23,23],"damage_taken":[{"damage":0,"enemies":"Jaw Worm","floor":1,"turns":8},{"damage":0,"enemies":"Small Slimes","floor":2,"turns":5},{"damage":0,"enemies":"Cultist","floor":4,"turns":4},{"damage":12,"enemies":"Lagavulin","floor":7,"turns":6},{"damage":13,"enemies":"Gremlin Gang","floor":11,"turns":6},{"damage":0,"enemies":"Large Slime","floor":12,"turns":4},{"damage":0,"enemies":"3 Louse","floor":13,"turns":3},{"damage":7,"enemies":"The Guardian","floor":16,"turns":7},{"damage":19,"enemies":"2 Thieves","floor":18,"turns":5},{"damage":6,"enemies":"Spheric Guardian","floor":19,"turns":4},{"damage":8,"enemies":"Centurion and Healer","floor":20,"turns":6},{"damage":11,"enemies":"Snake Plant","floor":22,"turns":4},{"damage":18,"enemies":"Book of Stabbing","floor":23,"turns":6},{"damage":26,"enemies":"3 Cultists","floor":25,"turns":5},{"damage":8,"enemies":"Centurion and Healer","floor":28,"turns":4},{"damage":7,"enemies":"Colosseum Slavers","floor":29,"turns":4},{"damage":8,"enemies":"Snecko","floor":31,"turns":4},{"damage":74,"enemies":"Collector","floor":33,"turns":5}],"seed_played":"-385771172439010434","potions_obtained":[{"floor":2,"key":"SneckoOil"},{"floor":4,"key":"AttackPotion"},{"floor":18,"key":"EssenceOfSteel"},{"floor":25,"key":"FairyPotion"}],"is_trial":false,"path_per_floor":["M","M","?","M","$","R","E","?","T","R","M","M","M","?","R","B",null,"M","M","M","?","M","E","R","M","T","R","M","?","?","M","R","B"],"character_chosen":"THE_SILENT","items_purchased":["Noxious Fumes+1"],"campfire_rested":5,"item_purchase_floors":[5],"current_hp_per_floor":[70,70,56,56,56,56,44,44,44,65,52,52,52,52,70,63,70,51,45,37,37,26,8,29,5,5,26,20,15,15,9,30,0,0],"gold":461,"neow_bonus":"BOSS_RELIC","is_daily":false,"chose_seed":false,"campfire_upgraded":1,"win_rate":0.0,"timestamp":1609311762,"path_taken":["M","M","?","M","$","R","E","?","T","R","M","?","?","?","R","BOSS","M","M","M","?","M","E","R","?","T","R","M","?","?","M","R","BOSS"],"items_purchased_type":["Card"],"build_version":"2020-12-22","purchased_purges":0,"victory":false,"max_hp_per_floor":[70,70,70,70,70,70,70,70,70,70,70,70,70,70,70,70,70,70,70,70,70,70,70,70,70,70,70,70,70,70,70,70,70,70],"card_choices":[{"not_picked":["Dodge and Roll","Flechettes","Dagger Spray"],"picked":"SKIP","floor":1},{"not_picked":["Dagger Throw","Sucker Punch"],"picked":"Deadly Poison","floor":2},{"not_picked":["Flying Knee","Expertise","Riddle With Holes"],"picked":"SKIP","floor":4},{"not_picked":["PiercingWail","Choke"],"picked":"Doppelganger","floor":7},{"not_picked":["Poisoned Stab","Dagger Spray"],"picked":"Deadly Poison","floor":11},{"not_picked":["Blade Dance","After Image+1"],"picked":"Terror","floor":12},{"not_picked":["Dodge and Roll","Flying Knee","Tactician"],"picked":"SKIP","floor":13},{"not_picked":["Malaise","Night Terror"],"picked":"Bullet Time","floor":16},{"not_picked":["Slice+1","Prepared"],"picked":"Noxious Fumes+1","floor":18},{"not_picked":["Calculated Gamble","Noxious Fumes+1"],"picked":"Bouncing Flask","floor":19},{"not_picked":["Prepared+1","Backflip","Outmaneuver"],"picked":"SKIP","floor":20},{"not_picked":["Finisher","Sucker Punch+1","Endless Agony"],"picked":"SKIP","floor":22},{"not_picked":["Dagger Throw+1","Underhanded Strike"],"picked":"Catalyst","floor":23},{"not_picked":["Deflect+1","Flying Knee","Outmaneuver+1"],"picked":"SKIP","floor":25},{"not_picked":["Sucker Punch","Doppelganger","Poisoned Stab"],"picked":"SKIP","floor":28},{"not_picked":["Outmaneuver+1","PiercingWail","Dash"],"picked":"SKIP","floor":31}],"player_experience":13658,"relics_obtained":[{"floor":0,"key":"Snake Skull"},{"floor":0,"key":"Frozen Egg 2"},{"floor":0,"key":"Thread and Needle"},{"floor":7,"key":"Lantern"},{"floor":9,"key":"Anchor"},{"floor":23,"key":"Blood Vial"},{"floor":26,"key":"Vajra"}],"event_choices":[{"damage_healed":0,"gold_gain":0,"player_choice":"Entered Light","damage_taken":14,"max_hp_gain":0,"max_hp_loss":0,"event_name":"Shining Light","floor":3,"gold_loss":0,"cards_upgraded":["Strike_G","Defend_G"]},{"cards_removed":["Strike_G"],"damage_healed":0,"gold_gain":0,"player_choice":"Purged","damage_taken":0,"max_hp_gain":0,"max_hp_loss":0,"event_name":"Purifier","floor":8,"gold_loss":0},{"cards_removed":["Defend_G"],"damage_healed":0,"gold_gain":0,"player_choice":"Card Removal","damage_taken":0,"max_hp_gain":0,"max_hp_loss":0,"event_name":"The Cleric","floor":14,"gold_loss":50},{"damage_healed":0,"gold_gain":100,"player_choice":"Pray","damage_taken":0,"max_hp_gain":0,"max_hp_loss":0,"event_name":"Golden Shrine","floor":21,"gold_loss":0},{"damage_healed":0,"gold_gain":0,"player_choice":"Fight","damage_taken":0,"max_hp_gain":0,"max_hp_loss":0,"event_name":"Colosseum","floor":29,"gold_loss":0},{"damage_healed":0,"gold_gain":0,"player_choice":"Fled From Nobs","damage_taken":0,"max_hp_gain":0,"max_hp_loss":0,"event_name":"Colosseum","floor":29,"gold_loss":0},{"damage_healed":0,"gold_gain":0,"player_choice":"Inject Mutagens","damage_taken":0,"relics_obtained":["MutagenicStrength"],"max_hp_gain":0,"max_hp_loss":0,"event_name":"Drug Dealer","floor":30,"gold_loss":0}],"is_beta":false,"boss_relics":[{"not_picked":["Cursed Key","SacredBark"],"picked":"Velvet Choker"}],"items_purged_floors":[],"is_endless":false,"potions_floor_spawned":[2,4,18,20,25,29],"killed_by":"Collector","ascension_level":0}}