{"host":"a3oe3gstxz77c7qu","time":1609340473,"event":{"mods":["2.2 Compatiblity","Act Like it!","BaseMod","Bestiary","Better Altar","Better Match","Better Note","Better Skull","Better Third Choice","Block Reminder","Curses Come First","Custom Start","Friendly Minions","GifTheSpireLib","Infinite Spire","Lobotomy","LobotomyExtend","Minty Spire (QoL Compilation)","Permanent Neow","Quick Restart","Relic Stats","Replay The Spire","StSLib","Uncapped","Wandering Minibosses"],"gold_per_floor":[110,127,127,127,146,146,175,189,213,213,213,213,226,246,246,341,341,361,361,374,394,394,394,420,420,466,466,145,157,183,200,200,297,297,313,329,329,329,344,344,355,355,355,384,384,399,324,336,336,343],"floor_reached":51,"playtime":3704,"items_purged":["PunishingBird","OldLady"],"score":934,"play_id":"2fdcb31d-feeb-4821-b72a-65f4a3ebb4b7","local_time":"20201230150113","is_ascension_mode":true,"campfire_choices":[{"floor":15,"key":"REST"},{"data":"ParadiseLost","floor":23,"key":"SMITH"},{"floor":40,"key":"DIG"},{"floor":42,"key":"DIG"},{"floor":45,"key":"DIG"},{"floor":49,"key":"DIG"}],"circlet_count":0,"master_deck":["SpecialBullet","SpecialBullet","SpecialBullet","SpecialBullet","SpecialBullet","SpecialBullet","SpecialBullet","CentralCode","InformationCode","ControlCode","Twilight","ShyLook","RedEyes","LongBird","ScreamingWedge+1","WelfareCode","Moonlight+1","ParadiseLost+1","TT2Protocol","infinitespire:Collect+1","TrainingCode","UniverseFragment","infinitespire:Collect","Funeral","Ecstasy+1"],"relics":["CogitoBucket","RabbitCall","LetterFromLob","Ancient Tea Set","Gremlin Food","LaetitiaHeart","AspirationHeart","infinitespire:Cupcake","HellTrain","Happy Flower","Omamori","Lantern","Replay:Lucky Slots","Matryoshka","Coffee Dripper","AtMidnight","BackwardClock","Shovel","Vajra","Pet Ghost","Quantum Egg","Bottled Flame","Prayer Wheel","Question Card","War Paint"],"acts_visited":["Exordium","TheCity","TheBeyond"],"potions_floor_usage":[13,16,50,51],"damage_taken":[{"damage":8,"enemies":"2 Louse","floor":1,"turns":2},{"damage":0,"enemies":"Small Slimes","floor":2,"turns":3},{"damage":0,"enemies":"Cultist","floor":5,"turns":5},{"damage":0,"enemies":"Replay:BlueRogue","floor":7,"turns":7},{"damage":0,"enemies":"Exordium Thugs","floor":8,"turns":6},{"damage":0,"enemies":"3 Sentries","floor":11,"turns":2},{"damage":0,"enemies":"3 Sentries","floor":11,"turns":3},{"damage":0,"enemies":"3 Sentries","floor":11,"turns":2},{"damage":0,"enemies":"3 Sentries","floor":11,"turns":3},{"damage":0,"enemies":"Exordium Wildlife","floor":13,"turns":4},{"damage":5,"enemies":"Large Slime","floor":14,"turns":4},{"damage":0,"enemies":"Slime Boss","floor":16,"turns":4},{"damage":0,"enemies":"3 Byrds","floor":18,"turns":4},{"damage":0,"enemies":"Chosen","floor":20,"turns":2},{"damage":8,"enemies":"3 Cultists","floor":21,"turns":5},{"damage":0,"enemies":"Replay:Snechameleon","floor":24,"turns":2},{"damage":0,"enemies":"Snake Plant","floor":29,"turns":2},{"damage":0,"enemies":"Book of Stabbing","floor":30,"turns":3},{"damage":0,"enemies":"Snecko","floor":31,"turns":4},{"damage":0,"enemies":"Champ","floor":33,"turns":5},{"damage":0,"enemies":"3 Darklings","floor":35,"turns":3},{"damage":4,"enemies":"3 Shapes","floor":36,"turns":2},{"damage":0,"enemies":"Sphere and 2 Shapes","floor":39,"turns":1},{"damage":0,"enemies":"Maw","floor":41,"turns":3},{"damage":0,"enemies":"Giant Head","floor":44,"turns":3},{"damage":0,"enemies":"4 Shapes","floor":46,"turns":1},{"damage":0,"enemies":"Sphere and 2 Shapes","floor":48,"turns":2},{"damage":30,"enemies":"Time Eater","floor":50,"turns":4},{"damage":0,"enemies":"Malkuth","floor":51,"turns":5},{"damage":44,"enemies":"Netzach","floor":51,"turns":8},{"damage":29,"enemies":"Chesed","floor":51,"turns":6}],"seed_played":"4572772289286879826","potions_obtained":[{"floor":2,"key":"Fire Potion"},{"floor":8,"key":"Adrenaline Potion"},{"floor":14,"key":"Strength Potion"},{"floor":31,"key":"Explosive Potion"},{"floor":46,"key":"Fire Potion"}],"is_trial":false,"path_per_floor":["M","M","?","?","M","R","E","M","T","R","E","R","M","M","R","B",null,"M","?","M","M","?","R","E","R","T","R","$","M","E","M","R","B",null,"M","M","AVR","?","M","R","M","R","T","E","R","M","$","M","R","B",null],"character_chosen":"Angela","items_purchased":["Lantern","Replay:Lucky Slots"],"campfire_rested":1,"item_purchase_floors":[28,28],"current_hp_per_floor":[62,62,55,55,55,55,55,55,55,55,2,2,12,7,18,22,43,47,36,36,28,44,44,44,44,44,44,44,44,44,51,51,51,51,51,47,47,51,51,51,55,55,55,55,55,55,55,55,55,26],"gold":343,"neow_bonus":"ONE_RANDOM_RARE_CARD","is_daily":false,"chose_seed":false,"campfire_upgraded":1,"win_rate":0.0,"timestamp":1609340473,"path_taken":["M","M","?","?","M","R","E","M","T","R","E","R","M","?","R","BOSS","M","?","M","M","?","R","E","R","T","R","$","M","E","M","R","BOSS","M","M","AVR","?","M","R","M","R","T","E","R","M","$","M","R","BOSS"],"items_purchased_type":["Card","Relic"],"build_version":"2020-12-22","purchased_purges":2,"victory":true,"max_hp_per_floor":[70,70,70,70,70,70,70,70,70,70,29,29,39,39,39,43,43,47,47,47,47,47,47,47,47,47,47,47,47,47,51,51,51,51,51,51,51,51,51,51,55,55,55,55,55,55,55,55,55,55],"relic_stats":{"Shovel":4,"Happy Flower":[20],"counters":[36,122],"Prayer Wheel":2,"War Paint":["infinitespire:Collect","ScreamingWedge"],"Question Card":19,"obtain_stats":[{"RabbitCall":0,"Lantern":28,"Vajra":40,"Ancient Tea Set":7,"Pet Ghost":42,"CogitoBucket":0,"Matryoshka":30,"Shovel":37,"LaetitiaHeart":11,"Prayer Wheel":44,"Replay:Lucky Slots":28,"Gremlin Food":9,"BackwardClock":35,"Happy Flower":24,"Quantum Egg":43,"AspirationHeart":13,"Omamori":26,"War Paint":49,"Question Card":45,"Bottled Flame":43,"AtMidnight":35,"LetterFromLob":1,"Coffee Dripper":34,"HellTrain":21,"infinitespire:Cupcake":17},{"RabbitCall":0,"Lantern":18,"Vajra":26,"Ancient Tea Set":4,"Pet Ghost":27,"CogitoBucket":0,"Matryoshka":20,"Shovel":25,"LaetitiaHeart":5,"Prayer Wheel":28,"Replay:Lucky Slots":18,"Gremlin Food":5,"BackwardClock":24,"Happy Flower":18,"Quantum Egg":27,"AspirationHeart":11,"Omamori":18,"War Paint":30,"Question Card":28,"Bottled Flame":27,"AtMidnight":24,"LetterFromLob":1,"Coffee Dripper":22,"HellTrain":17,"infinitespire:Cupcake":13},{"RabbitCall":0,"Lantern":60,"Vajra":81,"Ancient Tea Set":17,"Pet Ghost":84,"CogitoBucket":0,"Matryoshka":65,"Shovel":80,"LaetitiaHeart":23,"Prayer Wheel":87,"Replay:Lucky Slots":60,"Gremlin Food":23,"BackwardClock":78,"Happy Flower":60,"Quantum Egg":84,"AspirationHeart":38,"Omamori":60,"War Paint":90,"Question Card":87,"Bottled Flame":84,"AtMidnight":78,"LetterFromLob":2,"Coffee Dripper":74,"HellTrain":58,"infinitespire:Cupcake":46}]},"card_choices":[{"not_picked":["PunishingBird","MHz"],"picked":"ShyLook","floor":1},{"not_picked":["Noise","Penitence"],"picked":"SKIP","floor":1},{"not_picked":["RapturousDream"],"picked":"InTheNameOfLoveAndHate","floor":2},{"not_picked":["SwordSharpenedByTears","Discord"],"picked":"SKIP","floor":5},{"not_picked":["Diffraction","SomewhereSpear"],"picked":"SKIP","floor":7},{"not_picked":["Harvest"],"picked":"RedEyes","floor":8},{"not_picked":["QueenOfHatred","MeatLantern"],"picked":"LongBird","floor":8},{"not_picked":["FourthMatchFlame"],"picked":"ScreamingWedge","floor":13},{"not_picked":["Tough"],"picked":"Moonlight","floor":14},{"not_picked":["DaCapo"],"picked":"ParadiseLost","floor":16},{"not_picked":["LittleHelper","FairyFestival"],"picked":"OldLady","floor":16},{"not_picked":["FairyFestival","RedShoes"],"picked":"PunishingBird","floor":18},{"not_picked":["LifeForTheDareDevil","Tough"],"picked":"SKIP","floor":18},{"not_picked":["infinitespire:UltimateForm","infinitespire:Execution"],"picked":"infinitespire:Collect","floor":19},{"not_picked":["FourthMatchFlame+1","SomewhereSpear"],"picked":"SKIP","floor":20},{"not_picked":["Tough","Penitence+1"],"picked":"SKIP","floor":21},{"not_picked":["SomewhereSpear","ShedSkin"],"picked":"SKIP","floor":24},{"not_picked":["Lantern+1","Regret_ego+1"],"picked":"SKIP","floor":29},{"not_picked":["Penitence","Lamp"],"picked":"SKIP","floor":30},{"not_picked":["BeautyBeast","SilentOrchestra"],"picked":"UniverseFragment","floor":31},{"not_picked":["Diffraction","RapturousDream+1"],"picked":"SKIP","floor":31},{"not_picked":["ParadiseLost"],"picked":"Adoration","floor":33},{"not_picked":["Lantern","BloodyDesire+1"],"picked":"SKIP","floor":35},{"not_picked":["Spore+1","Lamp"],"picked":"SKIP","floor":36},{"not_picked":["Wingbeat+1","TodaysExpression+1"],"picked":"SKIP","floor":39},{"not_picked":["BlueStar","MHz"],"picked":"Funeral","floor":41},{"not_picked":["Spore+1","Diffraction"],"picked":"SKIP","floor":41},{"not_picked":["InTheNameOfLoveAndHate+1","Diffraction"],"picked":"SKIP","floor":44},{"not_picked":["BlackSwan_ego+1","ParadiseLost"],"picked":"Ecstasy+1","floor":46},{"not_picked":["Beak","Penitence","Galaxy"],"picked":"SKIP","floor":46},{"not_picked":["RapturousDream","Wingbeat+1","SomewhereSpear+1"],"picked":"SKIP","floor":48},{"not_picked":["ScreamingWedge+1","Horn","RedEyes+1"],"picked":"SKIP","floor":48},{"not_picked":["RapturousDream","Wingbeat+1","SomewhereSpear+1"],"picked":"SKIP","floor":48},{"not_picked":["ScreamingWedge+1","Horn","RedEyes+1"],"picked":"SKIP","floor":48}],"player_experience":692294,"relics_obtained":[{"floor":1,"key":"LetterFromLob"},{"floor":7,"key":"Ancient Tea Set"},{"floor":9,"key":"Gremlin Food"},{"floor":24,"key":"Happy Flower"},{"floor":26,"key":"Omamori"},{"floor":30,"key":"Matryoshka"},{"floor":35,"key":"AtMidnight"},{"floor":40,"key":"Vajra"},{"floor":42,"key":"Pet Ghost"},{"floor":43,"key":"Quantum Egg"},{"floor":43,"key":"Bottled Flame"},{"floor":44,"key":"Prayer Wheel"},{"floor":45,"key":"Question Card"},{"floor":49,"key":"War Paint"}],"event_choices":[{"cards_removed":["SpecialBullet"],"damage_healed":0,"gold_gain":0,"player_choice":"Card Removal","damage_taken":7,"max_hp_gain":0,"max_hp_loss":0,"event_name":"Golden Wing","floor":3,"gold_loss":0},{"damage_healed":16,"gold_gain":0,"player_choice":"Heal","damage_taken":0,"max_hp_gain":0,"max_hp_loss":0,"event_name":"The Library","floor":22,"gold_loss":0}],"is_beta":false,"boss_relics":[{"not_picked":["Runic Dome","Ring of Chaos"],"picked":"infinitespire:Cupcake"},{"not_picked":["Empty Cage","Black Star"],"picked":"Coffee Dripper"}],"items_purged_floors":[37,47],"is_endless":false,"potions_floor_spawned":[2,8,11,11,14,31,46,48],"ascension_level":3}}