{"host":"dhyczjm99amxd3qx","time":1609353450,"event":{"mods":["BaseMod","Colored Map","Googly Eyes","Highlight Path","Minty Spire (QoL Compilation)","Quick Restart","StSLib"],"gold_per_floor":[17,17,17,27,45,45,77,77,77,77,108,108,33,45,45,143,143,155,155,169,94,104,104,129,129,152,152,252,264,275,287,287,386,386,398,398,418,418,85,85,113,124,124,138,148,23,23,69,69,69],"floor_reached":51,"playtime":4291,"items_purged":["Decay","Strike_G","Clumsy"],"score":875,"play_id":"27eb5812-d88b-4499-a622-6e4a7aa4f37e","local_time":"20201230133730","is_ascension_mode":true,"campfire_choices":[{"data":"Leg Sweep","floor":6.0,"key":"SMITH"},{"data":"Bouncing Flask","floor":8.0,"key":"SMITH"},{"data":"Neutralize","floor":10.0,"key":"SMITH"},{"data":"Survivor","floor":15.0,"key":"SMITH"},{"data":"Defend_G","floor":23.0,"key":"SMITH"},{"data":"Defend_G","floor":25.0,"key":"SMITH"},{"data":"Defend_G","floor":27.0,"key":"SMITH"},{"data":"Defend_G","floor":32.0,"key":"SMITH"},{"data":"Strike_G","floor":40.0,"key":"SMITH"},{"data":"Prepared","floor":49,"key":"SMITH"}],"circlet_count":0,"master_deck":["Strike_G","Strike_G+1","Defend_G+1","Defend_G+1","Defend_G+1","Defend_G+1","Survivor+1","Neutralize+1","Poisoned Stab+1","Footwork+1","Leg Sweep+1","Bouncing Flask+1","Deadly Poison+1","Envenom+1","Footwork+1","Noxious Fumes+1","Leg Sweep+1","Well Laid Plans+1","Footwork+1","Prepared+1"],"relics":["Ring of the Snake","Frozen Egg 2","Meat on the Bone","Singing Bowl","Coffee Dripper","Anchor","Vajra","Pocketwatch","Paper Crane","Cursed Key","DollysMirror","Unceasing Top","Torii","Prayer Wheel"],"acts_visited":["Exordium","TheCity","TheBeyond"],"potions_floor_usage":[50],"damage_taken":[{"damage":1.0,"enemies":"Jaw Worm","floor":1.0,"turns":7.0},{"damage":2.0,"enemies":"2 Louse","floor":4.0,"turns":3.0},{"damage":0.0,"enemies":"Cultist","floor":5.0,"turns":3.0},{"damage":8.0,"enemies":"Lagavulin","floor":7.0,"turns":10.0},{"damage":21.0,"enemies":"3 Sentries","floor":11.0,"turns":10.0},{"damage":0.0,"enemies":"Looter","floor":14.0,"turns":4.0},{"damage":29.0,"enemies":"Slime Boss","floor":16.0,"turns":14.0},{"damage":1.0,"enemies":"3 Byrds","floor":18.0,"turns":5.0},{"damage":1.0,"enemies":"Chosen","floor":20.0,"turns":5.0},{"damage":10.0,"enemies":"3 Cultists","floor":22.0,"turns":7.0},{"damage":37.0,"enemies":"Book of Stabbing","floor":24.0,"turns":7.0},{"damage":1.0,"enemies":"Colosseum Slavers","floor":28.0,"turns":6.0},{"damage":11.0,"enemies":"Colosseum Nobs","floor":28.0,"turns":6.0},{"damage":10.0,"enemies":"Chosen and Byrds","floor":29.0,"turns":6.0},{"damage":0.0,"enemies":"Snake Plant","floor":30.0,"turns":5.0},{"damage":0.0,"enemies":"Centurion and Healer","floor":31.0,"turns":6.0},{"damage":5.0,"enemies":"Automaton","floor":33.0,"turns":8.0},{"damage":0.0,"enemies":"3 Darklings","floor":35.0,"turns":5.0},{"damage":0.0,"enemies":"3 Shapes","floor":37.0,"turns":5.0},{"damage":0,"enemies":"Nemesis","floor":41,"turns":7},{"damage":0,"enemies":"Maw","floor":42,"turns":7},{"damage":21,"enemies":"Sphere and 2 Shapes","floor":44,"turns":5},{"damage":57,"enemies":"4 Shapes","floor":45,"turns":6},{"damage":0,"enemies":"2 Orb Walkers","floor":48,"turns":7},{"damage":22,"enemies":"Awakened One","floor":50,"turns":18}],"seed_played":"8027331437623820446","potions_obtained":[{"floor":4.0,"key":"Fire Potion"},{"floor":11.0,"key":"LiquidMemories"},{"floor":16.0,"key":"LiquidMemories"},{"floor":22.0,"key":"Weak Potion"},{"floor":24.0,"key":"GhostInAJar"},{"floor":28.0,"key":"Strength Potion"},{"floor":29.0,"key":"LiquidBronze"},{"floor":37.0,"key":"FearPotion"},{"floor":45,"key":"Explosive Potion"},{"floor":48,"key":"CunningPotion"}],"is_trial":false,"path_per_floor":["M","?","?","M","M","R","E","R","T","R","E","?","$","M","R","B",null,"M","?","M","?","M","R","E","R","T","R","?","M","M","M","R","B",null,"M","?","M","?","$","R","E","M","T","M","M","$","?","?","R","B",null],"character_chosen":"THE_SILENT","items_purchased":["Well Laid Plans+1","DollysMirror"],"campfire_rested":0,"item_purchase_floors":[39,39],"current_hp_per_floor":[69,69,66,64,64,64,56,56,56,56,47,47,47,49,49,32,62,63,63,64,64,54,54,31,31,31,31,45,49,49,51,51,48,77,79,79,81,81,81,81,83,85,85,64,21,21,21,33,33,23],"gold":69,"neow_bonus":"REMOVE_TWO","is_daily":false,"chose_seed":false,"campfire_upgraded":10,"win_rate":0.0,"timestamp":1609353450,"path_taken":["M","?","?","M","M","R","E","R","T","R","E","?","$","?","R","BOSS","M","?","M","?","M","R","E","R","T","R","?","M","M","M","R","BOSS","M","?","M","?","$","R","E","M","T","?","M","$","?","?","R","BOSS"],"items_purchased_type":["Card","Relic"],"build_version":"2020-12-22","purchased_purges":3,"victory":true,"max_hp_per_floor":[70,70,70,70,70,70,70,70,70,70,70,70,70,72,72,72,72,74,74,76,76,76,76,78,78,78,78,80,82,82,84,84,86,86,88,84,86,86,86,86,88,90,90,90,92,92,92,92,92,92],"card_choices":[{"not_picked":["Blur","Underhanded Strike"],"picked":"Poisoned Stab","floor":1.0},{"not_picked":["Deadly Poison","Calculated Gamble"],"picked":"Footwork+1","floor":4.0},{"not_picked":["Eviscerate","Blade Dance"],"picked":"Leg Sweep","floor":5.0},{"not_picked":["Quick Slash","Flechettes"],"picked":"Bouncing Flask","floor":7.0},{"not_picked":["Acrobatics","Dagger Spray"],"picked":"Deadly Poison","floor":11.0},{"not_picked":["Dodge and Roll","Bane","Deadly Poison"],"picked":"Singing Bowl","floor":14.0},{"not_picked":["Bullet Time","Phantasmal Killer"],"picked":"Envenom+1","floor":16.0},{"not_picked":["Bane+1","Underhanded Strike","Dagger Throw"],"picked":"Singing Bowl","floor":18.0},{"not_picked":["Setup+1","Deflect","Acrobatics+1"],"picked":"Singing Bowl","floor":20.0},{"not_picked":["Caltrops+1","Deflect"],"picked":"Noxious Fumes+1","floor":22.0},{"not_picked":["Deflect","Dodge and Roll+1","Choke"],"picked":"Singing Bowl","floor":24.0},{"not_picked":["Accuracy+1","Slice","Tactician"],"picked":"Singing Bowl","floor":28.0},{"not_picked":["Bane","Slice+1","All Out Attack"],"picked":"Singing Bowl","floor":29.0},{"not_picked":["Reflex","Slice"],"picked":"Leg Sweep+1","floor":30.0},{"not_picked":["Sucker Punch","Dash","Phantasmal Killer"],"picked":"Singing Bowl","floor":31.0},{"not_picked":["Die Die Die","Storm of Steel","Phantasmal Killer"],"picked":"Singing Bowl","floor":33.0},{"not_picked":["PiercingWail","Blade Dance","Poisoned Stab"],"picked":"Singing Bowl","floor":35.0},{"not_picked":["Escape Plan","Sucker Punch","Acrobatics+1"],"picked":"Singing Bowl","floor":37.0},{"not_picked":["Calculated Gamble+1","Dodge and Roll+1","All Out Attack"],"picked":"Singing Bowl","floor":41},{"not_picked":["Heel Hook","Acrobatics","Dodge and Roll+1"],"picked":"Singing Bowl","floor":42},{"not_picked":["Reflex","Caltrops+1"],"picked":"Footwork+1","floor":44},{"not_picked":["Blade Dance+1","Envenom+1","Dagger Throw"],"picked":"Singing Bowl","floor":45},{"not_picked":["Sucker Punch+1","Deadly Poison+1"],"picked":"Prepared","floor":48}],"player_experience":217120,"relics_obtained":[{"floor":7.0,"key":"Meat on the Bone"},{"floor":9.0,"key":"Singing Bowl"},{"floor":24.0,"key":"Anchor"},{"floor":26.0,"key":"Vajra"},{"floor":28.0,"key":"Pocketwatch"},{"floor":28.0,"key":"Paper Crane"},{"floor":41,"key":"Unceasing Top"},{"floor":43,"key":"Torii"},{"floor":48,"key":"Prayer Wheel"}],"event_choices":[{"damage_healed":0.0,"max_hp_gain":0.0,"max_hp_loss":0.0,"gold_gain":0.0,"event_name":"Living Wall","player_choice":"Grow","floor":2.0,"gold_loss":0.0,"damage_taken":0.0,"cards_upgraded":["Poisoned Stab"]},{"damage_healed":0.0,"max_hp_gain":0.0,"max_hp_loss":0.0,"gold_gain":0.0,"event_name":"Scrap Ooze","player_choice":"Success","floor":3.0,"gold_loss":0.0,"damage_taken":3.0,"relics_obtained":["Frozen Egg 2"]},{"damage_healed":0.0,"max_hp_gain":0.0,"max_hp_loss":0.0,"gold_gain":0.0,"event_name":"Wheel of Change","player_choice":"Cursed","floor":12.0,"gold_loss":0.0,"damage_taken":0.0,"cards_obtained":["Decay"]},{"damage_healed":0.0,"max_hp_gain":0.0,"max_hp_loss":0.0,"gold_gain":0.0,"event_name":"The Library","player_choice":"Read","floor":19.0,"gold_loss":0.0,"damage_taken":0.0,"cards_obtained":["Footwork"]},{"cards_removed":["Strike_G"],"damage_healed":0.0,"max_hp_gain":0.0,"max_hp_loss":0.0,"gold_gain":0.0,"event_name":"Beggar","player_choice":"Gave Gold","floor":21.0,"gold_loss":75.0,"damage_taken":0.0},{"damage_healed":0.0,"max_hp_gain":0.0,"max_hp_loss":0.0,"gold_gain":0.0,"event_name":"Colosseum","player_choice":"Fight","floor":28.0,"gold_loss":0.0,"damage_taken":0.0},{"damage_healed":0.0,"max_hp_gain":0.0,"max_hp_loss":0.0,"gold_gain":0.0,"event_name":"Colosseum","player_choice":"Fought Nobs","floor":28.0,"gold_loss":0.0,"damage_taken":0.0},{"damage_healed":0.0,"max_hp_gain":0.0,"max_hp_loss":4.0,"gold_gain":0.0,"event_name":"Winding Halls","player_choice":"Max HP","floor":36.0,"gold_loss":0.0,"damage_taken":0.0},{"damage_healed":0.0,"max_hp_gain":0.0,"max_hp_loss":0.0,"gold_gain":0.0,"event_name":"Upgrade Shrine","player_choice":"Upgraded","floor":38.0,"gold_loss":0.0,"damage_taken":0.0,"cards_upgraded":["Deadly Poison"]},{"cards_removed":["Footwork"],"damage_healed":0,"gold_gain":0,"player_choice":"Removed Power","damage_taken":0,"max_hp_gain":0,"max_hp_loss":0,"event_name":"Falling","floor":47,"gold_loss":0},{"damage_healed":0,"gold_gain":0,"player_choice":"Fight","damage_taken":0,"max_hp_gain":0,"max_hp_loss":0,"event_name":"Mysterious Sphere","floor":48,"gold_loss":0}],"is_beta":false,"boss_relics":[{"not_picked":["Black Star","Sozu"],"picked":"Coffee Dripper"},{"not_picked":["WristBlade","Calling Bell"],"picked":"Cursed Key"}],"items_purged_floors":[13,39,46],"is_endless":false,"potions_floor_spawned":[4,11,16,22,24,28,28,29,37,45,48],"ascension_level":5}}