{"host":"g1wmg2w41xhsnw8g","time":1609303559,"event":{"mods":["2.2 Compatiblity","Act Like it!","BaseMod","Better Altar","Better Match","Better Note","Better Sensory Stone","Better Skull","Better Third Choice","BetterRewards","Booster Modes","CapriCore","Colored Map","Colored Powertips","Curses Come First","Defuse TimeMaze Blight","Displayed Cursed Tome","Evolution","Friendly Minions","GifTheSpireLib","Googly Eyes","Hubris","Infinite Spire","Minty Spire (QoL Compilation)","Red Circlet Mod","Relic Sorter","SCP261 Mod","Shop Mod","Spicy Shops","StSLib","The Cursed","The Poker Player","The Sage","Transform Curses","Wandering Minibosses","????"],"gold_per_floor":[123,123,136,136,152,191,191,230,281,309,259,272,343,370,156,274,286,310,331,395,357,369,415,427,473,511,536,548,560,581,628,18,138,150,179,0,21,33,118,35,84,96,108,120,132,144,182,211,5,131,143,163,248,278,304,322,360,53,99,185,217,229,249,285,329,117,227,239,265,277,1063,1084,698,698,700,700,725,750,797,814,813,813,454,535,535,540,762,299,300,332,332],"floor_reached":90,"playtime":4400,"items_purged":["TheCursedMod:Defend_TheCursed","TheCursedMod:Defend_TheCursed","TheCursedMod:Strike_TheCursed","TheCursedMod:Strike_TheCursed","hubris:Insight"],"score":2622,"play_id":"a3973ddc-1641-4bd9-9915-1b63a99a0241","local_time":"20201229234558","is_ascension_mode":true,"campfire_choices":[{"floor":7,"key":"RECALL"},{"data":"TheCursedMod:AntiAging","floor":24,"key":"SMITH"},{"data":"PokerPlayerMod:CardPrinter+2","floor":42,"key":"SMITH"},{"data":"TheCursedMod:ParallelWorld","floor":46,"key":"SMITH"},{"data":"infinitespire:Collect","floor":62,"key":"SMITH"},{"data":"infinitespire:TheBestDefense","floor":74,"key":"SMITH"}],"circlet_count":0,"master_deck":["TheCursedMod:Strike_TheCursed+1","TheCursedMod:Strike_TheCursed+1","TheCursedMod:Defend_TheCursed+1","TheCursedMod:CursedWand+1","TheCursedMod:CleanUpWorkshop+1","TheCursedMod:Dregs","TheCursedMod:TroublousMinions","TheCursedMod:LuckyCharm","TheCursedMod:ParallelWorld+1","TheCursedMod:CircleOfBlood+1","TheCursedMod:Hemoplague","TheCursedMod:SurpriseAttack","TheCursedMod:RavingStaff+1","TheCursedMod:SurpriseAttack","TheCursedMod:Neurasthenia","TheCursedMod:RavingStaff","TheCursedMod:AntiAging+1","infinitespire:Collect+1","TheCursedMod:Neurasthenia","PokerPlayerMod:CardPrinter+3","TheCursedMod:UltimatePain+1","infinitespire:Oblivion","TheCursedMod:ManaCirculation+1","TheCursedMod:CollectTribute+1","infinitespire:TheBestDefense+1","TheCursedMod:CursedStaff","TheCursedMod:CursedAmulet","TheCursedMod:HellsGateOpen+1","TheCursedMod:SpreadPlague","TheCursedMod:VoidForm+1","TheCursedMod:CircleOfAbyss","TheCursedMod:FleshFromBone","TheCursedMod:EmpowerCircles+1","TheCursedMod:ReleasedStrength","hubris:DuctTapeCard","TheCursedMod:FleshFromBone","Sadistic Nature+1","Parasite"],"relics":["TheCursedMod:BlackMagicAdvanced","hubris:DeckOfHolding","EVO:Axolotl","MerchantsRug","Ancient Tea Set","FossilizedHelix","hubris:SphereOfDissonance","hubris:BundleOfHerbs","Bronze Scales","Unceasing Top","infinitespire:Lychee Nut","hubris:FunFungus","Chemical X","Sling","infinitespire:Satchel","Nunchaku","infinitespire:FocusingShard","Bag of Marbles","Anchor","infinitespire:ShieldingShard","OrangePellets","CeramicFish","PreservedInsect","Tiny Chest","hubris:AstralHammer","MealTicket","MawBank","TheCursedMod:PinkPellets","HornCleat","Philosopher\u0027s Stone","Black Star","Juzu Bracelet","sagemod:Singing_Vial","infinitespire:Lucky Rock","hubris:SlimyHat","Art of War","infinitespire:PuzzleCube","Bottled Lightning","infinitespire:WardingShard","Dream Catcher","Omamori","Orichalcum","betterAltar:BloodRelic","SCP261:SadistsTumblerRelic","Red Mask","Singing Bowl","Membership Card","Akabeko","infinitespire:EmpoweringShard","Frozen Egg 2","Lantern","Oddly Smooth Stone","Bottled Flame","Boot","Regal Pillow","Happy Flower","Frozen Eye","Toy Ornithopter","TheCursedMod:Tack","hubris:TerracottaHorce","hubris:BottledRain","SlaversCollar","HandDrill","Kunai","Smiling Mask","TheCursedMod:DemonicMark","hubris:OldNail","infinitespire:Beetle Shell","Peace Pipe","Potion Belt","hubris:Metronome","hubris:ToyBattleship","Ornamental Fan","TheCursedMod:OminousMark","Bloody Idol","wanderingMiniBosses:MasterThiefsPresence","hubris:HerbalPaste","infinitespire:Midas Blood","TungstenRod","Bag of Preparation","Centennial Puzzle","Pen Nib","infinitespire:Magic Flask","StoneCalendar","hubris:TenFootPole","Vajra","TheCursedMod:BloodyHarpoon","MutagenicStrength","Gremlin Horn","InkBottle","hubris:DuctTape","hubris:VirtuousBlindfold","Toxic Egg 2","Question Card","infinitespire:Bottled Soul","sagemod:The_Guidebook_Guide","hubris:EmptyBottle"],"acts_visited":["Exordium","TheCity","TheBeyond","Exordium","TheCity","TheBeyond"],"potions_floor_usage":[6,23,31,33,84,84,84],"damage_taken":[{"damage":0,"enemies":"Small Slimes","floor":1,"turns":1},{"damage":0,"enemies":"Jaw Worm","floor":3,"turns":2},{"damage":0,"enemies":"2 Louse","floor":5,"turns":2},{"damage":0,"enemies":"3 Sentries","floor":6,"turns":4},{"damage":0,"enemies":"Lagavulin","floor":8,"turns":1},{"damage":0,"enemies":"3 Sentries","floor":10,"turns":3},{"damage":0,"enemies":"Blue Slaver","floor":12,"turns":2},{"damage":0,"enemies":"Lagavulin Event","floor":13,"turns":1},{"damage":0,"enemies":"The Guardian","floor":16,"turns":4},{"damage":0,"enemies":"Shell Parasite","floor":18,"turns":1},{"damage":0,"enemies":"Slavers","floor":23,"turns":2},{"damage":0,"enemies":"Gremlin Leader","floor":25,"turns":1},{"damage":0,"enemies":"Chosen","floor":27,"turns":2},{"damage":17,"enemies":"Nightmare","floor":31,"turns":4},{"damage":4,"enemies":"Champ","floor":33,"turns":4},{"damage":0,"enemies":"Orb Walker","floor":35,"turns":1},{"damage":0,"enemies":"Giant Head","floor":41,"turns":3},{"damage":0,"enemies":"Reptomancer","floor":47,"turns":3},{"damage":0,"enemies":"3 Shapes","floor":48,"turns":2},{"damage":124,"enemies":"infinitespire:MassOfShapes","floor":50,"turns":11},{"damage":0,"enemies":"Small Slimes","floor":52,"turns":2},{"damage":0,"enemies":"Jaw Worm","floor":55,"turns":1},{"damage":0,"enemies":"Cultist","floor":56,"turns":2},{"damage":0,"enemies":"3 Sentries","floor":57,"turns":2},{"damage":0,"enemies":"Nightmare","floor":59,"turns":1},{"damage":0,"enemies":"3 Louse","floor":61,"turns":1},{"damage":0,"enemies":"Blue Slaver","floor":63,"turns":2},{"damage":0,"enemies":"3 Sentries","floor":65,"turns":2},{"damage":0,"enemies":"The Guardian","floor":67,"turns":1},{"damage":0,"enemies":"Spheric Guardian","floor":69,"turns":1},{"damage":0,"enemies":"Chosen","floor":71,"turns":4},{"damage":0,"enemies":"Shelled Parasite and Fungi","floor":75,"turns":3},{"damage":0,"enemies":"Book of Stabbing","floor":78,"turns":1},{"damage":0,"enemies":"Nightmare","floor":80,"turns":2},{"damage":0,"enemies":"Snecko","floor":81,"turns":2},{"damage":0,"enemies":"Automaton","floor":84,"turns":1},{"damage":0,"enemies":"Orb Walker","floor":86,"turns":1},{"damage":0,"enemies":"3 Darklings","floor":89,"turns":2},{"damage":395,"enemies":"Spire Growth","floor":90,"turns":11}],"seed_played":"-4754144016345406613","potions_obtained":[{"floor":1,"key":"ColorlessPotion"},{"floor":5,"key":"SCP261:GirlTearsPotion"},{"floor":16,"key":"DistilledChaos"},{"floor":18,"key":"SkillPotion"},{"floor":25,"key":"Strength Potion"},{"floor":35,"key":"sagemod:Wine"},{"floor":50,"key":"GamblersBrew"},{"floor":55,"key":"Explosive Potion"},{"floor":57,"key":"TheCursedMod:DregsPotion"},{"floor":61,"key":"SCP261:DewritoBlazePotion"},{"floor":67,"key":"BlessingOfTheForge"},{"floor":71,"key":"BlessingOfTheForge"},{"floor":78,"key":"TheCursedMod:DregsPotion"},{"floor":81,"key":"Swift Potion"},{"floor":86,"key":"SCP261:EnergyGasPotion"},{"floor":89,"key":"SpeedPotion"}],"is_trial":false,"path_per_floor":["M","?","M","$","M","E","R","E","T","E","?","M","?","T","R","B",null,"M","AVR","T","?","?","E","R","E","T","M","$","T","?","NM","R","B",null,"M","?","AVR","?","T","R","E","R","T","?","?","R","E","M","R","B",null,"M","?","AVR","M","M","E","R","NM","T","M","R","M","T","E","R","B",null,"M","?","M","?","$","R","M","?","T","E","T","NM","M","?","R","B",null,"M","?","$","M","M"],"character_chosen":"THE_CURSED","items_purchased":["MerchantsRug","Ancient Tea Set","TheCursedMod:TroublousMinions","FossilizedHelix","hubris:SphereOfDissonance","hubris:BundleOfHerbs","Bronze Scales","Unceasing Top","TheCursedMod:LuckyCharm","TheCursedMod:CursedShiv","TheCursedMod:ParallelWorld","hubris:FunFungus","Chemical X","Sling","infinitespire:Satchel","Nunchaku","TheCursedMod:CircleOfBlood","infinitespire:FocusingShard","Bag of Marbles","Anchor","TheCursedMod:Hemoplague","TheCursedMod:SurpriseAttack","infinitespire:ShieldingShard","OrangePellets","CeramicFish","TheCursedMod:SpitefulPlan","TheCursedMod:PinkPellets","HornCleat","Blood Vial","Whetstone","hubris:DeckOfHolding","Strawberry","SCP261:SadistsTumblerRelic","Frozen Egg 2","Lantern","Orrery","Frozen Eye","Toy Ornithopter","TheCursedMod:Tack","HandDrill","Kunai","Whetstone","Smiling Mask","TheCursedMod:CursedAmulet","Potion Belt","hubris:Metronome","hubris:ToyBattleship","Ornamental Fan","hubris:Insight","hubris:HerbalPaste","infinitespire:Midas Blood","TungstenRod","Bag of Preparation","TheCursedMod:ReleasedStrength","Gremlin Horn","InkBottle","hubris:DuctTape","TheCursedMod:FleshFromBone","Toxic Egg 2","Question Card","infinitespire:Bottled Soul","Sadistic Nature+1","sagemod:The_Guidebook_Guide","hubris:EmptyBottle"],"campfire_rested":0,"item_purchase_floors":[0,0,0,0,0,0,0,0,0,0,0,0,0,0,0,0,0,0,0,0,0,0,0,0,0,0,15,15,32,32,32,32,32,40,40,40,49,49,49,58,58,58,58,58,66,66,66,66,66,73,73,73,73,73,83,83,83,83,88,88,88,88,88,88],"current_hp_per_floor":[56,56,56,56,56,56,56,56,56,56,56,56,56,56,56,56,56,56,56,56,56,66,66,66,66,66,69,69,69,69,55,62,78,82,85,85,85,85,85,93,99,99,99,103,103,103,108,113,113,1,87,111,114,114,119,129,141,141,146,146,149,149,154,154,167,167,170,170,173,77,123,136,161,161,183,183,183,188,188,193,198,198,198,205,205,210,210,210,215,0,0],"gold":332,"neow_bonus":"","is_daily":false,"chose_seed":false,"campfire_upgraded":5,"win_rate":0.0,"timestamp":1609303558,"path_taken":["M","?","M","$","M","E","R","E","T","E","?","M","?","?","R","BOSS","M","AVR","?","?","?","E","R","E","T","M","?","?","?","NM","R","BOSS","M","?","AVR","?","?","R","E","R","T","?","?","R","E","M","R","BOSS","M","?","AVR","M","M","E","R","NM","T","M","R","M","?","E","R","BOSS","M","?","M","?","$","R","M","?","T","E","?","NM","M","?","R","BOSS","M","?","$","M","M"],"items_purchased_type":["Relic","Relic","Card","Relic","Relic","Relic","Relic","Relic","Card","Card","Card","Relic","Relic","Relic","Relic","Relic","Card","Relic","Relic","Relic","Card","Card","Relic","Relic","Relic","Card","Relic","Relic","Relic","Relic","Relic","Relic","Relic","Relic","Relic","Relic","Relic","Relic","Relic","Relic","Relic","Relic","Relic","Card","Relic","Relic","Relic","Relic","Card","Relic","Relic","Relic","Relic","Card","Relic","Relic","Relic","Card","Relic","Relic","Relic","Card","Relic","Relic"],"build_version":"2020-12-22","purchased_purges":5,"victory":false,"max_hp_per_floor":[56,56,56,56,56,56,56,56,56,56,56,56,56,56,56,56,56,56,56,56,56,66,66,66,66,66,69,69,69,69,72,79,82,82,85,85,85,85,85,93,99,99,99,103,103,103,108,113,113,116,116,121,121,121,124,129,141,141,146,146,149,149,154,154,167,167,170,170,173,173,178,178,178,178,183,183,183,188,188,193,198,198,198,205,205,210,210,210,215,215,215],"card_choices":[{"not_picked":["TheCursedMod:BloodBarrier","TheCursedMod:CursedShiv"],"picked":"TheCursedMod:RavingStaff","floor":1},{"not_picked":["TheCursedMod:SpitefulStrike","TheCursedMod:Stigma","TheCursedMod:ManaBullet"],"picked":"SKIP","floor":3},{"not_picked":["TheCursedMod:CircleOfFlame","TheCursedMod:Wield","TheCursedMod:CircleOfBlood"],"picked":"SKIP","floor":5},{"not_picked":["TheCursedMod:RapidMovement","TheCursedMod:TacticalStrike"],"picked":"TheCursedMod:SurpriseAttack","floor":6},{"not_picked":["TheCursedMod:CursedShiv","TheCursedMod:DoubleShield"],"picked":"TheCursedMod:Neurasthenia","floor":8},{"not_picked":["TheCursedMod:CircleOfFlame","TheCursedMod:Obscuration","TheCursedMod:RapidMovement"],"picked":"SKIP","floor":10},{"not_picked":["TheCursedMod:CursedStaff","TheCursedMod:CircleOfCorruption","TheCursedMod:BloodBarrier"],"picked":"SKIP","floor":12},{"not_picked":["TheCursedMod:TacticalStrike","TheCursedMod:CursedShiv"],"picked":"TheCursedMod:RavingStaff","floor":13},{"not_picked":["TheCursedMod:CircleOfAbyss","TheCursedMod:DarkBarrier"],"picked":"TheCursedMod:AntiAging","floor":16},{"not_picked":["TheCursedMod:Stigma","TheCursedMod:TacticalStrike","TheCursedMod:Hemoplague"],"picked":"SKIP","floor":18},{"not_picked":["TheCursedMod:Stretching","TheCursedMod:Grudge"],"picked":"TheCursedMod:Neurasthenia","floor":23},{"not_picked":["TheCursedMod:RapidMovement","TheCursedMod:SpitefulPray+1"],"picked":"TheCursedMod:EmpowerCircles","floor":25},{"not_picked":["TheCursedMod:Obscuration","TheCursedMod:CircleOfWindfury+1","TheCursedMod:SoulReap"],"picked":"Singing Bowl","floor":27},{"not_picked":["TheCursedMod:CircleOfFlame","TheCursedMod:TacticalStrike+1","TheCursedMod:FuryStrike"],"picked":"SKIP","floor":31},{"not_picked":["TheCursedMod:DarkBarrier","TheCursedMod:Neurasthenia"],"picked":"TheCursedMod:UltimatePain","floor":33},{"not_picked":["TheCursedMod:Obscuration+1","TheCursedMod:CursedBlade","TheCursedMod:CircleOfCorruption+1"],"picked":"Singing Bowl","floor":35},{"not_picked":["TheCursedMod:SurpriseAttack","TheCursedMod:CursedMace+1","TheCursedMod:SmokeScreen+1"],"picked":"Singing Bowl","floor":40},{"not_picked":["TheCursedMod:OutForBlood+1","TheCursedMod:SurpriseAttack+1","TheCursedMod:ReleasedKnowledge+1"],"picked":"Singing Bowl","floor":40},{"not_picked":["TheCursedMod:Wield+1","TheCursedMod:CircleOfFocus","TheCursedMod:CircleOfFlame+1"],"picked":"Singing Bowl","floor":40},{"not_picked":["TheCursedMod:CursedArmor","TheCursedMod:RapidMovement+1","TheCursedMod:CursedStaff"],"picked":"Singing Bowl","floor":40},{"not_picked":["TheCursedMod:RapidMovement","TheCursedMod:CursedStaff+1"],"picked":"TheCursedMod:ManaCirculation+1","floor":41},{"not_picked":["Mayhem+1","Bandage Up","Mind Blast"],"picked":"Singing Bowl","floor":44},{"not_picked":["Panache+1","PanicButton","Flash of Steel"],"picked":"Singing Bowl","floor":44},{"not_picked":["TheCursedMod:Obscuration","TheCursedMod:Mangle+1","TheCursedMod:CircleOfFlame"],"picked":"Singing Bowl","floor":47},{"not_picked":["TheCursedMod:SoulReap","TheCursedMod:SpitefulPray","TheCursedMod:CircleOfCorruption+1"],"picked":"Singing Bowl","floor":48},{"not_picked":["TheCursedMod:NeowsMight","TheCursedMod:OutForBlood+1"],"picked":"TheCursedMod:CollectTribute+1","floor":50},{"not_picked":["TheCursedMod:WearCloak","TheCursedMod:CursedSpellbook","TheCursedMod:SurpriseAttack"],"picked":"Singing Bowl","floor":52},{"not_picked":["TheCursedMod:CursedBlade","TheCursedMod:RavingStaff"],"picked":"TheCursedMod:CursedStaff","floor":55},{"not_picked":["TheCursedMod:Wield","TheCursedMod:Stretching","TheCursedMod:Torture"],"picked":"Singing Bowl","floor":56},{"not_picked":["TheCursedMod:SaltUponWound","TheCursedMod:ManaBullet","TheCursedMod:Torture"],"picked":"Singing Bowl","floor":57},{"not_picked":["infinitespire:DeathsTouch","infinitespire:FinalStrike","infinitespire:Punishment"],"picked":"Singing Bowl","floor":59},{"not_picked":["TheCursedMod:SpitefulStrike","TheCursedMod:CursedSpellbook"],"picked":"TheCursedMod:HellsGateOpen+1","floor":59},{"not_picked":["TheCursedMod:BlessingInDisguise","TheCursedMod:CursedMace"],"picked":"TheCursedMod:SpreadPlague","floor":61},{"not_picked":["TheCursedMod:CursedMace","TheCursedMod:VitalStrike","TheCursedMod:CursedBlade"],"picked":"Singing Bowl","floor":63},{"not_picked":["TheCursedMod:SaltUponWound","TheCursedMod:BlessingInDisguise"],"picked":"TheCursedMod:VoidForm+1","floor":65},{"not_picked":["TheCursedMod:DemonSword","TheCursedMod:OutForBlood+1"],"picked":"TheCursedMod:CircleOfAbyss","floor":67},{"not_picked":["TheCursedMod:PrepareRite","TheCursedMod:CursedMace+1"],"picked":"TheCursedMod:FleshFromBone","floor":69},{"not_picked":["TheCursedMod:CircleOfAmplification","TheCursedMod:SoulReap+1","TheCursedMod:CursedMace"],"picked":"Singing Bowl","floor":71},{"not_picked":["TheCursedMod:VitalStrike","TheCursedMod:BloodBarrier","TheCursedMod:EmpowerCircles+1"],"picked":"Singing Bowl","floor":75},{"not_picked":["TheCursedMod:CursedAmulet","TheCursedMod:SurpriseAttack","TheCursedMod:CircleOfBlood+1"],"picked":"Singing Bowl","floor":78},{"not_picked":["TheCursedMod:CursedSpellbook","TheCursedMod:VitalStrike","TheCursedMod:CircleOfBlood+1"],"picked":"Singing Bowl","floor":80},{"not_picked":["TheCursedMod:Hemoplague+1","TheCursedMod:DoubleShield","TheCursedMod:SpitefulPlan+1"],"picked":"Singing Bowl","floor":81},{"not_picked":["TheCursedMod:OutForBlood+1","TheCursedMod:NeowsMight","TheCursedMod:ManaCirculation+1"],"picked":"Singing Bowl","floor":84},{"not_picked":["infinitespire:Gouge","hubris:InfiniteBlow+2496","infinitespire:Menacing"],"picked":"Singing Bowl","floor":84},{"not_picked":["TheCursedMod:CursedAmulet","TheCursedMod:CircleOfFlame","TheCursedMod:StingEye"],"picked":"Singing Bowl","floor":86},{"not_picked":["TheCursedMod:SpitefulStrike","TheCursedMod:CursedBoomerang","TheCursedMod:StingEye","TheCursedMod:CircleOfCorruption+1"],"picked":"Singing Bowl","floor":89}],"player_experience":1082020,"relics_obtained":[{"floor":6,"key":"PreservedInsect"},{"floor":8,"key":"War Paint"},{"floor":9,"key":"Tiny Chest"},{"floor":10,"key":"hubris:AstralHammer"},{"floor":13,"key":"MealTicket"},{"floor":14,"key":"MawBank"},{"floor":20,"key":"Juzu Bracelet"},{"floor":23,"key":"sagemod:Singing_Vial"},{"floor":23,"key":"infinitespire:Lucky Rock"},{"floor":25,"key":"hubris:SlimyHat"},{"floor":25,"key":"Matryoshka"},{"floor":26,"key":"Art of War"},{"floor":26,"key":"infinitespire:PuzzleCube"},{"floor":26,"key":"Bottled Lightning"},{"floor":29,"key":"infinitespire:WardingShard"},{"floor":29,"key":"Dream Catcher"},{"floor":31,"key":"Omamori"},{"floor":31,"key":"Orichalcum"},{"floor":39,"key":"infinitespire:EmpoweringShard"},{"floor":41,"key":"Oddly Smooth Stone"},{"floor":41,"key":"Bottled Flame"},{"floor":43,"key":"Boot"},{"floor":47,"key":"Regal Pillow"},{"floor":47,"key":"Happy Flower"},{"floor":57,"key":"War Paint"},{"floor":57,"key":"Strawberry"},{"floor":59,"key":"TheCursedMod:DemonicMark"},{"floor":59,"key":"hubris:OldNail"},{"floor":60,"key":"infinitespire:Eraser"},{"floor":64,"key":"infinitespire:Beetle Shell"},{"floor":65,"key":"Peace Pipe"},{"floor":65,"key":"Pear"},{"floor":71,"key":"wanderingMiniBosses:MasterThiefsPresence"},{"floor":77,"key":"Pen Nib"},{"floor":78,"key":"infinitespire:Magic Flask"},{"floor":78,"key":"StoneCalendar"},{"floor":79,"key":"hubris:TenFootPole"},{"floor":80,"key":"Vajra"},{"floor":80,"key":"TheCursedMod:BloodyHarpoon"}],"event_choices":[{"cards_removed":["TheCursedMod:Defend_TheCursed"],"damage_healed":0,"gold_gain":0,"player_choice":"Card Removal","damage_taken":0,"max_hp_gain":0,"max_hp_loss":0,"event_name":"The Cleric","floor":11,"gold_loss":50},{"damage_healed":0,"gold_gain":0,"player_choice":"Searched \u00272\u0027 times","damage_taken":0,"max_hp_gain":0,"max_hp_loss":0,"event_name":"Dead Adventurer","floor":13,"gold_loss":0},{"damage_healed":0,"gold_gain":0,"player_choice":"Bet on Murderer","damage_taken":0,"max_hp_gain":0,"max_hp_loss":0,"event_name":"The Joust","floor":21,"gold_loss":50},{"cards_removed":["TheCursedMod:ShockAndAwe"],"damage_healed":0,"gold_gain":0,"player_choice":"Offered Rare","damage_taken":0,"max_hp_gain":10,"max_hp_loss":0,"event_name":"Bonfire Elementals","floor":22,"gold_loss":0},{"cards_removed":["TheCursedMod:CircleOfBlood"],"damage_healed":0,"gold_gain":0,"player_choice":"Take \u0026 Give","damage_taken":0,"max_hp_gain":0,"max_hp_loss":0,"event_name":"betterNote:BetterNote","floor":30,"gold_loss":0,"cards_obtained":["PokerPlayerMod:CardPrinter"]},{"damage_healed":0,"gold_gain":0,"player_choice":"Paid","damage_taken":0,"relics_obtained":["Red Mask"],"max_hp_gain":0,"max_hp_loss":0,"event_name":"Tomb of Lord Red Mask","floor":36,"gold_loss":191},{"damage_healed":0,"gold_gain":0,"player_choice":"Gave Potion","damage_taken":0,"relics_obtained":["Akabeko"],"max_hp_gain":0,"max_hp_loss":0,"event_name":"WeMeetAgain","floor":38,"gold_loss":0},{"damage_healed":0,"gold_gain":3,"player_choice":"1","damage_taken":0,"max_hp_gain":0,"max_hp_loss":0,"event_name":"betterStone:BetterStone","floor":44,"gold_loss":0},{"cards_removed":["TheCursedMod:EmpowerCircles"],"damage_healed":0,"gold_gain":0,"player_choice":"Removed Power","damage_taken":0,"max_hp_gain":0,"max_hp_loss":0,"event_name":"Falling","floor":45,"gold_loss":0},{"damage_healed":0,"gold_gain":73,"player_choice":"Gained Gold","damage_taken":0,"max_hp_gain":0,"max_hp_loss":0,"event_name":"Golden Wing","floor":53,"gold_loss":0},{"damage_healed":0,"gold_gain":0,"player_choice":" RottenVial Idol ","damage_taken":96,"relics_obtained":["betterAltar:BloodRelic","Bloody Idol"],"max_hp_gain":173,"max_hp_loss":77,"event_name":"betterAltar:BetterAltar","floor":70,"potions_obtained":[],"relics_lost":["Blood Vial"],"gold_loss":0},{"damage_healed":0,"gold_gain":0,"player_choice":"Read","damage_taken":0,"max_hp_gain":0,"max_hp_loss":0,"event_name":"The Library","floor":72,"gold_loss":0,"cards_obtained":["TheCursedMod:EmpowerCircles"]},{"damage_healed":0,"gold_gain":0,"player_choice":"Opened","damage_taken":0,"relics_obtained":["Centennial Puzzle"],"max_hp_gain":0,"max_hp_loss":0,"event_name":"The Mausoleum","floor":76,"gold_loss":0,"cards_obtained":["Writhe"]},{"damage_healed":0,"gold_gain":0,"player_choice":"Inject Mutagens","damage_taken":0,"relics_obtained":["MutagenicStrength"],"max_hp_gain":0,"max_hp_loss":0,"event_name":"Drug Dealer","floor":82,"gold_loss":0},{"damage_healed":0,"gold_gain":222,"player_choice":"Wore Mask","damage_taken":0,"max_hp_gain":0,"max_hp_loss":0,"event_name":"Tomb of Lord Red Mask","floor":87,"gold_loss":0}],"is_beta":false,"boss_relics":[{"not_picked":["Snecko Eye","hubris:ScarierMask"],"picked":"Philosopher\u0027s Stone"},{"not_picked":["Cursed Key","hubris:RunicObelisk"],"picked":"TheCursedMod:BlackMagicAdvanced"},{"not_picked":["sagemod:Falmels_Amulet","Runic Pyramid"],"picked":"hubris:TerracottaHorce"},{"not_picked":["Tiny House","Calling Bell"],"picked":"TheCursedMod:OminousMark"},{"not_picked":["Cursed Key","Runic Pyramid"],"picked":"hubris:VirtuousBlindfold"}],"items_purged_floors":[0,0,0,0,73],"is_endless":true,"potions_floor_spawned":[1,5,16,18,25,35,50,55,57,61,67,71,78,81,86,89],"killed_by":"Spire Growth","ascension_level":1}}