{"host":"nk1hwk2qadwaubm5","time":1609345833,"event":{"mods":["BaseMod","Hubris","Infinite Spire","Minty Spire (QoL Compilation)","Replay The Spire","StSLib"],"gold_per_floor":[109,184,36,50,50,75,45,45,45,73,99,126,144,144,163,193,193,290,290,310,310,15,15,15,15,31,31,31,31,47,76,76,107,107,211,211,228,228,280,292,303,333,333,333,333,353,371,371,68,68,68,68],"floor_reached":53,"playtime":5281,"items_purged":["hubris:Strike_Merchant"],"score":838,"play_id":"fb85a067-d54e-4097-b5a2-101596f85312","local_time":"20201230173033","is_ascension_mode":true,"campfire_choices":[{"floor":14,"key":"REST"},{"floor":17,"key":"REST"},{"data":"Flechettes","floor":25,"key":"SMITH"},{"data":"Burst","floor":27,"key":"SMITH"},{"data":"Neutralize","floor":29,"key":"SMITH"},{"data":"A Thousand Cuts","floor":32,"key":"SMITH"},{"data":"Dodge and Roll","floor":34,"key":"SMITH"},{"data":"After Image","floor":43,"key":"SMITH"},{"data":"Envenom","floor":48,"key":"SMITH"},{"floor":51,"key":"REST"}],"circlet_count":0,"master_deck":["Strike_G","Strike_G","Strike_G+1","Strike_G","Defend_G","Defend_G+1","Defend_G","Defend_G","Survivor","Neutralize+1","Defend_P","Blade Dance","Escape Plan+1","ReplayTheSpireMod:Tripwire","Dodge and Roll+1","Flechettes+1","Acrobatics","Burst+1","Blade Dance","Calculated Gamble+1","Blur","A Thousand Cuts+1","Blade Dance","Die Die Die","Blade Dance+1","hubris:SlightOfHand","Acrobatics","After Image+1","Backflip","Flash of Steel","Doubt","Calculated Gamble","Dagger Throw+1","Envenom+1"],"relics":["Ring of the Snake","Lizard Tail","ClockworkSouvenir","Tingsha","Smiling Mask","Gremlin Food","infinitespire:CheckeredPen","Prayer Wheel","Sozu","Ornamental Fan","Replay:Bottled Flurry","infinitespire:Beetle Shell","infinitespire:ShieldingShard","Cursed Key","Torii","Gambling Chip","Anchor","Replay:PocketPolymizer","Basket Of Snakes"],"acts_visited":["Exordium","TheCity","TheBeyond"],"potions_floor_usage":[6,10,12,16,31],"damage_taken":[{"damage":3,"enemies":"Small Slimes","floor":1,"turns":3},{"damage":8,"enemies":"Jaw Worm","floor":4,"turns":4},{"damage":31,"enemies":"Gremlin Nob","floor":6,"turns":5},{"damage":9,"enemies":"3 Sentries","floor":10,"turns":15},{"damage":5,"enemies":"Replay:BlueRogue","floor":12,"turns":7},{"damage":0,"enemies":"2 Louse","floor":13,"turns":2},{"damage":0,"enemies":"Exordium Thugs","floor":15,"turns":4},{"damage":16,"enemies":"Gremlin Nob","floor":16,"turns":3},{"damage":28,"enemies":"Hexaghost","floor":18,"turns":13},{"damage":1,"enemies":"Shell Parasite","floor":20,"turns":6},{"damage":0,"enemies":"3 Byrds","floor":26,"turns":3},{"damage":0,"enemies":"Cultist and Chosen","floor":30,"turns":3},{"damage":0,"enemies":"Slavers","floor":31,"turns":4},{"damage":0,"enemies":"Gremlin Leader","floor":33,"turns":4},{"damage":39,"enemies":"Champ","floor":35,"turns":9},{"damage":0,"enemies":"3 Darklings","floor":37,"turns":3},{"damage":39,"enemies":"2 Orb Walkers","floor":39,"turns":4},{"damage":0,"enemies":"Orb Walker","floor":40,"turns":2},{"damage":0,"enemies":"Jaw Worm Horde","floor":41,"turns":2},{"damage":0,"enemies":"R_Hoarder","floor":42,"turns":6},{"damage":0,"enemies":"Writhing Mass","floor":46,"turns":5},{"damage":0,"enemies":"Sphere and 2 Shapes","floor":47,"turns":3},{"damage":11,"enemies":"Awakened One","floor":52,"turns":9}],"seed_played":"-3148673350932286997","potions_obtained":[{"floor":1,"key":"Adrenaline Potion"},{"floor":6,"key":"PowerPotion"},{"floor":7,"key":"SkillPotion"},{"floor":7,"key":"SmokeBomb"},{"floor":12,"key":"GamblersBrew"},{"floor":18,"key":"Block Potion"}],"is_trial":false,"path_per_floor":["M","?","$","M","?","E","?","PTL","PTL","E","T","E","M","R","M","E","R","B",null,"M","?","$","?","$","R","M","R","T","R","M","E","R","E","R","B",null,"M","AVR","?","M","M","E","R","?","T","M","M","R","$","?","R","B",null],"character_chosen":"THE_SILENT","items_purchased":["ClockworkSouvenir","Ornamental Fan","Basket Of Snakes"],"campfire_rested":3,"item_purchase_floors":[3,22,49],"current_hp_per_floor":[67,56,56,48,48,17,17,17,17,8,8,3,3,24,24,8,29,1,70,69,56,56,56,56,56,56,56,56,56,56,56,56,56,56,17,75,75,75,36,36,36,36,36,36,36,36,36,36,36,36,58,47],"gold":68,"neow_bonus":"ONE_RARE_RELIC","is_daily":false,"chose_seed":false,"campfire_upgraded":7,"win_rate":0.0,"timestamp":1609345833,"path_taken":["M","?","$","M","?","E","?","PTL","PTL","E","T","E","M","R","M","E","R","BOSS","M","?","$","?","?","R","?","R","T","R","M","E","R","E","R","BOSS","M","AVR","?","M","M","E","R","?","T","M","M","R","$","?","R","BOSS"],"items_purchased_type":["Relic","Relic","Relic"],"build_version":"2020-12-22","purchased_purges":1,"victory":true,"max_hp_per_floor":[70,70,70,70,70,70,70,70,70,70,70,70,70,70,70,70,70,70,70,70,75,75,75,75,75,75,75,75,75,75,75,75,75,75,75,75,75,75,75,75,75,75,75,75,75,75,75,75,75,75,75,75],"card_choices":[{"not_picked":["hubris:SlightOfHand","Bane"],"picked":"Blade Dance","floor":1},{"not_picked":["Outmaneuver","Draining Mist"],"picked":"Escape Plan","floor":4},{"not_picked":["Sneak Up","Replay:Poison Smokescreen","Outmaneuver"],"picked":"SKIP","floor":6},{"not_picked":["Toxin Wave","Slice"],"picked":"ReplayTheSpireMod:Tripwire","floor":10},{"not_picked":["Poison Darts","Heel Hook","Flying Knee"],"picked":"SKIP","floor":12},{"not_picked":["hubris:Counter","Underhanded Strike"],"picked":"Dodge and Roll","floor":13},{"not_picked":["PiercingWail","Slice"],"picked":"Flechettes","floor":15},{"not_picked":["hubris:SlightOfHand","Sucker Punch"],"picked":"Acrobatics","floor":16},{"not_picked":["Venomology","Doppelganger"],"picked":"Burst","floor":18},{"not_picked":["Deadly Poison+1","Finisher"],"picked":"Blade Dance","floor":20},{"not_picked":["Tactician","Acrobatics","Poisoned Stab"],"picked":"SKIP","floor":20},{"not_picked":["Underhanded Strike","Flying Knee"],"picked":"Calculated Gamble+1","floor":26},{"not_picked":["hubris:SlightOfHand","Noxious Fumes","PiercingWail+1"],"picked":"SKIP","floor":26},{"not_picked":["Prepared","Quick Slash"],"picked":"Blur","floor":30},{"not_picked":["Eviscerate+1","ReplayTheSpireMod:The Works"],"picked":"A Thousand Cuts","floor":30},{"not_picked":["Deflect+1","ReplayTheSpireMod:Tripwire+1"],"picked":"Blade Dance","floor":31},{"not_picked":["Deadly Poison","Flying Knee+1","Bane"],"picked":"SKIP","floor":33},{"not_picked":["ReplayTheSpireMod:From All Sides","Glass Knife"],"picked":"Die Die Die","floor":35},{"not_picked":["Endless Agony+1","Hidden Blade"],"picked":"Blade Dance+1","floor":37},{"not_picked":["Slice","Riddle With Holes+1"],"picked":"hubris:SlightOfHand","floor":37},{"not_picked":["Outmaneuver+1","Prepared"],"picked":"Acrobatics","floor":40},{"not_picked":["Acrobatics","Flying Knee","Noxious Fumes"],"picked":"SKIP","floor":40},{"not_picked":["Draining Mist","Dagger Throw+1"],"picked":"After Image","floor":41},{"not_picked":["Expertise+1","Distraction","Bouncing Flask+1"],"picked":"SKIP","floor":41},{"not_picked":["Catalyst","Backstab"],"picked":"Backflip","floor":42},{"not_picked":["Chrysalis","Good Instincts"],"picked":"Flash of Steel","floor":44},{"not_picked":["Bane","Poisoned Stab+1"],"picked":"Calculated Gamble","floor":46},{"not_picked":["ReplayTheSpireMod:Exploit Weakness+1","Flying Knee+1","Poisoned Stab+1"],"picked":"SKIP","floor":46},{"not_picked":["ReplayTheSpireMod:Exploit Weakness+1","Flying Knee+1","Poisoned Stab+1"],"picked":"SKIP","floor":46},{"not_picked":["Underhanded Strike","Outmaneuver"],"picked":"Dagger Throw+1","floor":47},{"not_picked":["Prepared","hubris:Sniper","Deadly Poison"],"picked":"SKIP","floor":47},{"not_picked":["Prepared","hubris:Sniper","Deadly Poison"],"picked":"SKIP","floor":47}],"player_experience":103813,"relics_obtained":[{"floor":6,"key":"Tingsha"},{"floor":10,"key":"Smiling Mask"},{"floor":11,"key":"Gremlin Food"},{"floor":12,"key":"infinitespire:CheckeredPen"},{"floor":16,"key":"Prayer Wheel"},{"floor":28,"key":"Replay:Bottled Flurry"},{"floor":31,"key":"infinitespire:Beetle Shell"},{"floor":33,"key":"infinitespire:ShieldingShard"},{"floor":39,"key":"Gambling Chip"},{"floor":42,"key":"Anchor"},{"floor":45,"key":"Replay:PocketPolymizer"}],"event_choices":[{"damage_healed":0,"gold_gain":75,"player_choice":"Gather Gold","damage_taken":11,"max_hp_gain":0,"max_hp_loss":0,"event_name":"World of Goop","floor":2,"gold_loss":0},{"damage_healed":0,"gold_gain":0,"player_choice":"Bought 2 Potions","damage_taken":0,"max_hp_gain":0,"max_hp_loss":0,"event_name":"The Woman in Blue","floor":7,"gold_loss":0},{"damage_healed":0,"gold_gain":0,"player_choice":"Shed Blood","damage_taken":18,"max_hp_gain":5,"max_hp_loss":0,"event_name":"Forgotten Altar","floor":21,"gold_loss":0},{"damage_healed":0,"gold_gain":0,"player_choice":"Fight","damage_taken":0,"max_hp_gain":0,"max_hp_loss":0,"event_name":"Mysterious Sphere","floor":39,"gold_loss":0},{"damage_healed":0,"gold_gain":0,"player_choice":"Memory 1","damage_taken":0,"max_hp_gain":0,"max_hp_loss":0,"event_name":"SensoryStone","floor":44,"gold_loss":0},{"damage_healed":0,"gold_gain":0,"player_choice":"Ignored","damage_taken":0,"max_hp_gain":0,"max_hp_loss":0,"event_name":"SecretPortal","floor":50,"gold_loss":0}],"is_beta":false,"boss_relics":[{"not_picked":["Painkiller Herb","hubris:HollowSoul"],"picked":"Sozu"},{"not_picked":["Kintsugi","hubris:Stopwatch"],"picked":"Cursed Key"}],"items_purged_floors":[22],"is_endless":false,"potions_floor_spawned":[1,6,12,18,26,33,35,37,42],"ascension_level":1}}