{"host":"5ru6a7u2mbc0jrwn","time":1609347153,"event":{"mods":["AchievementEnabler","BaseMod","Colored Map","Minty Spire (QoL Compilation)","Rare Cards Sparkle","StSLib","everything is the same but u backflip on backflip"],"gold_per_floor":[109,124,74,90,22,50,50,67,67,87,87,122,138,153,153,250,250,265,265,265,281,299,299,313,313,313],"floor_reached":25,"playtime":1824,"items_purged":[],"score":242,"play_id":"4cd2e4ba-4528-4347-bcba-781b915e9063","local_time":"20201231015233","is_ascension_mode":false,"campfire_choices":[{"data":"Bludgeon","floor":11,"key":"SMITH"},{"data":"Demon Form","floor":15,"key":"SMITH"},{"data":"Demon Form","floor":23,"key":"SMITH"}],"circlet_count":0,"master_deck":["Strike_R","Strike_R","Strike_R","Defend_R","Defend_R","Bash","Feel No Pain","Battle Trance","Sword Boomerang","Uppercut","Bludgeon+1","Burning Pact","Demon Form+1","Demon Form+1","Rage","Sword Boomerang","Fiend Fire","Iron Wave+1","Ghostly","Ghostly","Ghostly","Ghostly","Ghostly","Flex","Flame Barrier","Metallicize+1"],"relics":["Burning Blood","Meat on the Bone","Sundial","Question Card","Empty Cage","Ornamental Fan"],"acts_visited":["Exordium","TheCity"],"potions_floor_usage":[6,13,16,18,25,25],"damage_taken":[{"damage":1,"enemies":"Cultist","floor":1,"turns":3},{"damage":12,"enemies":"Small Slimes","floor":2,"turns":4},{"damage":19,"enemies":"Jaw Worm","floor":4,"turns":4},{"damage":18,"enemies":"3 Sentries","floor":6,"turns":5},{"damage":13,"enemies":"3 Louse","floor":8,"turns":3},{"damage":10,"enemies":"2 Fungi Beasts","floor":10,"turns":3},{"damage":29,"enemies":"Gremlin Nob","floor":12,"turns":5},{"damage":17,"enemies":"Exordium Thugs","floor":13,"turns":4},{"damage":11,"enemies":"Red Slaver","floor":14,"turns":3},{"damage":29,"enemies":"Hexaghost","floor":16,"turns":7},{"damage":43,"enemies":"3 Byrds","floor":18,"turns":4},{"damage":9,"enemies":"2 Thieves","floor":21,"turns":5},{"damage":27,"enemies":"Centurion and Healer","floor":22,"turns":7},{"damage":5,"enemies":"Snake Plant","floor":24,"turns":6},{"damage":56,"enemies":"Slavers","floor":25,"turns":7}],"seed_played":"-9080289747609502244","potions_obtained":[{"floor":1,"key":"DistilledChaos"},{"floor":8,"key":"SpeedPotion"},{"floor":10,"key":"SkillPotion"},{"floor":14,"key":"BloodPotion"},{"floor":16,"key":"Fire Potion"},{"floor":18,"key":"Ancient Potion"},{"floor":24,"key":"Regen Potion"}],"is_trial":false,"path_per_floor":["M","M","?","M","$","E","?","M","T","M","R","E","M","M","R","B",null,"M","?","?","M","M","R","M","E"],"character_chosen":"IRONCLAD","items_purchased":["Bludgeon"],"campfire_rested":0,"item_purchase_floors":[5],"current_hp_per_floor":[80,74,74,61,61,49,75,68,68,64,64,53,54,49,49,38,80,55,40,40,37,28,28,29,0,0],"gold":313,"neow_bonus":"TRANSFORM_CARD","is_daily":false,"chose_seed":false,"campfire_upgraded":3,"win_rate":0.0,"timestamp":1609347153,"path_taken":["M","?","?","M","$","E","?","M","T","M","R","E","M","M","R","BOSS","M","?","?","?","M","R","M","E"],"items_purchased_type":["Card"],"build_version":"2020-12-22","purchased_purges":0,"victory":false,"max_hp_per_floor":[80,80,80,80,80,80,80,80,80,80,80,80,80,80,80,80,80,80,40,40,40,40,40,40,40,40],"card_choices":[{"not_picked":["Infernal Blade","Anger"],"picked":"Battle Trance","floor":1},{"not_picked":["Warcry","Anger"],"picked":"Sword Boomerang","floor":2},{"not_picked":["Iron Wave","Spot Weakness"],"picked":"Uppercut","floor":4},{"not_picked":["Warcry","Body Slam"],"picked":"Burning Pact","floor":6},{"not_picked":["Perfected Strike","Pommel Strike","Clash"],"picked":"SKIP","floor":8},{"not_picked":["Headbutt","Pummel"],"picked":"Demon Form","floor":10},{"not_picked":["Iron Wave","Searing Blow"],"picked":"Demon Form","floor":12},{"not_picked":["Hemokinesis","Uppercut","Reckless Charge"],"picked":"Rage","floor":13},{"not_picked":["Reckless Charge","Fire Breathing","Body Slam"],"picked":"Sword Boomerang","floor":14},{"not_picked":["Impervious","Demon Form","Barricade"],"picked":"Fiend Fire","floor":16},{"not_picked":["Sword Boomerang","Anger","Cleave"],"picked":"Iron Wave+1","floor":18},{"not_picked":["True Grit","Thunderclap","Rupture"],"picked":"Flex","floor":21},{"not_picked":["Entrench+1","Demon Form","Infernal Blade"],"picked":"Flame Barrier","floor":22},{"not_picked":["Headbutt+1","Flex+1","True Grit"],"picked":"Metallicize+1","floor":24}],"player_experience":21061,"relics_obtained":[{"floor":6,"key":"Meat on the Bone"},{"floor":9,"key":"Sundial"},{"floor":12,"key":"Question Card"}],"event_choices":[{"cards_removed":["Strike_R"],"damage_healed":0,"gold_gain":0,"player_choice":"Card Removal","damage_taken":0,"max_hp_gain":0,"max_hp_loss":0,"event_name":"The Cleric","floor":3,"gold_loss":50},{"damage_healed":26,"gold_gain":0,"player_choice":"Banana","damage_taken":0,"max_hp_gain":0,"max_hp_loss":0,"event_name":"Big Fish","floor":7,"gold_loss":0},{"damage_healed":0,"gold_gain":0,"player_choice":"Became a Ghost","damage_taken":0,"max_hp_gain":0,"max_hp_loss":40,"event_name":"Ghosts","floor":19,"gold_loss":0,"cards_obtained":["Ghostly","Ghostly","Ghostly","Ghostly","Ghostly"]},{"damage_healed":0,"gold_gain":0,"player_choice":"Gave Potion","damage_taken":0,"relics_obtained":["Ornamental Fan"],"max_hp_gain":0,"max_hp_loss":0,"event_name":"WeMeetAgain","floor":20,"gold_loss":0}],"is_beta":false,"boss_relics":[{"not_picked":["Snecko Eye","Mark of Pain"],"picked":"Empty Cage"}],"items_purged_floors":[],"is_endless":false,"potions_floor_spawned":[1,8,10,14,16,18,24],"killed_by":"Slavers","ascension_level":0}}