{"host":"sav7uxregyirlf69","time":1609292053,"event":{"mods":["AchievementEnabler","BaseMod","Colored Map","DeckTracker","Keyboard Shortcuts","Minty Spire (QoL Compilation)","READ ME - Guardian Mod","StSLib","SuperFastMode"],"gold_per_floor":[118,134,134,59,69,104,116,116,116,116,116,116,137,157,157,253,253,272,232,232],"floor_reached":19,"playtime":353,"items_purged":["Defend_B"],"score":338,"play_id":"c7507c16-ec8c-4555-8141-7058352cf27b","local_time":"20201230103413","is_ascension_mode":true,"campfire_choices":[{"floor":8.0,"key":"REST"},{"data":"Loop","floor":12.0,"key":"SMITH"},{"data":"Recycle","floor":15,"key":"SMITH"}],"circlet_count":0,"master_deck":["AscendersBane","Strike_B","Strike_B","Strike_B","Defend_B","Defend_B","Defend_B","Zap","Dualcast","Storm","Coolheaded","Loop+1","Amplify","Recycle+1","Electrodynamics","Turbo"],"relics":["Cracked Core","DataDisk","Mummified Hand","Pear","Golden Idol","Inserter"],"acts_visited":["Exordium","TheCity"],"potions_floor_usage":[16,16],"damage_taken":[{"damage":7.0,"enemies":"Jaw Worm","floor":1.0,"turns":3.0},{"damage":5.0,"enemies":"Small Slimes","floor":2.0,"turns":3.0},{"damage":3.0,"enemies":"Cultist","floor":5.0,"turns":4.0},{"damage":24.0,"enemies":"Gremlin Nob","floor":6.0,"turns":4.0},{"damage":1.0,"enemies":"Exordium Thugs","floor":7.0,"turns":3.0},{"damage":0.0,"enemies":"2 Fungi Beasts","floor":13.0,"turns":2.0},{"damage":14,"enemies":"Red Slaver","floor":14,"turns":2},{"damage":20,"enemies":"The Guardian","floor":16,"turns":14},{"damage":36,"enemies":"Shell Parasite","floor":18,"turns":5},{"damage":22,"enemies":"2 Thieves","floor":19,"turns":1}],"seed_played":"8723477488527977543","potions_obtained":[{"floor":1.0,"key":"DuplicationPotion"},{"floor":5.0,"key":"SpeedPotion"},{"floor":6.0,"key":"AttackPotion"},{"floor":14,"key":"Dexterity Potion"},{"floor":18,"key":"Fire Potion"}],"is_trial":false,"path_per_floor":["M","M","?","$","M","E","M","R","T","?","$","R","M","M","R","B",null,"M","M"],"character_chosen":"DEFECT","items_purchased":[],"campfire_rested":1,"item_purchase_floors":[],"current_hp_per_floor":[57,52,45,45,42,18,17,38,48,48,48,48,48,34,34,14,58,22,0,0],"gold":232,"neow_bonus":"RANDOM_COMMON_RELIC","is_daily":false,"chose_seed":false,"campfire_upgraded":2,"win_rate":0.0,"timestamp":1609292053,"path_taken":["M","M","?","$","M","E","M","R","T","?","$","R","M","M","R","BOSS","M","M"],"items_purchased_type":[],"build_version":"2020-12-22","purchased_purges":1,"victory":false,"max_hp_per_floor":[71,71,71,71,71,71,71,71,81,73,73,73,73,73,73,73,73,73,73,73],"card_choices":[{"not_picked":["Tempest","Hologram"],"picked":"Storm","floor":1.0},{"not_picked":["Streamline","Stack"],"picked":"Coolheaded","floor":2.0},{"not_picked":["Leap","Compile Driver"],"picked":"Loop","floor":5.0},{"not_picked":["Sweeping Beam","Steam","Darkness"],"picked":"SKIP","floor":6.0},{"not_picked":["Streamline","Consume"],"picked":"Amplify","floor":7.0},{"not_picked":["Blizzard","Sunder","Sweeping Beam"],"picked":"SKIP","floor":13.0},{"not_picked":["Scrape","Redo"],"picked":"Recycle","floor":14},{"not_picked":["Hyperbeam","Machine Learning"],"picked":"Electrodynamics","floor":16},{"not_picked":["Rebound","Blizzard"],"picked":"Turbo","floor":18}],"player_experience":1058207,"relics_obtained":[{"floor":6.0,"key":"Mummified Hand"},{"floor":9.0,"key":"Pear"}],"event_choices":[{"cards_removed":["Strike_B"],"damage_healed":0.0,"max_hp_gain":0.0,"max_hp_loss":0.0,"gold_gain":0.0,"event_name":"Golden Wing","player_choice":"Card Removal","floor":3.0,"gold_loss":0.0,"damage_taken":7.0},{"damage_healed":0.0,"max_hp_gain":0.0,"max_hp_loss":8.0,"gold_gain":0.0,"event_name":"Golden Idol","player_choice":"Lose Max HP","floor":10.0,"gold_loss":0.0,"damage_taken":0.0,"relics_obtained":["Golden Idol"]}],"is_beta":false,"boss_relics":[{"not_picked":["SacredBark","Runic Pyramid"],"picked":"Inserter"}],"items_purged_floors":[4],"is_endless":false,"potions_floor_spawned":[1,5,6,14,18],"killed_by":"2 Thieves","ascension_level":20}}