{"host":"yludllxm6rzdxpbb","time":1609337005,"event":{"mods":["AchievementEnabler","BaseMod","Better Third Choice","BetterRewards","Colored Map","Colored Powertips","Hermit","Hubris","Infinite Spire","Minty Spire (QoL Compilation)","Quick Restart","Replay The Spire","StSLib","The Hierophant","The Necromancer"],"gold_per_floor":[116,10,26,26,46,46,76,76,76,108,125,137,154,154,154],"floor_reached":14,"playtime":628,"items_purged":[],"score":107,"play_id":"8792aad2-5b05-4b93-beb8-3d43f1ad6ec2","local_time":"20201230170325","is_ascension_mode":true,"campfire_choices":[{"floor":6,"key":"RECALL"},{"floor":8,"key":"REST"}],"circlet_count":0,"master_deck":["Strike_G","Strike_G","Strike_G","Strike_G","Strike_G","Defend_G","Defend_G","Defend_G","Defend_G","Defend_G","Survivor","Neutralize","Blade Dance","Infinite Blades+1","Poisoned Stab","Pain","Hidden Blade","ReplayTheSpireMod:Shiv Toss","Cloak And Dagger","Dagger Spray","Replay:Poison Smokescreen"],"relics":["Ring of the Snake","WarpedTongs","Blood Vial","Replay:Multitool"],"acts_visited":["Exordium"],"potions_floor_usage":[12,14],"damage_taken":[{"damage":2,"enemies":"Jaw Worm","floor":1,"turns":8},{"damage":0,"enemies":"Cultist","floor":3,"turns":3},{"damage":0,"enemies":"Small Slimes","floor":5,"turns":2},{"damage":34,"enemies":"3 Sentries","floor":7,"turns":9},{"damage":26,"enemies":"Lagavulin","floor":10,"turns":6},{"damage":7,"enemies":"Looter","floor":11,"turns":4},{"damage":10,"enemies":"Gremlin Gang","floor":12,"turns":4},{"damage":10,"enemies":"2 Fungi Beasts","floor":13,"turns":4},{"damage":32,"enemies":"Gremlin Nob","floor":14,"turns":4}],"seed_played":"2226742329020774891","potions_obtained":[{"floor":1,"key":"Elixir"},{"floor":10,"key":"Elixir"},{"floor":13,"key":"Weak Potion"}],"is_trial":false,"path_per_floor":["M","$","M","?","M","R","E","R","T","E","M","M","M","E"],"character_chosen":"THE_SILENT","items_purchased":["Infinite Blades+1","Poisoned Stab"],"campfire_rested":1,"item_purchase_floors":[2,2],"current_hp_per_floor":[75,75,75,75,75,75,41,64,64,40,35,27,19,0,0],"gold":154,"neow_bonus":"TEN_PERCENT_HP_BONUS","is_daily":false,"chose_seed":false,"campfire_upgraded":0,"win_rate":0.0,"timestamp":1609337005,"path_taken":["M","$","M","?","M","R","E","R","T","E","M","?","M","E"],"items_purchased_type":["Card","Card"],"build_version":"2020-12-22","purchased_purges":0,"victory":false,"max_hp_per_floor":[77,77,77,77,77,77,77,77,77,77,77,77,77,77,77],"card_choices":[{"not_picked":["Skewer","Deflect"],"picked":"Blade Dance","floor":1},{"not_picked":["Quick Slash","Acrobatics","hubris:SlightOfHand"],"picked":"SKIP","floor":3},{"not_picked":["Finisher","Deadly Poison"],"picked":"Hidden Blade","floor":5},{"not_picked":["Outmaneuver","Leg Sweep"],"picked":"ReplayTheSpireMod:Shiv Toss","floor":7},{"not_picked":["Draining Mist","A Thousand Cuts"],"picked":"Cloak And Dagger","floor":10},{"not_picked":["Calculated Gamble","Acrobatics"],"picked":"Dagger Spray","floor":11},{"not_picked":["hubris:TrickCloak","Bane","Leg Sweep"],"picked":"SKIP","floor":12},{"not_picked":["Outmaneuver","hubris:Sniper"],"picked":"Replay:Poison Smokescreen","floor":13}],"player_experience":309482,"relics_obtained":[{"floor":7,"key":"Blood Vial"},{"floor":10,"key":"Replay:Multitool"}],"event_choices":[{"damage_healed":0,"gold_gain":0,"player_choice":"Rummage","damage_taken":0,"relics_obtained":["WarpedTongs"],"max_hp_gain":0,"max_hp_loss":0,"event_name":"Accursed Blacksmith","floor":4,"gold_loss":0,"cards_obtained":["Pain"]}],"is_beta":false,"boss_relics":[],"items_purged_floors":[],"is_endless":false,"potions_floor_spawned":[1,10,13],"killed_by":"Gremlin Nob","ascension_level":1}}