{"host":"lklj3eidp7g5an38","time":1609366424,"event":{"mods":["BaseMod","Minty Spire (QoL Compilation)","Relic Stats","StSLib"],"gold_per_floor":[19,19,69,80,94,94,120,120,143,172,183,183,199,199,199,278,278,288,300,47,106,122,122,174,89,89,122,162,176,176,15,15,15,15],"floor_reached":33,"playtime":2257,"items_purged":["Pain"],"score":556,"play_id":"e937483e-0c01-4bd9-8e30-30a6671af28a","local_time":"20201230221344","is_ascension_mode":true,"campfire_choices":[{"data":"Carnage","floor":6,"key":"SMITH"},{"data":"Defend_R","floor":8,"key":"SMITH"},{"data":"Armaments","floor":15,"key":"SMITH"},{"floor":23,"key":"REST"},{"data":"Spot Weakness","floor":30,"key":"SMITH"},{"data":"Rage","floor":32,"key":"SMITH"}],"circlet_count":0,"master_deck":["AscendersBane","Strike_R","Strike_R","Strike_R","Strike_R","Strike_R","Defend_R+1","Defend_R","Defend_R","Defend_R","Bash+1","Headbutt","Carnage+1","Armaments+1","Shockwave","Battle Trance","Feed","Cleave","Dual Wield","HandOfGreed","Spot Weakness+1","Ghostly Armor","Inflame","Rage+1"],"relics":["Burning Blood","Pocketwatch","Toy Ornithopter","Vajra","Pen Nib","WarpedTongs","Philosopher\u0027s Stone","Red Mask","Matryoshka","StoneCalendar","Boot","Mummified Hand","Art of War","Anchor"],"acts_visited":["Exordium","TheCity"],"potions_floor_usage":[10,18,21,24,33,33],"damage_taken":[{"damage":4,"enemies":"Jaw Worm","floor":1,"turns":4},{"damage":0,"enemies":"Small Slimes","floor":4,"turns":3},{"damage":6,"enemies":"Cultist","floor":5,"turns":3},{"damage":8,"enemies":"Gremlin Nob","floor":7,"turns":3},{"damage":17,"enemies":"3 Sentries","floor":10,"turns":6},{"damage":3,"enemies":"Blue Slaver","floor":11,"turns":3},{"damage":12,"enemies":"Gremlin Gang","floor":13,"turns":6},{"damage":24,"enemies":"Slime Boss","floor":16,"turns":8},{"damage":19,"enemies":"3 Byrds","floor":18,"turns":4},{"damage":7,"enemies":"Shell Parasite","floor":19,"turns":2},{"damage":39,"enemies":"Masked Bandits","floor":21,"turns":7},{"damage":7,"enemies":"Shelled Parasite and Fungi","floor":22,"turns":5},{"damage":21,"enemies":"Slavers","floor":24,"turns":5},{"damage":18,"enemies":"Book of Stabbing","floor":27,"turns":5},{"damage":15,"enemies":"Centurion and Healer","floor":28,"turns":5},{"damage":4,"enemies":"Snecko","floor":29,"turns":5},{"damage":66,"enemies":"Automaton","floor":33,"turns":6}],"seed_played":"-2586225412247640562","potions_obtained":[{"floor":4,"key":"SteroidPotion"},{"floor":5,"key":"SpeedPotion"},{"floor":10,"key":"ColorlessPotion"},{"floor":13,"key":"PowerPotion"},{"floor":21,"key":"SteroidPotion"},{"floor":27,"key":"Dexterity Potion"},{"floor":28,"key":"PowerPotion"}],"is_trial":false,"path_per_floor":["M","?","?","M","M","R","E","R","T","E","M","?","M","?","R","B",null,"M","M","$","?","M","R","E","?","T","E","M","M","R","$","R","B"],"character_chosen":"IRONCLAD","items_purchased":["HandOfGreed","Anchor"],"campfire_rested":1,"item_purchase_floors":[20,31],"current_hp_per_floor":[70,70,70,75,75,75,73,73,73,66,69,69,63,75,75,57,71,65,64,64,40,43,68,62,62,62,50,45,50,50,50,50,0,0],"gold":15,"neow_bonus":"ONE_RARE_RELIC","is_daily":false,"chose_seed":false,"campfire_upgraded":5,"win_rate":0.0,"timestamp":1609366424,"path_taken":["M","?","?","?","M","R","E","R","T","E","M","?","?","?","R","BOSS","M","?","$","?","M","R","E","?","T","E","M","M","R","?","R","BOSS"],"items_purchased_type":["Card","Relic"],"build_version":"2020-12-22","purchased_purges":1,"victory":false,"max_hp_per_floor":[75,75,75,75,75,75,75,75,75,75,75,75,75,75,75,75,75,78,78,78,82,86,86,90,90,90,90,94,97,97,97,97,97,97],"relic_stats":{"counters":[17,80],"Mummified Hand":[5],"StoneCalendar":[0],"Pen Nib":[9],"Art of War":[3],"Boot":[0],"obtain_stats":[{"Vajra":9,"StoneCalendar":25,"Pen Nib":10,"Boot":26,"Burning Blood":0,"WarpedTongs":12,"Anchor":31,"Matryoshka":24,"Mummified Hand":26,"Philosopher\u0027s Stone":17,"Red Mask":21,"Art of War":27,"Toy Ornithopter":7,"Pocketwatch":0},{"Vajra":4,"StoneCalendar":13,"Pen Nib":5,"Boot":13,"Burning Blood":0,"WarpedTongs":6,"Anchor":16,"Matryoshka":13,"Mummified Hand":13,"Philosopher\u0027s Stone":8,"Red Mask":11,"Art of War":14,"Toy Ornithopter":4,"Pocketwatch":0},{"Vajra":13,"StoneCalendar":59,"Pen Nib":19,"Boot":59,"Burning Blood":0,"WarpedTongs":22,"Anchor":74,"Matryoshka":59,"Mummified Hand":59,"Philosopher\u0027s Stone":36,"Red Mask":49,"Art of War":64,"Toy Ornithopter":13,"Pocketwatch":0}],"Burning Blood":95,"Toy Ornithopter":28,"Pocketwatch":[114],"WarpedTongs":[56]},"card_choices":[{"not_picked":["Anger","Seeing Red"],"picked":"Headbutt","floor":1},{"not_picked":["Body Slam","Clothesline","Wild Strike"],"picked":"SKIP","floor":4},{"not_picked":["Limit Break","Iron Wave"],"picked":"Carnage","floor":5},{"not_picked":["Dark Embrace","Body Slam","Reckless Charge"],"picked":"SKIP","floor":7},{"not_picked":["Combust","Havoc"],"picked":"Armaments","floor":10},{"not_picked":["Sentinel","Clash"],"picked":"Shockwave","floor":11},{"not_picked":["Blood for Blood","Clothesline"],"picked":"Battle Trance","floor":13},{"not_picked":["Double Tap","Juggernaut"],"picked":"Feed","floor":16},{"not_picked":["Clash","Wild Strike"],"picked":"Cleave","floor":18},{"not_picked":["Pommel Strike","Perfected Strike"],"picked":"Dual Wield","floor":19},{"not_picked":["Iron Wave","Intimidate"],"picked":"Spot Weakness","floor":21},{"not_picked":["Headbutt","Thunderclap","Pummel"],"picked":"SKIP","floor":22},{"not_picked":["Battle Trance","Pommel Strike"],"picked":"Ghostly Armor","floor":24},{"not_picked":["Berserk","Clash"],"picked":"Inflame","floor":27},{"not_picked":["Fire Breathing","Infernal Blade"],"picked":"Rage","floor":28},{"not_picked":["Wild Strike","Clash","Sentinel"],"picked":"SKIP","floor":29}],"player_experience":882237,"relics_obtained":[{"floor":7,"key":"Toy Ornithopter"},{"floor":9,"key":"Vajra"},{"floor":10,"key":"Pen Nib"},{"floor":21,"key":"Red Mask"},{"floor":24,"key":"Matryoshka"},{"floor":26,"key":"Boot"},{"floor":26,"key":"Mummified Hand"},{"floor":27,"key":"Art of War"}],"event_choices":[{"damage_healed":0,"gold_gain":0,"player_choice":"Grow","damage_taken":0,"max_hp_gain":0,"max_hp_loss":0,"event_name":"Living Wall","floor":2,"gold_loss":0,"cards_upgraded":["Bash"]},{"damage_healed":0,"gold_gain":50,"player_choice":"Pray","damage_taken":0,"max_hp_gain":0,"max_hp_loss":0,"event_name":"Golden Shrine","floor":3,"gold_loss":0},{"damage_healed":0,"gold_gain":0,"player_choice":"Rummage","damage_taken":0,"relics_obtained":["WarpedTongs"],"max_hp_gain":0,"max_hp_loss":0,"event_name":"Accursed Blacksmith","floor":12,"gold_loss":0,"cards_obtained":["Pain"]},{"damage_healed":12,"gold_gain":0,"player_choice":"Full Heal","damage_taken":0,"max_hp_gain":0,"max_hp_loss":0,"event_name":"Wheel of Change","floor":14,"gold_loss":0},{"damage_healed":0,"gold_gain":0,"player_choice":"Fought Bandits","damage_taken":0,"max_hp_gain":0,"max_hp_loss":0,"event_name":"Masked Bandits","floor":21,"gold_loss":0},{"damage_healed":0,"gold_gain":0,"player_choice":"Obtained Relic","damage_taken":0,"relics_obtained":["StoneCalendar"],"max_hp_gain":0,"max_hp_loss":0,"event_name":"Addict","floor":25,"gold_loss":85}],"is_beta":false,"boss_relics":[{"not_picked":["Runic Cube","SlaversCollar"],"picked":"Philosopher\u0027s Stone"}],"items_purged_floors":[20],"is_endless":false,"potions_floor_spawned":[4,5,10,13,16,21,27,28],"killed_by":"Automaton","ascension_level":16}}