{"host":"1bqbj1s4pyvm9utn","time":1609297743,"event":{"mods":["AchievementEnabler","Aspiration","BaseMod","Beaked The Cultist","Better Altar","Better Match","Better Note","Better Sensory Stone","Better Skull","Better Third Choice","BetterRewards","CCEM","Clawfect","Colored Map","Conspire","Downfall","GifTheSpireLib","Halation","Hermit","Highlight Path","Humility","Infinite Spire","Jedi Mod","Jorbs\u0027s Wanderer Trilogy","Mad Scientist","Marisa????????","Mimic Mod","Minty Spire (QoL Compilation)","Permanent Neow","Shade Mod","Shop Mod","Spicy Shops","StSLib","Stuff the Spire","The Animator","The Bug Knight","The Cursed","The Gatherer","The Hierophant","The Jungle","The Mystic","The Necromancer","The Runesmith","The Servant 0.9.4","everything is the same but u backflip on backflip","slay the spire mod where everything is the same but ironclad has a cowboy hat","vexMod"],"gold_per_floor":[116,0,0,0,0,0,0,0,0,0,0,0,0,0,0,0,0,0,0,0,0,0,0,0,0,0,2,13,23,23,40,40,140,140,130,130],"floor_reached":35,"playtime":5345,"items_purged":["Strike_P"],"score":377,"play_id":"a619a56d-4ad9-46fb-a375-954cd0eab8a5","local_time":"20201229190903","is_ascension_mode":true,"campfire_choices":[{"floor":8,"key":"REST"},{"floor":10,"key":"REST"},{"data":"BattleHymn","floor":13,"key":"SMITH"},{"data":"Magnetism","floor":15,"key":"SMITH"},{"floor":23,"key":"REST"},{"data":"PathToVictory","floor":25,"key":"SMITH"},{"floor":32,"key":"REST"}],"circlet_count":0,"master_deck":["Strike_P","Strike_P","Strike_P","Defend_P","Defend_P","Defend_P","Defend_P","Eruption+1","Vigilance","Magnetism+1","FlurryOfBlows+1","BattleHymn+1","PathToVictory+1","ForeignInfluence+1","BowlingBash+1","EmptyBody","Fasting2","Omniscience","ClearTheMind","ForeignInfluence","Perseverance","Consecrate+1","Prostrate+1","Pray","MentalFortress","EmptyMind","Wish"],"relics":["PureWater","jedi:ominousloannote","jedi:heavyjacket","Omamori","vexMod:FocusSash","halation:SwordOfLegend","Blood Vial","halation:EternalFortune","Tiny House","aspiration:FetidBarrel","Whetstone","vexMod:MysteryBossChallenge","aspiration:RandomNobGenerator"],"acts_visited":["Exordium","Exordium","TheBeyond"],"potions_floor_usage":[6,6,16,18,20,22,28,29,29,33,35],"damage_taken":[{"damage":7,"enemies":"Cultist","floor":1,"turns":3},{"damage":0,"enemies":"Small Slimes","floor":4,"turns":4},{"damage":0,"enemies":"2 Louse","floor":5,"turns":1},{"damage":11,"enemies":"3 Sentries","floor":6,"turns":6},{"damage":0,"enemies":"Looter","floor":11,"turns":3},{"damage":0,"enemies":"Exordium Wildlife","floor":12,"turns":3},{"damage":45,"enemies":"Hexaghost","floor":16,"turns":9},{"damage":23,"enemies":"theJungle:GiantWrat","floor":18,"turns":6},{"damage":24,"enemies":"theJungle:Flameango_and_Byrd","floor":20,"turns":4},{"damage":7,"enemies":"theJungle:SlimyTreeVines","floor":22,"turns":7},{"damage":7,"enemies":"Snake Plant","floor":24,"turns":5},{"damage":6,"enemies":"Snake Plant","floor":27,"turns":4},{"damage":23,"enemies":"theJungle:Lyon","floor":28,"turns":4},{"damage":2,"enemies":"theJungle:2_Snecko_Cultists","floor":29,"turns":5},{"damage":12,"enemies":"theJungle:JungleHuntersEncounter","floor":31,"turns":4},{"damage":11,"enemies":"theJungle:QueenSpyder","floor":33,"turns":11},{"damage":84,"enemies":"3 Darklings","floor":35,"turns":3}],"seed_played":"-4947412623967965040","potions_obtained":[{"floor":1,"key":"ColorlessPotion"},{"floor":4,"key":"LiquidBronze"},{"floor":11,"key":"Swift Potion"},{"floor":17,"key":"DuplicationPotion"},{"floor":27,"key":"BlessingOfTheForge"},{"floor":28,"key":"Strength Potion"},{"floor":31,"key":"Swift Potion"},{"floor":33,"key":"Strength Potion"}],"is_trial":false,"path_per_floor":["M","$","?","M","M","E","?","R","T","R","M","M","R","?","R","B",null,"M","?","M","$","M","R","MIM","R","T","M","M","M","$","M","R","B",null,"M"],"character_chosen":"WATCHER","items_purchased":["jedi:ominousloannote","BattleHymn","PathToVictory","ForeignInfluence","jedi:heavyjacket"],"campfire_rested":4,"item_purchase_floors":[2,2,2,2,2],"current_hp_per_floor":[58,58,23,23,23,12,12,30,30,49,51,53,56,59,59,16,73,50,42,20,20,21,54,49,49,49,45,24,24,24,14,41,38,73,0,0],"gold":130,"neow_bonus":"RANDOM_COLORLESS_2","is_daily":false,"chose_seed":false,"campfire_upgraded":3,"win_rate":0.0,"timestamp":1609297743,"path_taken":["M","$","?","?","M","E","?","R","T","R","M","?","R","?","R","BOSS","M","?","M","?","M","R","?","R","T","?","M","?","$","M","R","BOSS","M"],"items_purchased_type":["Relic","Card","Card","Card","Relic"],"build_version":"2020-12-22","purchased_purges":1,"victory":false,"max_hp_per_floor":[65,65,65,65,65,65,65,65,65,65,65,65,65,68,68,68,73,73,73,73,73,73,73,73,73,73,73,73,73,73,73,73,73,73,73,73],"card_choices":[{"not_picked":["jedi:LeechingStrike","expansioncontent:Corrupt"],"picked":"Magnetism","floor":0},{"not_picked":["CrushJoints","Crescendo"],"picked":"FlurryOfBlows","floor":1},{"not_picked":["EmptyBody","CrushJoints"],"picked":"BowlingBash","floor":4},{"not_picked":["FollowUp","Study"],"picked":"EmptyBody","floor":5},{"not_picked":["CutThroughFate","Vengeance"],"picked":"Fasting2","floor":6},{"not_picked":["Prostrate","BowlingBash","ThirdEye"],"picked":"SKIP","floor":11},{"not_picked":["CutThroughFate","FlyingSleeves","BowlingBash"],"picked":"SKIP","floor":12},{"not_picked":["Ragnarok","SpiritShield"],"picked":"Omniscience","floor":16},{"not_picked":["Evaluate","EmptyFist"],"picked":"ClearTheMind","floor":17},{"not_picked":["EmptyFist","Prostrate+1"],"picked":"ForeignInfluence","floor":18},{"not_picked":["WindmillStrike","CrushJoints"],"picked":"Perseverance","floor":20},{"not_picked":["BowlingBash+1","SashWhip"],"picked":"Consecrate+1","floor":22},{"not_picked":["Perseverance+1","CrushJoints"],"picked":"Prostrate+1","floor":24},{"not_picked":["CarveReality+1","ReachHeaven+1"],"picked":"Pray","floor":27},{"not_picked":["Brilliance","EmptyFist"],"picked":"MentalFortress","floor":28},{"not_picked":["Fasting2","SashWhip","Sanctity"],"picked":"SKIP","floor":29},{"not_picked":["SignatureMove+1","Halt+1"],"picked":"EmptyMind","floor":31},{"not_picked":["DeusExMachina","ConjureBlade"],"picked":"Wish","floor":33}],"player_experience":916375,"relics_obtained":[{"floor":6,"key":"halation:SwordOfLegend"},{"floor":9,"key":"Blood Vial"},{"floor":24,"key":"aspiration:FetidBarrel"},{"floor":26,"key":"Whetstone"}],"event_choices":[{"damage_healed":0,"gold_gain":0,"player_choice":"UP RE RE ","damage_taken":41,"relics_obtained":["Omamori","vexMod:FocusSash"],"max_hp_gain":0,"max_hp_loss":0,"event_name":"betterSkull:BetterSkull","floor":3,"gold_loss":0,"cards_upgraded":["ForeignInfluence"]},{"damage_healed":0,"gold_gain":100,"player_choice":"Gold","damage_taken":0,"max_hp_gain":0,"max_hp_loss":0,"event_name":"Wheel of Change","floor":7,"gold_loss":0}],"is_beta":false,"boss_relics":[{"not_picked":["aspiration:SilentSkillbook","VioletLotus"],"picked":"Tiny House"},{"not_picked":["aspiration:IroncladSkillbook","halation:CatFaceCupcake"],"picked":"vexMod:MysteryBossChallenge"}],"items_purged_floors":[2],"is_endless":false,"potions_floor_spawned":[1,4,11,27,28,31,33],"killed_by":"3 Darklings","ascension_level":1}}