{"host":"tvs5yxzo65ue2qcy","time":1609323868,"event":{"mods":["BaseMod","DeckTracker","Highlight Path","Minty Spire (QoL Compilation)","Permanent Neow","Quick Restart","StSLib","SuperFastMode","everything is the same but u backflip on backflip"],"gold_per_floor":[127,14,14,34,49,65,65,65,65,65],"floor_reached":8,"playtime":188,"items_purged":[],"score":96,"play_id":"ea7996ba-4688-4e3e-8f0f-b104b5f445c3","local_time":"20201230192428","is_ascension_mode":true,"campfire_choices":[{"data":"Neutralize","floor":6,"key":"SMITH"}],"circlet_count":0,"master_deck":["AscendersBane","Strike_G","Strike_G","Strike_G","Strike_G","Strike_G","Defend_G","Defend_G","Defend_G","Defend_G","Defend_G","Survivor","Neutralize+1","Prepared","Masterful Stab","Quick Slash","Acrobatics","Prepared"],"relics":["Ring of the Snake","Prayer Wheel","Golden Idol"],"acts_visited":["Exordium"],"potions_floor_usage":[8],"damage_taken":[{"damage":11,"enemies":"Jaw Worm","floor":1,"turns":6},{"damage":4,"enemies":"Small Slimes","floor":3,"turns":3},{"damage":0,"enemies":"Cultist","floor":4,"turns":3},{"damage":7,"enemies":"Blue Slaver","floor":5,"turns":5},{"damage":45,"enemies":"Gremlin Nob","floor":8,"turns":5}],"seed_played":"6098364285155781919","potions_obtained":[{"floor":3,"key":"PowerPotion"},{"floor":5,"key":"Weak Potion"}],"is_trial":false,"path_per_floor":["M","?","M","M","M","R","?","E"],"character_chosen":"THE_SILENT","items_purchased":[],"campfire_rested":0,"item_purchase_floors":[],"current_hp_per_floor":[38,48,48,44,44,37,37,57,12,12],"gold":65,"neow_bonus":"ONE_RARE_RELIC","is_daily":false,"chose_seed":false,"campfire_upgraded":1,"win_rate":0.0,"timestamp":1609323868,"path_taken":["M","?","M","M","M","R","?","E"],"items_purchased_type":[],"build_version":"2020-12-22","purchased_purges":0,"victory":false,"max_hp_per_floor":[60,66,60,60,60,60,60,60,60,60],"card_choices":[{"not_picked":["Flying Knee","Dodge and Roll"],"picked":"Prepared","floor":1},{"not_picked":["Cloak And Dagger","Infinite Blades"],"picked":"Masterful Stab","floor":1},{"not_picked":["Deadly Poison","Prepared"],"picked":"Quick Slash","floor":3},{"not_picked":["Bane","Blur","Setup"],"picked":"SKIP","floor":3},{"not_picked":["Envenom","Eviscerate"],"picked":"Acrobatics","floor":4},{"not_picked":["Bouncing Flask","Underhanded Strike"],"picked":"Prepared","floor":4},{"not_picked":["Outmaneuver","Setup","Bouncing Flask"],"picked":"SKIP","floor":5},{"not_picked":["Dodge and Roll","Dagger Throw","Bane"],"picked":"SKIP","floor":5}],"player_experience":427222,"relics_obtained":[],"event_choices":[{"damage_healed":0,"gold_gain":0,"player_choice":"Lose Max HP","damage_taken":0,"relics_obtained":["Golden Idol"],"max_hp_gain":0,"max_hp_loss":6,"event_name":"Golden Idol","floor":2,"gold_loss":0},{"damage_healed":20,"gold_gain":0,"player_choice":"Banana","damage_taken":0,"max_hp_gain":0,"max_hp_loss":0,"event_name":"Big Fish","floor":7,"gold_loss":0}],"is_beta":false,"boss_relics":[],"items_purged_floors":[],"is_endless":false,"potions_floor_spawned":[3,5],"killed_by":"Gremlin Nob","ascension_level":20}}