{"host":"l017gercouzhorma","time":1609370081,"event":{"mods":["AchievementEnabler","Aspiration","BaseMod","Challenge The Spire","Conspire","Downfall","Halation","Hermit","Hubris","Infinite Spire","Jorbs\u0027s Wanderer Trilogy","Mad Scientist","Marisa????????","Mimic Mod","Minty Spire (QoL Compilation)","Random Character Button","Rare Cards Sparkle","Relic Stats","Replay The Spire","Shade Mod","StSLib","The Cursed","The Disciple","The Hierophant","The Jungle","The Runesmith","The Servant 0.9.4"],"gold_per_floor":[117,132,145,145,145,177,177,54,54,69,69,34,43,57,57,57,57],"floor_reached":16,"playtime":1258,"items_purged":[],"score":104,"play_id":"52d9362f-aca6-47c8-81d9-097918146e1e","local_time":"20201230161441","is_ascension_mode":false,"campfire_choices":[{"data":"hierophant:Chorus","floor":7,"key":"SMITH"},{"floor":15,"key":"REST"}],"circlet_count":0,"master_deck":["hierophant:Strike_Hierophant","hierophant:Strike_Hierophant","hierophant:Strike_Hierophant","hierophant:Punish","hierophant:Defend_Hierophant","hierophant:Defend_Hierophant","hierophant:Defend_Hierophant","hierophant:Defend_Hierophant","hierophant:ChurchCoffers","hierophant:ArchangelShield","hierophant:Chorus+1","hierophant:Sermon","hierophant:SealAway","hierophant:Community+1","hierophant:Zeal","hierophant:Flagellation","hierophant:Shelter","hierophant:Flagellation","hierophant:SealAway","hierophant:TollTheBells"],"relics":["hierophant:PropheticMaskRelic","hubris:Towel","Blue Doll","hubris:TenFootPole"],"acts_visited":["Exordium"],"potions_floor_usage":[6,6,10],"damage_taken":[{"damage":5.0,"enemies":"Jaw Worm","floor":1.0,"turns":4.0},{"damage":0.0,"enemies":"Small Slimes","floor":2.0,"turns":3.0},{"damage":10.0,"enemies":"Cultist","floor":3.0,"turns":4.0},{"damage":38,"enemies":"3 Sentries","floor":6,"turns":10},{"damage":18,"enemies":"Red Slaver","floor":10,"turns":4},{"damage":4,"enemies":"Looter","floor":12,"turns":4},{"damage":0,"enemies":"2 Fungi Beasts","floor":13,"turns":2},{"damage":6,"enemies":"Large Slime","floor":14,"turns":8},{"damage":0,"enemies":"The Guardian","floor":16,"turns":2}],"seed_played":"1416693795281532453","potions_obtained":[{"floor":1.0,"key":"SkillPotion"},{"floor":2.0,"key":"Milkshake"},{"floor":3,"key":"Swift Potion"},{"floor":6,"key":"FearPotion"}],"is_trial":false,"path_per_floor":["M","M","M","?","?","E","R","$","T","M","?","M","M","M","R","B"],"character_chosen":"HIEROPHANT","items_purchased":["hierophant:Community+1","hierophant:Zeal","hierophant:Flagellation"],"campfire_rested":1,"item_purchase_floors":[8,8,8],"current_hp_per_floor":[77,77,67,67,67,29,29,29,29,11,11,7,7,1,25,25,25],"gold":57,"neow_bonus":"TEN_PERCENT_HP_BONUS","is_daily":false,"chose_seed":false,"campfire_upgraded":1,"win_rate":0.0,"timestamp":1609370081,"path_taken":["M","M","M","?","?","E","R","$","T","M","?","M","M","?","R","BOSS"],"items_purchased_type":["Card","Card","Card"],"build_version":"2020-12-22","purchased_purges":0,"victory":false,"max_hp_per_floor":[82,82,82,82,82,82,82,82,82,82,82,82,82,82,82,82,82],"relic_stats":{"counters":[9,41],"obtain_stats":[{"hierophant:PropheticMaskRelic":0,"Blue Doll":6,"hubris:TenFootPole":9,"hubris:Towel":5},{"hierophant:PropheticMaskRelic":0,"Blue Doll":4,"hubris:TenFootPole":4,"hubris:Towel":3},{"hierophant:PropheticMaskRelic":0,"Blue Doll":21,"hubris:TenFootPole":21,"hubris:Towel":11}]},"card_choices":[{"not_picked":["hierophant:Zeal","hierophant:OrnateBuckler"],"picked":"hierophant:ArchangelShield","floor":1.0},{"not_picked":["hierophant:RepressedViolence","hierophant:Encroach"],"picked":"hierophant:Chorus","floor":2.0},{"not_picked":["hierophant:SealAway","hierophant:AuricBeam"],"picked":"hierophant:Sermon","floor":3},{"not_picked":["hierophant:EyeForCoin","hierophant:Alms"],"picked":"hierophant:SealAway","floor":6},{"not_picked":["hierophant:EyeForCoin","hierophant:Kindle"],"picked":"hierophant:Shelter","floor":10},{"not_picked":["hierophant:RepressedViolence","hierophant:FlamingChariot"],"picked":"hierophant:Flagellation","floor":12},{"not_picked":["hierophant:Bribe","hierophant:FlamingChariot"],"picked":"hierophant:SealAway","floor":13},{"not_picked":["hierophant:RepressedViolence","hierophant:RustyCrate"],"picked":"hierophant:TollTheBells","floor":14}],"player_experience":820262,"relics_obtained":[{"floor":6,"key":"Blue Doll"},{"floor":9,"key":"hubris:TenFootPole"}],"event_choices":[{"damage_healed":0,"gold_gain":0,"player_choice":"Ignored","damage_taken":0,"max_hp_gain":0,"max_hp_loss":0,"event_name":"NoteForYourself","floor":11,"gold_loss":0}],"is_beta":false,"boss_relics":[],"items_purged_floors":[],"is_endless":false,"potions_floor_spawned":[1,2,3,6],"killed_by":"The Guardian","ascension_level":0}}