{"host":"0ydzwspkajt4brzd","time":1609287034,"event":{"mods":["AchievementEnabler","BaseMod","Colored Map","DeckTracker","Googly Eyes","Highlight Path","Minty Spire (QoL Compilation)","Quick Restart","Random Character Button","Rare Cards Sparkle"],"gold_per_floor":[118,135,154,167,167,167,184,184,184,184,197,235,235,276,276,386,386,386,386,386,386,386,386,311,311,311,130,130,130,130,130,130,130,130],"floor_reached":33,"playtime":1756,"items_purged":["Strike_R","Strike_R"],"score":419,"play_id":"1f43b456-9db3-41a5-ba44-a9fe4c467c9e","local_time":"20201229161034","is_ascension_mode":true,"campfire_choices":[{"data":"Immolate","floor":6.0,"key":"SMITH"},{"data":"Pummel","floor":8.0,"key":"SMITH"},{"data":"Cleave","floor":10.0,"key":"SMITH"},{"data":"True Grit","floor":13.0,"key":"SMITH"},{"data":"Second Wind","floor":15.0,"key":"SMITH"},{"data":"Barricade","floor":23,"key":"SMITH"},{"data":"Heavy Blade","floor":25,"key":"SMITH"},{"data":"Fire Breathing","floor":32,"key":"SMITH"}],"circlet_count":0,"master_deck":["AscendersBane","Strike_R","Strike_R","Defend_R","Defend_R","Defend_R","Defend_R","Bash","Immolate+1","Heavy Blade+1","Inflame","Cleave+1","Pummel+1","Clothesline","True Grit+1","Second Wind+1","Barricade+1","Headbutt+1","Sever Soul+1","Disarm","Fire Breathing+1","Reaper","Fire Breathing+1","Armaments+1","Shrug It Off+1"],"relics":["Burning Blood","Happy Flower","CeramicFish","Meat on the Bone","Ectoplasm","Ancient Tea Set","Self Forming Clay"],"acts_visited":["Exordium","TheCity"],"potions_floor_usage":[28,29,33,33],"damage_taken":[{"damage":5.0,"enemies":"Small Slimes","floor":1.0,"turns":2.0},{"damage":1.0,"enemies":"Cultist","floor":2.0,"turns":3.0},{"damage":7.0,"enemies":"Jaw Worm","floor":3.0,"turns":2.0},{"damage":0.0,"enemies":"2 Fungi Beasts","floor":4.0,"turns":1.0},{"damage":8.0,"enemies":"Blue Slaver","floor":7.0,"turns":3.0},{"damage":6.0,"enemies":"Exordium Thugs","floor":11.0,"turns":3.0},{"damage":20.0,"enemies":"3 Sentries","floor":12.0,"turns":3.0},{"damage":16.0,"enemies":"Lagavulin","floor":14.0,"turns":6.0},{"damage":30.0,"enemies":"The Guardian","floor":16.0,"turns":11.0},{"damage":17.0,"enemies":"Spheric Guardian","floor":18.0,"turns":4.0},{"damage":11,"enemies":"Chosen","floor":20,"turns":6},{"damage":29,"enemies":"Snake Plant","floor":22,"turns":3},{"damage":26,"enemies":"Chosen and Byrds","floor":28,"turns":4},{"damage":36,"enemies":"Slavers","floor":29,"turns":3},{"damage":34,"enemies":"Shelled Parasite and Fungi","floor":30,"turns":7},{"damage":13,"enemies":"Cultist and Chosen","floor":31,"turns":5},{"damage":69,"enemies":"Collector","floor":33,"turns":8}],"seed_played":"24539008975674565","potions_obtained":[{"floor":2.0,"key":"Fire Potion"},{"floor":3.0,"key":"DistilledChaos"},{"floor":4.0,"key":"SneckoOil"},{"floor":12.0,"key":"BloodPotion"},{"floor":16.0,"key":"GamblersBrew"},{"floor":22,"key":"Ancient Potion"},{"floor":29,"key":"AttackPotion"},{"floor":30,"key":"Block Potion"}],"is_trial":false,"path_per_floor":["M","M","M","M","?","R","M","R","T","R","M","E","R","E","R","B",null,"M","?","M","?","M","R","$","R","T","$","M","E","M","M","R","B"],"character_chosen":"IRONCLAD","items_purchased":["Fire Breathing"],"campfire_rested":0,"item_purchase_floors":[27],"current_hp_per_floor":[52,57,56,62,62,62,60,60,60,60,60,46,46,36,36,24,66,55,55,50,50,39,39,39,39,39,39,47,41,31,44,44,0,0],"gold":130,"neow_bonus":"THREE_RARE_CARDS","is_daily":false,"chose_seed":false,"campfire_upgraded":8,"win_rate":0.0,"timestamp":1609287034,"path_taken":["M","M","M","M","?","R","M","R","T","R","?","E","R","E","R","BOSS","M","?","?","?","M","R","$","R","T","$","M","E","M","M","R","BOSS"],"items_purchased_type":["Card"],"build_version":"2020-12-22","purchased_purges":2,"victory":false,"max_hp_per_floor":[80,80,80,80,80,80,80,80,80,80,80,80,80,80,80,80,80,80,80,80,80,80,80,80,80,80,80,80,80,80,80,80,80,80],"card_choices":[{"not_picked":["Fiend Fire","Double Tap"],"picked":"Immolate","floor":0.0},{"not_picked":["Rupture","Sentinel"],"picked":"Heavy Blade","floor":1.0},{"not_picked":["Shrug It Off","Wild Strike"],"picked":"Inflame","floor":2.0},{"not_picked":["Seeing Red","Clothesline"],"picked":"Cleave","floor":3.0},{"not_picked":["Blood for Blood","Wild Strike"],"picked":"Pummel","floor":4.0},{"not_picked":["Anger","Warcry","Exhume"],"picked":"SKIP","floor":7.0},{"not_picked":["Thunderclap","Rupture"],"picked":"Clothesline","floor":11.0},{"not_picked":["Feel No Pain","Sword Boomerang"],"picked":"True Grit","floor":12.0},{"not_picked":["Fiend Fire","Brutality"],"picked":"Second Wind","floor":14.0},{"not_picked":["Impervious","Bludgeon"],"picked":"Barricade","floor":16.0},{"not_picked":["Dual Wield","Cleave"],"picked":"Headbutt+1","floor":18.0},{"not_picked":["Warcry","Seeing Red"],"picked":"Sever Soul+1","floor":20},{"not_picked":["Blood for Blood","Flex+1"],"picked":"Disarm","floor":22},{"not_picked":["Thunderclap","Battle Trance"],"picked":"Reaper","floor":28},{"not_picked":["Armaments+1","Flex"],"picked":"Fire Breathing+1","floor":29},{"not_picked":["Blood for Blood+1","Iron Wave"],"picked":"Armaments+1","floor":30},{"not_picked":["Reckless Charge","Seeing Red"],"picked":"Shrug It Off+1","floor":31}],"player_experience":381883,"relics_obtained":[{"floor":9.0,"key":"Happy Flower"},{"floor":12.0,"key":"CeramicFish"},{"floor":14.0,"key":"Meat on the Bone"},{"floor":26,"key":"Ancient Tea Set"},{"floor":29,"key":"Self Forming Clay"}],"event_choices":[{"cards_removed":["Strike_R"],"damage_healed":0.0,"max_hp_gain":0.0,"max_hp_loss":0.0,"gold_gain":0.0,"event_name":"Purifier","player_choice":"Purged","floor":5.0,"gold_loss":0.0,"damage_taken":0.0},{"damage_healed":0.0,"max_hp_gain":0.0,"max_hp_loss":0.0,"gold_gain":100.0,"event_name":"Golden Shrine","player_choice":"Pray","floor":19.0,"gold_loss":0.0,"damage_taken":0.0},{"damage_healed":0,"gold_gain":99,"player_choice":"Stole From Cult","damage_taken":0,"max_hp_gain":0,"max_hp_loss":0,"event_name":"Nest","floor":21,"gold_loss":0}],"is_beta":false,"boss_relics":[{"not_picked":["SacredBark","Cursed Key"],"picked":"Ectoplasm"}],"items_purged_floors":[24,27],"is_endless":false,"potions_floor_spawned":[2,3,4,12,16,22,29,30,31],"killed_by":"Collector","ascension_level":10}}