{"host":"2820e8i2y38gm4bp","time":1609350226,"event":{"mods":["2.2 Compatiblity","Act Like it!","BaseMod","Better Note","BetterRewards","Downfall","Elementarium","GungeonMod","Hubris","Jorbs\u0027s Wanderer Trilogy","Marisa????????","Minty Spire (QoL Compilation)","Potionbrewer","Rare Cards Sparkle","Replay The Spire","Shop Mod","StSLib","The Bug Knight","The Jungle","TheBandit"],"gold_per_floor":[117,129,129,142,92,92,120,120,120,120,120,195,229,24,24,122,122,122,122],"floor_reached":18,"playtime":919,"items_purged":[],"score":191,"play_id":"8101f346-bad6-49f1-b5e9-6b6ce30cb3e1","local_time":"20201230124346","is_ascension_mode":false,"campfire_choices":[{"data":"DemoMod:ManualReload","floor":6,"key":"SMITH"},{"data":"DemoMod:Unity","floor":8,"key":"SMITH"},{"data":"DemoMod:RustySidearm","floor":11,"key":"SMITH"},{"data":"DemoMod:ShadowBullets","floor":15,"key":"SMITH"}],"circlet_count":0,"master_deck":["DemoMod:Strike_Huntress","DemoMod:Strike_Huntress","DemoMod:Defend_Huntress","DemoMod:Defend_Huntress","DemoMod:Defend_Huntress","DemoMod:Defend_Huntress","DemoMod:Roll","DemoMod:ManualReload+1","DemoMod:RustySidearm+1","DemoMod:CrossBow","DemoMod:ShadowBullets+1","DemoMod:HuntsMan","DemoMod:Unity+1","Parasite","DemoMod:FastSwitch+1","DemoMod:Ejector","DemoMod:GunslingerForm","DemoMod:BulletBore"],"relics":["DemoMod:Dog","DemoMod:NanoMachines","DemoMod:GreenGuonStone","ReplayTheSpireMod:Ninjato","DemoMod:GnawedKey","Honey Jar"],"acts_visited":["Exordium","TheCity"],"potions_floor_usage":[7,16,18],"damage_taken":[{"damage":1,"enemies":"2 Louse","floor":1,"turns":3},{"damage":0,"enemies":"Small Slimes","floor":2,"turns":2},{"damage":0,"enemies":"Cultist","floor":4,"turns":3},{"damage":49,"enemies":"Lagavulin","floor":7,"turns":9},{"damage":0,"enemies":"Gremlin Nob","floor":13,"turns":3},{"damage":50,"enemies":"The Guardian","floor":16,"turns":15},{"damage":11,"enemies":"3 Byrds","floor":18,"turns":3}],"seed_played":"5102975147581722073","potions_obtained":[{"floor":1,"key":"SpeedPotion"},{"floor":13,"key":"Explosive Potion"},{"floor":16,"key":"Explosive Potion"}],"is_trial":false,"path_per_floor":["M","M","?","M","?","R","E","R","T","?","R","?","E","$","R","B",null,"M"],"character_chosen":"HUNTRESS","items_purchased":["DemoMod:GnawedKey","DemoMod:FastSwitch+1","DemoMod:Ejector"],"campfire_rested":0,"item_purchase_floors":[14,14,14],"current_hp_per_floor":[76,76,81,81,81,81,32,32,32,52,52,52,52,52,52,8,82,77,77],"gold":122,"neow_bonus":"TEN_PERCENT_HP_BONUS","is_daily":false,"chose_seed":false,"campfire_upgraded":4,"win_rate":0.0,"timestamp":1609350226,"path_taken":["M","M","?","M","?","R","E","R","T","?","R","?","E","?","R","BOSS","M"],"items_purchased_type":["Relic","Card","Card"],"build_version":"2020-12-22","purchased_purges":0,"victory":false,"max_hp_per_floor":[77,77,82,82,82,82,82,82,82,82,82,82,82,82,82,82,82,82,82],"card_choices":[{"not_picked":["DemoMod:CursedBullets","DemoMod:HardPowerCard"],"picked":"DemoMod:DirectionalPad","floor":1},{"not_picked":["DemoMod:GunstockTap","DemoMod:AC15"],"picked":"DemoMod:ShadowBullets","floor":2},{"not_picked":["DemoMod:MachoBrace","DemoMod:DirectionalPad"],"picked":"DemoMod:HuntsMan","floor":4},{"not_picked":["DemoMod:ShadowBullets","DemoMod:BoxingGlove"],"picked":"DemoMod:Unity","floor":7},{"not_picked":["DemoMod:Camera","DemoMod:MachoBrace","DemoMod:GunstockTap"],"picked":"SKIP","floor":13},{"not_picked":["DemoMod:BlackHoleGun","DemoMod:DoubleVision"],"picked":"DemoMod:GunslingerForm","floor":16},{"not_picked":["DemoMod:ThirdPartyController","DemoMod:FullFirepower"],"picked":"DemoMod:BulletBore","floor":16}],"player_experience":504367,"relics_obtained":[{"floor":7,"key":"DemoMod:NanoMachines"},{"floor":9,"key":"DemoMod:GreenGuonStone"},{"floor":13,"key":"ReplayTheSpireMod:Ninjato"}],"event_choices":[{"damage_healed":0,"gold_gain":0,"player_choice":"Donut","damage_taken":0,"max_hp_gain":5,"max_hp_loss":0,"event_name":"Big Fish","floor":3,"gold_loss":0},{"cards_removed":["DemoMod:Strike_Huntress"],"damage_healed":0,"gold_gain":0,"player_choice":"Card Removal","damage_taken":0,"max_hp_gain":0,"max_hp_loss":0,"event_name":"The Cleric","floor":5,"gold_loss":50},{"damage_healed":20,"gold_gain":0,"player_choice":"Healed and dodged fight","damage_taken":0,"max_hp_gain":0,"max_hp_loss":0,"event_name":"Mushrooms","floor":10,"gold_loss":0,"cards_obtained":["Parasite"]},{"damage_healed":0,"gold_gain":75,"player_choice":"Gather Gold","damage_taken":11,"max_hp_gain":0,"max_hp_loss":0,"event_name":"World of Goop","floor":12,"gold_loss":0}],"is_beta":false,"boss_relics":[{"not_picked":["Kintsugi","Coffee Dripper"],"picked":"Honey Jar"}],"items_purged_floors":[],"is_endless":false,"potions_floor_spawned":[1,13,16],"killed_by":"3 Byrds","ascension_level":0}}