{"host":"96bpdudduaq3ttpf","time":1609324094,"event":{"mods":["Act Like it!","Astrologer","Bard","Bartender","BaseMod","CapriCore","Challenge The Spire","Chen","Downfall","Elementarium","Energized Spire","Friendly Minions","GifTheSpireLib","Hallownest","Hermit","Jorbs\u0027s Wanderer Trilogy","Koishi","Mari Mod (Legacy)","Mari\u0027s V1 Patch","Marisa????????","Mimic Mod","Minty Spire (QoL Compilation)","Prisma Mod","Remilia??????","Replay The Spire","Shade Mod","StSLib","Td1madao Mod","The Administrix","The Bladedancer","The Bug Knight","The Construct","The Cursed","The Factory","The Gatherer","The Hierophant","The Immortal","The IronCluck","The Jungle","The Marked","The Mystic","The Necromancer","The Runesmith","The Servant 0.9.4","Wandering Minibosses","WarShipGirlsR/????R mod","Yohane!","Yuyuko"],"gold_per_floor":[115,115,140,90,108,108,3,3,85,129,141,38,38,38,57,76,76,121,121],"floor_reached":18,"playtime":612,"items_purged":[],"score":108,"play_id":"cc0fc96d-184e-4697-b906-9ce8fa54b029","local_time":"20201230032814","is_ascension_mode":false,"campfire_choices":[{"data":"blademaster:DragonStrike","floor":6,"key":"SMITH"},{"data":"blademaster:LeechingStrike","floor":8,"key":"SMITH"},{"floor":17,"key":"DIG"}],"circlet_count":0,"master_deck":["blademaster:Strike","blademaster:Strike","blademaster:Strike","blademaster:Strike","blademaster:Defend","blademaster:Defend","blademaster:Defend","blademaster:Defend","blademaster:RagingBlow","blademaster:HighVoltage","blademaster:Stability","blademaster:DragonStrike+1","blademaster:LeechingStrike","blademaster:LeechingStrike+1","blademaster:DancingEdge","blademaster:Quickstep","blademaster:BloodyBlow","Languid","blademaster:UnrelentingWind+1","GalacticHalo","astrologer:SolarFlare"],"relics":["blademaster:DancersAmulet","NeowsBlessing","Ring of Fangs","ReplayTheSpireMod:Ring of Challenge","Protect_Vest","MawBank","Strawberry","PrismaticShard","Sundial"],"acts_visited":["Exordium"],"potions_floor_usage":[10,16,18],"damage_taken":[{"damage":0,"enemies":"Jaw Worm","floor":1,"turns":1},{"damage":0,"enemies":"Small Slimes","floor":5,"turns":1},{"damage":0,"enemies":"2 Louse","floor":9,"turns":2},{"damage":23,"enemies":"Gremlin Nob","floor":10,"turns":5},{"damage":0,"enemies":"2 Louse","floor":15,"turns":2},{"damage":11,"enemies":"Looter","floor":16,"turns":3},{"damage":71,"enemies":"The Guardian","floor":18,"turns":6}],"seed_played":"2192939065854656463","potions_obtained":[{"floor":1,"key":"Energy Potion"},{"floor":15,"key":"Adrenaline Potion"},{"floor":16,"key":"Block Potion"}],"is_trial":false,"path_per_floor":["M","?","T","?","M","R","$","R","MIM","E","?","$","PTL","PTL","M","M","R","B"],"character_chosen":"THE_BLADEMASTER","items_purchased":["blademaster:LeechingStrike","blademaster:DancingEdge","blademaster:UnrelentingWind+1"],"campfire_rested":0,"item_purchase_floors":[7,7,12],"current_hp_per_floor":[75,75,75,75,75,75,75,75,75,64,64,64,64,64,67,61,61,0,0],"gold":121,"neow_bonus":"THREE_ENEMY_KILL","is_daily":false,"chose_seed":false,"campfire_upgraded":2,"win_rate":0.0,"timestamp":1609324094,"path_taken":["M","?","?","?","M","R","$","R","MIM","E","?","?","PTL","PTL","M","M","R","BOSS"],"items_purchased_type":["Card","Card","Card"],"build_version":"2020-12-22","purchased_purges":0,"victory":false,"max_hp_per_floor":[75,75,75,75,75,75,75,75,75,82,82,82,82,82,82,82,82,82,82],"card_choices":[{"not_picked":["blademaster:DaggerAndCloak","blademaster:BloodyBlow"],"picked":"blademaster:Stability","floor":1},{"not_picked":["blademaster:ParryingStrike","blademaster:AirSlash"],"picked":"blademaster:DragonStrike","floor":5},{"not_picked":["blademaster:Overcharge","blademaster:Flurry"],"picked":"blademaster:Quickstep","floor":9},{"not_picked":["blademaster:BrainBloom","blademaster:Sunder"],"picked":"blademaster:BloodyBlow","floor":10},{"not_picked":["NonDirectionalLaser","MokouMod:ThermalPressure"],"picked":"GalacticHalo","floor":15},{"not_picked":["bard:LingeringEcho","stsjorbsmod:Abjure"],"picked":"astrologer:SolarFlare","floor":16}],"player_experience":746680,"relics_obtained":[{"floor":2,"key":"Ring of Fangs"},{"floor":2,"key":"ReplayTheSpireMod:Ring of Challenge"},{"floor":3,"key":"Protect_Vest"},{"floor":9,"key":"MawBank"},{"floor":10,"key":"Strawberry"},{"floor":10,"key":"blademaster:BonusComboPerk"},{"floor":17,"key":"Sundial"}],"event_choices":[{"cards_removed":["Doubt"],"damage_healed":0,"gold_gain":0,"player_choice":"Card Removal","damage_taken":0,"max_hp_gain":0,"max_hp_loss":0,"event_name":"The Cleric","floor":4,"gold_loss":50}],"is_beta":false,"boss_relics":[],"items_purged_floors":[],"is_endless":false,"potions_floor_spawned":[1,15,16],"killed_by":"The Guardian","ascension_level":0}}