{"host":"ih10tpa8asnmlfvv","time":1609363222,"event":{"mods":["BaseMod","Minty Spire (QoL Compilation)","StSLib","The Poker Player"],"gold_per_floor":[114,129,54,65,31,31,61,61,61,61,236,255,205,218,218,323,323,341,341,241,116,116,116,150,150,150,150,170,170,20,40,40,145,145,161,383,394,67,82,110,110,122,122,122,122,122,141,151,151,151,151,151,5,37,37,37,37],"floor_reached":55,"playtime":2810,"items_purged":["PokerPlayerMod:Diamond1","PokerPlayerMod:Club1","PokerPlayerMod:Diamond2","PokerPlayerMod:Diamond5","PokerPlayerMod:BadJoker"],"score":793,"play_id":"606615ef-337b-43ac-a8da-b2370ac883d8","local_time":"20201231062022","is_ascension_mode":false,"metric_token":286,"campfire_choices":[{"data":"PokerPlayerMod:Club3","floor":6.0,"key":"SMITH"},{"data":"PokerPlayerMod:Club2","floor":10.0,"key":"SMITH"},{"data":"PokerPlayerMod:Club3","floor":15.0,"key":"SMITH"},{"data":"PokerPlayerMod:Spade3","floor":23,"key":"SMITH"},{"data":"PokerPlayerMod:Diamond3","floor":25,"key":"SMITH"},{"data":"PokerPlayerMod:Spade2","floor":29,"key":"SMITH"},{"data":"PokerPlayerMod:Spade3","floor":32,"key":"SMITH"},{"floor":41,"key":"RECALL"},{"floor":46,"key":"REST"},{"data":"PokerPlayerMod:Promotion","floor":49,"key":"SMITH"},{"floor":52,"key":"REST"}],"circlet_count":0,"master_deck":["PokerPlayerMod:Diamond5","PokerPlayerMod:Diamond5","PokerPlayerMod:Spade5","PokerPlayerMod:Spade5","PokerPlayerMod:Spade5","PokerPlayerMod:Club5","PokerPlayerMod:TrumpStrike+1","PokerPlayerMod:Mulligan+1","PokerPlayerMod:Club5","PokerPlayerMod:Heart5","PokerPlayerMod:Diamond5","PokerPlayerMod:Club5","PokerPlayerMod:Diamond5","CurseOfTheBell","PokerPlayerMod:Club5","PokerPlayerMod:Promotion+1","PokerPlayerMod:Club5"],"relics":["PokerPlayerMod:DeckCase","WingedGreaves","Prayer Wheel","Empty Cage","Pantograph","Red Mask","Pen Nib","Enchiridion","Calling Bell","Juzu Bracelet","PokerPlayerMod:ClubPass","CaptainsWheel","Frozen Eye","PreservedInsect","Eternal Feather","Mark of the Bloom","Boot","Happy Flower"],"acts_visited":["Exordium","TheCity","TheBeyond","TheEnding"],"potions_floor_usage":[39,55,55],"damage_taken":[{"damage":0.0,"enemies":"Jaw Worm","floor":1.0,"turns":3.0},{"damage":0.0,"enemies":"Small Slimes","floor":2.0,"turns":2.0},{"damage":0.0,"enemies":"Cultist","floor":4.0,"turns":3.0},{"damage":26.0,"enemies":"3 Sentries","floor":7.0,"turns":7.0},{"damage":19.0,"enemies":"Exordium Thugs","floor":12.0,"turns":4.0},{"damage":1.0,"enemies":"2 Fungi Beasts","floor":14.0,"turns":2.0},{"damage":42.0,"enemies":"The Guardian","floor":16.0,"turns":10.0},{"damage":0.0,"enemies":"3 Byrds","floor":18.0,"turns":2.0},{"damage":0,"enemies":"Masked Bandits","floor":24,"turns":1},{"damage":0,"enemies":"Chosen","floor":28,"turns":1},{"damage":0,"enemies":"3 Cultists","floor":31,"turns":2},{"damage":0,"enemies":"Automaton","floor":33,"turns":4},{"damage":0,"enemies":"Orb Walker","floor":35,"turns":3},{"damage":0,"enemies":"3 Shapes","floor":37,"turns":2},{"damage":0,"enemies":"Writhing Mass","floor":39,"turns":4},{"damage":12,"enemies":"Reptomancer","floor":40,"turns":3},{"damage":12,"enemies":"3 Darklings","floor":42,"turns":2},{"damage":0,"enemies":"Spire Growth","floor":47,"turns":3},{"damage":7,"enemies":"Maw","floor":48,"turns":4},{"damage":0,"enemies":"Time Eater","floor":50,"turns":8},{"damage":16,"enemies":"Shield and Spear","floor":54,"turns":3},{"damage":26,"enemies":"The Heart","floor":55,"turns":5}],"seed_played":"-1452506138636201352","potions_obtained":[{"floor":1.0,"key":"Strength Potion"},{"floor":4.0,"key":"GamblersBrew"},{"floor":16.0,"key":"Explosive Potion"},{"floor":28,"key":"LiquidMemories"},{"floor":31,"key":"FearPotion"},{"floor":33,"key":"PowerPotion"},{"floor":42,"key":"ColorlessPotion"},{"floor":48,"key":"EssenceOfSteel"}],"is_trial":false,"path_per_floor":["M","M","$","M","$","R","E","?","T","R","?","M","?","M","R","B",null,"M","?","$","$","?","R","?","R","T","?","M","R","$","M","R","B",null,"M","?","M","$","M","E","R","M","T","?","?","R","M","M","R","B",null,"R","$","E","B"],"character_chosen":"THE_POKER_PLAYER","items_purchased":["PokerPlayerMod:Heart4","Frozen Eye","Boot"],"campfire_rested":2,"item_purchase_floors":[5,38,53],"current_hp_per_floor":[47,47,47,47,47,47,27,32,32,32,32,23,23,37,37,10,52,52,52,52,52,52,52,52,52,52,36,52,52,52,52,52,52,52,52,52,52,52,52,52,52,40,40,40,40,40,40,33,33,33,33,33,33,17,0,0,0],"gold":37,"neow_bonus":"ONE_RARE_RELIC","is_daily":false,"chose_seed":false,"campfire_upgraded":8,"win_rate":0.0,"timestamp":1609363222,"path_taken":["M","M","$","M","$","R","E","?","T","R","?","M","?","?","R","BOSS","M","?","?","$","?","R","?","R","T","?","?","R","$","M","R","BOSS","M","?","M","$","M","E","R","M","T","?","?","R","M","M","R","BOSS","R","$","E","BOSS"],"items_purchased_type":["Card","Relic","Relic"],"build_version":"2020-12-22","purchased_purges":5,"victory":false,"max_hp_per_floor":[47,47,47,47,47,47,47,52,52,52,52,52,52,52,52,52,52,52,52,52,52,52,52,52,52,52,52,52,52,52,52,52,52,52,52,52,52,52,52,52,52,52,52,52,52,52,52,52,52,52,52,52,52,52,52,52,52],"card_choices":[{"not_picked":["PokerPlayerMod:Trickery","PokerPlayerMod:Overdeal"],"picked":"PokerPlayerMod:Club3","floor":1.0},{"not_picked":["PokerPlayerMod:Diamond10+","PokerPlayerMod:Diamond7","PokerPlayerMod:Diamond2"],"picked":"SKIP","floor":2.0},{"not_picked":["PokerPlayerMod:FlyingCard","PokerPlayerMod:Diamond2","PokerPlayerMod:Heart5"],"picked":"SKIP","floor":4.0},{"not_picked":["PokerPlayerMod:Diamond2","PokerPlayerMod:Raise","PokerPlayerMod:MagicTrick"],"picked":"SKIP","floor":7.0},{"not_picked":["PokerPlayerMod:Spade1","PokerPlayerMod:Diamond1","PokerPlayerMod:SpadeStrike"],"picked":"SKIP","floor":12.0},{"not_picked":["PokerPlayerMod:Club2","PokerPlayerMod:Spade2","PokerPlayerMod:CardBurn"],"picked":"SKIP","floor":12.0},{"not_picked":["PokerPlayerMod:JackOfSpades","PokerPlayerMod:Diamond5","PokerPlayerMod:Spade3"],"picked":"SKIP","floor":14.0},{"not_picked":["PokerPlayerMod:CardPrinter","PokerPlayerMod:Trickery","PokerPlayerMod:FillThePot"],"picked":"SKIP","floor":14.0},{"not_picked":["PokerPlayerMod:Trickery","PokerPlayerMod:SecondChance"],"picked":"PokerPlayerMod:Diamond4","floor":18.0},{"not_picked":["PokerPlayerMod:Trickery+1","PokerPlayerMod:Diamond2","PokerPlayerMod:ClubsClub+1"],"picked":"SKIP","floor":18.0},{"not_picked":["PokerPlayerMod:WasteCollection","PokerPlayerMod:DiamondStrike"],"picked":"PokerPlayerMod:Club4","floor":24},{"not_picked":["PokerPlayerMod:SpadeStrike+1","PokerPlayerMod:Spade4"],"picked":"PokerPlayerMod:Diamond4","floor":28},{"not_picked":["PokerPlayerMod:Configure","PokerPlayerMod:Fold","PokerPlayerMod:Diamond2"],"picked":"SKIP","floor":28},{"not_picked":["PokerPlayerMod:DamnStraight+1","PokerPlayerMod:Heart1","PokerPlayerMod:Trickery"],"picked":"SKIP","floor":31},{"not_picked":["PokerPlayerMod:DiamondStrike","PokerPlayerMod:PoorCopy+1","PokerPlayerMod:DartThrow"],"picked":"SKIP","floor":31},{"not_picked":["PokerPlayerMod:DiamondStrike+1","PokerPlayerMod:FillThePot","PokerPlayerMod:Extraction+1"],"picked":"SKIP","floor":35},{"not_picked":["PokerPlayerMod:Club5","PokerPlayerMod:Diamond1","PokerPlayerMod:Diamond3"],"picked":"SKIP","floor":35},{"not_picked":["PokerPlayerMod:CardPrinter+1","PokerPlayerMod:ClubsClub+1","PokerPlayerMod:Fold+1"],"picked":"SKIP","floor":37},{"not_picked":["PokerPlayerMod:Spade2","PokerPlayerMod:Heart3","PokerPlayerMod:Club6"],"picked":"SKIP","floor":37},{"not_picked":["PokerPlayerMod:Club1","PokerPlayerMod:CloakAndDiamond+1"],"picked":"PokerPlayerMod:Club4","floor":39},{"not_picked":["PokerPlayerMod:Spade1","PokerPlayerMod:Fold","PokerPlayerMod:HeartStrike+1"],"picked":"SKIP","floor":39},{"not_picked":["PokerPlayerMod:Spade1","PokerPlayerMod:Fold","PokerPlayerMod:HeartStrike+1"],"picked":"SKIP","floor":39},{"not_picked":["PokerPlayerMod:Club10+","PokerPlayerMod:Diamond3","PokerPlayerMod:Harden"],"picked":"SKIP","floor":40},{"not_picked":["PokerPlayerMod:ClubsClub+1","PokerPlayerMod:Diamond2","PokerPlayerMod:Raise"],"picked":"SKIP","floor":42},{"not_picked":["PokerPlayerMod:Club2","PokerPlayerMod:Spade4","PokerPlayerMod:Configure"],"picked":"SKIP","floor":42},{"not_picked":["PokerPlayerMod:Club1","PokerPlayerMod:Diamond1"],"picked":"PokerPlayerMod:Promotion","floor":47},{"not_picked":["PokerPlayerMod:Club4","PokerPlayerMod:SecondChance+1","PokerPlayerMod:Spade2"],"picked":"SKIP","floor":47},{"not_picked":["PokerPlayerMod:Spade1","PokerPlayerMod:Spade2"],"picked":"PokerPlayerMod:Club5","floor":48},{"not_picked":["PokerPlayerMod:Diamond1","PokerPlayerMod:DiamondStrike","PokerPlayerMod:DamnStraight"],"picked":"SKIP","floor":48},{"not_picked":["PokerPlayerMod:CardBurn","PokerPlayerMod:Club4","PokerPlayerMod:DiamondStrike"],"picked":"SKIP","floor":54}],"player_experience":79082,"relics_obtained":[{"floor":7.0,"key":"Prayer Wheel"},{"floor":24,"key":"Red Mask"},{"floor":26,"key":"Pen Nib"},{"floor":27,"key":"Enchiridion"},{"floor":34,"key":"Juzu Bracelet"},{"floor":34,"key":"PokerPlayerMod:ClubPass"},{"floor":34,"key":"CaptainsWheel"},{"floor":40,"key":"PreservedInsect"},{"floor":43,"key":"Eternal Feather"},{"floor":54,"key":"Happy Flower"}],"event_choices":[{"damage_healed":0.0,"max_hp_gain":5.0,"max_hp_loss":0.0,"gold_gain":0.0,"event_name":"Big Fish","player_choice":"Donut","floor":8.0,"gold_loss":0.0,"damage_taken":0.0},{"damage_healed":0.0,"max_hp_gain":0.0,"max_hp_loss":0.0,"gold_gain":175.0,"event_name":"Liars Game","player_choice":"AGREE","floor":11.0,"gold_loss":0.0,"damage_taken":0.0,"cards_obtained":["Doubt"]},{"cards_removed":["Doubt"],"damage_healed":0.0,"max_hp_gain":0.0,"max_hp_loss":0.0,"gold_gain":0.0,"event_name":"The Cleric","player_choice":"Card Removal","floor":13.0,"gold_loss":50.0,"damage_taken":0.0},{"damage_healed":0.0,"max_hp_gain":0.0,"max_hp_loss":0.0,"gold_gain":0.0,"event_name":"WeMeetAgain","player_choice":"Gave Potion","floor":19.0,"gold_loss":0.0,"damage_taken":0.0,"relics_obtained":["Pantograph"]},{"damage_healed":17,"gold_gain":0,"player_choice":"Heal","damage_taken":0,"max_hp_gain":0,"max_hp_loss":0,"event_name":"The Library","floor":22,"gold_loss":0},{"damage_healed":0,"gold_gain":0,"player_choice":"Fought Bandits","damage_taken":0,"max_hp_gain":0,"max_hp_loss":0,"event_name":"Masked Bandits","floor":24,"gold_loss":0},{"damage_healed":0,"gold_gain":0,"player_choice":"Obtained Book","damage_taken":16,"max_hp_gain":0,"max_hp_loss":0,"event_name":"Cursed Tome","floor":27,"gold_loss":0},{"damage_healed":0,"gold_gain":222,"player_choice":"Wore Mask","damage_taken":0,"max_hp_gain":0,"max_hp_loss":0,"event_name":"Tomb of Lord Red Mask","floor":36,"gold_loss":0},{"damage_healed":0,"gold_gain":0,"player_choice":"Ignored","damage_taken":0,"max_hp_gain":0,"max_hp_loss":0,"event_name":"NoteForYourself","floor":44,"gold_loss":0},{"damage_healed":0,"gold_gain":0,"player_choice":"Upgrade","damage_taken":0,"relics_obtained":["Mark of the Bloom"],"max_hp_gain":0,"max_hp_loss":0,"event_name":"MindBloom","floor":45,"gold_loss":0,"cards_upgraded":["PokerPlayerMod:Diamond4","PokerPlayerMod:Diamond4","PokerPlayerMod:Spade4","PokerPlayerMod:Spade4","PokerPlayerMod:Spade4","PokerPlayerMod:Club4","PokerPlayerMod:TrumpStrike","PokerPlayerMod:Mulligan","PokerPlayerMod:Club4","PokerPlayerMod:Heart4","PokerPlayerMod:Diamond4","PokerPlayerMod:Club4","PokerPlayerMod:Diamond4","PokerPlayerMod:Club4"]}],"is_beta":false,"boss_relics":[{"not_picked":["Ectoplasm","Runic Dome"],"picked":"Empty Cage"},{"not_picked":["Fusion Hammer","Cursed Key"],"picked":"Calling Bell"}],"items_purged_floors":[3,20,21,30,38],"is_endless":false,"potions_floor_spawned":[1,4,16,28,31,33,37,42,48,54],"killed_by":"The Heart","ascension_level":0}}