{"host":"i09pxcjttd31eh4q","time":1609302516,"event":{"mods":["AchievementEnabler","BaseMod","Colored Map","Keyboard Shortcuts","Minty Spire (QoL Compilation)","StSLib","SuperFastMode"],"gold_per_floor":[119,119,3,22,22,22,41,61,84,84,84,119,119,136,136,208,208,221,34,34,34,51,82,95,95,121,171,171,198,211,237,237,313,313,326,326,0,0,17,17,34,34,34,49,77,77,77,95,95,95,95],"floor_reached":52,"playtime":1608,"items_purged":["Strike_G","Strike_G"],"score":2226,"play_id":"1efe434c-82d3-45f9-a5b2-73a728d0990a","local_time":"20201230132836","is_ascension_mode":true,"campfire_choices":[{"data":"Blade Dance","floor":10.0,"key":"SMITH"},{"data":"Cloak And Dagger","floor":13.0,"key":"SMITH"},{"data":"Accuracy","floor":15.0,"key":"SMITH"},{"data":"Calculated Gamble","floor":25.0,"key":"SMITH"},{"data":"Adrenaline","floor":32.0,"key":"SMITH"},{"data":"Calculated Gamble","floor":40,"key":"SMITH"},{"data":"Tactician","floor":42,"key":"SMITH"},{"data":"Tactician","floor":49,"key":"SMITH"}],"circlet_count":0,"master_deck":["AscendersBane","Defend_G+1","Defend_G","Defend_G","Defend_G","Survivor","Calculated Gamble+1","Blade Dance+1","Infinite Blades","Escape Plan","Accuracy+1","Prepared","Cloak And Dagger+1","Acrobatics","Adrenaline+1","Cloak And Dagger","Reflex+1","Calculated Gamble+1","Accuracy","Blur","Cloak And Dagger","Backflip","Acrobatics","Terror","Phantasmal Killer","PiercingWail+1","Blade Dance+1","Escape Plan","Tactician+1","Deflect+1","Terror+1","Adrenaline","Tactician+1","Backflip"],"relics":["Ring of the Snake","Lantern","MealTicket","Black Star","Tingsha","Mercury Hourglass","PreservedInsect","Pen Nib","Prayer Wheel","Turnip","Vajra","Coffee Dripper","Tough Bandages","Shuriken","Whetstone","War Paint"],"acts_visited":["Exordium","TheCity","TheBeyond"],"potions_floor_usage":[],"damage_taken":[{"damage":14.0,"enemies":"Cultist","floor":1.0,"turns":4.0},{"damage":2.0,"enemies":"Jaw Worm","floor":4.0,"turns":4.0},{"damage":3.0,"enemies":"2 Louse","floor":7.0,"turns":2.0},{"damage":4.0,"enemies":"Red Slaver","floor":8.0,"turns":3.0},{"damage":8.0,"enemies":"Gremlin Nob","floor":12.0,"turns":3.0},{"damage":0.0,"enemies":"Large Slime","floor":14.0,"turns":3.0},{"damage":27.0,"enemies":"Slime Boss","floor":16.0,"turns":6.0},{"damage":21.0,"enemies":"Spheric Guardian","floor":18.0,"turns":4.0},{"damage":0.0,"enemies":"Chosen","floor":22.0,"turns":2.0},{"damage":5.0,"enemies":"Book of Stabbing","floor":23.0,"turns":4.0},{"damage":0.0,"enemies":"Snecko","floor":24.0,"turns":3.0},{"damage":3.0,"enemies":"Slavers","floor":29.0,"turns":2.0},{"damage":0.0,"enemies":"3 Cultists","floor":30.0,"turns":3.0},{"damage":0.0,"enemies":"Gremlin Leader","floor":31.0,"turns":3.0},{"damage":34.0,"enemies":"Champ","floor":33.0,"turns":6.0},{"damage":0.0,"enemies":"Orb Walker","floor":35.0,"turns":1.0},{"damage":0,"enemies":"3 Darklings","floor":39,"turns":3},{"damage":0,"enemies":"Maw","floor":41,"turns":4},{"damage":0,"enemies":"4 Shapes","floor":44,"turns":1},{"damage":0,"enemies":"Reptomancer","floor":45,"turns":2},{"damage":0,"enemies":"Transient","floor":48,"turns":6},{"damage":0,"enemies":"Donu and Deca","floor":50,"turns":4},{"damage":0,"enemies":"Awakened One","floor":51,"turns":4}],"seed_played":"99609957281090813","potions_obtained":[{"floor":1.0,"key":"Swift Potion"},{"floor":4.0,"key":"BlessingOfTheForge"},{"floor":12.0,"key":"SkillPotion"},{"floor":14.0,"key":"Fruit Juice"},{"floor":18.0,"key":"SkillPotion"},{"floor":22.0,"key":"SkillPotion"},{"floor":24.0,"key":"CunningPotion"},{"floor":33.0,"key":"PowerPotion"}],"is_trial":false,"path_per_floor":["M","?","$","M","?","?","M","M","T","R","?","E","R","M","R","B",null,"M","$","?","$","M","E","M","R","T","?","?","E","M","E","R","B",null,"M","?","$","?","M","R","M","R","T","M","E","?","$","M","R","B","B",null],"character_chosen":"THE_SILENT","items_purchased":["Infinite Blades","Reflex","Tough Bandages"],"campfire_rested":0,"item_purchase_floors":[3,19,37],"current_hp_per_floor":[45,45,45,43,48,48,45,41,41,41,41,33,33,33,33,6,55,34,49,49,64,69,64,64,64,64,64,64,61,61,61,61,27,64,64,64,76,76,76,76,76,76,76,76,76,72,72,72,72,72,72],"gold":95,"neow_bonus":"TRANSFORM_TWO_CARDS","is_daily":false,"chose_seed":false,"campfire_upgraded":8,"win_rate":0.0,"timestamp":1609302516,"path_taken":["M","?","?","?","?","?","M","M","T","R","?","E","R","M","R","BOSS","M","$","?","$","M","E","?","R","T","?","?","E","M","E","R","BOSS","M","?","$","?","M","R","M","R","T","M","E","?","$","M","R","BOSS","BOSS"],"items_purchased_type":["Card","Card","Relic"],"build_version":"2020-12-22","purchased_purges":2,"victory":true,"max_hp_per_floor":[66,66,66,66,71,71,71,71,71,71,71,71,71,71,71,71,71,71,71,71,71,76,76,76,76,76,76,76,76,76,76,76,76,76,76,76,76,76,76,76,76,76,76,76,76,72,72,72,72,72,72],"card_choices":[{"not_picked":["Endless Agony","PiercingWail"],"picked":"Blade Dance","floor":1.0},{"not_picked":["Flying Knee","Concentrate"],"picked":"Escape Plan","floor":4.0},{"not_picked":["Escape Plan","Terror"],"picked":"Accuracy","floor":7.0},{"not_picked":["Underhanded Strike","Endless Agony"],"picked":"Prepared","floor":8.0},{"not_picked":["Deflect","Dagger Throw"],"picked":"Cloak And Dagger","floor":12.0},{"not_picked":["Riddle With Holes","Setup"],"picked":"Acrobatics","floor":14.0},{"not_picked":["Doppelganger","Bullet Time"],"picked":"Adrenaline","floor":16.0},{"not_picked":["Deadly Poison","Prepared"],"picked":"Cloak And Dagger","floor":18.0},{"not_picked":["Dagger Throw","Cloak And Dagger"],"picked":"Accuracy","floor":22.0},{"not_picked":["Malaise","Bouncing Flask"],"picked":"Blur","floor":23.0},{"not_picked":["Poisoned Stab+1","Setup"],"picked":"Cloak And Dagger","floor":24.0},{"not_picked":["Setup+1","Infinite Blades"],"picked":"Backflip","floor":29.0},{"not_picked":["Reflex","PiercingWail"],"picked":"Acrobatics","floor":30.0},{"not_picked":["Slice","Flying Knee","Sucker Punch"],"picked":"SKIP","floor":30.0},{"not_picked":["Quick Slash","Blade Dance"],"picked":"Terror","floor":31.0},{"not_picked":["Malaise","Die Die Die"],"picked":"Phantasmal Killer","floor":33.0},{"not_picked":["Deflect","Bane"],"picked":"PiercingWail+1","floor":35.0},{"not_picked":["Caltrops","Underhanded Strike+1","Bouncing Flask+1"],"picked":"SKIP","floor":35.0},{"not_picked":["Finisher","Acrobatics"],"picked":"Blade Dance+1","floor":39},{"not_picked":["Dodge and Roll","Dagger Spray+1","Distraction+1"],"picked":"SKIP","floor":39},{"not_picked":["Crippling Poison+1","Catalyst"],"picked":"Escape Plan","floor":41},{"not_picked":["Prepared","Cloak And Dagger"],"picked":"Tactician","floor":41},{"not_picked":["Masterful Stab","Footwork"],"picked":"Deflect+1","floor":44},{"not_picked":["Dagger Throw+1","Skewer"],"picked":"Terror+1","floor":44},{"not_picked":["Prepared","Blade Dance+1"],"picked":"Adrenaline","floor":45},{"not_picked":["Cloak And Dagger+1","Concentrate+1"],"picked":"Tactician","floor":48},{"not_picked":["Bane","Underhanded Strike"],"picked":"Backflip","floor":48}],"player_experience":788535,"relics_obtained":[{"floor":9.0,"key":"Lantern"},{"floor":12.0,"key":"MealTicket"},{"floor":23.0,"key":"Tingsha"},{"floor":23.0,"key":"Mercury Hourglass"},{"floor":26.0,"key":"PreservedInsect"},{"floor":29.0,"key":"Pen Nib"},{"floor":29.0,"key":"Prayer Wheel"},{"floor":31.0,"key":"Turnip"},{"floor":31.0,"key":"Vajra"},{"floor":43,"key":"Shuriken"},{"floor":45,"key":"Whetstone"},{"floor":45,"key":"War Paint"}],"event_choices":[{"cards_removed":["Doubt"],"damage_healed":0.0,"max_hp_gain":0.0,"max_hp_loss":0.0,"gold_gain":0.0,"event_name":"Living Wall","player_choice":"Forget","floor":2.0,"gold_loss":0.0,"damage_taken":0.0},{"damage_healed":0.0,"max_hp_gain":5.0,"max_hp_loss":0.0,"gold_gain":0.0,"event_name":"Big Fish","player_choice":"Donut","floor":5.0,"gold_loss":0.0,"damage_taken":0.0},{"damage_healed":0.0,"max_hp_gain":0.0,"max_hp_loss":0.0,"gold_gain":0.0,"event_name":"Liars Game","player_choice":"Ignored","floor":6.0,"gold_loss":0.0,"damage_taken":0.0},{"cards_removed":["Strike_G"],"damage_healed":0.0,"max_hp_gain":0.0,"max_hp_loss":0.0,"gold_gain":0.0,"event_name":"Purifier","player_choice":"Purged","floor":11.0,"gold_loss":0.0,"damage_taken":0.0},{"damage_healed":0.0,"max_hp_gain":0.0,"max_hp_loss":0.0,"gold_gain":0.0,"cards_transformed":["Strike_G"],"event_name":"Transmorgrifier","player_choice":"Transformed","floor":20.0,"gold_loss":0.0,"damage_taken":0.0,"cards_obtained":["Calculated Gamble"]},{"damage_healed":0.0,"max_hp_gain":0.0,"max_hp_loss":0.0,"gold_gain":50.0,"event_name":"Nest","player_choice":"Stole From Cult","floor":27.0,"gold_loss":0.0,"damage_taken":0.0},{"cards_removed":["Flying Knee"],"damage_healed":0.0,"max_hp_gain":0.0,"max_hp_loss":0.0,"gold_gain":0.0,"event_name":"Back to Basics","player_choice":"Elegance","floor":28.0,"gold_loss":0.0,"damage_taken":0.0},{"cards_removed":["Neutralize"],"damage_healed":0.0,"max_hp_gain":0.0,"max_hp_loss":0.0,"gold_gain":0.0,"event_name":"Falling","player_choice":"Removed Attack","floor":36.0,"gold_loss":0.0,"damage_taken":0.0},{"damage_healed":0,"gold_gain":0,"player_choice":"Memory 1","damage_taken":0,"max_hp_gain":0,"max_hp_loss":0,"event_name":"SensoryStone","floor":38,"gold_loss":0},{"damage_healed":0,"gold_gain":0,"player_choice":"Max HP","damage_taken":0,"max_hp_gain":0,"max_hp_loss":4,"event_name":"Winding Halls","floor":46,"gold_loss":0}],"is_beta":false,"boss_relics":[{"not_picked":["Ring of the Serpent","Calling Bell"],"picked":"Black Star"},{"not_picked":["Sozu","Runic Dome"],"picked":"Coffee Dripper"}],"items_purged_floors":[3,19],"is_endless":false,"potions_floor_spawned":[1,4,12,14,18,22,24,33,41,48],"ascension_level":20}}