{"host":"f6tqpspb2ou2a4h5","time":1609326034,"event":{"mods":["2.2 Compatiblity","Ascension Unlocker","BaseMod","Colored Map","DeckTracker","Hermit","Highlight Path","KOR Keyword Fix","Keyboard Shortcuts","Minty Spire (QoL Compilation)","Permanent Neow","Quick Restart","Random Character Button","StSLib","SuperFastMode","The Poker Player","everything is the same but u backflip on backflip"],"gold_per_floor":[115,133,145,159,234,234,265,265,265,147,163,163,173,173,173,277,277,289,67,87,100,100,100,131,131,131,142,142,142],"floor_reached":28,"playtime":1373,"items_purged":["Strike_B","Decay"],"score":372,"play_id":"de1e0560-0099-4f87-a541-17c44c5f9ebb","local_time":"20201230200034","is_ascension_mode":true,"campfire_choices":[{"data":"Zap","floor":6,"key":"SMITH"},{"data":"Loop","floor":8,"key":"SMITH"},{"floor":12,"key":"REST"},{"floor":15,"key":"REST"},{"data":"Defragment","floor":23,"key":"SMITH"},{"data":"Fusion","floor":25,"key":"SMITH"}],"circlet_count":0,"master_deck":["AscendersBane","Strike_B+1","Strike_B+1","Strike_B+1","Defend_B+1","Defend_B+1","Defend_B+1","Defend_B+1","Zap+1","Dualcast","Loop+1","Cold Snap","Conserve Battery","Melter","Beam Cell","Static Discharge","Fusion+1","BootSequence","Fission","Steam+1","Compile Driver","Ball Lightning+1","Hologram+1","Meteor Strike","Defragment+1","Doom and Gloom","Redo","Sweeping Beam+1"],"relics":["Cracked Core","Torii","Smiling Mask","Question Card","Sozu","Orrery","Prayer Wheel","Matryoshka"],"acts_visited":["Exordium","TheCity"],"potions_floor_usage":[18,21],"damage_taken":[{"damage":9,"enemies":"2 Louse","floor":1,"turns":3},{"damage":9,"enemies":"Cultist","floor":2,"turns":4},{"damage":7,"enemies":"Jaw Worm","floor":3,"turns":3},{"damage":2,"enemies":"Red Slaver","floor":4,"turns":5},{"damage":19,"enemies":"Lagavulin","floor":7,"turns":9},{"damage":1,"enemies":"3 Louse","floor":11,"turns":3},{"damage":8,"enemies":"Lots of Slimes","floor":13,"turns":4},{"damage":10,"enemies":"Hexaghost","floor":16,"turns":10},{"damage":6,"enemies":"Spheric Guardian","floor":18,"turns":3},{"damage":0,"enemies":"Shell Parasite","floor":20,"turns":3},{"damage":2,"enemies":"Centurion and Healer","floor":21,"turns":5},{"damage":24,"enemies":"Book of Stabbing","floor":24,"turns":5},{"damage":1,"enemies":"Shelled Parasite and Fungi","floor":27,"turns":4},{"damage":34,"enemies":"Chosen and Byrds","floor":28,"turns":5}],"seed_played":"8069929116509346276","potions_obtained":[{"floor":1,"key":"SkillPotion"},{"floor":2,"key":"ColorlessPotion"},{"floor":16,"key":"Explosive Potion"}],"is_trial":false,"path_per_floor":["M","M","M","M","?","R","E","R","T","$","M","R","M","?","R","B",null,"M","$","M","M","?","R","E","R","T","M","M"],"character_chosen":"DEFECT","items_purchased":["Static Discharge","Compile Driver","Orrery"],"campfire_rested":2,"item_purchase_floors":[10,19,19],"current_hp_per_floor":[59,50,43,41,30,30,11,11,11,11,10,32,24,24,46,36,65,59,59,59,57,57,57,33,33,33,32,0,0],"gold":142,"neow_bonus":"ONE_RARE_RELIC","is_daily":false,"chose_seed":false,"campfire_upgraded":4,"win_rate":0.0,"timestamp":1609326034,"path_taken":["M","M","M","M","?","R","E","R","T","$","M","R","M","?","R","BOSS","M","$","M","M","?","R","E","R","T","M","M"],"items_purchased_type":["Card","Card","Relic"],"build_version":"2020-12-22","purchased_purges":2,"victory":false,"max_hp_per_floor":[75,75,75,75,75,75,75,75,75,75,75,75,75,75,75,75,75,75,75,75,75,75,75,75,75,75,75,75,75],"card_choices":[{"not_picked":["Recycle","Auto Shields"],"picked":"Loop","floor":1},{"not_picked":["Turbo","Stack"],"picked":"Cold Snap","floor":2},{"not_picked":["Turbo","Stack"],"picked":"Conserve Battery","floor":3},{"not_picked":["Leap","Skim"],"picked":"Melter","floor":4},{"not_picked":["Redo","Reprogram"],"picked":"Beam Cell","floor":7},{"not_picked":["Darkness","Sunder","Melter"],"picked":"Fusion","floor":11},{"not_picked":["Consume","Rainbow","Steam"],"picked":"BootSequence","floor":13},{"not_picked":["All For One","Multi-Cast","Amplify"],"picked":"Fission","floor":16},{"not_picked":["Barrage","Leap","Coolheaded"],"picked":"Steam+1","floor":18},{"not_picked":["Skim","Doom and Gloom","Consume"],"picked":"Ball Lightning+1","floor":19},{"not_picked":["Barrage","Melter","FTL+1"],"picked":"Hologram+1","floor":19},{"not_picked":["Capacitor","Melter","Coolheaded"],"picked":"Meteor Strike","floor":19},{"not_picked":["Coolheaded+1","Go for the Eyes","Turbo+1"],"picked":"Defragment","floor":20},{"not_picked":["Sunder","Hologram","Compile Driver"],"picked":"Doom and Gloom","floor":21},{"not_picked":["Beam Cell","Stack+1","Streamline","Glacier"],"picked":"SKIP","floor":24},{"not_picked":["All For One","Leap","Rebound"],"picked":"Redo","floor":27},{"not_picked":["Leap+1","Recycle","Hello World"],"picked":"Sweeping Beam+1","floor":27}],"player_experience":104856,"relics_obtained":[{"floor":7,"key":"Smiling Mask"},{"floor":9,"key":"Question Card"},{"floor":24,"key":"Prayer Wheel"},{"floor":26,"key":"Matryoshka"}],"event_choices":[{"damage_healed":0,"gold_gain":75,"player_choice":"Gather Gold","damage_taken":11,"max_hp_gain":0,"max_hp_loss":0,"event_name":"World of Goop","floor":5,"gold_loss":0},{"damage_healed":0,"gold_gain":0,"player_choice":"Ignored","damage_taken":0,"max_hp_gain":0,"max_hp_loss":0,"event_name":"Shining Light","floor":14,"gold_loss":0},{"damage_healed":0,"gold_gain":0,"player_choice":"Simplicity","damage_taken":0,"max_hp_gain":0,"max_hp_loss":0,"event_name":"Back to Basics","floor":22,"gold_loss":0,"cards_upgraded":["Strike_B","Strike_B","Strike_B","Defend_B","Defend_B","Defend_B","Defend_B"]}],"is_beta":false,"boss_relics":[{"not_picked":["Calling Bell","Black Star"],"picked":"Sozu"}],"items_purged_floors":[10,19],"is_endless":false,"potions_floor_spawned":[1,2,13,16,21,24],"killed_by":"Chosen and Byrds","ascension_level":11}}