{"host":"8w54i48wcuneocjq","time":1609332852,"event":{"mods":["2.2 Compatiblity","AchievementEnabler","BaseMod","DeckTracker","Minty Spire (QoL Compilation)","Random Character Button","Rare Cards Sparkle"],"gold_per_floor":[117,131,81,92,104,104,135,135,135,10,10,20,20,20,20,140,140,154,167,167,181,181,181,225,225,225,238,259,274,274,274,274,274,274],"floor_reached":33,"playtime":1683,"items_purged":[],"score":292,"play_id":"7a08ae5f-6f80-4bc3-a1bd-a0fc38686696","local_time":"20201230135412","is_ascension_mode":false,"campfire_choices":[{"data":"Twin Strike","floor":6.0,"key":"SMITH"},{"data":"Bash","floor":8.0,"key":"SMITH"},{"data":"Pommel Strike","floor":11.0,"key":"SMITH"},{"data":"Ghostly Armor","floor":15.0,"key":"SMITH"},{"floor":23.0,"key":"REST"},{"data":"Injury","floor":25,"key":"PURGE"},{"floor":30,"key":"REST"},{"floor":32,"key":"REST"}],"circlet_count":0,"master_deck":["Strike_R","Strike_R","Strike_R","Strike_R","Defend_R","Defend_R","Defend_R","Defend_R","Bash+1","Twin Strike+1","Ghostly Armor+1","Cleave","Heavy Blade","Bloodletting+1","Pommel Strike+1","Intimidate+1","Barricade","Shrug It Off+1","Body Slam","Shrug It Off+1","Pummel+1","Armaments+1","Uppercut","Flex+1"],"relics":["Burning Blood","Bag of Marbles","Toxic Egg 2","Golden Idol","SlaversCollar","Peace Pipe","Matryoshka"],"acts_visited":["Exordium","TheCity"],"potions_floor_usage":[27,29,33,33],"damage_taken":[{"damage":8.0,"enemies":"Jaw Worm","floor":1.0,"turns":6.0},{"damage":2.0,"enemies":"Small Slimes","floor":2.0,"turns":3.0},{"damage":2.0,"enemies":"2 Louse","floor":4.0,"turns":3.0},{"damage":8.0,"enemies":"Lots of Slimes","floor":5.0,"turns":6.0},{"damage":17.0,"enemies":"3 Sentries","floor":7.0,"turns":6.0},{"damage":3.0,"enemies":"Exordium Wildlife","floor":12.0,"turns":3.0},{"damage":63.0,"enemies":"Slime Boss","floor":16.0,"turns":11.0},{"damage":9.0,"enemies":"Chosen","floor":18.0,"turns":4.0},{"damage":14.0,"enemies":"2 Thieves","floor":19.0,"turns":5.0},{"damage":23.0,"enemies":"Cultist and Chosen","floor":21.0,"turns":6.0},{"damage":18,"enemies":"Slavers","floor":24,"turns":7},{"damage":18,"enemies":"Snake Plant","floor":27,"turns":8},{"damage":15,"enemies":"Snecko","floor":28,"turns":6},{"damage":16,"enemies":"Shelled Parasite and Fungi","floor":29,"turns":3},{"damage":22,"enemies":"Colosseum Slavers","floor":31,"turns":6},{"damage":76,"enemies":"Collector","floor":33,"turns":13}],"seed_played":"-5460309636254766833","potions_obtained":[{"floor":1.0,"key":"ElixirPotion"},{"floor":2.0,"key":"Strength Potion"},{"floor":5.0,"key":"GamblersBrew"},{"floor":12.0,"key":"LiquidMemories"},{"floor":24,"key":"ColorlessPotion"},{"floor":29,"key":"Strength Potion"}],"is_trial":false,"path_per_floor":["M","M","?","M","M","R","E","R","T","$","R","M","?","$","R","B",null,"M","M","?","M","?","R","E","R","T","M","M","M","R","?","R","B"],"character_chosen":"IRONCLAD","items_purchased":["Bloodletting+1","Pommel Strike"],"campfire_rested":3,"item_purchase_floors":[10,10],"current_hp_per_floor":[86,88,88,88,86,86,75,75,75,75,75,78,78,78,78,21,88,85,77,77,60,34,63,51,51,51,39,30,20,49,33,62,0,0],"gold":274,"neow_bonus":"TEN_PERCENT_HP_BONUS","is_daily":false,"chose_seed":false,"campfire_upgraded":4,"win_rate":0.0,"timestamp":1609332852,"path_taken":["M","M","?","M","M","R","E","R","T","$","R","M","?","$","R","BOSS","M","M","?","M","?","R","E","R","T","M","M","?","R","?","R","BOSS"],"items_purchased_type":["Card","Card"],"build_version":"2020-12-22","purchased_purges":0,"victory":false,"max_hp_per_floor":[88,88,88,88,88,88,88,88,88,88,88,88,88,88,88,88,88,88,88,88,88,98,98,98,98,98,98,98,98,98,98,98,98,98],"card_choices":[{"not_picked":["Whirlwind","Infernal Blade"],"picked":"Twin Strike","floor":1.0},{"not_picked":["Feel No Pain","Headbutt"],"picked":"Ghostly Armor","floor":2.0},{"not_picked":["Heavy Blade","Sword Boomerang"],"picked":"Cleave","floor":4.0},{"not_picked":["Sword Boomerang","Anger","Thunderclap"],"picked":"SKIP","floor":5.0},{"not_picked":["Thunderclap","Perfected Strike"],"picked":"Heavy Blade","floor":7.0},{"not_picked":["Clash","Anger"],"picked":"Intimidate+1","floor":12.0},{"not_picked":["Offering+1","Berserk"],"picked":"Barricade","floor":16.0},{"not_picked":["Whirlwind","Thunderclap"],"picked":"Shrug It Off+1","floor":18.0},{"not_picked":["Heavy Blade","Cleave"],"picked":"Body Slam","floor":19.0},{"not_picked":["Dark Embrace","Thunderclap"],"picked":"Pummel+1","floor":21.0},{"not_picked":["Iron Wave","Dark Embrace"],"picked":"Armaments+1","floor":24},{"not_picked":["Clothesline+1","Sword Boomerang","Ghostly Armor+1"],"picked":"SKIP","floor":27},{"not_picked":["Rupture","Hemokinesis+1"],"picked":"Uppercut","floor":28},{"not_picked":["Perfected Strike","Blood for Blood+1"],"picked":"Flex+1","floor":29}],"player_experience":10876,"relics_obtained":[{"floor":7.0,"key":"Bag of Marbles"},{"floor":9.0,"key":"Toxic Egg 2"},{"floor":24,"key":"Peace Pipe"},{"floor":26,"key":"Matryoshka"}],"event_choices":[{"cards_removed":["Strike_R"],"damage_healed":0.0,"max_hp_gain":0.0,"max_hp_loss":0.0,"gold_gain":0.0,"event_name":"The Cleric","player_choice":"Card Removal","floor":3.0,"gold_loss":50.0,"damage_taken":0.0},{"damage_healed":0.0,"max_hp_gain":0.0,"max_hp_loss":0.0,"gold_gain":0.0,"event_name":"Golden Idol","player_choice":"Take Wound","floor":13.0,"gold_loss":0.0,"damage_taken":0.0,"relics_obtained":["Golden Idol"],"cards_obtained":["Injury"]},{"damage_healed":0.0,"max_hp_gain":0.0,"max_hp_loss":0.0,"gold_gain":0.0,"event_name":"The Library","player_choice":"Read","floor":20.0,"gold_loss":0.0,"damage_taken":0.0,"cards_obtained":["Shrug It Off"]},{"damage_healed":0.0,"max_hp_gain":0.0,"max_hp_loss":0.0,"gold_gain":0.0,"event_name":"Knowing Skull","player_choice":"POTION POTION POTION POTION ","floor":22.0,"potions_obtained":["Fruit Juice","FearPotion","Fruit Juice","SneckoOil"],"gold_loss":0.0,"damage_taken":36.0,"cards_obtained":[]},{"damage_healed":0,"gold_gain":0,"player_choice":"Fight","damage_taken":0,"max_hp_gain":0,"max_hp_loss":0,"event_name":"Colosseum","floor":31,"gold_loss":0},{"damage_healed":0,"gold_gain":0,"player_choice":"Fled From Nobs","damage_taken":0,"max_hp_gain":0,"max_hp_loss":0,"event_name":"Colosseum","floor":31,"gold_loss":0}],"is_beta":false,"boss_relics":[{"not_picked":["Snecko Eye","Sozu"],"picked":"SlaversCollar"}],"items_purged_floors":[],"is_endless":false,"potions_floor_spawned":[1,2,5,12,16,24,29,31],"killed_by":"Collector","ascension_level":0}}