{"host":"obl22cu6uafq1ffx","time":1609334952,"event":{"mods":["BaseMod","Colored Map","Hubris","Hunter ¡‘»À","KinomotoSakuraMod(ƒæ÷Æ±æ”£)","Lobotomy","Minty Spire (QoL Compilation)","Pikachu Mod","Shop Mod","Small Relic Pack","StSLib","The Poker Player","The Saiyan","TheHero","[IsaacMod]“‘»ˆº‚À˛","vexMod","°æ“≈ŒÔø®≈∆°øREMEMod"],"gold_per_floor":[117,117,192,209,284,284,314,314,314,314,314,329,182,195,195,293,343,383,393,412,425,159,159,159,159,159,6,26,26,26,46,46,46,46],"floor_reached":33,"playtime":2304,"items_purged":[],"score":270,"play_id":"49c57d18-ae39-4aec-b263-7718c8c66e7f","local_time":"20201230212912","is_ascension_mode":false,"campfire_choices":[{"floor":6.0,"key":"REST"},{"data":"DoctorFetus","floor":8.0,"key":"SMITH"},{"floor":15.0,"key":"REST"},{"data":"ClowCardTheSong","floor":23,"key":"SMITH"},{"floor":29,"key":"REST"},{"floor":32,"key":"REST"}],"circlet_count":1,"master_deck":["SakuraCardTheSword+","ClowCardTheSword","ClowCardTheSword","ClowCardTheSword","ClowCardTheShield+1","ClowCardTheShield+1","ClowCardTheShield+1","ClowCardTheShield","SpellCardSeal","SpellCardRelease","DoctorFetus+1","ClowCardTheArrow","ClowCardTheFreeze","ClowCardTheErase","ClowCardTheCloud","ClowCardTheRain","ClowCardTheDash","ClowCardTheSilent","ClowCardTheShot","ClowCardTheSnow+1","ClowCardTheVoice","ClowCardTheFloat","ClowCardTheThunder","ClowCardTheSong+1","Necronomicurse","ClowCardTheVoice"],"relics":["KSMOD_SealedBook","KSMOD_SealedWand","HushsDoor","Circlet","TheBean","TheBible","Meat on the Bone","MerchantsRug","Lee\u0027s Waffle","Necronomicon","Pen Nib","Anchor"],"acts_visited":["Exordium","TheCity"],"potions_floor_usage":[33,33],"damage_taken":[{"damage":0.0,"enemies":"2 Louse","floor":1.0,"turns":1.0},{"damage":10.0,"enemies":"Small Slimes","floor":4.0,"turns":2.0},{"damage":0.0,"enemies":"Gremlin Nob","floor":7.0,"turns":2.0},{"damage":11.0,"enemies":"Jaw Worm","floor":12.0,"turns":2.0},{"damage":0.0,"enemies":"2 Fungi Beasts","floor":14.0,"turns":3.0},{"damage":35.0,"enemies":"Slime Boss","floor":16.0,"turns":5.0},{"damage":10.0,"enemies":"Chosen","floor":18.0,"turns":4.0},{"damage":12.0,"enemies":"3 Byrds","floor":19.0,"turns":5.0},{"damage":35.0,"enemies":"Snake Plant","floor":20.0,"turns":5.0},{"damage":26.0,"enemies":"Centurion and Healer","floor":21.0,"turns":5.0},{"damage":31,"enemies":"3 Cultists","floor":28,"turns":4},{"damage":39,"enemies":"Sentry and Sphere","floor":31,"turns":5},{"damage":72,"enemies":"Collector","floor":33,"turns":6}],"seed_played":"8117331395400981070","potions_obtained":[{"floor":12.0,"key":"SneckoOil"},{"floor":14.0,"key":"Dexterity Potion"},{"floor":16.0,"key":"REME_GoldPotion"},{"floor":17.0,"key":"EntropicBrew"},{"floor":19.0,"key":"EssenceOfSteel"},{"floor":28,"key":"BlessingOfTheForge"}],"is_trial":false,"path_per_floor":["M","?","?","M","?","R","E","R","T","T","?","M","$","M","R","B",null,"M","M","M","M","$","R","?","?","T","$","M","R","$","M","R","B"],"character_chosen":"KINOMOTOSAKURA","items_purchased":["MerchantsRug","Lee\u0027s Waffle","ClowCardTheFloat","ClowCardTheThunder","ClowCardTheSong","Anchor"],"campfire_rested":4,"item_purchase_floors":[13,22,22,22,22,27],"current_hp_per_floor":[70,70,70,60,49,70,70,70,70,70,70,59,59,59,70,47,75,65,53,30,16,82,82,82,66,66,66,47,71,71,44,68,0,0],"gold":46,"neow_bonus":"RANDOM_COMMON_RELIC","is_daily":false,"chose_seed":false,"campfire_upgraded":2,"win_rate":0.0,"timestamp":1609334952,"path_taken":["M","?","?","M","?","R","E","R","T","?","?","M","$","M","R","BOSS","M","?","M","M","$","R","?","?","T","?","M","R","$","M","R","BOSS"],"items_purchased_type":["Relic","Relic","Card","Card","Card","Relic"],"build_version":"2020-12-22","purchased_purges":0,"victory":false,"max_hp_per_floor":[70,70,70,70,70,70,70,70,70,70,70,70,70,70,70,70,75,75,75,75,75,82,82,82,82,82,82,82,82,82,82,82,82,82],"card_choices":[{"not_picked":[],"picked":"DoctorFetus","floor":0.0},{"not_picked":["ClowCardTheMirror","ClowCardTheIllusion"],"picked":"ClowCardTheArrow","floor":1.0},{"not_picked":["ClowCardTheMaze","ClowCardTheMist"],"picked":"ClowCardTheFreeze","floor":4.0},{"not_picked":["ClowCardTheChange","ClowCardTheThunder"],"picked":"ClowCardTheErase","floor":7.0},{"not_picked":["ClowCardTheSilent","ClowCardTheLibra"],"picked":"ClowCardTheCloud","floor":12.0},{"not_picked":["ClowCardTheJump","ClowCardTheLittle"],"picked":"ClowCardTheRain","floor":14.0},{"not_picked":["ClowCardTheTime","ClowCardTheReturn"],"picked":"ClowCardTheDash","floor":16.0},{"not_picked":["ClowCardTheVoice","ClowCardTheCloud"],"picked":"ClowCardTheSilent","floor":17.0},{"not_picked":["ClowCardTheFloat+1","ClowCardTheLock"],"picked":"ClowCardTheShot","floor":18.0},{"not_picked":["ClowCardTheCloud","ClowCardTheFlower"],"picked":"ClowCardTheSnow+1","floor":19.0},{"not_picked":["ClowCardTheWave+1","ClowCardTheJump"],"picked":"ClowCardTheVoice","floor":20.0},{"not_picked":["ClowCardTheMove","ClowCardTheEarthy","ClowCardTheSand+1"],"picked":"SKIP","floor":21.0},{"not_picked":["ClowCardTheGlow","ClowCardTheIllusion+1"],"picked":"ClowCardTheVoice","floor":28},{"not_picked":["ClowCardTheWindy","ClowCardTheWood","ClowCardTheGlow"],"picked":"SKIP","floor":31}],"player_experience":9810,"relics_obtained":[{"floor":7.0,"key":"TheBible"},{"floor":9.0,"key":"Peace Pipe"},{"floor":10.0,"key":"Meat on the Bone"},{"floor":25,"key":"Necronomicon"},{"floor":26,"key":"Pen Nib"}],"event_choices":[{"damage_healed":0.0,"max_hp_gain":0.0,"max_hp_loss":0.0,"gold_gain":0.0,"event_name":"Liars Game","player_choice":"Ignored","floor":2.0,"gold_loss":0.0,"damage_taken":0.0},{"damage_healed":0.0,"max_hp_gain":0.0,"max_hp_loss":0.0,"gold_gain":75.0,"event_name":"Golden Wing","player_choice":"Gained Gold","floor":3.0,"gold_loss":0.0,"damage_taken":0.0},{"damage_healed":0.0,"max_hp_gain":0.0,"max_hp_loss":0.0,"gold_gain":75.0,"event_name":"World of Goop","player_choice":"Gather Gold","floor":5.0,"gold_loss":0.0,"damage_taken":11.0},{"damage_healed":0.0,"max_hp_gain":0.0,"max_hp_loss":0.0,"gold_gain":0.0,"event_name":"Purifier","player_choice":"Ignored","floor":11.0,"gold_loss":0.0,"damage_taken":0.0},{"damage_healed":0,"gold_gain":0,"player_choice":"Ignored","damage_taken":0,"max_hp_gain":0,"max_hp_loss":0,"event_name":"Beggar","floor":24,"gold_loss":0},{"damage_healed":0,"gold_gain":0,"player_choice":"Obtained Book","damage_taken":16,"max_hp_gain":0,"max_hp_loss":0,"event_name":"Cursed Tome","floor":25,"gold_loss":0}],"is_beta":false,"boss_relics":[{"not_picked":["Empty Cage","Runic Dome"],"picked":"Tiny House"},{"not_picked":[]}],"items_purged_floors":[],"is_endless":false,"potions_floor_spawned":[12,14,16,19,28,31],"killed_by":"Collector","ascension_level":0}}