{"host":"pq8o62wp0h1hflf3","time":1609343933,"event":{"mods":["BaseMod","Minty Spire (QoL Compilation)","Relic Stats","ojb\u0027s Info Mod"],"gold_per_floor":[117,60,60,25,36,64,74,74,74,74,74,85,101,136,136,211,211,227,110,127,127,177,211,227,227,274,274,290,302,302,54,54,54,54],"floor_reached":33,"playtime":1747,"items_purged":["Strike_G"],"score":625,"play_id":"091350cf-ff4e-4758-adf6-759f51ad1fda","local_time":"20201230105853","is_ascension_mode":true,"campfire_choices":[{"data":"Corpse Explosion","floor":8.0,"key":"SMITH"},{"data":"Neutralize","floor":10.0,"key":"SMITH"},{"data":"Dash","floor":15.0,"key":"SMITH"},{"floor":25,"key":"REST"},{"data":"Crippling Poison","floor":27,"key":"SMITH"},{"floor":32,"key":"REST"}],"circlet_count":0,"master_deck":["AscendersBane","Strike_G","Strike_G","Defend_G","Defend_G","Defend_G","Defend_G","Defend_G","Survivor","Neutralize+1","Sucker Punch","Corpse Explosion+1","Deflect","Dash+1","Backflip","Die Die Die","PiercingWail","Predator","Bane+1","RitualDagger","Crippling Poison+1","Doppelganger","Underhanded Strike","Noxious Fumes"],"relics":["Ring of the Serpent","NeowsBlessing","Torii","TungstenRod","Mango","Gremlin Horn","Bird Faced Urn","TwistedFunnel"],"acts_visited":["Exordium","TheCity"],"potions_floor_usage":[23,33,33],"damage_taken":[{"damage":0.0,"enemies":"2 Louse","floor":1.0,"turns":1.0},{"damage":0.0,"enemies":"Small Slimes","floor":5.0,"turns":1.0},{"damage":0.0,"enemies":"Gremlin Nob","floor":6.0,"turns":1.0},{"damage":1.0,"enemies":"Jaw Worm","floor":7.0,"turns":4.0},{"damage":5.0,"enemies":"Blue Slaver","floor":12.0,"turns":4.0},{"damage":0.0,"enemies":"Exordium Wildlife","floor":13.0,"turns":3.0},{"damage":18.0,"enemies":"Lagavulin","floor":14.0,"turns":9.0},{"damage":32.0,"enemies":"Slime Boss","floor":16.0,"turns":13.0},{"damage":0,"enemies":"Chosen","floor":18,"turns":7},{"damage":0,"enemies":"Shell Parasite","floor":20,"turns":7},{"damage":28,"enemies":"Slavers","floor":23,"turns":6},{"damage":17,"enemies":"Shelled Parasite and Fungi","floor":24,"turns":7},{"damage":11,"enemies":"Chosen and Byrds","floor":28,"turns":6},{"damage":10,"enemies":"Snake Plant","floor":29,"turns":5},{"damage":52,"enemies":"Collector","floor":33,"turns":7}],"seed_played":"-5167735832931000558","potions_obtained":[{"floor":12.0,"key":"DistilledChaos"},{"floor":13.0,"key":"Poison Potion"},{"floor":18,"key":"Poison Potion"},{"floor":28,"key":"CunningPotion"},{"floor":29,"key":"LiquidMemories"}],"is_trial":false,"path_per_floor":["M","$","?","?","M","E","M","R","T","R","T","M","M","E","R","B",null,"M","$","M","?","?","E","M","R","T","R","M","M","?","$","R","B"],"character_chosen":"THE_SILENT","items_purchased":["PowerPotion","Predator","Noxious Fumes","TwistedFunnel"],"campfire_rested":2,"item_purchase_floors":[2,19,31,31],"current_hp_per_floor":[59,59,64,71,71,71,70,70,70,70,84,79,79,61,61,29,71,71,71,71,66,66,38,21,46,46,46,35,25,25,25,50,0,0],"gold":54,"neow_bonus":"THREE_ENEMY_KILL","is_daily":false,"chose_seed":false,"campfire_upgraded":4,"win_rate":0.0,"timestamp":1609343933,"path_taken":["M","$","?","?","M","E","M","R","T","R","?","M","M","E","R","BOSS","M","$","M","?","?","E","M","R","T","R","?","M","?","$","R","BOSS"],"items_purchased_type":["Potion","Card","Card","Relic"],"build_version":"2020-12-22","purchased_purges":1,"victory":false,"max_hp_per_floor":[66,66,71,71,71,71,71,71,71,71,85,85,85,85,85,85,85,85,85,85,85,85,85,85,85,85,85,85,85,85,85,85,85,85],"relic_stats":{"Torii":63,"Gremlin Horn":[8,8],"counters":[15,81],"Bird Faced Urn":[2],"obtain_stats":[{"TwistedFunnel":31,"NeowsBlessing":0,"Torii":6,"Gremlin Horn":14,"Bird Faced Urn":23,"Mango":11,"TungstenRod":9,"Ring of the Serpent":17,"Ring of the Snake":0},{"TwistedFunnel":14,"NeowsBlessing":0,"Torii":3,"Gremlin Horn":7,"Bird Faced Urn":11,"Mango":4,"TungstenRod":4,"Ring of the Serpent":8,"Ring of the Snake":0},{"TwistedFunnel":74,"NeowsBlessing":0,"Torii":3,"Gremlin Horn":23,"Bird Faced Urn":56,"Mango":7,"TungstenRod":7,"Ring of the Serpent":36,"Ring of the Snake":0}],"TungstenRod":50},"card_choices":[{"not_picked":["Dodge and Roll","Backflip"],"picked":"Sucker Punch","floor":1.0},{"not_picked":["Masterful Stab","Slice","Expertise"],"picked":"SKIP","floor":5.0},{"not_picked":["Poisoned Stab","Choke"],"picked":"Corpse Explosion","floor":6.0},{"not_picked":["Slice","Blur"],"picked":"Deflect","floor":7.0},{"not_picked":["Bane","Prepared"],"picked":"Dash","floor":12.0},{"not_picked":["Masterful Stab","Dodge and Roll","Endless Agony"],"picked":"SKIP","floor":13.0},{"not_picked":["All Out Attack","Slice"],"picked":"Backflip","floor":14.0},{"not_picked":["Night Terror","Storm of Steel"],"picked":"Die Die Die","floor":16.0},{"not_picked":["Quick Slash","Deflect"],"picked":"PiercingWail","floor":18},{"not_picked":["Deflect","Outmaneuver"],"picked":"Bane+1","floor":20},{"not_picked":["Reflex","Dodge and Roll"],"picked":"Crippling Poison","floor":23},{"not_picked":["Finisher","Backflip","Prepared"],"picked":"SKIP","floor":24},{"not_picked":["Riddle With Holes","Outmaneuver","Flying Knee"],"picked":"SKIP","floor":28},{"not_picked":["Concentrate","Predator","Backflip"],"picked":"SKIP","floor":29}],"player_experience":1073975,"relics_obtained":[{"floor":6.0,"key":"Torii"},{"floor":9.0,"key":"TungstenRod"},{"floor":11.0,"key":"Mango"},{"floor":14.0,"key":"Gremlin Horn"},{"floor":23,"key":"Bird Faced Urn"}],"event_choices":[{"damage_healed":0.0,"max_hp_gain":5.0,"max_hp_loss":0.0,"gold_gain":0.0,"event_name":"Big Fish","player_choice":"Donut","floor":3.0,"gold_loss":0.0,"damage_taken":0.0},{"damage_healed":17.0,"max_hp_gain":0.0,"max_hp_loss":0.0,"gold_gain":0.0,"event_name":"The Cleric","player_choice":"Healed","floor":4.0,"gold_loss":35.0,"damage_taken":0.0},{"damage_healed":0,"gold_gain":0,"player_choice":"Joined the Cult","damage_taken":6,"max_hp_gain":0,"max_hp_loss":0,"event_name":"Nest","floor":21,"gold_loss":0,"cards_obtained":["RitualDagger"]},{"damage_healed":0,"gold_gain":50,"player_choice":"Pray","damage_taken":0,"max_hp_gain":0,"max_hp_loss":0,"event_name":"Golden Shrine","floor":22,"gold_loss":0},{"damage_healed":0,"gold_gain":0,"cards_transformed":["Strike_G","Strike_G"],"player_choice":"Became Test Subject","damage_taken":0,"max_hp_gain":0,"max_hp_loss":0,"event_name":"Drug Dealer","floor":30,"gold_loss":0,"cards_obtained":["Doppelganger","Underhanded Strike"]}],"is_beta":false,"boss_relics":[{"not_picked":["Empty Cage","Tiny House"],"picked":"Ring of the Serpent"}],"items_purged_floors":[19],"is_endless":false,"potions_floor_spawned":[12,13,18,28,29],"killed_by":"Collector","ascension_level":20}}