{"host":"dw2ay8i719i7xlef","time":1609362308,"event":{"mods":["BaseMod","Minty Spire (QoL Compilation)"],"gold_per_floor":[115,133,146,162,162,190,190,216,216,216,316,347,364,13,13,13,13],"floor_reached":16,"playtime":8621,"items_purged":[],"score":192,"play_id":"e24a22da-58d2-411c-acb1-1b8c9c25d4f8","local_time":"20201230150507","is_ascension_mode":true,"campfire_choices":[{"floor":7.0,"key":"REST"},{"floor":10.0,"key":"REST"},{"data":"Uppercut","floor":15,"key":"SMITH"}],"circlet_count":0,"master_deck":["AscendersBane","Strike_R","Strike_R","Strike_R","Strike_R","Strike_R","Defend_R","Defend_R","Defend_R","Defend_R","Bash","Body Slam","Iron Wave","Thunderclap","Rampage","Pommel Strike","Iron Wave","Bloodletting","Uppercut+1","Fiend Fire"],"relics":["Burning Blood","InkBottle","Magic Flower","Matryoshka","Happy Flower","Eternal Feather","Gremlin Horn","Sling"],"acts_visited":["Exordium"],"potions_floor_usage":[16],"damage_taken":[{"damage":8.0,"enemies":"Small Slimes","floor":1.0,"turns":4.0},{"damage":13.0,"enemies":"Jaw Worm","floor":2.0,"turns":4.0},{"damage":1.0,"enemies":"Cultist","floor":3.0,"turns":4.0},{"damage":32.0,"enemies":"Exordium Thugs","floor":4.0,"turns":6.0},{"damage":25.0,"enemies":"Gremlin Nob","floor":6.0,"turns":5.0},{"damage":45.0,"enemies":"3 Sentries","floor":8.0,"turns":9.0},{"damage":20.0,"enemies":"Lagavulin","floor":12.0,"turns":6.0},{"damage":21,"enemies":"Large Slime","floor":13,"turns":7},{"damage":40,"enemies":"The Guardian","floor":16,"turns":8}],"seed_played":"2089103965641149431","potions_obtained":[{"floor":4.0,"key":"EssenceOfSteel"},{"floor":12.0,"key":"LiquidBronze"}],"is_trial":false,"path_per_floor":["M","M","M","M","?","E","R","E","T","R","?","E","M","$","R","B"],"character_chosen":"IRONCLAD","items_purchased":["Uppercut","Sling","Fiend Fire"],"campfire_rested":2,"item_purchase_floors":[14,14,14],"current_hp_per_floor":[78,71,76,50,43,24,50,14,14,49,49,38,26,26,38,0,0],"gold":13,"neow_bonus":"TEN_PERCENT_HP_BONUS","is_daily":false,"chose_seed":false,"campfire_upgraded":1,"win_rate":0.0,"timestamp":1609362307,"path_taken":["M","M","M","M","?","E","R","E","T","R","?","E","?","$","R","BOSS"],"items_purchased_type":["Card","Relic","Card"],"build_version":"2020-12-22","purchased_purges":0,"victory":false,"max_hp_per_floor":[88,88,88,88,88,88,88,88,88,88,88,88,88,88,88,88,88],"card_choices":[{"not_picked":["Warcry","Anger"],"picked":"Body Slam","floor":1.0},{"not_picked":["Second Wind","Twin Strike"],"picked":"Iron Wave","floor":2.0},{"not_picked":["Clothesline","Wild Strike"],"picked":"Thunderclap","floor":3.0},{"not_picked":["Wild Strike","Armaments"],"picked":"Rampage","floor":4.0},{"not_picked":["Berserk","Body Slam"],"picked":"Pommel Strike","floor":6.0},{"not_picked":["Sentinel","Wild Strike"],"picked":"Iron Wave","floor":8.0},{"not_picked":["Sentinel","Anger","Sword Boomerang"],"picked":"SKIP","floor":12.0},{"not_picked":["Flex","Thunderclap"],"picked":"Bloodletting","floor":13}],"player_experience":1160724,"relics_obtained":[{"floor":6.0,"key":"Magic Flower"},{"floor":8.0,"key":"Matryoshka"},{"floor":9.0,"key":"Happy Flower"},{"floor":9.0,"key":"Eternal Feather"},{"floor":12.0,"key":"Gremlin Horn"}],"event_choices":[{"damage_healed":0.0,"max_hp_gain":0.0,"max_hp_loss":0.0,"gold_gain":0.0,"event_name":"Scrap Ooze","player_choice":"Success","floor":5.0,"gold_loss":0.0,"damage_taken":7.0,"relics_obtained":["InkBottle"]},{"damage_healed":0.0,"max_hp_gain":0.0,"max_hp_loss":0.0,"gold_gain":100.0,"event_name":"Golden Shrine","player_choice":"Pray","floor":11.0,"gold_loss":0.0,"damage_taken":0.0}],"is_beta":false,"boss_relics":[],"items_purged_floors":[],"is_endless":false,"potions_floor_spawned":[4,12],"killed_by":"The Guardian","ascension_level":12}}