{"host":"r53pw7z744tg3fxg","time":1609341038,"event":{"mods":["AchievementEnabler","BaseMod","Colored Map","Colored Powertips","Highlight Path","Minty Spire (QoL Compilation)","Quick Restart","Transform Curses"],"gold_per_floor":[111,76,87,162,162,162,177,177,177,209,222,247,266,295,295,295,295],"floor_reached":16,"playtime":622,"items_purged":[],"score":186,"play_id":"b7bc3b68-4147-4bc3-a700-396f014c01d9","local_time":"20201230081038","is_ascension_mode":true,"campfire_choices":[{"floor":6,"key":"REST"},{"data":"Eruption","floor":8,"key":"SMITH"},{"floor":15,"key":"REST"}],"circlet_count":0,"master_deck":["AscendersBane","Strike_P","Strike_P","Strike_P","Strike_P","Defend_P+1","Defend_P","Defend_P","Defend_P+1","Eruption+1","Vigilance+1","WheelKick","Swivel+1","SashWhip","ForeignInfluence","EmptyBody","ReachHeaven","InnerPeace","SpiritShield"],"relics":["PureWater","Bottled Lightning","Eternal Feather","War Paint","TeardropLocket"],"acts_visited":["Exordium"],"potions_floor_usage":[10,16,16],"damage_taken":[{"damage":1.0,"enemies":"2 Louse","floor":1.0,"turns":3.0},{"damage":2,"enemies":"Small Slimes","floor":3,"turns":5},{"damage":2,"enemies":"Jaw Worm","floor":7,"turns":4},{"damage":27,"enemies":"Lagavulin","floor":10,"turns":3},{"damage":0,"enemies":"Looter","floor":11,"turns":2},{"damage":20,"enemies":"3 Sentries","floor":12,"turns":7},{"damage":0,"enemies":"Red Slaver","floor":13,"turns":2},{"damage":14,"enemies":"Gremlin Nob","floor":14,"turns":4},{"damage":38,"enemies":"Hexaghost","floor":16,"turns":12}],"seed_played":"-6459942802388075899","potions_obtained":[{"floor":7,"key":"Fire Potion"},{"floor":10,"key":"Ancient Potion"},{"floor":14,"key":"DistilledChaos"}],"is_trial":false,"path_per_floor":["M","?","M","?","?","R","M","R","T","E","M","E","M","E","R","B"],"character_chosen":"WATCHER","items_purchased":[],"campfire_rested":2,"item_purchase_floors":[],"current_hp_per_floor":[64,72,70,59,45,66,64,64,64,37,37,17,17,3,33,0,0],"gold":295,"neow_bonus":"THREE_CARDS","is_daily":false,"chose_seed":false,"campfire_upgraded":1,"win_rate":0.0,"timestamp":1609341038,"path_taken":["M","?","M","?","?","R","M","R","T","E","M","E","M","E","R","BOSS"],"items_purchased_type":[],"build_version":"2020-12-22","purchased_purges":0,"victory":false,"max_hp_per_floor":[72,72,72,72,72,72,72,72,72,72,72,72,72,72,72,72,72],"card_choices":[{"not_picked":["EmptyFist","ThirdEye"],"picked":"WheelKick","floor":0.0},{"not_picked":["ThirdEye","Halt"],"picked":"Swivel","floor":1.0},{"not_picked":["ThirdEye","Pray"],"picked":"SashWhip","floor":3},{"not_picked":["Conclude","Indignation"],"picked":"ForeignInfluence","floor":7},{"not_picked":["Evaluate","SashWhip"],"picked":"EmptyBody","floor":10},{"not_picked":["SashWhip","Worship","Vault"],"picked":"SKIP","floor":11},{"not_picked":["Blasphemy","LikeWater"],"picked":"ReachHeaven","floor":12},{"not_picked":["CrushJoints","Fasting2"],"picked":"InnerPeace","floor":13},{"not_picked":["JustLucky","BowlingBash"],"picked":"SpiritShield","floor":14}],"player_experience":1170052,"relics_obtained":[{"floor":9,"key":"Bottled Lightning"},{"floor":10,"key":"Eternal Feather"},{"floor":12,"key":"War Paint"},{"floor":14,"key":"TeardropLocket"}],"event_choices":[{"damage_healed":18.0,"max_hp_gain":0.0,"max_hp_loss":0.0,"gold_gain":0.0,"event_name":"The Cleric","player_choice":"Healed","floor":2.0,"gold_loss":35.0,"damage_taken":0.0},{"damage_healed":0,"gold_gain":75,"player_choice":"Gather Gold","damage_taken":11,"max_hp_gain":0,"max_hp_loss":0,"event_name":"World of Goop","floor":4,"gold_loss":0},{"damage_healed":0,"gold_gain":0,"player_choice":"Entered Light","damage_taken":14,"max_hp_gain":0,"max_hp_loss":0,"event_name":"Shining Light","floor":5,"gold_loss":0,"cards_upgraded":["Vigilance","Defend_P"]}],"is_beta":false,"boss_relics":[],"items_purged_floors":[],"is_endless":false,"potions_floor_spawned":[7,10,14],"killed_by":"Hexaghost","ascension_level":11}}