{"host":"dpbezu80jg8zk7un","time":1609306170,"event":{"mods":["BaseMod","Colored Map","Colored Powertips","Custom Start","DeckTracker","Minty Spire (QoL Compilation)","Quick Restart","StSLib","SuperFastMode"],"gold_per_floor":[317,392,392,317,317,317,242,263,263,277,277,317,317,350,350,444,444,463,388,413,413,431,475,475,475,475,475,496,534,534,572,572,668,668,686,393,418,418,441,441,454,454,454,729,753,796,531,531,531,531,531,531,531,44,77,77],"floor_reached":57,"playtime":2220,"items_purged":["Defend_P","Weave+1","FlurryOfBlows+1","Ragnarok+1"],"score":2863,"play_id":"0bed2159-ede7-477e-9c77-b267bd5901b0","local_time":"20201230142930","is_ascension_mode":true,"campfire_choices":[{"data":"Eruption","floor":6.0,"key":"SMITH"},{"data":"WheelKick","floor":11.0,"key":"SMITH"},{"floor":13.0,"key":"RECALL"},{"data":"Vigilance","floor":15.0,"key":"SMITH"},{"data":"FlurryOfBlows","floor":25.0,"key":"SMITH"},{"floor":32.0,"key":"REST"},{"floor":40.0,"key":"REST"},{"floor":42.0,"key":"REST"},{"data":"Meditate","floor":49.0,"key":"SMITH"},{"data":"Madness","floor":53.0,"key":"SMITH"}],"circlet_count":0,"master_deck":["AscendersBane","Eruption+1","Vigilance+1","WheelKick+1","DeceiveReality+1","Vault+1","CurseOfTheBell","Meditate+1","Madness","Madness+1","Establishment","InnerPeace"],"relics":["PureWater","Old Coin","Golden Idol","Mercury Hourglass","Pantograph","Bag of Preparation","Astrolabe","Boot","Oddly Smooth Stone","Lantern","Smiling Mask","Calling Bell","Dream Catcher","Sundial","Turnip","Omamori","HornCleat","ClockworkSouvenir","Cauldron","Anchor"],"acts_visited":["Exordium","TheCity","TheBeyond","TheEnding"],"potions_floor_usage":[56],"damage_taken":[{"damage":0.0,"enemies":"Jaw Worm","floor":1.0,"turns":3.0},{"damage":0.0,"enemies":"Small Slimes","floor":8.0,"turns":3.0},{"damage":7.0,"enemies":"2 Louse","floor":10.0,"turns":2.0},{"damage":0.0,"enemies":"Gremlin Nob","floor":12.0,"turns":2.0},{"damage":7.0,"enemies":"Lagavulin","floor":14.0,"turns":4.0},{"damage":36.0,"enemies":"Slime Boss","floor":16.0,"turns":6.0},{"damage":2.0,"enemies":"Shell Parasite","floor":18.0,"turns":3.0},{"damage":0.0,"enemies":"3 Byrds","floor":20.0,"turns":3.0},{"damage":0.0,"enemies":"Centurion and Healer","floor":22.0,"turns":2.0},{"damage":0.0,"enemies":"Gremlin Leader","floor":23.0,"turns":4.0},{"damage":3.0,"enemies":"Snake Plant","floor":28.0,"turns":4.0},{"damage":41.0,"enemies":"Slavers","floor":29.0,"turns":5.0},{"damage":12.0,"enemies":"Gremlin Leader","floor":31.0,"turns":5.0},{"damage":3.0,"enemies":"Automaton","floor":33.0,"turns":6.0},{"damage":1.0,"enemies":"3 Darklings","floor":35.0,"turns":4.0},{"damage":0.0,"enemies":"3 Shapes","floor":37.0,"turns":4.0},{"damage":0.0,"enemies":"Sphere and 2 Shapes","floor":39.0,"turns":3.0},{"damage":0.0,"enemies":"Spire Growth","floor":41.0,"turns":3.0},{"damage":0.0,"enemies":"Writhing Mass","floor":45.0,"turns":3.0},{"damage":6.0,"enemies":"Giant Head","floor":46.0,"turns":6.0},{"damage":15.0,"enemies":"Donu and Deca","floor":50.0,"turns":8.0},{"damage":11.0,"enemies":"Awakened One","floor":51.0,"turns":10.0},{"damage":0.0,"enemies":"Shield and Spear","floor":55.0,"turns":3.0},{"damage":37,"enemies":"The Heart","floor":56,"turns":7}],"seed_played":"7802574838184661453","potions_obtained":[{"floor":8.0,"key":"CultistPotion"},{"floor":10.0,"key":"BottledMiracle"},{"floor":12.0,"key":"Fruit Juice"},{"floor":20.0,"key":"Swift Potion"},{"floor":22.0,"key":"EssenceOfSteel"},{"floor":29.0,"key":"Regen Potion"},{"floor":31.0,"key":"Explosive Potion"},{"floor":33.0,"key":"Weak Potion"},{"floor":46.0,"key":"ColorlessPotion"},{"floor":54.0,"key":"PowerPotion"}],"is_trial":false,"path_per_floor":["M","?","?","?","?","R","$","M","T","M","R","E","R","E","R","B",null,"M","?","M","$","M","E","?","R","T","?","M","E","?","E","R","B",null,"M","$","M","?","M","R","M","R","T","?","M","E","$","?","R","B","B",null,"R","$","E","B",null],"character_chosen":"WATCHER","items_purchased":["Omamori","LiquidMemories","ClockworkSouvenir","PowerPotion","Establishment","InnerPeace","LiquidMemories","Cauldron"],"campfire_rested":3,"item_purchase_floors":[36,36,47,47,54,54,54,54],"current_hp_per_floor":[61,50,50,50,50,50,50,50,50,43,43,43,43,36,36,25,53,51,51,51,51,51,51,51,51,51,51,48,12,12,14,34,56,64,63,63,63,63,63,67,67,67,67,67,67,61,61,49,49,52,56,64,64,64,64,30],"gold":77,"neow_bonus":"ONE_RARE_RELIC","is_daily":false,"chose_seed":false,"campfire_upgraded":6,"win_rate":0.0,"timestamp":1609306170,"path_taken":["M","?","?","?","?","R","?","M","T","M","R","E","R","E","R","BOSS","M","?","M","$","M","E","?","R","T","?","M","E","?","E","R","BOSS","M","$","M","?","M","R","M","R","T","?","?","E","$","?","R","BOSS","BOSS","R","$","E","BOSS"],"items_purchased_type":["Relic","Potion","Relic","Potion","Card","Card","Potion","Relic"],"build_version":"2020-12-22","purchased_purges":4,"victory":true,"max_hp_per_floor":[68,68,62,62,62,62,62,62,62,62,62,62,62,62,62,62,62,62,62,62,62,62,62,62,62,62,62,62,67,67,67,67,67,67,67,67,67,67,67,67,67,67,67,67,67,67,67,67,67,67,67,67,67,67,67,67],"card_choices":[{"not_picked":["Halt","Protect","CutThroughFate"],"picked":"SKIP","floor":1.0},{"not_picked":["Protect","FlyingSleeves"],"picked":"WheelKick","floor":8.0},{"not_picked":["Halt","ClearTheMind","JustLucky"],"picked":"SKIP","floor":10.0},{"not_picked":["SandsOfTime","Wish","ClearTheMind"],"picked":"SKIP","floor":12.0},{"not_picked":["Vengeance","BattleHymn","ClearTheMind"],"picked":"SKIP","floor":14.0},{"not_picked":["Sanctity","BattleHymn","Consecrate"],"picked":"SKIP","floor":18.0},{"not_picked":["Wireheading","Worship"],"picked":"FlurryOfBlows","floor":20.0},{"not_picked":["LikeWater+1","JustLucky","FlurryOfBlows"],"picked":"SKIP","floor":22.0},{"not_picked":["LikeWater","ReachHeaven","WheelKick"],"picked":"SKIP","floor":23.0},{"not_picked":["JustLucky+1","Consecrate","Crescendo"],"picked":"SKIP","floor":28.0},{"not_picked":["EmptyFist","DeceiveReality","ConjureBlade"],"picked":"SKIP","floor":29.0},{"not_picked":["ClearTheMind","FlurryOfBlows","Prostrate"],"picked":"SKIP","floor":31.0},{"not_picked":["Devotion","SpiritShield"],"picked":"Vault","floor":33.0},{"not_picked":["Protect","Study+1","FlurryOfBlows+1"],"picked":"SKIP","floor":35.0},{"not_picked":["ForeignInfluence","WreathOfFlame","JustLucky"],"picked":"SKIP","floor":37.0},{"not_picked":["ForeignInfluence","ThirdEye","FollowUp"],"picked":"SKIP","floor":39.0},{"not_picked":["Crescendo","CarveReality"],"picked":"Meditate","floor":42.0},{"not_picked":["Crescendo","SashWhip","DeusExMachina"],"picked":"SKIP","floor":45.0},{"not_picked":["WindmillStrike","CrushJoints","WheelKick+1"],"picked":"SKIP","floor":46.0},{"not_picked":["ThirdEye+1","Sanctity","JustLucky+1"],"picked":"SKIP","floor":55.0}],"player_experience":2804632,"relics_obtained":[{"floor":9.0,"key":"Mercury Hourglass"},{"floor":12.0,"key":"Pantograph"},{"floor":14.0,"key":"Bag of Preparation"},{"floor":23.0,"key":"Boot"},{"floor":26.0,"key":"Oddly Smooth Stone"},{"floor":29.0,"key":"Lantern"},{"floor":31.0,"key":"Smiling Mask"},{"floor":34.0,"key":"Dream Catcher"},{"floor":34.0,"key":"Sundial"},{"floor":34.0,"key":"Turnip"},{"floor":46.0,"key":"HornCleat"},{"floor":55.0,"key":"Anchor"}],"event_choices":[{"damage_healed":0.0,"max_hp_gain":0.0,"max_hp_loss":0.0,"gold_gain":75.0,"event_name":"World of Goop","player_choice":"Gather Gold","floor":2.0,"gold_loss":0.0,"damage_taken":11.0},{"damage_healed":0.0,"max_hp_gain":0.0,"max_hp_loss":6.0,"gold_gain":0.0,"event_name":"Golden Idol","player_choice":"Lose Max HP","floor":3.0,"gold_loss":0.0,"damage_taken":0.0,"relics_obtained":["Golden Idol"]},{"cards_removed":["Defend_P"],"damage_healed":0.0,"max_hp_gain":0.0,"max_hp_loss":0.0,"gold_gain":0.0,"event_name":"The Cleric","player_choice":"Card Removal","floor":4.0,"gold_loss":75.0,"damage_taken":0.0},{"cards_removed":["Strike_P"],"damage_healed":0.0,"max_hp_gain":0.0,"max_hp_loss":0.0,"gold_gain":0.0,"event_name":"Living Wall","player_choice":"Forget","floor":5.0,"gold_loss":0.0,"damage_taken":0.0},{"cards_removed":["Strike_P"],"damage_healed":0.0,"max_hp_gain":0.0,"max_hp_loss":0.0,"gold_gain":0.0,"event_name":"Beggar","player_choice":"Gave Gold","floor":19.0,"gold_loss":75.0,"damage_taken":0.0},{"damage_healed":0.0,"max_hp_gain":0.0,"max_hp_loss":0.0,"gold_gain":0.0,"event_name":"Vampires","player_choice":"Ignored","floor":24.0,"gold_loss":0.0,"damage_taken":0.0},{"damage_healed":0.0,"max_hp_gain":0.0,"max_hp_loss":0.0,"gold_gain":0.0,"cards_transformed":["Defend_P","Crescendo"],"event_name":"Drug Dealer","player_choice":"Became Test Subject","floor":27.0,"gold_loss":0.0,"damage_taken":0.0,"cards_obtained":["Ragnarok","LessonLearned"]},{"damage_healed":0.0,"max_hp_gain":0.0,"max_hp_loss":0.0,"gold_gain":0.0,"event_name":"The Mausoleum","player_choice":"Ignored","floor":30.0,"gold_loss":0.0,"damage_taken":0.0},{"cards_removed":["LessonLearned"],"damage_healed":0.0,"max_hp_gain":0.0,"max_hp_loss":0.0,"gold_gain":0.0,"event_name":"Falling","player_choice":"Removed Attack","floor":38.0,"gold_loss":0.0,"damage_taken":0.0},{"damage_healed":0.0,"max_hp_gain":0.0,"max_hp_loss":0.0,"gold_gain":275.0,"event_name":"Golden Shrine","player_choice":"Desecrate","floor":44.0,"gold_loss":0.0,"damage_taken":0.0,"cards_obtained":["Regret"]},{"damage_healed":0.0,"max_hp_gain":0.0,"max_hp_loss":0.0,"gold_gain":0.0,"event_name":"Winding Halls","player_choice":"Embrace Madness","floor":48.0,"gold_loss":0.0,"damage_taken":12.0,"cards_obtained":["Madness","Madness"]}],"is_beta":false,"boss_relics":[{"not_picked":["SacredBark","Ectoplasm"],"picked":"Astrolabe"},{"not_picked":["Tiny House","Empty Cage"],"picked":"Calling Bell"}],"items_purged_floors":[7,36,47,54],"is_endless":false,"potions_floor_spawned":[8,10,12,20,22,29,31,33,37,46,55],"ascension_level":20}}