{"host":"tr12w2fixbnujl15","time":1609346648,"event":{"mods":["2.2 Compatiblity","BaseMod","Better Skull","BetterRewards","CatGirl Mod","Colored Powertips","Hubris","Infinite Spire","Jorbs\u0027s Wanderer Trilogy","Luminous","Minty Spire (QoL Compilation)","Quick Restart","Reimu??????","Replay The Spire","StSLib","SuperFastMode","Td1madao Mod","The Animator","The Sage","The Spell Scribe","WarShipGirlsR/????R mod"],"gold_per_floor":[117,82,82,100,119,119,9,26,105,105,105,130,130,130,130,130,130],"floor_reached":16,"playtime":433,"items_purged":[],"score":90,"play_id":"088bfe6a-ab2b-46ba-8ebd-4276389421cc","local_time":"20201230114408","is_ascension_mode":false,"campfire_choices":[{"data":"theScribe:StarterModifier","floor":6,"key":"SMITH"},{"floor":13,"key":"REST"},{"floor":15,"key":"REST"}],"circlet_count":0,"master_deck":["theScribe:StarterAttack","theScribe:StarterAttack","theScribe:LightningStrike","theScribe:LightningStrike","theScribe:StarterDefend","theScribe:StarterDefend","theScribe:IcyDefend","theScribe:IcyDefend","theScribe:StarterModifier+1","theScribe:EnchantedStrike","theScribe:MagicMissiles","theScribe:Incendio","theScribe:CapacitanceScroll","theScribe:MagicMissiles+1","theScribe:ToxicSpellstone","Injury","theScribe:FocusingBlow"],"relics":["theScribe:StarterRelic1","NeowsBlessing","Question Card","Golden Idol"],"acts_visited":["Exordium"],"potions_floor_usage":[16,16],"damage_taken":[{"damage":3,"enemies":"Jaw Worm","floor":1,"turns":2},{"damage":0,"enemies":"Cultist","floor":4,"turns":1},{"damage":0,"enemies":"2 Louse","floor":5,"turns":1},{"damage":27,"enemies":"Large Slime","floor":8,"turns":6},{"damage":22,"enemies":"3 Louse","floor":12,"turns":5},{"damage":20,"enemies":"Slime Boss","floor":16,"turns":9}],"seed_played":"-881281332862655041","potions_obtained":[{"floor":1,"key":"SpeedPotion"},{"floor":8,"key":"GamblersBrew"},{"floor":12,"key":"Explosive Potion"}],"is_trial":false,"path_per_floor":["M","?","?","M","M","R","$","M","T","?","?","M","R","?","R","B"],"character_chosen":"THE_SCRIBE","items_purchased":["theScribe:CapacitanceScroll","theScribe:MagicMissiles+1"],"campfire_rested":2,"item_purchase_floors":[7,7],"current_hp_per_floor":[72,75,75,75,75,75,75,48,48,70,70,48,70,70,75,55,55],"gold":130,"neow_bonus":"THREE_ENEMY_KILL","is_daily":false,"chose_seed":false,"campfire_upgraded":1,"win_rate":0.0,"timestamp":1609346648,"path_taken":["M","?","?","M","?","R","$","M","T","?","?","M","R","?","R","BOSS"],"items_purchased_type":["Card","Card"],"build_version":"2020-12-22","purchased_purges":0,"victory":false,"max_hp_per_floor":[75,75,75,75,75,75,75,75,75,75,75,75,75,75,75,75,75],"card_choices":[{"not_picked":["theScribe:Frost","theScribe:BlankScroll"],"picked":"theScribe:EnchantedStrike","floor":1},{"not_picked":["theScribe:ArcaneArcing","theScribe:FrostvenomToxin"],"picked":"theScribe:MagicMissiles","floor":4},{"not_picked":["theScribe:ThrownScroll","theScribe:ForkedBolt"],"picked":"theScribe:Incendio","floor":5},{"not_picked":["theScribe:Frost","theScribe:ArcaneBarrier"],"picked":"theScribe:ToxicSpellstone","floor":8},{"not_picked":["theScribe:WordsOfPower","theScribe:AmplifyingSpellstone","theScribe:BluntWeapons"],"picked":"theScribe:FocusingBlow","floor":12}],"player_experience":12055,"relics_obtained":[{"floor":9,"key":"Question Card"}],"event_choices":[{"damage_healed":18,"gold_gain":0,"player_choice":"Healed","damage_taken":0,"max_hp_gain":0,"max_hp_loss":0,"event_name":"The Cleric","floor":2,"gold_loss":35},{"cards_removed":["theScribe:StarterDefend"],"damage_healed":0,"gold_gain":0,"player_choice":"Card Removal","damage_taken":0,"max_hp_gain":0,"max_hp_loss":0,"event_name":"Wheel of Change","floor":3,"gold_loss":0},{"damage_healed":0,"gold_gain":0,"player_choice":"Take Wound","damage_taken":0,"relics_obtained":["Golden Idol"],"max_hp_gain":0,"max_hp_loss":0,"event_name":"Golden Idol","floor":11,"gold_loss":0,"cards_obtained":["Injury"]}],"is_beta":false,"boss_relics":[],"items_purged_floors":[],"is_endless":false,"potions_floor_spawned":[1,8,12],"killed_by":"Slime Boss","ascension_level":0}}