{"host":"2n2g1vowfllvjtvi","time":1609336030,"event":{"mods":["AchievementEnabler","BaseMod","Custom Start","GifTheSpireLib","Keyboard Shortcuts","Minty Spire (QoL Compilation)","Quick Restart","Rare Cards Sparkle","StSLib","SuperFastMode"],"gold_per_floor":[40,76,131,230,0,0,0,0,0,0,63,150,150,213,213,317,317,359,259,259,259,296,296,359,359,359,359,428,428,428,428],"floor_reached":30,"playtime":943,"items_purged":["Strike_G","Strike_G"],"score":222,"play_id":"a3f650f8-7f37-4416-90e8-5c841dd6eb2a","local_time":"20201230224710","is_ascension_mode":false,"campfire_choices":[{"data":"HandOfGreed","floor":6,"key":"SMITH"},{"data":"Neutralize","floor":8,"key":"SMITH"},{"data":"Caltrops","floor":13,"key":"SMITH"},{"data":"Reflex","floor":15,"key":"SMITH"},{"data":"Calculated Gamble","floor":23,"key":"SMITH"},{"data":"Prepared","floor":25,"key":"SMITH"},{"floor":27,"key":"REST"}],"circlet_count":0,"master_deck":["Defend_G","Defend_G","Defend_G","Defend_G","Survivor","Neutralize+1","HandOfGreed+1","Reflex+1","Backflip","Acrobatics","Caltrops+1","Dagger Throw","Heel Hook","After Image","PiercingWail+1","Die Die Die+1","Infinite Blades+1","Calculated Gamble+1","After Image","Prepared+1","Malaise"],"relics":["Ring of the Snake","Akabeko","Unceasing Top","Astrolabe","Du-Vu Doll"],"acts_visited":["Exordium","TheCity"],"potions_floor_usage":[4,14,16,28],"damage_taken":[{"damage":0,"enemies":"Jaw Worm","floor":1,"turns":3},{"damage":0,"enemies":"Cultist","floor":2,"turns":4},{"damage":0,"enemies":"2 Louse","floor":3,"turns":5},{"damage":6,"enemies":"Lots of Slimes","floor":4,"turns":8},{"damage":0,"enemies":"Exordium Wildlife","floor":11,"turns":4},{"damage":0,"enemies":"Gremlin Gang","floor":12,"turns":5},{"damage":0,"enemies":"3 Louse","floor":14,"turns":4},{"damage":15,"enemies":"Hexaghost","floor":16,"turns":9},{"damage":2,"enemies":"Shell Parasite","floor":18,"turns":6},{"damage":20,"enemies":"2 Thieves","floor":22,"turns":5},{"damage":16,"enemies":"3 Cultists","floor":24,"turns":5},{"damage":1,"enemies":"Centurion and Healer","floor":28,"turns":5},{"damage":9,"enemies":"Shelled Parasite and Fungi","floor":30,"turns":5}],"seed_played":"-4335125601690452077","potions_obtained":[{"floor":1,"key":"Energy Potion"},{"floor":11,"key":"Block Potion"},{"floor":14,"key":"DistilledChaos"},{"floor":16,"key":"FairyPotion"},{"floor":22,"key":"Strength Potion"}],"is_trial":false,"path_per_floor":["M","M","M","M","$","R","?","R","T","$","M","M","R","M","R","B",null,"M","$","?","?","M","R","M","R","T","R","M","?","M"],"character_chosen":"THE_SILENT","items_purchased":["Akabeko"],"campfire_rested":1,"item_purchase_floors":[5],"current_hp_per_floor":[70,70,70,64,64,64,57,57,57,57,57,57,57,57,57,42,70,68,68,68,68,48,48,32,32,32,53,52,52,43,43],"gold":428,"neow_bonus":"RANDOM_COLORLESS_2","is_daily":false,"chose_seed":false,"campfire_upgraded":6,"win_rate":0.0,"timestamp":1609336030,"path_taken":["M","M","M","M","$","R","?","R","T","?","M","?","R","M","R","BOSS","M","$","?","?","?","R","M","R","T","R","M","?","?"],"items_purchased_type":["Relic"],"build_version":"2020-12-22","purchased_purges":2,"victory":false,"max_hp_per_floor":[70,70,70,70,70,70,70,70,70,70,70,70,70,70,70,70,70,70,70,70,70,70,70,70,70,70,70,70,70,70,70],"card_choices":[{"not_picked":["Mayhem","Transmutation"],"picked":"HandOfGreed","floor":0},{"not_picked":["Dagger Spray","Sucker Punch","Finisher"],"picked":"SKIP","floor":1},{"not_picked":["Poisoned Stab","Acrobatics"],"picked":"Reflex","floor":2},{"not_picked":["Finisher","PiercingWail"],"picked":"Backflip","floor":3},{"not_picked":["Leg Sweep","Cloak And Dagger"],"picked":"Acrobatics","floor":4},{"not_picked":["Backflip","Sucker Punch"],"picked":"Caltrops","floor":11},{"not_picked":["Distraction","Outmaneuver"],"picked":"Dagger Throw","floor":12},{"not_picked":["Deadly Poison","Sucker Punch"],"picked":"Heel Hook","floor":14},{"not_picked":["Unload","Glass Knife"],"picked":"After Image","floor":16},{"not_picked":["Distraction","Escape Plan"],"picked":"Calculated Gamble","floor":18},{"not_picked":["Bane","Slice+1","Poisoned Stab"],"picked":"SKIP","floor":22},{"not_picked":["Deadly Poison","Corpse Explosion"],"picked":"Prepared","floor":24},{"not_picked":["Expertise","Quick Slash+1","Cloak And Dagger"],"picked":"SKIP","floor":28}],"player_experience":410341,"relics_obtained":[{"floor":9,"key":"Unceasing Top"},{"floor":26,"key":"Du-Vu Doll"}],"event_choices":[{"damage_healed":0,"gold_gain":0,"player_choice":"Damaged","damage_taken":7,"max_hp_gain":0,"max_hp_loss":0,"event_name":"Wheel of Change","floor":7,"gold_loss":0},{"cards_removed":["Defend_G"],"damage_healed":0,"gold_gain":0,"player_choice":"Elegance","damage_taken":0,"max_hp_gain":0,"max_hp_loss":0,"event_name":"Back to Basics","floor":20,"gold_loss":0},{"damage_healed":0,"gold_gain":0,"player_choice":"Copied","damage_taken":0,"max_hp_gain":0,"max_hp_loss":0,"event_name":"Duplicator","floor":21,"gold_loss":0,"cards_obtained":["After Image"]},{"damage_healed":0,"gold_gain":0,"player_choice":"1 cards matched","damage_taken":0,"max_hp_gain":0,"max_hp_loss":0,"event_name":"Match and Keep!","floor":29,"gold_loss":0,"cards_obtained":["Malaise"]}],"is_beta":false,"boss_relics":[{"not_picked":["Ring of the Serpent","Busted Crown"],"picked":"Astrolabe"}],"items_purged_floors":[5,19],"is_endless":false,"potions_floor_spawned":[1,11,14,16,22],"killed_by":"Shelled Parasite and Fungi","ascension_level":0}}