{"host":"nlbm7eld1wcqj9ez","time":1609327519,"event":{"mods":["AchievementEnabler","BaseMod","Colored Map","Colored Powertips","DeckTracker","Minty Spire (QoL Compilation)","StSLib"],"gold_per_floor":[111,111,129,129,129,156,173,173,173,193,143,143,159,173,173,269,269,285,285,285,302,63,63,63],"floor_reached":23,"playtime":1145,"items_purged":[],"score":191,"play_id":"d7107fbd-4f68-4b21-b070-37e1ee3abc3f","local_time":"20201230122519","is_ascension_mode":false,"campfire_choices":[{"data":"Streamline","floor":8,"key":"SMITH"},{"floor":12,"key":"REST"},{"data":"Conserve Battery","floor":15,"key":"SMITH"}],"circlet_count":0,"master_deck":["Strike_B","Strike_B","Strike_B","Defend_B","Defend_B","Defend_B","Defend_B","Zap","Dualcast","Sweeping Beam","Leap","Cold Snap","Multi-Cast","Streamline+1","Melter","White Noise","Conserve Battery+1","BootSequence","Echo Form","Hologram+1","Self Repair","Static Discharge","Electrodynamics","Enlightenment"],"relics":["Cracked Core","Strawberry","Ornamental Fan","Pantograph","Sozu"],"acts_visited":["Exordium","TheCity"],"potions_floor_usage":[],"damage_taken":[{"damage":6,"enemies":"2 Louse","floor":1,"turns":2},{"damage":2,"enemies":"Small Slimes","floor":3,"turns":3},{"damage":13,"enemies":"3 Sentries","floor":6,"turns":9},{"damage":2,"enemies":"Cultist","floor":7,"turns":4},{"damage":5,"enemies":"Large Slime","floor":10,"turns":6},{"damage":0,"enemies":"3 Louse","floor":13,"turns":3},{"damage":4,"enemies":"2 Fungi Beasts","floor":14,"turns":3},{"damage":27,"enemies":"Hexaghost","floor":16,"turns":13},{"damage":25,"enemies":"Chosen","floor":18,"turns":5},{"damage":10,"enemies":"3 Byrds","floor":21,"turns":7},{"damage":63,"enemies":"Slavers","floor":23,"turns":3}],"seed_played":"-275672552185949492","potions_obtained":[{"floor":3,"key":"LiquidBronze"},{"floor":7,"key":"BlessingOfTheForge"},{"floor":13,"key":"SpeedPotion"}],"is_trial":false,"path_per_floor":["M","?","M","?","?","E","M","R","T","M","$","R","M","M","R","B",null,"M","?","?","M","$","E"],"character_chosen":"DEFECT","items_purchased":["Conserve Battery","Electrodynamics","Enlightenment"],"campfire_rested":1,"item_purchase_floors":[11,22,22],"current_hp_per_floor":[69,76,74,74,74,61,59,59,59,54,54,78,78,74,74,55,82,57,57,57,61,61,0,0],"gold":63,"neow_bonus":"THREE_CARDS","is_daily":false,"chose_seed":false,"campfire_upgraded":2,"win_rate":0.0,"timestamp":1609327519,"path_taken":["M","?","M","?","?","E","M","R","T","?","$","R","M","M","R","BOSS","M","?","?","M","$","E"],"items_purchased_type":["Card","Card","Card"],"build_version":"2020-12-22","purchased_purges":0,"victory":false,"max_hp_per_floor":[75,82,82,82,82,82,82,82,82,82,82,82,82,82,82,82,82,82,82,82,82,82,82,82],"card_choices":[{"not_picked":["Coolheaded","Go for the Eyes"],"picked":"Sweeping Beam","floor":0},{"not_picked":["Beam Cell","Sweeping Beam"],"picked":"Leap","floor":1},{"not_picked":["Sweeping Beam","Leap"],"picked":"Cold Snap","floor":3},{"not_picked":["Redo","Glacier"],"picked":"Streamline","floor":6},{"not_picked":["Hologram","Cold Snap"],"picked":"Melter","floor":7},{"not_picked":["Sweeping Beam","Doom and Gloom"],"picked":"White Noise","floor":10},{"not_picked":["Darkness","Barrage"],"picked":"BootSequence","floor":13},{"not_picked":["Beam Cell","Tempest","Blizzard"],"picked":"SKIP","floor":14},{"not_picked":["Beam Cell","Tempest","Blizzard"],"picked":"SKIP","floor":14},{"not_picked":["Buffer","Machine Learning"],"picked":"Echo Form","floor":16},{"not_picked":["Stack+1","Beam Cell"],"picked":"Hologram+1","floor":18},{"not_picked":["Capacitor","Undo"],"picked":"Static Discharge","floor":21}],"player_experience":32754,"relics_obtained":[{"floor":6,"key":"Ornamental Fan"},{"floor":9,"key":"Pantograph"}],"event_choices":[{"damage_healed":0,"gold_gain":0,"player_choice":"Box","damage_taken":0,"relics_obtained":["Strawberry"],"max_hp_gain":0,"max_hp_loss":0,"event_name":"Big Fish","floor":2,"gold_loss":0,"cards_obtained":["Regret"]},{"damage_healed":0,"gold_gain":0,"cards_transformed":["Strike_B"],"player_choice":"Change","damage_taken":0,"max_hp_gain":0,"max_hp_loss":0,"event_name":"Living Wall","floor":4,"gold_loss":0,"cards_obtained":["Multi-Cast"]},{"cards_removed":["Regret"],"damage_healed":0,"gold_gain":0,"player_choice":"Removed Curses","damage_taken":0,"max_hp_gain":0,"max_hp_loss":0,"event_name":"Fountain of Cleansing","floor":5,"gold_loss":0},{"damage_healed":0,"gold_gain":0,"player_choice":"Read","damage_taken":0,"max_hp_gain":0,"max_hp_loss":0,"event_name":"The Library","floor":19,"gold_loss":0,"cards_obtained":["Self Repair"]},{"damage_healed":0,"gold_gain":0,"player_choice":"Ignored","damage_taken":0,"max_hp_gain":0,"max_hp_loss":0,"event_name":"Ghosts","floor":20,"gold_loss":0}],"is_beta":false,"boss_relics":[{"not_picked":["SacredBark","Runic Pyramid"],"picked":"Sozu"}],"items_purged_floors":[],"is_endless":false,"potions_floor_spawned":[3,7,13,18],"killed_by":"Slavers","ascension_level":0}}