{"host":"08sn1703g14rasc1","time":1609369377,"event":{"mods":["AchievementEnabler","BaseMod","Colored Map","Colored Powertips","Hermit","Minty Spire (QoL Compilation)","StSLib"],"gold_per_floor":[118,68,68,68,143,183,29,43,43,318,342,342,342,357,357,480,480,505,526,526,526],"floor_reached":20,"playtime":896,"items_purged":[],"score":232,"play_id":"38ea83e9-f140-4cd6-aa44-d7b6e37acc4e","local_time":"20201230150257","is_ascension_mode":true,"campfire_choices":[{"data":"hermit:CursedWeapon","floor":12,"key":"SMITH"},{"data":"hermit:TakeCover","floor":15,"key":"SMITH"}],"circlet_count":0,"master_deck":["hermit:Strike_Hermit","hermit:Strike_Hermit","hermit:Strike_Hermit","hermit:Strike_Hermit","hermit:Defend_Hermit","hermit:Defend_Hermit","hermit:Defend_Hermit","hermit:Defend_Hermit","hermit:Snapshot","hermit:Covet","hermit:CursedWeapon+1","Injury","hermit:HighCaliber","hermit:TakeCover+1","Regret","hermit:Gestalt","hermit:BigShot","hermit:RoundhouseKick","hermit:Maintenance","hermit:FlashPowder"],"relics":["hermit:Momento","Incense Burner","Golden Idol","Potion Belt","Lee\u0027s Waffle","Bottled Flame","InkBottle","Black Star"],"acts_visited":["Exordium","TheCity"],"potions_floor_usage":[16,19],"damage_taken":[{"damage":0,"enemies":"Small Slimes","floor":1,"turns":3},{"damage":44,"enemies":"Gremlin Nob","floor":6,"turns":6},{"damage":2,"enemies":"2 Louse","floor":8,"turns":2},{"damage":1,"enemies":"Cultist","floor":11,"turns":3},{"damage":2,"enemies":"3 Louse","floor":14,"turns":2},{"damage":19,"enemies":"Slime Boss","floor":16,"turns":16},{"damage":10,"enemies":"Chosen","floor":18,"turns":5},{"damage":10,"enemies":"3 Byrds","floor":19,"turns":10},{"damage":56,"enemies":"3 Cultists","floor":20,"turns":5}],"seed_played":"5297606865017349509","potions_obtained":[{"floor":11,"key":"Ancient Potion"},{"floor":14,"key":"DistilledChaos"},{"floor":18,"key":"SkillPotion"}],"is_trial":false,"path_per_floor":["M","?","?","$","?","E","$","M","T","?","M","R","?","M","R","B",null,"M","M","M"],"character_chosen":"HERMIT","items_purchased":["Lee\u0027s Waffle"],"campfire_rested":0,"item_purchase_floors":[7],"current_hp_per_floor":[68,68,68,68,57,13,82,80,80,80,79,79,79,77,77,58,76,66,56,0,0],"gold":526,"neow_bonus":"ONE_RARE_RELIC","is_daily":false,"chose_seed":false,"campfire_upgraded":2,"win_rate":0.0,"timestamp":1609369377,"path_taken":["M","?","?","$","?","E","$","M","T","?","?","R","?","M","R","BOSS","M","?","?"],"items_purchased_type":["Relic"],"build_version":"2020-12-22","purchased_purges":0,"victory":false,"max_hp_per_floor":[75,75,75,75,75,75,82,82,82,82,82,82,82,82,82,82,82,82,82,82,82],"card_choices":[{"not_picked":["hermit:PistolWhip","hermit:Headshot"],"picked":"hermit:CursedWeapon","floor":1},{"not_picked":["hermit:BodyArmor","hermit:Midnight"],"picked":"hermit:HighCaliber","floor":6},{"not_picked":["hermit:Glare","hermit:Spite"],"picked":"hermit:TakeCover","floor":8},{"not_picked":["hermit:Combo","hermit:Midnight"],"picked":"hermit:Gestalt","floor":11},{"not_picked":["hermit:TrackingShot","hermit:SprayPray"],"picked":"hermit:BigShot","floor":14},{"not_picked":["hermit:EternalForm","hermit:FatalDesire"],"picked":"hermit:RoundhouseKick","floor":16},{"not_picked":["hermit:CursedWeapon","hermit:LoneWolf"],"picked":"hermit:Maintenance","floor":18},{"not_picked":["hermit:LuckOfTheDraw+1","hermit:BodyArmor"],"picked":"hermit:FlashPowder","floor":19}],"player_experience":449852,"relics_obtained":[{"floor":6,"key":"Potion Belt"},{"floor":9,"key":"Bottled Flame"}],"event_choices":[{"cards_removed":["Normality"],"damage_healed":0,"gold_gain":0,"player_choice":"Card Removal","damage_taken":0,"max_hp_gain":0,"max_hp_loss":0,"event_name":"The Cleric","floor":2,"gold_loss":50},{"damage_healed":0,"gold_gain":0,"player_choice":"Take Wound","damage_taken":0,"relics_obtained":["Golden Idol"],"max_hp_gain":0,"max_hp_loss":0,"event_name":"Golden Idol","floor":3,"gold_loss":0,"cards_obtained":["Injury"]},{"damage_healed":0,"gold_gain":75,"player_choice":"Gather Gold","damage_taken":11,"max_hp_gain":0,"max_hp_loss":0,"event_name":"World of Goop","floor":5,"gold_loss":0},{"damage_healed":0,"gold_gain":275,"player_choice":"Desecrate","damage_taken":0,"max_hp_gain":0,"max_hp_loss":0,"event_name":"Golden Shrine","floor":10,"gold_loss":0,"cards_obtained":["Regret"]},{"damage_healed":0,"gold_gain":0,"player_choice":"Gave Potion","damage_taken":0,"relics_obtained":["InkBottle"],"max_hp_gain":0,"max_hp_loss":0,"event_name":"WeMeetAgain","floor":13,"gold_loss":0}],"is_beta":false,"boss_relics":[{"not_picked":["Velvet Choker","Busted Crown"],"picked":"Black Star"}],"items_purged_floors":[],"is_endless":false,"potions_floor_spawned":[11,14,18],"killed_by":"3 Cultists","ascension_level":7}}