{"host":"jwbw4f4imxd0v0b0","time":1609325613,"event":{"mods":["BaseMod","Colored Map","Highlight Path","Minty Spire (QoL Compilation)","Relic Stats","StSLib"],"gold_per_floor":[114,129,144,159,174,204,219,219,519,549,579,594,594,624,624,724,724,739,739,739,61,76,106,136,151,151,251,281,281,311,326,326,426,426,441,441,90,140,155,155,170,170,170,170,185,215,65,95,95,95],"floor_reached":51,"playtime":1948,"items_purged":[],"score":1215,"play_id":"1a6bbe7b-02f7-4b9e-81fe-958ab3c9e060","local_time":"20201230045333","daily_mods":["Cursed Run","Diverse","DeadlyEvents"],"is_ascension_mode":false,"campfire_choices":[{"data":"Fire Breathing","floor":8.0,"key":"SMITH"},{"data":"Genetic Algorithm","floor":15.0,"key":"SMITH"},{"data":"1","floor":29.0,"key":"LIFT"},{"data":"2","floor":32.0,"key":"LIFT"},{"data":"3","floor":40.0,"key":"LIFT"},{"data":"Doom and Gloom","floor":42.0,"key":"SMITH"},{"data":"Barricade","floor":44.0,"key":"SMITH"},{"data":"Die Die Die","floor":49,"key":"SMITH"}],"circlet_count":0,"master_deck":["Strike_B","Defend_B","Defend_B","Defend_B","Defend_B","Zap","Dualcast","Poisoned Stab","Doom and Gloom+1","Fire Breathing+1","Genetic Algorithm+1","Consecrate","Feel No Pain","Die Die Die+1","Doubt","Barricade+1","CurseOfTheBell","Carnage+1","Ghostly","Ghostly","Ghostly","Ghostly","Ghostly","Regret","Apotheosis","Offering+1","Doom and Gloom+1","PiercingWail+1","Doubt","Sword Boomerang+1","Clumsy","Reaper","Tantrum+1","Melter+1","Skewer+1","Discovery+1","Master of Strategy+1","Dark Shackles+1","Protect+1","Injury","Acrobatics+1","Skewer+1","Warcry+1","Pain"],"relics":["Cursed Key","Darkstone Periapt","Du-Vu Doll","Meat on the Bone","Old Coin","Bottled Flame","Bottled Tornado","Pear","Calling Bell","Lantern","Eternal Feather","Girya","Letter Opener","Toxic Egg 2","Question Card","StrikeDummy","Anchor","HornCleat","Ice Cream","Singing Bowl","Vajra","Happy Flower","Astrolabe","Bag of Marbles","Lee\u0027s Waffle","Mango","Pantograph","Regal Pillow","DollysMirror","Symbiotic Virus"],"acts_visited":["Exordium","TheCity","TheBeyond"],"potions_floor_usage":[50,50,50],"damage_taken":[{"damage":1.0,"enemies":"Cultist","floor":1.0,"turns":3.0},{"damage":0.0,"enemies":"Small Slimes","floor":2.0,"turns":3.0},{"damage":1.0,"enemies":"Jaw Worm","floor":3.0,"turns":2.0},{"damage":11.0,"enemies":"Exordium Thugs","floor":4.0,"turns":4.0},{"damage":0.0,"enemies":"2 Fungi Beasts","floor":5.0,"turns":2.0},{"damage":20.0,"enemies":"3 Sentries","floor":6.0,"turns":5.0},{"damage":5.0,"enemies":"Looter","floor":7.0,"turns":3.0},{"damage":26.0,"enemies":"Gremlin Nob","floor":10.0,"turns":4.0},{"damage":28.0,"enemies":"Lagavulin","floor":11.0,"turns":6.0},{"damage":12.0,"enemies":"Blue Slaver","floor":12.0,"turns":3.0},{"damage":2.0,"enemies":"Gremlin Nob","floor":14.0,"turns":3.0},{"damage":37.0,"enemies":"Hexaghost","floor":16.0,"turns":8.0},{"damage":12.0,"enemies":"Shell Parasite","floor":18.0,"turns":4.0},{"damage":0.0,"enemies":"3 Byrds","floor":22.0,"turns":3.0},{"damage":12.0,"enemies":"Book of Stabbing","floor":23.0,"turns":5.0},{"damage":3.0,"enemies":"Gremlin Leader","floor":24.0,"turns":5.0},{"damage":4.0,"enemies":"Snecko","floor":25.0,"turns":4.0},{"damage":15.0,"enemies":"Colosseum Slavers","floor":27.0,"turns":2.0},{"damage":1.0,"enemies":"Colosseum Nobs","floor":27.0,"turns":3.0},{"damage":10.0,"enemies":"Book of Stabbing","floor":28.0,"turns":5.0},{"damage":2.0,"enemies":"Slavers","floor":30.0,"turns":5.0},{"damage":6.0,"enemies":"Sentry and Sphere","floor":31.0,"turns":3.0},{"damage":7.0,"enemies":"Collector","floor":33.0,"turns":6.0},{"damage":1.0,"enemies":"3 Shapes","floor":35.0,"turns":3.0},{"damage":15.0,"enemies":"Mind Bloom Boss Battle","floor":38.0,"turns":4.0},{"damage":0.0,"enemies":"Orb Walker","floor":39.0,"turns":1.0},{"damage":2.0,"enemies":"Writhing Mass","floor":41.0,"turns":4.0},{"damage":0.0,"enemies":"4 Shapes","floor":45.0,"turns":2.0},{"damage":2.0,"enemies":"Nemesis","floor":46.0,"turns":7.0},{"damage":0,"enemies":"Reptomancer","floor":48,"turns":5},{"damage":11,"enemies":"Donu and Deca","floor":50,"turns":7}],"seed_played":"9091901603564859836","potions_obtained":[{"floor":4.0,"key":"EssenceOfSteel"},{"floor":6.0,"key":"Dexterity Potion"},{"floor":7.0,"key":"FearPotion"},{"floor":10.0,"key":"LiquidMemories"},{"floor":22.0,"key":"FearPotion"},{"floor":23.0,"key":"GamblersBrew"},{"floor":30.0,"key":"PowerPotion"}],"is_trial":false,"path_per_floor":["M","M","M","M","M","E","M","R","T","E","E","M","?","E","R","B",null,"M","?","T","$","M","E","E","M","T","?","E","R","E","M","R","B",null,"M","?","$","?","M","R","M","R","T","R","M","E","$","E","R","B",null],"character_chosen":"DEFECT","items_purchased":["Apotheosis","Toxic Egg 2","Question Card","Bag of Marbles","Lee\u0027s Waffle","Protect+1","DollysMirror"],"campfire_rested":0,"item_purchase_floors":[21,21,21,37,37,37,47],"current_hp_per_floor":[74,74,73,62,62,42,49,49,55,41,25,25,25,45,45,26,103,91,51,57,57,57,45,42,38,44,42,44,62,62,58,69,68,75,76,66,84,91,93,102,102,104,110,110,112,111,111,112,112,117],"gold":95,"neow_bonus":"","is_daily":true,"chose_seed":false,"campfire_upgraded":5,"win_rate":0.0,"timestamp":1609325613,"path_taken":["M","M","?","?","M","E","M","R","T","?","E","M","?","?","R","BOSS","M","?","?","$","M","?","E","M","T","?","E","R","E","M","R","BOSS","M","?","$","?","M","R","?","R","T","R","M","E","?","E","R","BOSS"],"items_purchased_type":["Card","Relic","Relic","Relic","Relic","Card","Relic"],"build_version":"2020-12-22","purchased_purges":0,"victory":true,"max_hp_per_floor":[75,75,75,75,75,75,75,75,81,81,81,81,81,91,91,97,103,103,51,57,57,57,57,57,57,63,65,65,65,67,69,69,75,75,77,77,84,100,102,102,104,104,110,110,112,112,112,112,112,118],"relic_stats":{"Darkstone Periapt":48,"Lee\u0027s Waffle":18,"Regal Pillow":0,"Singing Bowl":16,"Happy Flower":[14],"counters":[31,124],"Astrolabe":["Tantrum","Melter","Skewer"],"Eternal Feather":40,"Letter Opener":[121],"Cursed Key":4,"Question Card":19,"Pantograph":0,"obtain_stats":[{"Darkstone Periapt":0,"Ice Cream":27,"Lantern":17,"Regal Pillow":46,"Singing Bowl":27,"Vajra":28,"Mango":38,"Bottled Tornado":11,"Cursed Key":0,"Old Coin":9,"HornCleat":26,"DollysMirror":47,"Pantograph":43,"Toxic Egg 2":21,"Girya":17,"Lee\u0027s Waffle":37,"Pear":14,"Happy Flower":30,"Astrolabe":34,"Eternal Feather":17,"Letter Opener":20,"Question Card":21,"Du-Vu Doll":0,"Calling Bell":17,"Bottled Flame":10,"Anchor":24,"Bag of Marbles":37,"StrikeDummy":23,"Symbiotic Virus":48,"Meat on the Bone":6},{"Darkstone Periapt":0,"Ice Cream":19,"Lantern":12,"Regal Pillow":29,"Singing Bowl":19,"Vajra":20,"Mango":25,"Bottled Tornado":9,"Cursed Key":0,"Old Coin":7,"HornCleat":17,"DollysMirror":29,"Pantograph":27,"Toxic Egg 2":13,"Girya":12,"Lee\u0027s Waffle":24,"Pear":11,"Happy Flower":21,"Astrolabe":23,"Eternal Feather":12,"Letter Opener":13,"Question Card":13,"Du-Vu Doll":0,"Calling Bell":12,"Bottled Flame":8,"Anchor":16,"Bag of Marbles":24,"StrikeDummy":15,"Symbiotic Virus":30,"Meat on the Bone":6},{"Darkstone Periapt":0,"Ice Cream":72,"Lantern":46,"Regal Pillow":112,"Singing Bowl":72,"Vajra":77,"Mango":98,"Bottled Tornado":32,"Cursed Key":0,"Old Coin":22,"HornCleat":67,"DollysMirror":112,"Pantograph":103,"Toxic Egg 2":50,"Girya":46,"Lee\u0027s Waffle":94,"Pear":38,"Happy Flower":82,"Astrolabe":91,"Eternal Feather":46,"Letter Opener":50,"Question Card":50,"Du-Vu Doll":0,"Calling Bell":46,"Bottled Flame":26,"Anchor":63,"Bag of Marbles":94,"StrikeDummy":58,"Symbiotic Virus":117,"Meat on the Bone":19}],"Meat on the Bone":96},"card_choices":[{"not_picked":["Compile Driver","PiercingWail"],"picked":"Poisoned Stab","floor":1.0},{"not_picked":["EmptyFist","Havoc"],"picked":"Doom and Gloom","floor":2.0},{"not_picked":["Outmaneuver","Melter"],"picked":"Fire Breathing","floor":3.0},{"not_picked":["Redo","PathToVictory","FlyingSleeves"],"picked":"SKIP","floor":4.0},{"not_picked":["CrushJoints","Second Wind"],"picked":"Genetic Algorithm","floor":5.0},{"not_picked":["Poisoned Stab","Headbutt","Barrage"],"picked":"SKIP","floor":6.0},{"not_picked":["Flame Barrier","Warcry"],"picked":"Consecrate","floor":7.0},{"not_picked":["Outmaneuver","Slice","Quick Slash"],"picked":"SKIP","floor":10.0},{"not_picked":["Warcry","FearNoEvil"],"picked":"Feel No Pain","floor":11.0},{"not_picked":["Sentinel","Stack","Gash"],"picked":"SKIP","floor":12.0},{"not_picked":["Crescendo","Shrug It Off"],"picked":"Die Die Die","floor":14.0},{"not_picked":["Reaper","Rainbow"],"picked":"Barricade","floor":16.0},{"not_picked":["Prostrate","Coolheaded"],"picked":"Carnage+1","floor":18.0},{"not_picked":["Steam+1","Heavy Blade","Havoc+1"],"picked":"Offering+1","floor":22.0},{"not_picked":["Melter","Compile Driver","Deflect+1","Underhanded Strike"],"picked":"SKIP","floor":23.0},{"not_picked":["Corpse Explosion+1","Chill+1","Cold Snap"],"picked":"Doom and Gloom+1","floor":24.0},{"not_picked":["Sentinel+1","True Grit+1","Prepared+1"],"picked":"PiercingWail+1","floor":25.0},{"not_picked":["Conclude","Beam Cell","Prostrate+1","Sever Soul"],"picked":"Singing Bowl","floor":27.0},{"not_picked":["Dash","Calculated Gamble+1","Halt+1"],"picked":"Sword Boomerang+1","floor":28.0},{"not_picked":["LessonLearned","Bloodletting+1","Underhanded Strike","Shrug It Off+1"],"picked":"Singing Bowl","floor":30.0},{"not_picked":["Storm","Well Laid Plans","Second Wind+1","Go for the Eyes"],"picked":"Singing Bowl","floor":31.0},{"not_picked":["MasterReality","SpiritShield+1","All For One"],"picked":"Reaper","floor":33.0},{"not_picked":["Clothesline","JustLucky","Warcry+1","Body Slam"],"picked":"Singing Bowl","floor":35.0},{"not_picked":["Metamorphosis+1","Forethought+1","Purity+1"],"picked":"Discovery+1","floor":36.0},{"not_picked":["Blind+1","Dark Shackles+1","Mayhem"],"picked":"Master of Strategy+1","floor":36.0},{"not_picked":["Sadistic Nature","Swift Strike","Enlightenment+1"],"picked":"Dark Shackles+1","floor":36.0},{"not_picked":["Force Field+1","Uppercut","Compile Driver+1","FearNoEvil"],"picked":"Singing Bowl","floor":38.0},{"not_picked":["Cold Snap","Coolheaded+1","Fasting2","Backstab"],"picked":"Singing Bowl","floor":39.0},{"not_picked":["Havoc+1","Redo+1","Rage+1","Perfected Strike"],"picked":"Singing Bowl","floor":41.0},{"not_picked":["Capacitor+1","Redo+1","Perfected Strike+1","Rampage+1"],"picked":"Singing Bowl","floor":45.0},{"not_picked":["Endless Agony+1","Masterful Stab+1","Rip and Tear"],"picked":"Acrobatics+1","floor":46.0},{"not_picked":["Sentinel+1","Hyperbeam","Dash+1"],"picked":"Warcry+1","floor":48}],"player_experience":964457,"relics_obtained":[{"floor":6.0,"key":"Meat on the Bone"},{"floor":9.0,"key":"Old Coin"},{"floor":10.0,"key":"Bottled Flame"},{"floor":11.0,"key":"Bottled Tornado"},{"floor":14.0,"key":"Pear"},{"floor":17.0,"key":"Lantern"},{"floor":17.0,"key":"Eternal Feather"},{"floor":17.0,"key":"Girya"},{"floor":20.0,"key":"Letter Opener"},{"floor":23.0,"key":"StrikeDummy"},{"floor":24.0,"key":"Anchor"},{"floor":26.0,"key":"HornCleat"},{"floor":27.0,"key":"Ice Cream"},{"floor":27.0,"key":"Singing Bowl"},{"floor":28.0,"key":"Vajra"},{"floor":30.0,"key":"Happy Flower"},{"floor":38.0,"key":"Mango"},{"floor":43.0,"key":"Pantograph"},{"floor":46.0,"key":"Regal Pillow"},{"floor":48,"key":"Symbiotic Virus"}],"event_choices":[{"cards_removed":["Doubt"],"damage_healed":0.0,"max_hp_gain":0.0,"max_hp_loss":0.0,"gold_gain":0.0,"event_name":"Wheel of Change","player_choice":"Card Removal","floor":13.0,"gold_loss":0.0,"damage_taken":0.0},{"damage_healed":0.0,"max_hp_gain":0.0,"max_hp_loss":52.0,"gold_gain":0.0,"event_name":"Ghosts","player_choice":"Became a Ghost","floor":19.0,"gold_loss":0.0,"damage_taken":0.0,"cards_obtained":["Ghostly","Ghostly","Ghostly","Ghostly","Ghostly"]},{"damage_healed":0.0,"max_hp_gain":0.0,"max_hp_loss":0.0,"gold_gain":0.0,"event_name":"Colosseum","player_choice":"Fight","floor":27.0,"gold_loss":0.0,"damage_taken":0.0},{"damage_healed":0.0,"max_hp_gain":0.0,"max_hp_loss":0.0,"gold_gain":0.0,"event_name":"Colosseum","player_choice":"Fought Nobs","floor":27.0,"gold_loss":0.0,"damage_taken":0.0},{"damage_healed":0.0,"max_hp_gain":0.0,"max_hp_loss":0.0,"gold_gain":0.0,"event_name":"SensoryStone","player_choice":"Memory 3","floor":36.0,"gold_loss":0.0,"damage_taken":10.0},{"damage_healed":0.0,"max_hp_gain":0.0,"max_hp_loss":0.0,"gold_gain":0.0,"event_name":"MindBloom","player_choice":"Fight","floor":38.0,"gold_loss":0.0,"damage_taken":0.0}],"is_beta":false,"boss_relics":[{"not_picked":["Philosopher\u0027s Stone","Empty Cage"],"picked":"Calling Bell"},{"not_picked":["Runic Dome","Inserter"],"picked":"Astrolabe"}],"items_purged_floors":[],"is_endless":false,"potions_floor_spawned":[4,6,7,10,22,23,27,30,31,33,38,45,48],"ascension_level":0}}