{"host":"akjsb4vg7478j4ls","time":1609310809,"event":{"mods":["BaseMod","Colored Powertips","Minty Spire (QoL Compilation)","Rare Cards Sparkle"],"gold_per_floor":[113,113,113,123,143,174,190,203,228,228,240,251,251,270,270,372,372,392,20,33,33,33,33,48,48,48,48,76,76,110,127,127,127,127],"floor_reached":33,"playtime":1545,"items_purged":[],"score":269,"play_id":"824a9752-b416-497d-b74c-0c35408426c8","local_time":"20201230044649","is_ascension_mode":false,"campfire_choices":[{"floor":10,"key":"REST"},{"floor":15,"key":"REST"},{"floor":23,"key":"REST"},{"floor":27,"key":"REST"},{"data":"Inflame","floor":29,"key":"SMITH"},{"floor":32,"key":"REST"}],"circlet_count":0,"master_deck":["Strike_R","Strike_R","Strike_R","Strike_R","Strike_R","Defend_R","Defend_R","Defend_R","Defend_R","Bash","Perfected Strike+1","Perfected Strike+1","Wild Strike","Infernal Blade","Headbutt","Clothesline+1","Shockwave","Barricade","Cleave","Berserk","Reckless Charge","Inflame+1","Shockwave","Writhe","Shame","Iron Wave+1","J.A.X.","Shockwave+1","Ghostly Armor","Iron Wave"],"relics":["SacredBark","Letter Opener","Regal Pillow","Lantern","Blood Vial","Busted Crown","Brimstone","Bronze Scales","Potion Belt","Gambling Chip","Strawberry","Red Mask","Whetstone"],"acts_visited":["Exordium","TheCity"],"potions_floor_usage":[12,16,16,28,33,33],"damage_taken":[{"damage":0,"enemies":"Small Slimes","floor":1,"turns":3},{"damage":6,"enemies":"Jaw Worm","floor":4,"turns":3},{"damage":0,"enemies":"2 Louse","floor":5,"turns":2},{"damage":39,"enemies":"3 Sentries","floor":6,"turns":9},{"damage":6,"enemies":"2 Fungi Beasts","floor":7,"turns":3},{"damage":9,"enemies":"Blue Slaver","floor":8,"turns":3},{"damage":2,"enemies":"3 Louse","floor":11,"turns":2},{"damage":9,"enemies":"Exordium Wildlife","floor":12,"turns":2},{"damage":9,"enemies":"Red Slaver","floor":14,"turns":2},{"damage":49,"enemies":"Hexaghost","floor":16,"turns":12},{"damage":10,"enemies":"Chosen","floor":18,"turns":3},{"damage":11,"enemies":"2 Thieves","floor":20,"turns":2},{"damage":34,"enemies":"Shelled Parasite and Fungi","floor":24,"turns":3},{"damage":0,"enemies":"Masked Bandits","floor":28,"turns":2},{"damage":31,"enemies":"Gremlin Leader","floor":30,"turns":4},{"damage":6,"enemies":"Centurion and Healer","floor":31,"turns":4},{"damage":104,"enemies":"Champ","floor":33,"turns":6}],"seed_played":"-8260843165110172877","potions_obtained":[{"floor":6,"key":"EssenceOfSteel"},{"floor":7,"key":"PowerPotion"},{"floor":8,"key":"Fire Potion"},{"floor":16,"key":"FearPotion"},{"floor":24,"key":"Fire Potion"},{"floor":28,"key":"SkillPotion"},{"floor":31,"key":"LiquidMemories"}],"is_trial":false,"path_per_floor":["M","?","?","M","M","E","M","M","T","R","M","M","T","M","R","B",null,"M","$","M","?","?","R","M","?","T","R","?","R","E","M","R","B"],"character_chosen":"IRONCLAD","items_purchased":["Brimstone","Bronze Scales","Inflame"],"campfire_rested":5,"item_purchase_floors":[19,19,19],"current_hp_per_floor":[80,73,73,67,67,28,22,13,13,52,50,41,41,34,73,26,80,70,70,61,61,61,80,46,46,53,87,87,87,56,52,87,0,0],"gold":127,"neow_bonus":"BOSS_RELIC","is_daily":false,"chose_seed":false,"campfire_upgraded":1,"win_rate":0.0,"timestamp":1609310809,"path_taken":["M","?","?","M","M","E","M","M","T","R","M","?","?","M","R","BOSS","M","$","M","?","?","R","M","?","T","R","?","R","E","?","R","BOSS"],"items_purchased_type":["Relic","Relic","Card"],"build_version":"2020-12-22","purchased_purges":0,"victory":false,"max_hp_per_floor":[80,80,80,80,80,80,80,80,80,80,80,80,80,80,80,80,80,80,80,80,80,80,80,80,80,87,87,87,87,87,87,87,87,87],"card_choices":[{"not_picked":["Heavy Blade","Twin Strike"],"picked":"Perfected Strike","floor":1},{"not_picked":["Blood for Blood","Hemokinesis"],"picked":"Perfected Strike","floor":4},{"not_picked":["Armaments","Second Wind"],"picked":"Wild Strike","floor":5},{"not_picked":["Corruption","Flex"],"picked":"Infernal Blade","floor":6},{"not_picked":["Clash","Warcry"],"picked":"Headbutt","floor":7},{"not_picked":["Flex","Fire Breathing"],"picked":"Clothesline","floor":8},{"not_picked":["Heavy Blade","Wild Strike"],"picked":"Shockwave","floor":11},{"not_picked":["Flex","Flame Barrier"],"picked":"Barricade","floor":12},{"not_picked":["Twin Strike","Infernal Blade"],"picked":"Cleave","floor":14},{"not_picked":["Impervious","Fiend Fire"],"picked":"Berserk","floor":16},{"not_picked":[],"picked":"Reckless Charge","floor":18},{"not_picked":[],"picked":"Shockwave","floor":20},{"not_picked":[],"picked":"Iron Wave+1","floor":24},{"not_picked":[],"picked":"Shockwave+1","floor":28},{"not_picked":[],"picked":"Ghostly Armor","floor":30},{"not_picked":[],"picked":"Iron Wave","floor":31}],"player_experience":46520,"relics_obtained":[{"floor":6,"key":"Regal Pillow"},{"floor":9,"key":"Lantern"},{"floor":13,"key":"Blood Vial"},{"floor":26,"key":"Strawberry"},{"floor":28,"key":"Red Mask"},{"floor":30,"key":"Whetstone"}],"event_choices":[{"damage_healed":0,"gold_gain":0,"player_choice":"Success","damage_taken":7,"relics_obtained":["Letter Opener"],"max_hp_gain":0,"max_hp_loss":0,"event_name":"Scrap Ooze","floor":2,"gold_loss":0},{"damage_healed":0,"gold_gain":0,"player_choice":"Grow","damage_taken":0,"max_hp_gain":0,"max_hp_loss":0,"event_name":"Living Wall","floor":3,"gold_loss":0,"cards_upgraded":["Perfected Strike"]},{"damage_healed":0,"gold_gain":0,"player_choice":"Opened","damage_taken":0,"relics_obtained":["Potion Belt"],"max_hp_gain":0,"max_hp_loss":0,"event_name":"The Mausoleum","floor":21,"gold_loss":0,"cards_obtained":["Writhe"]},{"damage_healed":0,"gold_gain":0,"player_choice":"Stole Relic","damage_taken":0,"relics_obtained":["Gambling Chip"],"max_hp_gain":0,"max_hp_loss":0,"event_name":"Addict","floor":22,"gold_loss":0,"cards_obtained":["Shame"]},{"damage_healed":0,"gold_gain":0,"player_choice":"Obtain J.A.X.","damage_taken":0,"max_hp_gain":0,"max_hp_loss":0,"event_name":"Drug Dealer","floor":25,"gold_loss":0,"cards_obtained":["J.A.X."]},{"damage_healed":0,"gold_gain":0,"player_choice":"Fought Bandits","damage_taken":0,"max_hp_gain":0,"max_hp_loss":0,"event_name":"Masked Bandits","floor":28,"gold_loss":0}],"is_beta":false,"boss_relics":[{"not_picked":["Empty Cage","Runic Pyramid"],"picked":"Busted Crown"}],"items_purged_floors":[],"is_endless":false,"potions_floor_spawned":[6,7,8,11,16,24,28,31],"killed_by":"Champ","ascension_level":0}}